<?xml version="1.0" encoding="UTF-8"?>
<!DOCTYPE html PUBLIC "-//W3C//DTD XHTML 1.0 Transitional//EN"
    "http://www.w3.org/TR/xhtml1/DTD/xhtml1-transitional.dtd">
<html xmlns="http://www.w3.org/1999/xhtml" xml:lang="en" lang="en">
 <head>
  <title>
</title>
<meta http-equiv="Content-Type" content="text/html;charset=utf-8" />
  <meta name='ocr-system' content='tesseract 3.04.00' />
  <meta name='ocr-capabilities' content='ocr_page ocr_carea ocr_par ocr_line ocrx_word'/>
</head>
<body>
  <div class='ocr_page' id='page_1' title='image "./doctorisecstati02denigoog_0606.png"; bbox 0 0 4359 6250; ppageno 0'>
   <div class='ocr_carea' id='block_1_1' title="bbox 354 504 3759 2256">
    <p class='ocr_par' dir='ltr' id='par_1_1' title="bbox 847 504 3462 572">
     <span class='ocr_line' id='line_1_1' title="bbox 847 504 3462 572; baseline -0.002 -2"><span class='ocrx_word' id='word_1_1' title='bbox 847 525 1196 571; x_wconf 61' lang='lat' dir='ltr'><strong>mannum</strong></span> <span class='ocrx_word' id='word_1_2' title='bbox 1241 525 1302 570; x_wconf 76' lang='lat' dir='ltr'><strong>m</strong></span> <span class='ocrx_word' id='word_1_3' title='bbox 1345 525 1481 570; x_wconf 64' lang='lat' dir='ltr'><strong>car.</strong></span> <span class='ocrx_word' id='word_1_4' title='bbox 1529 524 1681 570; x_wconf 84' lang='lat' dir='ltr'><strong>xxm</strong></span> <span class='ocrx_word' id='word_1_5' title='bbox 1723 523 1881 570; x_wconf 78' lang='lat' dir='ltr'><strong>unm</strong></span> <span class='ocrx_word' id='word_1_6' title='bbox 1924 524 2176 570; x_wconf 64' lang='lat' dir='ltr'><strong>sscuxm</strong></span> <span class='ocrx_word' id='word_1_7' title='bbox 2218 524 2443 571; x_wconf 68' lang='lat' dir='ltr'><strong>ascum.</strong></span> <span class='ocrx_word' id='word_1_8' title='bbox 2488 545 2568 556; x_wconf 90' lang='lat'><strong>—-</strong></span> <span class='ocrx_word' id='word_1_9' title='bbox 2608 526 2753 572; x_wconf 67' lang='grc' dir='ltr'><strong>ΛΒΤ.</strong></span> <span class='ocrx_word' id='word_1_10' title='bbox 2797 525 2995 572; x_wconf 79' lang='lat' dir='ltr'><strong>xxxin</strong></span> <span class='ocrx_word' id='word_1_11' title='bbox 3343 504 3462 566; x_wconf 78' lang='lat'><strong>565</strong></span> 
     </span>
    </p>

    <p class='ocr_par' dir='ltr' id='par_1_2' title="bbox 361 691 3459 774">
     <span class='ocr_line' id='line_1_2' title="bbox 361 691 3459 774; baseline 0 -20"><span class='ocrx_word' id='word_1_12' title='bbox 361 691 588 755; x_wconf 87' lang='lat' dir='ltr'><strong>nullus</strong></span> <span class='ocrx_word' id='word_1_13' title='bbox 636 711 714 756; x_wconf 82' lang='lat' dir='ltr'><strong>eo</strong></span> <span class='ocrx_word' id='word_1_14' title='bbox 773 694 1040 759; x_wconf 80' lang='lat' dir='ltr'><strong>acutior.</strong></span> <span class='ocrx_word' id='word_1_15' title='bbox 1097 693 1402 757; x_wconf 81' lang='lat' dir='ltr'><strong>Similiter</strong></span> <span class='ocrx_word' id='word_1_16' title='bbox 1449 694 1738 757; x_wconf 79' lang='lat' dir='ltr'><strong>Jesbaam</strong></span> <span class='ocrx_word' id='word_1_17' title='bbox 1789 694 1868 755; x_wconf 92' lang='lat' dir='ltr'><strong>ad</strong></span> <span class='ocrx_word' id='word_1_18' title='bbox 1899 700 1948 761; x_wconf 83' lang='grc' dir='ltr'><strong>Α</strong></span> <span class='ocrx_word' id='word_1_19' title='bbox 1979 699 2240 774; x_wconf 79' lang='lat' dir='ltr'><strong>quando</strong></span> <span class='ocrx_word' id='word_1_20' title='bbox 2270 699 2817 772; x_wconf 66' lang='lat' dir='ltr'><strong>eoeprobraverzmt</strong></span> <span class='ocrx_word' id='word_1_21' title='bbox 2839 697 3225 766; x_wconf 72' lang='lat' dir='ltr'><strong>philistiim,</strong></span> <span class='ocrx_word' id='word_1_22' title='bbox 3247 693 3310 755; x_wconf 89' lang='lat' dir='ltr'><strong>id</strong></span> <span class='ocrx_word' id='word_1_23' title='bbox 3341 701 3459 770; x_wconf 79' lang='lat' dir='ltr'><strong>est,</strong></span> 
     </span>
    </p>

    <p class='ocr_par' dir='ltr' id='par_1_3' title="bbox 359 791 3463 870">
     <span class='ocr_line' id='line_1_3' title="bbox 359 791 3463 870; baseline -0 -17"><span class='ocrx_word' id='word_1_24' title='bbox 359 809 518 854; x_wconf 93' lang='lat' dir='ltr'><strong>suos</strong></span> <span class='ocrx_word' id='word_1_25' title='bbox 547 791 676 855; x_wconf 84' lang='lat' dir='ltr'><strong>fuit</strong></span> <span class='ocrx_word' id='word_1_26' title='bbox 705 801 1097 870; x_wconf 83' lang='lat' dir='ltr'><strong>mansuetuS,</strong></span> <span class='ocrx_word' id='word_1_27' title='bbox 1133 794 1242 855; x_wconf 89' lang='lat' dir='ltr'><strong>sed</strong></span> <span class='ocrx_word' id='word_1_28' title='bbox 1288 793 1694 855; x_wconf 90' lang='lat' dir='ltr'><strong>acutissimus</strong></span> <span class='ocrx_word' id='word_1_29' title='bbox 1723 811 1868 856; x_wconf 91' lang='lat' dir='ltr'><strong>con·</strong></span> <span class='ocrx_word' id='word_1_30' title='bbox 1943 815 1948 820; x_wconf 64' lang='grc'><strong>’</strong></span> <span class='ocrx_word' id='word_1_31' title='bbox 1978 793 2280 856; x_wconf 75' lang='lat' dir='ltr'><strong>Philistaei</strong></span> <span class='ocrx_word' id='word_1_32' title='bbox 2314 793 2779 858; x_wconf 80' lang='lat' dir='ltr'><strong>maledixerunt</strong></span> <span class='ocrx_word' id='word_1_33' title='bbox 2809 793 2969 856; x_wconf 89' lang='lat' dir='ltr'><strong>filiis</strong></span> <span class='ocrx_word' id='word_1_34' title='bbox 2999 793 3209 870; x_wconf 88' lang='lat' dir='ltr'><strong>lsrael,</strong></span> <span class='ocrx_word' id='word_1_35' title='bbox 3234 803 3293 853; x_wconf 77' lang='lat' dir='ltr'><strong>ct</strong></span> <span class='ocrx_word' id='word_1_36' title='bbox 3323 813 3463 852; x_wconf 84' lang='lat' dir='ltr'><strong>con-</strong></span> 
     </span>
    </p>

    <p class='ocr_par' dir='ltr' id='par_1_4' title="bbox 361 890 3461 974">
     <span class='ocr_line' id='line_1_4' title="bbox 361 890 3461 974; baseline 0 -22"><span class='ocrx_word' id='word_1_37' title='bbox 361 899 463 952; x_wconf 85' lang='lat' dir='ltr'><strong>tra</strong></span> <span class='ocrx_word' id='word_1_38' title='bbox 493 890 866 955; x_wconf 76' lang='lat' dir='ltr'><strong>hosteS.Vel</strong></span> <span class='ocrx_word' id='word_1_39' title='bbox 899 901 1159 974; x_wconf 87' lang='lat' dir='ltr'><strong>propter</strong></span> <span class='ocrx_word' id='word_1_40' title='bbox 1180 892 1578 956; x_wconf 83' lang='lat' dir='ltr'>nobilitatem</span> <span class='ocrx_word' id='word_1_41' title='bbox 1611 911 1682 954; x_wconf 91' lang='lat' dir='ltr'><strong>ac</strong></span> <span class='ocrx_word' id='word_1_42' title='bbox 1703 898 1870 954; x_wconf 87' lang='lat' dir='ltr'><strong>tene-</strong></span> <span class='ocrx_word' id='word_1_43' title='bbox 1969 896 2226 970; x_wconf 70' lang='lat' dir='ltr'><strong>yreyati</strong></span> <span class='ocrx_word' id='word_1_44' title='bbox 2256 904 2413 954; x_wconf 79' lang='lat' dir='ltr'><strong>sunt</strong></span> <span class='ocrx_word' id='word_1_45' title='bbox 2454 896 2615 954; x_wconf 84' lang='lat' dir='ltr'><strong>illuc</strong></span> <span class='ocrx_word' id='word_1_46' title='bbox 2658 897 2731 955; x_wconf 79' lang='lat' dir='ltr'><strong>in</strong></span> <span class='ocrx_word' id='word_1_47' title='bbox 2766 895 3102 971; x_wconf 63' lang='lat' dir='ltr'><strong>pueliam,</strong></span> <span class='ocrx_word' id='word_1_48' title='bbox 3147 891 3210 954; x_wconf 92' lang='lat' dir='ltr'><strong>id</strong></span> <span class='ocrx_word' id='word_1_49' title='bbox 3254 899 3351 954; x_wconf 88' lang='lat' dir='ltr'><strong>est</strong></span> <span class='ocrx_word' id='word_1_50' title='bbox 3396 890 3461 952; x_wconf 92' lang='lat' dir='ltr'><strong>in</strong></span> 
     </span>
    </p>

    <p class='ocr_par' dir='ltr' id='par_1_5' title="bbox 360 989 3759 1074">
     <span class='ocr_line' id='line_1_5' title="bbox 360 989 3759 1074; baseline 0.003 -24"><span class='ocrx_word' id='word_1_51' title='bbox 360 989 716 1052; x_wconf 72' lang='lat' dir='ltr'><strong>titudinem</strong></span> <span class='ocrx_word' id='word_1_52' title='bbox 747 991 1232 1073; x_wconf 81' lang='lat' dir='ltr'><strong>complexioniS‚</strong></span> <span class='ocrx_word' id='word_1_53' title='bbox 1267 1000 1669 1073; x_wconf 85' lang='lat' dir='ltr'><strong>comparatur</strong></span> <span class='ocrx_word' id='word_1_54' title='bbox 1701 999 1869 1054; x_wconf 88' lang='lat' dir='ltr'><strong>uter·</strong></span> <span class='ocrx_word' id='word_1_55' title='bbox 1976 990 2115 1054; x_wconf 93' lang='lat' dir='ltr'><strong>loco</strong></span> <span class='ocrx_word' id='word_1_56' title='bbox 2146 992 2318 1055; x_wconf 92' lang='lat' dir='ltr'><strong>dicto</strong></span> <span class='ocrx_word' id='word_1_57' title='bbox 2355 991 2779 1070; x_wconf 90' lang='lat' dir='ltr'><strong>Phesdomim,</strong></span> <span class='ocrx_word' id='word_1_58' title='bbox 2814 999 3005 1074; x_wconf 88' lang='lat' dir='ltr'><strong>prout</strong></span> <span class='ocrx_word' id='word_1_59' title='bbox 3048 990 3255 1073; x_wconf 89' lang='lat' dir='ltr'><strong>primo</strong></span> <span class='ocrx_word' id='word_1_60' title='bbox 3283 990 3464 1052; x_wconf 88' lang='lat' dir='ltr'><strong>Para-</strong></span> <span class='ocrx_word' id='word_1_61' title='bbox 3530 1014 3682 1058; x_wconf 74' lang='lat' dir='ltr'><strong>11³ar.</strong></span> <span class='ocrx_word' id='word_1_62' title='bbox 3702 1029 3759 1066; x_wconf 72' lang='lat' dir='ltr'><strong>xl,</strong></span> 
     </span>
    </p>

    <p class='ocr_par' dir='ltr' id='par_1_6' title="bbox 357 1078 3562 1271">
     <span class='ocr_line' id='line_1_6' title="bbox 357 1078 3562 1173; baseline -0.001 -22"><span class='ocrx_word' id='word_1_63' title='bbox 357 1106 492 1169; x_wconf 91' lang='lat' dir='ltr'><strong>que</strong></span> <span class='ocrx_word' id='word_1_64' title='bbox 532 1108 646 1152; x_wconf 88' lang='lat' dir='ltr'><strong>seu</strong></span> <span class='ocrx_word' id='word_1_65' title='bbox 677 1089 840 1152; x_wconf 85' lang='lat' dir='ltr'><strong>alter</strong></span> <span class='ocrx_word' id='word_1_66' title='bbox 881 1089 1148 1153; x_wconf 88' lang='lat' dir='ltr'><strong>istorum</strong></span> <span class='ocrx_word' id='word_1_67' title='bbox 1191 1089 1458 1172; x_wconf 82' lang='lat' dir='ltr'><strong>praefato</strong></span> <span class='ocrx_word' id='word_1_68' title='bbox 1489 1089 1860 1155; x_wconf 82' lang='lat' dir='ltr'>vermiculo.</span> <span class='ocrx_word' id='word_1_69' title='bbox 1977 1089 2346 1173; x_wconf 88' lang='lat' dir='ltr'><strong>lipomenon</strong></span> <span class='ocrx_word' id='word_1_70' title='bbox 2399 1091 2719 1154; x_wconf 88' lang='lat' dir='ltr'><strong>recitatur.</strong></span> <span class='ocrx_word' id='word_1_71' title='bbox 2776 1094 3113 1170; x_wconf 80' lang='lat' dir='ltr'><strong>Quumque</strong></span> <span class='ocrx_word' id='word_1_72' title='bbox 3154 1089 3463 1149; x_wconf 79' lang='lat' dir='ltr'><strong>ascendis·</strong></span> <span class='ocrx_word' id='word_1_73' title='bbox 3494 1078 3562 1121; x_wconf 79' lang='lat'><strong>¹³·</strong></span> 
     </span>
     <span class='ocr_line' id='line_1_7' title="bbox 443 1185 3465 1271; baseline -0.001 -21"><span class='ocrx_word' id='word_1_74' title='bbox 443 1187 758 1252; x_wconf 76' lang='lat' dir='ltr'><strong>Praeterea</strong></span> <span class='ocrx_word' id='word_1_75' title='bbox 789 1207 982 1252; x_wconf 86' lang='lat' dir='ltr'><strong>causa</strong></span> <span class='ocrx_word' id='word_1_76' title='bbox 1020 1188 1410 1252; x_wconf 81' lang='lat' dir='ltr'><strong>diversitatis</strong></span> <span class='ocrx_word' id='word_1_77' title='bbox 1449 1189 1866 1271; x_wconf 81' lang='lat' dir='ltr'><strong>expositionis</strong></span> <span class='ocrx_word' id='word_1_78' title='bbox 1971 1199 2110 1250; x_wconf 78' lang='lat' dir='ltr'><strong>sent</strong></span> <span class='ocrx_word' id='word_1_79' title='bbox 2142 1191 2279 1249; x_wconf 77' lang='lat' dir='ltr'><strong>viri</strong></span> <span class='ocrx_word' id='word_1_80' title='bbox 2296 1193 2503 1252; x_wconf 81' lang='lat' dir='ltr'><strong>Israel</strong></span> <span class='ocrx_word' id='word_1_81' title='bbox 2530 1189 2609 1250; x_wconf 90' lang='lat' dir='ltr'><strong>ad</strong></span> <span class='ocrx_word' id='word_1_82' title='bbox 2640 1189 3053 1270; x_wconf 84' lang='lat' dir='ltr'><strong>pugnandum</strong></span> <span class='ocrx_word' id='word_1_83' title='bbox 3084 1194 3305 1250; x_wconf 84' lang='lat' dir='ltr'><strong>contra</strong></span> <span class='ocrx_word' id='word_1_84' title='bbox 3327 1185 3465 1248; x_wconf 89' lang='lat' dir='ltr'><strong>Phi-</strong></span> 
     </span>
    </p>

    <p class='ocr_par' dir='ltr' id='par_1_7' title="bbox 359 1284 3708 1370">
     <span class='ocr_line' id='line_1_8' title="bbox 359 1284 3708 1370; baseline 0 -23"><span class='ocrx_word' id='word_1_85' title='bbox 359 1286 552 1348; x_wconf 88' lang='lat' dir='ltr'><strong>istius</strong></span> <span class='ocrx_word' id='word_1_86' title='bbox 586 1295 704 1364; x_wconf 90' lang='lat' dir='ltr'><strong>est,</strong></span> <span class='ocrx_word' id='word_1_87' title='bbox 737 1288 910 1369; x_wconf 91' lang='lat' dir='ltr'><strong>quod</strong></span> <span class='ocrx_word' id='word_1_88' title='bbox 947 1287 1210 1369; x_wconf 89' lang='lat' dir='ltr'><strong>quidam</strong></span> <span class='ocrx_word' id='word_1_89' title='bbox 1252 1287 1463 1370; x_wconf 91' lang='lat' dir='ltr'><strong>ipsum</strong></span> <span class='ocrx_word' id='word_1_90' title='bbox 1494 1287 1691 1350; x_wconf 88' lang='lat' dir='ltr'><strong>David</strong></span> <span class='ocrx_word' id='word_1_91' title='bbox 1722 1305 1867 1351; x_wconf 91' lang='lat' dir='ltr'><strong>con·</strong></span> <span class='ocrx_word' id='word_1_92' title='bbox 1975 1286 2305 1364; x_wconf 87' lang='lat' dir='ltr'><strong>listiim,et</strong></span> <span class='ocrx_word' id='word_1_93' title='bbox 2326 1287 2538 1349; x_wconf 90' lang='lat' dir='ltr'><strong>statim</strong></span> <span class='ocrx_word' id='word_1_94' title='bbox 2560 1306 2635 1350; x_wconf 84' lang='lat' dir='ltr'><strong>ex</strong></span> <span class='ocrx_word' id='word_1_95' title='bbox 2666 1286 2893 1349; x_wconf 91' lang='lat' dir='ltr'><strong>timore</strong></span> <span class='ocrx_word' id='word_1_96' title='bbox 2925 1284 3259 1366; x_wconf 79' lang='lat' dir='ltr'><strong>fugissent,</strong></span> <span class='ocrx_word' id='word_1_97' title='bbox 3276 1291 3465 1366; x_wconf 90' lang='lat' dir='ltr'><strong>prout</strong></span> <span class='ocrx_word' id='word_1_98' title='bbox 3518 1300 3708 1347; x_wconf 69' lang='lat' dir='ltr'><strong>mam.</strong></span> 
     </span>
    </p>

    <p class='ocr_par' dir='ltr' id='par_1_8' title="bbox 357 1383 3465 1469">
     <span class='ocr_line' id='line_1_9' title="bbox 357 1383 3465 1469; baseline -0.001 -24"><span class='ocrx_word' id='word_1_99' title='bbox 357 1393 710 1448; x_wconf 82' lang='lat' dir='ltr'><strong>numerant</strong></span> <span class='ocrx_word' id='word_1_100' title='bbox 739 1383 1017 1449; x_wconf 91' lang='lat' dir='ltr'><strong>fortibus</strong></span> <span class='ocrx_word' id='word_1_101' title='bbox 1050 1386 1212 1463; x_wconf 85' lang='lat' dir='ltr'><strong>istis,</strong></span> <span class='ocrx_word' id='word_1_102' title='bbox 1240 1395 1303 1450; x_wconf 88' lang='lat' dir='ltr'><strong>et</strong></span> <span class='ocrx_word' id='word_1_103' title='bbox 1334 1387 1428 1449; x_wconf 90' lang='lat' dir='ltr'><strong>sic</strong></span> <span class='ocrx_word' id='word_1_104' title='bbox 1457 1394 1660 1449; x_wconf 89' lang='lat' dir='ltr'><strong>totum</strong></span> <span class='ocrx_word' id='word_1_105' title='bbox 1692 1387 1862 1468; x_wconf 89' lang='lat' dir='ltr'><strong>quod</strong></span> <span class='ocrx_word' id='word_1_106' title='bbox 1976 1403 2052 1447; x_wconf 85' lang='lat' dir='ltr'><strong>ex</strong></span> <span class='ocrx_word' id='word_1_107' title='bbox 2081 1386 2606 1468; x_wconf 85' lang='lat' dir='ltr'><strong>Paralipomenon</strong></span> <span class='ocrx_word' id='word_1_108' title='bbox 2637 1384 3109 1469; x_wconf 87' lang='lat' dir='ltr'><strong>comprobatur,</strong></span> <span class='ocrx_word' id='word_1_109' title='bbox 3141 1385 3275 1461; x_wconf 79' lang='lat' dir='ltr'><strong>ipse</strong></span> <span class='ocrx_word' id='word_1_110' title='bbox 3291 1384 3465 1444; x_wconf 76' lang='lat' dir='ltr'><strong>stetit</strong></span> 
     </span>
    </p>

    <p class='ocr_par' dir='ltr' id='par_1_9' title="bbox 356 1480 3466 1566">
     <span class='ocr_line' id='line_1_10' title="bbox 356 1480 3466 1566; baseline 0 -24"><span class='ocrx_word' id='word_1_111' title='bbox 356 1480 614 1544; x_wconf 88' lang='lat' dir='ltr'><strong>dictum</strong></span> <span class='ocrx_word' id='word_1_112' title='bbox 646 1489 765 1559; x_wconf 84' lang='lat' dir='ltr'><strong>est,</strong></span> <span class='ocrx_word' id='word_1_113' title='bbox 783 1491 1111 1566; x_wconf 85' lang='lat' dir='ltr'><strong>exponunt</strong></span> <span class='ocrx_word' id='word_1_114' title='bbox 1131 1484 1210 1546; x_wconf 84' lang='lat' dir='ltr'><strong>de</strong></span> <span class='ocrx_word' id='word_1_115' title='bbox 1233 1483 1394 1566; x_wconf 89' lang='lat' dir='ltr'><strong>ipso.</strong></span> <span class='ocrx_word' id='word_1_116' title='bbox 1416 1482 1538 1545; x_wconf 84' lang='lat' dir='ltr'><strong>Alii</strong></span> <span class='ocrx_word' id='word_1_117' title='bbox 1571 1501 1697 1546; x_wconf 88' lang='lat' dir='ltr'><strong>non</strong></span> <span class='ocrx_word' id='word_1_118' title='bbox 1721 1501 1866 1546; x_wconf 88' lang='lat' dir='ltr'><strong>con-</strong></span> <span class='ocrx_word' id='word_1_119' title='bbox 1973 1495 2033 1544; x_wconf 81' lang='lat' dir='ltr'><strong>ec</strong></span> <span class='ocrx_word' id='word_1_120' title='bbox 2055 1487 2373 1562; x_wconf 77' lang='lat' dir='ltr'><strong>percussit</strong></span> <span class='ocrx_word' id='word_1_121' title='bbox 2393 1487 2758 1547; x_wconf 72' lang='lat' dir='ltr'><strong>Philistoeos</strong></span> <span class='ocrx_word' id='word_1_122' title='bbox 2787 1488 2983 1545; x_wconf 82' lang='lat' dir='ltr'><strong>donec</strong></span> <span class='ocrx_word' id='word_1_123' title='bbox 3010 1486 3305 1560; x_wconf 73' lang='lat' dir='ltr'><strong>deficeret</strong></span> <span class='ocrx_word' id='word_1_124' title='bbox 3331 1502 3466 1542; x_wconf 86' lang='lat' dir='ltr'><strong>ma-</strong></span> 
     </span>
    </p>

    <p class='ocr_par' dir='ltr' id='par_1_10' title="bbox 361 1579 3464 1664">
     <span class='ocr_line' id='line_1_11' title="bbox 361 1579 3464 1664; baseline 0.001 -24"><span class='ocrx_word' id='word_1_125' title='bbox 361 1589 711 1643; x_wconf 89' lang='lat' dir='ltr'><strong>numerant</strong></span> <span class='ocrx_word' id='word_1_126' title='bbox 741 1600 888 1644; x_wconf 90' lang='lat' dir='ltr'><strong>eum</strong></span> <span class='ocrx_word' id='word_1_127' title='bbox 917 1599 930 1643; x_wconf 94' lang='lat'><strong>:</strong></span> <span class='ocrx_word' id='word_1_128' title='bbox 955 1583 1129 1664; x_wconf 91' lang='lat' dir='ltr'><strong>quod</strong></span> <span class='ocrx_word' id='word_1_129' title='bbox 1157 1582 1362 1662; x_wconf 83' lang='lat' dir='ltr'><strong>&#39;magis</strong></span> <span class='ocrx_word' id='word_1_130' title='bbox 1394 1581 1646 1646; x_wconf 85' lang='lat' dir='ltr'><strong>videtur</strong></span> <span class='ocrx_word' id='word_1_131' title='bbox 1670 1582 1864 1644; x_wconf 85' lang='lat' dir='ltr'><strong>textui</strong></span> <span class='ocrx_word' id='word_1_132' title='bbox 1978 1603 2100 1644; x_wconf 80' lang='lat' dir='ltr'><strong>nus</strong></span> <span class='ocrx_word' id='word_1_133' title='bbox 2146 1585 2309 1661; x_wconf 71' lang='lat' dir='ltr'><strong>ejuS,</strong></span> <span class='ocrx_word' id='word_1_134' title='bbox 2345 1583 2408 1645; x_wconf 95' lang='lat' dir='ltr'><strong>id</strong></span> <span class='ocrx_word' id='word_1_135' title='bbox 2461 1591 2556 1645; x_wconf 88' lang='lat' dir='ltr'><strong>est</strong></span> <span class='ocrx_word' id='word_1_136' title='bbox 2608 1582 2913 1646; x_wconf 84' lang='lat' dir='ltr'><strong>fortitudo</strong></span> <span class='ocrx_word' id='word_1_137' title='bbox 2952 1579 3301 1664; x_wconf 89' lang='lat' dir='ltr'><strong>corporalis</strong></span> <span class='ocrx_word' id='word_1_138' title='bbox 3350 1599 3464 1644; x_wconf 93' lang='lat' dir='ltr'><strong>seu</strong></span> 
     </span>
    </p>

    <p class='ocr_par' dir='ltr' id='par_1_11' title="bbox 358 1679 3466 1765">
     <span class='ocr_line' id='line_1_12' title="bbox 358 1679 3466 1765; baseline 0 -24"><span class='ocrx_word' id='word_1_139' title='bbox 358 1697 742 1756; x_wconf 87' lang='lat' dir='ltr'><strong>consonare,</strong></span> <span class='ocrx_word' id='word_1_140' title='bbox 771 1679 837 1741; x_wconf 92' lang='lat' dir='ltr'><strong>in</strong></span> <span class='ocrx_word' id='word_1_141' title='bbox 869 1699 998 1762; x_wconf 94' lang='lat' dir='ltr'><strong>quo</strong></span> <span class='ocrx_word' id='word_1_142' title='bbox 1030 1681 1119 1743; x_wconf 87' lang='lat' dir='ltr'><strong>ita</strong></span> <span class='ocrx_word' id='word_1_143' title='bbox 1147 1680 1577 1763; x_wconf 84' lang='lat' dir='ltr'><strong>praemittitur‚</strong></span> <span class='ocrx_word' id='word_1_144' title='bbox 1600 1681 1741 1744; x_wconf 81' lang='lat' dir='ltr'><strong>Haec</strong></span> <span class='ocrx_word' id='word_1_145' title='bbox 1763 1699 1866 1745; x_wconf 93' lang='lat' dir='ltr'><strong>no-</strong></span> <span class='ocrx_word' id='word_1_146' title='bbox 1976 1690 2249 1763; x_wconf 85' lang='lat' dir='ltr'><strong>ut-raque</strong></span> <span class='ocrx_word' id='word_1_147' title='bbox 2290 1701 2515 1744; x_wconf 94' lang='lat' dir='ltr'><strong>manus</strong></span> <span class='ocrx_word' id='word_1_148' title='bbox 2556 1701 2687 1765; x_wconf 82' lang='lat' dir='ltr'><strong>prae</strong></span> <span class='ocrx_word' id='word_1_149' title='bbox 2736 1681 3110 1743; x_wconf 83' lang='lat' dir='ltr'><strong>lassitudine</strong></span> <span class='ocrx_word' id='word_1_150' title='bbox 3146 1697 3160 1741; x_wconf 90' lang='lat'>:</span> <span class='ocrx_word' id='word_1_151' title='bbox 3198 1697 3325 1743; x_wconf 91' lang='lat' dir='ltr'><strong>non</strong></span> <span class='ocrx_word' id='word_1_152' title='bbox 3376 1687 3466 1742; x_wconf 88' lang='lat' dir='ltr'><strong>ta-</strong></span> 
     </span>
    </p>

    <p class='ocr_par' dir='ltr' id='par_1_12' title="bbox 357 1776 3463 1861">
     <span class='ocr_line' id='line_1_13' title="bbox 357 1776 3463 1861; baseline 0.001 -23"><span class='ocrx_word' id='word_1_153' title='bbox 357 1777 544 1840; x_wconf 88' lang='lat' dir='ltr'><strong>mina</strong></span> <span class='ocrx_word' id='word_1_154' title='bbox 575 1776 838 1841; x_wconf 84' lang='lat' dir='ltr'><strong>fortium</strong></span> <span class='ocrx_word' id='word_1_155' title='bbox 872 1778 1101 1853; x_wconf 85' lang='lat' dir='ltr'><strong>David3</strong></span> <span class='ocrx_word' id='word_1_156' title='bbox 1127 1797 1402 1860; x_wconf 88' lang='lat' dir='ltr'><strong>moxque</strong></span> <span class='ocrx_word' id='word_1_157' title='bbox 1431 1779 1860 1861; x_wconf 84' lang='lat' dir='ltr'><strong>subjungitur,</strong></span> <span class='ocrx_word' id='word_1_158' title='bbox 1975 1799 2124 1842; x_wconf 89' lang='lat' dir='ltr'><strong>men</strong></span> <span class='ocrx_word' id='word_1_159' title='bbox 2155 1779 2223 1842; x_wconf 91' lang='lat' dir='ltr'><strong>in</strong></span> <span class='ocrx_word' id='word_1_160' title='bbox 2254 1779 2421 1843; x_wconf 92' lang='lat' dir='ltr'><strong>bello</strong></span> <span class='ocrx_word' id='word_1_161' title='bbox 2453 1779 2831 1854; x_wconf 83' lang='lat' dir='ltr'><strong>succubuit3</strong></span> <span class='ocrx_word' id='word_1_162' title='bbox 2863 1789 2923 1840; x_wconf 78' lang='lat' dir='ltr'><strong>et</strong></span> <span class='ocrx_word' id='word_1_163' title='bbox 2951 1779 3378 1855; x_wconf 64' lang='lat' dir='ltr'><strong>obrigesceret,</strong></span> <span class='ocrx_word' id='word_1_164' title='bbox 3398 1777 3463 1840; x_wconf 92' lang='lat' dir='ltr'><strong>id</strong></span> 
     </span>
    </p>

    <p class='ocr_par' dir='ltr' id='par_1_13' title="bbox 358 1877 3462 1960">
     <span class='ocr_line' id='line_1_14' title="bbox 358 1877 3462 1960; baseline -0.001 -22"><span class='ocrx_word' id='word_1_165' title='bbox 358 1877 609 1940; x_wconf 89' lang='lat' dir='ltr'><strong>Sedens</strong></span> <span class='ocrx_word' id='word_1_166' title='bbox 653 1877 720 1938; x_wconf 91' lang='lat' dir='ltr'><strong>in</strong></span> <span class='ocrx_word' id='word_1_167' title='bbox 761 1878 1062 1940; x_wconf 80' lang='lat' dir='ltr'><strong>cathedra</strong></span> <span class='ocrx_word' id='word_1_168' title='bbox 1109 1878 1640 1960; x_wconf 88' lang='lat' dir='ltr'><strong>sapientissimus.</strong></span> <span class='ocrx_word' id='word_1_169' title='bbox 1675 1878 1860 1952; x_wconf 85' lang='lat' dir='ltr'><strong>Quasi</strong></span> <span class='ocrx_word' id='word_1_170' title='bbox 1901 1881 1947 1942; x_wconf 93' lang='lat' dir='ltr'>B</span> <span class='ocrx_word' id='word_1_171' title='bbox 1975 1887 2092 1955; x_wconf 85' lang='lat' dir='ltr'><strong>est,</strong></span> <span class='ocrx_word' id='word_1_172' title='bbox 2128 1878 2384 1960; x_wconf 89' lang='lat' dir='ltr'><strong>stupida</strong></span> <span class='ocrx_word' id='word_1_173' title='bbox 2412 1897 2524 1941; x_wconf 91' lang='lat' dir='ltr'><strong>seu</strong></span> <span class='ocrx_word' id='word_1_174' title='bbox 2556 1879 2757 1958; x_wconf 82' lang='lat' dir='ltr'><strong>rigida</strong></span> <span class='ocrx_word' id='word_1_175' title='bbox 2800 1877 3007 1954; x_wconf 87' lang='lat' dir='ltr'><strong>fieret,</strong></span> <span class='ocrx_word' id='word_1_176' title='bbox 3040 1897 3187 1936; x_wconf 83' lang='lat' dir='ltr'><strong>cum</strong></span> <span class='ocrx_word' id='word_1_177' title='bbox 3210 1877 3462 1954; x_wconf 69' lang='lat' dir='ltr'><strong>qzadio,</strong></span> 
     </span>
    </p>

    <p class='ocr_par' dir='ltr' id='par_1_14' title="bbox 357 1974 3461 2058">
     <span class='ocr_line' id='line_1_15' title="bbox 357 1974 3461 2058; baseline -0 -21"><span class='ocrx_word' id='word_1_178' title='bbox 357 1975 613 2038; x_wconf 88' lang='lat' dir='ltr'><strong>dicatur</strong></span> <span class='ocrx_word' id='word_1_179' title='bbox 649 1993 664 2036; x_wconf 92' lang='lat'><strong>:</strong></span> <span class='ocrx_word' id='word_1_180' title='bbox 700 1974 838 2058; x_wconf 90' lang='lat' dir='ltr'><strong>Ipse</strong></span> <span class='ocrx_word' id='word_1_181' title='bbox 884 1994 992 2038; x_wconf 85' lang='lat' dir='ltr'><strong>rex</strong></span> <span class='ocrx_word' id='word_1_182' title='bbox 1032 1974 1370 2058; x_wconf 82' lang='lat' dir='ltr'><strong>praefertur</strong></span> <span class='ocrx_word' id='word_1_183' title='bbox 1415 1974 1688 2038; x_wconf 88' lang='lat' dir='ltr'><strong>fortibus</strong></span> <span class='ocrx_word' id='word_1_184' title='bbox 1731 1977 1864 2037; x_wconf 90' lang='lat' dir='ltr'><strong>suis</strong></span> <span class='ocrx_word' id='word_1_185' title='bbox 1976 1978 2173 2040; x_wconf 85' lang='lat' dir='ltr'><strong>ictum</strong></span> <span class='ocrx_word' id='word_1_186' title='bbox 2221 1977 2377 2039; x_wconf 88' lang='lat' dir='ltr'><strong>ictui</strong></span> <span class='ocrx_word' id='word_1_187' title='bbox 2425 1977 2881 2052; x_wconf 90' lang='lat' dir='ltr'><strong>continuando,</strong></span> <span class='ocrx_word' id='word_1_188' title='bbox 2924 1983 2985 2038; x_wconf 90' lang='lat' dir='ltr'><strong>et</strong></span> <span class='ocrx_word' id='word_1_189' title='bbox 3025 1994 3103 2038; x_wconf 86' lang='lat' dir='ltr'><strong>ex</strong></span> <span class='ocrx_word' id='word_1_190' title='bbox 3149 1992 3461 2038; x_wconf 82' lang='lat' dir='ltr'><strong>concursu</strong></span> 
     </span>
    </p>

    <p class='ocr_par' dir='ltr' id='par_1_15' title="bbox 354 2073 3464 2157">
     <span class='ocr_line' id='line_1_16' title="bbox 354 2073 3464 2157; baseline 0 -21"><span class='ocrx_word' id='word_1_191' title='bbox 354 2073 475 2156; x_wconf 91' lang='lat' dir='ltr'><strong>qui</strong></span> <span class='ocrx_word' id='word_1_192' title='bbox 524 2074 830 2157; x_wconf 89' lang='lat' dir='ltr'><strong>deinceps</strong></span> <span class='ocrx_word' id='word_1_193' title='bbox 870 2083 1346 2138; x_wconf 86' lang='lat' dir='ltr'><strong>enumerantur.</strong></span> <span class='ocrx_word' id='word_1_194' title='bbox 1390 2074 1697 2155; x_wconf 88' lang='lat' dir='ltr'><strong>Denique,</strong></span> <span class='ocrx_word' id='word_1_195' title='bbox 1745 2074 1864 2136; x_wconf 92' lang='lat' dir='ltr'><strong>sic-</strong></span> <span class='ocrx_word' id='word_1_196' title='bbox 1974 2074 2303 2155; x_wconf 82' lang='lat' dir='ltr'><strong>sanguinis</strong></span> <span class='ocrx_word' id='word_1_197' title='bbox 2326 2075 2679 2139; x_wconf 87' lang='lat' dir='ltr'><strong>occisorum</strong></span> <span class='ocrx_word' id='word_1_198' title='bbox 2704 2075 3099 2138; x_wconf 85' lang='lat' dir='ltr'><strong>decurrentis</strong></span> <span class='ocrx_word' id='word_1_199' title='bbox 3132 2093 3205 2137; x_wconf 93' lang='lat' dir='ltr'><strong>ac</strong></span> <span class='ocrx_word' id='word_1_200' title='bbox 3234 2073 3464 2156; x_wconf 90' lang='lat' dir='ltr'><strong>inspis-</strong></span> 
     </span>
    </p>

    <p class='ocr_par' dir='ltr' id='par_1_16' title="bbox 356 2171 3459 2256">
     <span class='ocr_line' id='line_1_17' title="bbox 356 2171 3459 2256; baseline 0 -22"><span class='ocrx_word' id='word_1_201' title='bbox 356 2183 430 2235; x_wconf 90' lang='lat' dir='ltr'><strong>ut</strong></span> <span class='ocrx_word' id='word_1_202' title='bbox 464 2173 689 2236; x_wconf 89' lang='lat' dir='ltr'><strong>dicunt</strong></span> <span class='ocrx_word' id='word_1_203' title='bbox 729 2173 1142 2255; x_wconf 87' lang='lat' dir='ltr'><strong>expositores,</strong></span> <span class='ocrx_word' id='word_1_204' title='bbox 1182 2192 1310 2237; x_wconf 90' lang='lat' dir='ltr'><strong>non</strong></span> <span class='ocrx_word' id='word_1_205' title='bbox 1345 2171 1576 2254; x_wconf 83' lang='lat' dir='ltr'><strong>legitur</strong></span> <span class='ocrx_word' id='word_1_206' title='bbox 1620 2172 1730 2235; x_wconf 91' lang='lat' dir='ltr'><strong>ubi</strong></span> <span class='ocrx_word' id='word_1_207' title='bbox 1760 2172 1862 2236; x_wconf 91' lang='lat' dir='ltr'><strong>vel</strong></span> <span class='ocrx_word' id='word_1_208' title='bbox 1975 2175 2092 2238; x_wconf 89' lang='lat' dir='ltr'><strong>sati</strong></span> <span class='ocrx_word' id='word_1_209' title='bbox 2141 2175 2221 2236; x_wconf 92' lang='lat' dir='ltr'><strong>ad</strong></span> <span class='ocrx_word' id='word_1_210' title='bbox 2272 2193 2498 2237; x_wconf 88' lang='lat' dir='ltr'><strong>manus</strong></span> <span class='ocrx_word' id='word_1_211' title='bbox 2552 2173 2777 2256; x_wconf 79' lang='lat' dir='ltr'><strong>ipsius,</strong></span> <span class='ocrx_word' id='word_1_212' title='bbox 2830 2173 3281 2237; x_wconf 86' lang='lat' dir='ltr'><strong>Verumtamen</strong></span> <span class='ocrx_word' id='word_1_213' title='bbox 3331 2191 3459 2236; x_wconf 94' lang='lat' dir='ltr'><strong>non</strong></span> 
     </span>
    </p>
   </div>
   <div class='ocr_carea' id='block_1_2' title="bbox 73 2579 278 2632">
    <p class='ocr_par' dir='ltr' id='par_1_17' title="bbox 73 2579 278 2632">
     <span class='ocr_line' id='line_1_18' title="bbox 73 2579 278 2632; baseline 0.005 -12"><span class='ocrx_word' id='word_1_214' title='bbox 73 2579 278 2632; x_wconf 76' lang='lat' dir='ltr'><strong>lBe9.xx</strong></span> 
     </span>
    </p>
   </div>
   <div class='ocr_carea' id='block_1_3' title="bbox 71 4063 242 4167">
    <p class='ocr_par' dir='ltr' id='par_1_18' title="bbox 71 4063 242 4167">
     <span class='ocr_line' id='line_1_19' title="bbox 101 4063 242 4108; baseline 0.028 -4"><span class='ocrx_word' id='word_1_215' title='bbox 101 4063 242 4108; x_wconf 68' lang='lat' dir='ltr'><strong>leur.</strong></span> 
     </span>
     <span class='ocr_line' id='line_1_20' title="bbox 71 4128 128 4167; baseline 0 0"><span class='ocrx_word' id='word_1_216' title='bbox 71 4128 128 4167; x_wconf 84' lang='grc' dir='ltr'><strong>ΙΙ.</strong></span> 
     </span>
    </p>
   </div>
   <div class='ocr_carea' id='block_1_4' title="bbox 101 4655 310 4699">
    <p class='ocr_par' dir='ltr' id='par_1_19' title="bbox 101 4655 310 4699">
     <span class='ocr_line' id='line_1_21' title="bbox 101 4655 310 4699; baseline 0.014 -3"><span class='ocrx_word' id='word_1_217' title='bbox 101 4655 214 4697; x_wconf 66' lang='lat' dir='ltr'><strong>leid.</strong></span> <span class='ocrx_word' id='word_1_218' title='bbox 243 4660 310 4699; x_wconf 76' lang='lat'><strong>¹2.</strong></span> 
     </span>
    </p>
   </div>
   <div class='ocr_carea' id='block_1_5' title="bbox 354 2269 1862 2551">
    <p class='ocr_par' dir='ltr' id='par_1_20' title="bbox 354 2269 1862 2551">
     <span class='ocr_line' id='line_1_22' title="bbox 356 2269 1862 2364; baseline -0.001 -32"><span class='ocrx_word' id='word_1_219' title='bbox 356 2271 624 2352; x_wconf 91' lang='lat' dir='ltr'><strong>quando</strong></span> <span class='ocrx_word' id='word_1_220' title='bbox 655 2270 852 2334; x_wconf 88' lang='lat' dir='ltr'><strong>David</strong></span> <span class='ocrx_word' id='word_1_221' title='bbox 883 2271 985 2334; x_wconf 88' lang='lat' dir='ltr'><strong>vel</strong></span> <span class='ocrx_word' id='word_1_222' title='bbox 1011 2270 1300 2334; x_wconf 86' lang='lat' dir='ltr'><strong>Jesbaam</strong></span> <span class='ocrx_word' id='word_1_223' title='bbox 1332 2269 1636 2334; x_wconf 91' lang='lat' dir='ltr'><strong>occiderit</strong></span> <span class='ocrx_word' id='word_1_224' title='bbox 1665 2269 1862 2364; x_wconf 87' lang='lat' dir='ltr'><strong>octin-</strong></span> 
     </span>
     <span class='ocr_line' id='line_1_23' title="bbox 354 2368 1862 2452; baseline -0.001 -20"><span class='ocrx_word' id='word_1_225' title='bbox 354 2377 590 2448; x_wconf 84' lang='lat' dir='ltr'><strong>gentos</strong></span> <span class='ocrx_word' id='word_1_226' title='bbox 620 2369 794 2433; x_wconf 90' lang='lat' dir='ltr'><strong>viros</strong></span> <span class='ocrx_word' id='word_1_227' title='bbox 827 2368 1071 2452; x_wconf 90' lang='lat' dir='ltr'><strong>impetu</strong></span> <span class='ocrx_word' id='word_1_228' title='bbox 1103 2387 1266 2446; x_wconf 88' lang='lat' dir='ltr'><strong>uno;</strong></span> <span class='ocrx_word' id='word_1_229' title='bbox 1293 2370 1400 2432; x_wconf 92' lang='lat' dir='ltr'><strong>sed</strong></span> <span class='ocrx_word' id='word_1_230' title='bbox 1431 2377 1587 2451; x_wconf 89' lang='lat' dir='ltr'><strong>puto</strong></span> <span class='ocrx_word' id='word_1_231' title='bbox 1619 2369 1682 2431; x_wconf 92' lang='lat' dir='ltr'><strong>id</strong></span> <span class='ocrx_word' id='word_1_232' title='bbox 1712 2388 1862 2431; x_wconf 93' lang='lat' dir='ltr'><strong>con-</strong></span> 
     </span>
     <span class='ocr_line' id='line_1_24' title="bbox 361 2467 1859 2551; baseline 0 -22"><span class='ocrx_word' id='word_1_233' title='bbox 361 2468 592 2550; x_wconf 85' lang='lat' dir='ltr'><strong>tigisse</strong></span> <span class='ocrx_word' id='word_1_234' title='bbox 631 2469 698 2530; x_wconf 88' lang='lat' dir='ltr'><strong>in</strong></span> <span class='ocrx_word' id='word_1_235' title='bbox 741 2467 962 2551; x_wconf 82' lang='lat' dir='ltr'><strong>praelio</strong></span> <span class='ocrx_word' id='word_1_236' title='bbox 1005 2476 1226 2531; x_wconf 92' lang='lat' dir='ltr'><strong>contra</strong></span> <span class='ocrx_word' id='word_1_237' title='bbox 1256 2468 1654 2544; x_wconf 81' lang='lat' dir='ltr'><strong>AmalecitaS,</strong></span> <span class='ocrx_word' id='word_1_238' title='bbox 1689 2469 1859 2548; x_wconf 91' lang='lat' dir='ltr'><strong>quod</strong></span> 
     </span>
    </p>
   </div>
   <div class='ocr_carea' id='block_1_6' title="bbox 281 2565 1861 2649">
    <p class='ocr_par' dir='ltr' id='par_1_21' title="bbox 281 2565 1861 2649">
     <span class='ocr_line' id='line_1_25' title="bbox 281 2565 1861 2649; baseline -0.002 -19"><span class='ocrx_word' id='word_1_239' title='bbox 281 2593 326 2630; x_wconf 82' lang='lat' dir='ltr'><strong>x.</strong></span> <span class='ocrx_word' id='word_1_240' title='bbox 357 2569 466 2646; x_wconf 89' lang='lat' dir='ltr'><strong>(ut</strong></span> <span class='ocrx_word' id='word_1_241' title='bbox 495 2567 565 2628; x_wconf 92' lang='lat' dir='ltr'><strong>in</strong></span> <span class='ocrx_word' id='word_1_242' title='bbox 597 2566 807 2649; x_wconf 92' lang='lat' dir='ltr'><strong>primo</strong></span> <span class='ocrx_word' id='word_1_243' title='bbox 836 2565 1002 2629; x_wconf 91' lang='lat' dir='ltr'><strong>libro</strong></span> <span class='ocrx_word' id='word_1_244' title='bbox 1041 2566 1351 2648; x_wconf 90' lang='lat' dir='ltr'><strong>scriptum</strong></span> <span class='ocrx_word' id='word_1_245' title='bbox 1391 2567 1516 2646; x_wconf 86' lang='lat' dir='ltr'><strong>est)</strong></span> <span class='ocrx_word' id='word_1_246' title='bbox 1543 2567 1797 2629; x_wconf 89' lang='lat' dir='ltr'><strong>duravit</strong></span> <span class='ocrx_word' id='word_1_247' title='bbox 1825 2585 1861 2628; x_wconf 90' lang='lat' dir='ltr'><strong>a</strong></span> 
     </span>
    </p>
   </div>
   <div class='ocr_carea' id='block_1_7' title="bbox 361 2664 1860 2747">
    <p class='ocr_par' dir='ltr' id='par_1_22' title="bbox 361 2664 1860 2747">
     <span class='ocr_line' id='line_1_26' title="bbox 361 2664 1860 2747; baseline 0.001 -21"><span class='ocrx_word' id='word_1_248' title='bbox 361 2683 635 2747; x_wconf 87' lang='lat' dir='ltr'><strong>vespera</strong></span> <span class='ocrx_word' id='word_1_249' title='bbox 665 2665 744 2726; x_wconf 89' lang='lat' dir='ltr'><strong>ad</strong></span> <span class='ocrx_word' id='word_1_250' title='bbox 785 2683 1114 2747; x_wconf 88' lang='lat' dir='ltr'><strong>vesperam</strong></span> <span class='ocrx_word' id='word_1_251' title='bbox 1151 2664 1416 2728; x_wconf 90' lang='lat' dir='ltr'><strong>alterius</strong></span> <span class='ocrx_word' id='word_1_252' title='bbox 1446 2664 1597 2740; x_wconf 89' lang='lat' dir='ltr'><strong>diei,</strong></span> <span class='ocrx_word' id='word_1_253' title='bbox 1633 2664 1700 2725; x_wconf 91' lang='lat' dir='ltr'><strong>in</strong></span> <span class='ocrx_word' id='word_1_254' title='bbox 1731 2683 1860 2746; x_wconf 91' lang='lat' dir='ltr'><strong>quo</strong></span> 
     </span>
    </p>
   </div>
   <div class='ocr_carea' id='block_1_8' title="bbox 357 2761 1886 2840">
    <p class='ocr_par' dir='ltr' id='par_1_23' title="bbox 357 2761 1886 2840">
     <span class='ocr_line' id='line_1_27' title="bbox 357 2761 1886 2840; baseline -0.001 -15"><span class='ocrx_word' id='word_1_255' title='bbox 357 2773 421 2825; x_wconf 87' lang='lat' dir='ltr'><strong>et</strong></span> <span class='ocrx_word' id='word_1_256' title='bbox 469 2771 564 2826; x_wconf 90' lang='lat' dir='ltr'><strong>tot</strong></span> <span class='ocrx_word' id='word_1_257' title='bbox 613 2761 876 2826; x_wconf 85' lang='lat' dir='ltr'><strong>fuerunt</strong></span> <span class='ocrx_word' id='word_1_258' title='bbox 924 2763 1140 2840; x_wconf 88' lang='lat' dir='ltr'><strong>occisi,</strong></span> <span class='ocrx_word' id='word_1_259' title='bbox 1177 2771 1247 2825; x_wconf 92' lang='lat' dir='ltr'><strong>ut</strong></span> <span class='ocrx_word' id='word_1_260' title='bbox 1299 2762 1390 2824; x_wconf 91' lang='lat' dir='ltr'><strong>ibi</strong></span> <span class='ocrx_word' id='word_1_261' title='bbox 1430 2763 1677 2826; x_wconf 90' lang='lat' dir='ltr'><strong>dicatur</strong></span> <span class='ocrx_word' id='word_1_262' title='bbox 1721 2780 1735 2824; x_wconf 96' lang='lat'><strong>:</strong></span> <span class='ocrx_word' id='word_1_263' title='bbox 1784 2763 1886 2824; x_wconf 80' lang='lat' dir='ltr'><strong>Et·</strong></span> 
     </span>
    </p>
   </div>
   <div class='ocr_carea' id='block_1_9' title="bbox 354 2861 1862 3050">
    <p class='ocr_par' dir='ltr' id='par_1_24' title="bbox 354 2861 1862 3050">
     <span class='ocr_line' id='line_1_28' title="bbox 357 2861 1862 2944; baseline 0 -20"><span class='ocrx_word' id='word_1_264' title='bbox 357 2881 494 2926; x_wconf 90' lang='lat' dir='ltr'><strong>non</strong></span> <span class='ocrx_word' id='word_1_265' title='bbox 531 2862 736 2925; x_wconf 89' lang='lat' dir='ltr'><strong>evasit</strong></span> <span class='ocrx_word' id='word_1_266' title='bbox 775 2881 850 2926; x_wconf 87' lang='lat' dir='ltr'><strong>ex</strong></span> <span class='ocrx_word' id='word_1_267' title='bbox 881 2861 974 2924; x_wconf 91' lang='lat' dir='ltr'><strong>eis</strong></span> <span class='ocrx_word' id='word_1_268' title='bbox 1003 2862 1370 2944; x_wconf 90' lang='lat' dir='ltr'><strong>quisquam,</strong></span> <span class='ocrx_word' id='word_1_269' title='bbox 1406 2861 1530 2924; x_wconf 91' lang='lat' dir='ltr'><strong>nisi</strong></span> <span class='ocrx_word' id='word_1_270' title='bbox 1561 2862 1862 2943; x_wconf 90' lang='lat' dir='ltr'><strong>quadrin-</strong></span> 
     </span>
     <span class='ocr_line' id='line_1_29' title="bbox 354 2959 1860 3050; baseline -0.001 -26"><span class='ocrx_word' id='word_1_271' title='bbox 354 2959 539 3040; x_wconf 83' lang='lat' dir='ltr'><strong>genti</strong></span> <span class='ocrx_word' id='word_1_272' title='bbox 590 2960 716 3022; x_wconf 90' lang='lat' dir='ltr'><strong>viri</strong></span> <span class='ocrx_word' id='word_1_273' title='bbox 763 2961 1222 3050; x_wconf 59' lang='lat' dir='ltr'><strong>adolescentes</strong></span> <span class='ocrx_word' id='word_1_274' title='bbox 1254 2960 1418 3024; x_wconf 85' lang='lat' dir='ltr'><strong>Dicit</strong></span> <span class='ocrx_word' id='word_1_275' title='bbox 1465 2969 1679 3022; x_wconf 82' lang='lat' dir='ltr'><strong>autem</strong></span> <span class='ocrx_word' id='word_1_276' title='bbox 1717 2960 1860 3042; x_wconf 88' lang='lat' dir='ltr'><strong>qui-</strong></span> 
     </span>
    </p>
   </div>
   <div class='ocr_carea' id='block_1_10' title="bbox 1974 2270 3461 2353">
    <p class='ocr_par' dir='ltr' id='par_1_25' title="bbox 1974 2270 3461 2353">
     <span class='ocr_line' id='line_1_30' title="bbox 1974 2270 3461 2353; baseline -0.001 -18"><span class='ocrx_word' id='word_1_277' title='bbox 1974 2273 2226 2336; x_wconf 91' lang='lat' dir='ltr'><strong>videtur</strong></span> <span class='ocrx_word' id='word_1_278' title='bbox 2265 2272 2436 2336; x_wconf 89' lang='lat' dir='ltr'><strong>solus</strong></span> <span class='ocrx_word' id='word_1_279' title='bbox 2483 2272 2652 2335; x_wconf 89' lang='lat' dir='ltr'><strong>istud</strong></span> <span class='ocrx_word' id='word_1_280' title='bbox 2697 2270 2949 2348; x_wconf 88' lang='lat' dir='ltr'><strong>fecisse,</strong></span> <span class='ocrx_word' id='word_1_281' title='bbox 3003 2290 3203 2352; x_wconf 91' lang='lat' dir='ltr'><strong>quum</strong></span> <span class='ocrx_word' id='word_1_282' title='bbox 3253 2271 3461 2353; x_wconf 91' lang='lat' dir='ltr'><strong>primo</strong></span> 
     </span>
    </p>
   </div>
   <div class='ocr_carea' id='block_1_11' title="bbox 1971 2369 3753 2454">
    <p class='ocr_par' dir='ltr' id='par_1_26' title="bbox 1971 2369 3753 2454">
     <span class='ocr_line' id='line_1_31' title="bbox 1971 2369 3753 2454; baseline -0.002 -20"><span class='ocrx_word' id='word_1_283' title='bbox 1971 2373 2497 2454; x_wconf 89' lang='lat' dir='ltr'><strong>Paralipomenon</strong></span> <span class='ocrx_word' id='word_1_284' title='bbox 2528 2371 2832 2454; x_wconf 90' lang='lat' dir='ltr'><strong>scriptum</strong></span> <span class='ocrx_word' id='word_1_285' title='bbox 2865 2370 2987 2432; x_wconf 87' lang='lat' dir='ltr'><strong>sit:</strong></span> <span class='ocrx_word' id='word_1_286' title='bbox 3011 2370 3131 2433; x_wconf 90' lang='lat' dir='ltr'><strong>Iste</strong></span> <span class='ocrx_word' id='word_1_287' title='bbox 3162 2369 3285 2432; x_wconf 91' lang='lat' dir='ltr'><strong>fuit</strong></span> <span class='ocrx_word' id='word_1_288' title='bbox 3312 2389 3455 2433; x_wconf 91' lang='lat' dir='ltr'><strong>cum</strong></span> <span class='ocrx_word' id='word_1_289' title='bbox 3492 2385 3753 2438; x_wconf 59' lang='lat' dir='ltr'><strong>nimau.</strong></span> 
     </span>
    </p>
   </div>
   <div class='ocr_carea' id='block_1_12' title="bbox 1970 2467 3462 3045">
    <p class='ocr_par' dir='ltr' id='par_1_27' title="bbox 1970 2467 3462 3045">
     <span class='ocr_line' id='line_1_32' title="bbox 1973 2467 3461 2550; baseline -0.003 -16"><span class='ocrx_word' id='word_1_290' title='bbox 1973 2471 2166 2534; x_wconf 90' lang='lat' dir='ltr'><strong>David</strong></span> <span class='ocrx_word' id='word_1_291' title='bbox 2200 2471 2265 2532; x_wconf 91' lang='lat' dir='ltr'><strong>in</strong></span> <span class='ocrx_word' id='word_1_292' title='bbox 2299 2471 2697 2534; x_wconf 89' lang='lat' dir='ltr'><strong>Phesdomim</strong></span> <span class='ocrx_word' id='word_1_293' title='bbox 2726 2494 2740 2544; x_wconf 90' lang='lat'>;</span> <span class='ocrx_word' id='word_1_294' title='bbox 2777 2467 3153 2549; x_wconf 82' lang='lat' dir='ltr'><strong>fugeratque</strong></span> <span class='ocrx_word' id='word_1_295' title='bbox 3185 2467 3461 2550; x_wconf 91' lang='lat' dir='ltr'><strong>populus</strong></span> 
     </span>
     <span class='ocr_line' id='line_1_33' title="bbox 1971 2566 3462 2632; baseline -0.001 0"><span class='ocrx_word' id='word_1_296' title='bbox 1971 2590 2008 2632; x_wconf 88' lang='lat' dir='ltr'><strong>a</strong></span> <span class='ocrx_word' id='word_1_297' title='bbox 2039 2568 2203 2632; x_wconf 89' lang='lat' dir='ltr'><strong>facie</strong></span> <span class='ocrx_word' id='word_1_298' title='bbox 2229 2569 2737 2632; x_wconf 80' lang='lat' dir='ltr'><strong>philistinorum.</strong></span> <span class='ocrx_word' id='word_1_299' title='bbox 2774 2567 2845 2629; x_wconf 88' lang='lat' dir='ltr'><strong>Hi</strong></span> <span class='ocrx_word' id='word_1_300' title='bbox 2888 2575 3203 2629; x_wconf 87' lang='lat' dir='ltr'><strong>steterunt</strong></span> <span class='ocrx_word' id='word_1_301' title='bbox 3231 2566 3299 2628; x_wconf 92' lang='lat' dir='ltr'><strong>in</strong></span> <span class='ocrx_word' id='word_1_302' title='bbox 3330 2586 3462 2632; x_wconf 90' lang='lat' dir='ltr'><strong>me-</strong></span> 
     </span>
     <span class='ocr_line' id='line_1_34' title="bbox 1971 2665 3461 2749; baseline -0.002 -17"><span class='ocrx_word' id='word_1_303' title='bbox 1971 2669 2077 2732; x_wconf 94' lang='lat' dir='ltr'><strong>dio</strong></span> <span class='ocrx_word' id='word_1_304' title='bbox 2126 2667 2283 2749; x_wconf 84' lang='lat' dir='ltr'><strong>agri,</strong></span> <span class='ocrx_word' id='word_1_305' title='bbox 2338 2675 2402 2732; x_wconf 90' lang='lat' dir='ltr'><strong>et</strong></span> <span class='ocrx_word' id='word_1_306' title='bbox 2440 2667 2867 2731; x_wconf 88' lang='lat' dir='ltr'><strong>defenderunt</strong></span> <span class='ocrx_word' id='word_1_307' title='bbox 2904 2683 3072 2728; x_wconf 87' lang='lat' dir='ltr'><strong>eum.</strong></span> <span class='ocrx_word' id='word_1_308' title='bbox 3128 2665 3461 2747; x_wconf 90' lang='lat' dir='ltr'><strong>Quumque</strong></span> 
     </span>
     <span class='ocr_line' id='line_1_35' title="bbox 1972 2765 3461 2848; baseline -0.001 -19"><span class='ocrx_word' id='word_1_309' title='bbox 1972 2767 2439 2848; x_wconf 88' lang='lat' dir='ltr'><strong>percussissent</strong></span> <span class='ocrx_word' id='word_1_310' title='bbox 2467 2765 2840 2839; x_wconf 72' lang='lat' dir='ltr'><strong>philistaeos,</strong></span> <span class='ocrx_word' id='word_1_311' title='bbox 2865 2771 2987 2827; x_wconf 91' lang='lat' dir='ltr'><strong>etc.</strong></span> <span class='ocrx_word' id='word_1_312' title='bbox 3022 2767 3323 2845; x_wconf 76' lang='lat' dir='ltr'><strong>Fecicque</strong></span> <span class='ocrx_word' id='word_1_313' title='bbox 3339 2767 3461 2827; x_wconf 89' lang='lat' dir='ltr'><strong>Do-</strong></span> 
     </span>
     <span class='ocr_line' id='line_1_36' title="bbox 1971 2863 3455 2942; baseline -0.001 -16"><span class='ocrx_word' id='word_1_314' title='bbox 1971 2868 2193 2926; x_wconf 76' lang='lat' dir='ltr'><strong>minus</strong></span> <span class='ocrx_word' id='word_1_315' title='bbox 2220 2870 2493 2927; x_wconf 73' lang='lat' dir='ltr'><strong>salutem</strong></span> <span class='ocrx_word' id='word_1_316' title='bbox 2514 2884 2821 2942; x_wconf 72' lang='lat' dir='ltr'><strong>maynam</strong></span> <span class='ocrx_word' id='word_1_317' title='bbox 2852 2866 2925 2924; x_wconf 81' lang='lat' dir='ltr'><strong>in</strong></span> <span class='ocrx_word' id='word_1_318' title='bbox 2948 2865 3057 2924; x_wconf 78' lang='lat' dir='ltr'><strong>die</strong></span> <span class='ocrx_word' id='word_1_319' title='bbox 3086 2865 3235 2934; x_wconf 78' lang='lat' dir='ltr'><strong>illa,</strong></span> <span class='ocrx_word' id='word_1_320' title='bbox 3251 2863 3315 2925; x_wconf 88' lang='lat' dir='ltr'><strong>id</strong></span> <span class='ocrx_word' id='word_1_321' title='bbox 3336 2870 3455 2940; x_wconf 84' lang='lat' dir='ltr'><strong>est,</strong></span> 
     </span>
     <span class='ocr_line' id='line_1_37' title="bbox 1970 2961 3458 3045; baseline -0.001 -21"><span class='ocrx_word' id='word_1_322' title='bbox 1970 2964 2276 3044; x_wconf 82' lang='lat' dir='ltr'><strong>grandem</strong></span> <span class='ocrx_word' id='word_1_323' title='bbox 2338 2963 2825 3045; x_wconf 90' lang='lat' dir='ltr'><strong>prosperitatem</strong></span> <span class='ocrx_word' id='word_1_324' title='bbox 2886 2970 3077 3042; x_wconf 88' lang='lat' dir='ltr'><strong>atque</strong></span> <span class='ocrx_word' id='word_1_325' title='bbox 3124 2961 3458 3024; x_wconf 85' lang='lat' dir='ltr'><strong>victoriam</strong></span> 
     </span>
    </p>
   </div>
   <div class='ocr_carea' id='block_1_13' title="bbox 354 3058 3461 3145">
    <p class='ocr_par' dir='ltr' id='par_1_28' title="bbox 354 3058 3461 3145">
     <span class='ocr_line' id='line_1_38' title="bbox 354 3058 3461 3145; baseline -0 -23"><span class='ocrx_word' id='word_1_326' title='bbox 354 3060 533 3137; x_wconf 88' lang='lat' dir='ltr'><strong>dam,</strong></span> <span class='ocrx_word' id='word_1_327' title='bbox 563 3077 693 3121; x_wconf 91' lang='lat' dir='ltr'><strong>non</strong></span> <span class='ocrx_word' id='word_1_328' title='bbox 725 3073 864 3122; x_wconf 89' lang='lat' dir='ltr'><strong>esse</strong></span> <span class='ocrx_word' id='word_1_329' title='bbox 917 3058 1425 3142; x_wconf 82' lang='lat' dir='ltr'><strong>intelligendum,</strong></span> <span class='ocrx_word' id='word_1_330' title='bbox 1450 3059 1622 3142; x_wconf 89' lang='lat' dir='ltr'><strong>quod</strong></span> <span class='ocrx_word' id='word_1_331' title='bbox 1661 3059 1858 3124; x_wconf 89' lang='lat' dir='ltr'><strong>David</strong></span> <span class='ocrx_word' id='word_1_332' title='bbox 1892 3059 1938 3124; x_wconf 92' lang='lat' dir='ltr'>C</span> <span class='ocrx_word' id='word_1_333' title='bbox 1969 3061 2243 3126; x_wconf 90' lang='lat' dir='ltr'><strong>contulit</strong></span> <span class='ocrx_word' id='word_1_334' title='bbox 2276 3060 2434 3125; x_wconf 89' lang='lat' dir='ltr'><strong>filiis</strong></span> <span class='ocrx_word' id='word_1_335' title='bbox 2466 3061 2653 3125; x_wconf 88' lang='lat' dir='ltr'><strong>Israel</strong></span> <span class='ocrx_word' id='word_1_336' title='bbox 2689 3079 2803 3144; x_wconf 87' lang='lat' dir='ltr'><strong>per</strong></span> <span class='ocrx_word' id='word_1_337' title='bbox 2836 3061 3047 3145; x_wconf 88' lang='lat' dir='ltr'><strong>ipsum</strong></span> <span class='ocrx_word' id='word_1_338' title='bbox 3078 3061 3461 3124; x_wconf 80' lang='lat' dir='ltr'><strong>Eleazar.E&#39;t</strong></span> 
     </span>
    </p>
   </div>
   <div class='ocr_carea' id='block_1_14' title="bbox 354 3157 1862 4028">
    <p class='ocr_par' dir='ltr' id='par_1_29' title="bbox 354 3157 1862 3714">
     <span class='ocr_line' id='line_1_39' title="bbox 357 3157 1861 3242; baseline 0.001 -22"><span class='ocrx_word' id='word_1_339' title='bbox 357 3157 691 3221; x_wconf 87' lang='lat' dir='ltr'><strong>interfecit</strong></span> <span class='ocrx_word' id='word_1_340' title='bbox 743 3158 1146 3239; x_wconf 87' lang='lat' dir='ltr'><strong>octingentos</strong></span> <span class='ocrx_word' id='word_1_341' title='bbox 1195 3159 1366 3222; x_wconf 90' lang='lat' dir='ltr'><strong>viros</strong></span> <span class='ocrx_word' id='word_1_342' title='bbox 1415 3158 1674 3242; x_wconf 88' lang='lat' dir='ltr'><strong>propria</strong></span> <span class='ocrx_word' id='word_1_343' title='bbox 1731 3178 1861 3221; x_wconf 89' lang='lat' dir='ltr'><strong>ma-</strong></span> 
     </span>
     <span class='ocr_line' id='line_1_40' title="bbox 357 3256 1862 3340; baseline 0.001 -20"><span class='ocrx_word' id='word_1_344' title='bbox 357 3278 476 3334; x_wconf 89' lang='lat' dir='ltr'><strong>nu,</strong></span> <span class='ocrx_word' id='word_1_345' title='bbox 511 3257 626 3320; x_wconf 88' lang='lat' dir='ltr'><strong>sed</strong></span> <span class='ocrx_word' id='word_1_346' title='bbox 653 3258 824 3337; x_wconf 91' lang='lat' dir='ltr'><strong>quod</strong></span> <span class='ocrx_word' id='word_1_347' title='bbox 857 3276 970 3339; x_wconf 92' lang='lat' dir='ltr'><strong>per</strong></span> <span class='ocrx_word' id='word_1_348' title='bbox 1011 3257 1154 3338; x_wconf 89' lang='lat' dir='ltr'><strong>ejus</strong></span> <span class='ocrx_word' id='word_1_349' title='bbox 1183 3257 1566 3340; x_wconf 86' lang='lat' dir='ltr'><strong>probitatem</strong></span> <span class='ocrx_word' id='word_1_350' title='bbox 1600 3256 1862 3321; x_wconf 86' lang='lat' dir='ltr'><strong>fuerunt</strong></span> 
     </span>
     <span class='ocr_line' id='line_1_41' title="bbox 357 3353 1862 3439; baseline 0.001 -22"><span class='ocrx_word' id='word_1_351' title='bbox 357 3355 814 3439; x_wconf 89' lang='lat' dir='ltr'><strong>principaliter</strong></span> <span class='ocrx_word' id='word_1_352' title='bbox 846 3353 1190 3419; x_wconf 80' lang='lat' dir='ltr'><strong>interfecti.</strong></span> <span class='ocrx_word' id='word_1_353' title='bbox 1224 3354 1460 3418; x_wconf 86' lang='lat' dir='ltr'><strong>Verum</strong></span> <span class='ocrx_word' id='word_1_354' title='bbox 1503 3375 1617 3439; x_wconf 89' lang='lat' dir='ltr'><strong>per</strong></span> <span class='ocrx_word' id='word_1_355' title='bbox 1647 3356 1862 3439; x_wconf 90' lang='lat' dir='ltr'><strong>probi-</strong></span> 
     </span>
     <span class='ocr_line' id='line_1_42' title="bbox 357 3452 1860 3535; baseline 0.001 -18"><span class='ocrx_word' id='word_1_356' title='bbox 357 3464 561 3517; x_wconf 86' lang='lat' dir='ltr'><strong>tatem</strong></span> <span class='ocrx_word' id='word_1_357' title='bbox 595 3453 799 3535; x_wconf 90' lang='lat' dir='ltr'><strong>ipsius</strong></span> <span class='ocrx_word' id='word_1_358' title='bbox 832 3452 1096 3516; x_wconf 88' lang='lat' dir='ltr'><strong>fuerunt</strong></span> <span class='ocrx_word' id='word_1_359' title='bbox 1128 3453 1196 3515; x_wconf 91' lang='lat' dir='ltr'><strong>in</strong></span> <span class='ocrx_word' id='word_1_360' title='bbox 1225 3453 1442 3515; x_wconf 90' lang='lat' dir='ltr'><strong>multis</strong></span> <span class='ocrx_word' id='word_1_361' title='bbox 1473 3453 1664 3517; x_wconf 89' lang='lat' dir='ltr'><strong>bellis</strong></span> <span class='ocrx_word' id='word_1_362' title='bbox 1694 3456 1860 3518; x_wconf 92' lang='lat' dir='ltr'><strong>occi-</strong></span> 
     </span>
     <span class='ocr_line' id='line_1_43' title="bbox 359 3552 1860 3632; baseline -0.001 -16"><span class='ocrx_word' id='word_1_363' title='bbox 359 3554 442 3629; x_wconf 92' lang='lat' dir='ltr'><strong>si,</strong></span> <span class='ocrx_word' id='word_1_364' title='bbox 479 3571 611 3616; x_wconf 91' lang='lat' dir='ltr'><strong>non</strong></span> <span class='ocrx_word' id='word_1_365' title='bbox 643 3552 995 3632; x_wconf 84' lang='lat' dir='ltr'><strong>octingenti</strong></span> <span class='ocrx_word' id='word_1_366' title='bbox 1039 3552 1387 3630; x_wconf 88' lang='lat' dir='ltr'><strong>dumtaxat,</strong></span> <span class='ocrx_word' id='word_1_367' title='bbox 1423 3554 1532 3616; x_wconf 91' lang='lat' dir='ltr'><strong>sed</strong></span> <span class='ocrx_word' id='word_1_368' title='bbox 1565 3562 1627 3615; x_wconf 88' lang='lat' dir='ltr'><strong>et</strong></span> <span class='ocrx_word' id='word_1_369' title='bbox 1657 3553 1860 3615; x_wconf 88' lang='lat' dir='ltr'><strong>millia</strong></span> 
     </span>
     <span class='ocr_line' id='line_1_44' title="bbox 354 3651 589 3714; baseline -0.009 0"><span class='ocrx_word' id='word_1_370' title='bbox 354 3651 589 3714; x_wconf 91' lang='lat' dir='ltr'><strong>multa.</strong></span> 
     </span>
    </p>

    <p class='ocr_par' dir='ltr' id='par_1_30' title="bbox 355 3748 1860 4028">
     <span class='ocr_line' id='line_1_45' title="bbox 439 3748 1856 3831; baseline -0.001 -19"><span class='ocrx_word' id='word_1_371' title='bbox 439 3752 600 3812; x_wconf 80' lang='lat' dir='ltr'><strong>Post</strong></span> <span class='ocrx_word' id='word_1_372' title='bbox 621 3752 797 3810; x_wconf 75' lang='lat' dir='ltr'><strong>hunc</strong></span> <span class='ocrx_word' id='word_1_373' title='bbox 819 3752 1118 3812; x_wconf 76' lang='lat' dir='ltr'><strong>Eleazar.</strong></span> <span class='ocrx_word' id='word_1_374' title='bbox 1137 3748 1227 3812; x_wconf 88' lang='lat' dir='ltr'><strong>Ex</strong></span> <span class='ocrx_word' id='word_1_375' title='bbox 1247 3750 1369 3813; x_wconf 91' lang='lat' dir='ltr'><strong>hoc</strong></span> <span class='ocrx_word' id='word_1_376' title='bbox 1397 3757 1665 3826; x_wconf 88' lang='lat' dir='ltr'><strong>constat,</strong></span> <span class='ocrx_word' id='word_1_377' title='bbox 1685 3750 1856 3831; x_wconf 91' lang='lat' dir='ltr'><strong>quod</strong></span> 
     </span>
     <span class='ocr_line' id='line_1_46' title="bbox 355 3847 1858 3931; baseline 0.001 -22"><span class='ocrx_word' id='word_1_378' title='bbox 355 3848 412 3911; x_wconf 92' lang='lat' dir='ltr'><strong>si</strong></span> <span class='ocrx_word' id='word_1_379' title='bbox 447 3848 754 3930; x_wconf 78' lang='lat' dir='ltr'><strong>praedicta</strong></span> <span class='ocrx_word' id='word_1_380' title='bbox 783 3858 1182 3931; x_wconf 84' lang='lat' dir='ltr'><strong>exponantur</strong></span> <span class='ocrx_word' id='word_1_381' title='bbox 1212 3849 1290 3911; x_wconf 93' lang='lat' dir='ltr'><strong>de</strong></span> <span class='ocrx_word' id='word_1_382' title='bbox 1311 3849 1529 3925; x_wconf 86' lang='lat' dir='ltr'><strong>David,</strong></span> <span class='ocrx_word' id='word_1_383' title='bbox 1551 3848 1728 3910; x_wconf 89' lang='lat' dir='ltr'><strong>nulla</strong></span> <span class='ocrx_word' id='word_1_384' title='bbox 1753 3847 1858 3911; x_wconf 93' lang='lat' dir='ltr'><strong>hic</strong></span> 
     </span>
     <span class='ocr_line' id='line_1_47' title="bbox 355 3945 1860 4028; baseline 0 -19"><span class='ocrx_word' id='word_1_385' title='bbox 355 3946 608 4009; x_wconf 89' lang='lat' dir='ltr'><strong>mentio</strong></span> <span class='ocrx_word' id='word_1_386' title='bbox 637 3955 806 4009; x_wconf 89' lang='lat' dir='ltr'><strong>esset</strong></span> <span class='ocrx_word' id='word_1_387' title='bbox 834 3948 914 4010; x_wconf 91' lang='lat' dir='ltr'><strong>de</strong></span> <span class='ocrx_word' id='word_1_388' title='bbox 940 3947 1251 4023; x_wconf 89' lang='lat' dir='ltr'><strong>Jesbaam,</strong></span> <span class='ocrx_word' id='word_1_389' title='bbox 1275 3946 1388 4028; x_wconf 91' lang='lat' dir='ltr'><strong>qui</strong></span> <span class='ocrx_word' id='word_1_390' title='bbox 1420 3954 1630 4009; x_wconf 86' lang='lat' dir='ltr'><strong>tamen</strong></span> <span class='ocrx_word' id='word_1_391' title='bbox 1663 3945 1729 4007; x_wconf 93' lang='lat' dir='ltr'><strong>in</strong></span> <span class='ocrx_word' id='word_1_392' title='bbox 1750 3946 1860 4009; x_wconf 89' lang='lat' dir='ltr'><strong>Pa-</strong></span> 
     </span>
    </p>
   </div>
   <div class='ocr_carea' id='block_1_15' title="bbox 265 4042 1854 4128">
    <p class='ocr_par' dir='ltr' id='par_1_31' title="bbox 265 4042 1854 4128">
     <span class='ocr_line' id='line_1_48' title="bbox 265 4042 1854 4128; baseline -0.002 -20"><span class='ocrx_word' id='word_1_393' title='bbox 265 4079 326 4115; x_wconf 74' lang='lat'><strong>11,</strong></span> <span class='ocrx_word' id='word_1_394' title='bbox 357 4046 810 4127; x_wconf 88' lang='lat' dir='ltr'><strong>ralipomenon</strong></span> <span class='ocrx_word' id='word_1_395' title='bbox 853 4046 1112 4128; x_wconf 89' lang='lat' dir='ltr'><strong>ponitur</strong></span> <span class='ocrx_word' id='word_1_396' title='bbox 1152 4045 1398 4127; x_wconf 90' lang='lat' dir='ltr'><strong>primus</strong></span> <span class='ocrx_word' id='word_1_397' title='bbox 1438 4044 1605 4107; x_wconf 90' lang='lat' dir='ltr'><strong>inter</strong></span> <span class='ocrx_word' id='word_1_398' title='bbox 1636 4042 1854 4106; x_wconf 78' lang='lat' dir='ltr'><strong>fortes,</strong></span> 
     </span>
    </p>
   </div>
   <div class='ocr_carea' id='block_1_16' title="bbox 358 4141 1861 4225">
    <p class='ocr_par' dir='ltr' id='par_1_32' title="bbox 358 4141 1861 4225">
     <span class='ocr_line' id='line_1_49' title="bbox 358 4141 1861 4225; baseline -0.011 -10"><span class='ocrx_word' id='word_1_399' title='bbox 358 4144 582 4225; x_wconf 81' lang='lat' dir='ltr'><strong>ltaque</strong></span> <span class='ocrx_word' id='word_1_400' title='bbox 615 4151 760 4225; x_wconf 91' lang='lat' dir='ltr'><strong>post</strong></span> <span class='ocrx_word' id='word_1_401' title='bbox 790 4143 962 4205; x_wconf 90' lang='lat' dir='ltr'><strong>hunc</strong></span> <span class='ocrx_word' id='word_1_402' title='bbox 997 4142 1286 4207; x_wconf 86' lang='lat' dir='ltr'><strong>Jesbaam</strong></span> <span class='ocrx_word' id='word_1_403' title='bbox 1321 4141 1444 4204; x_wconf 88' lang='lat' dir='ltr'><strong>fuit</strong></span> <span class='ocrx_word' id='word_1_404' title='bbox 1473 4143 1750 4219; x_wconf 86' lang='lat' dir='ltr'><strong>Eleazar,</strong></span> <span class='ocrx_word' id='word_1_405' title='bbox 1781 4148 1861 4221; x_wconf 74' lang='lat' dir='ltr'><strong>fi&#39;-</strong></span> 
     </span>
    </p>
   </div>
   <div class='ocr_carea' id='block_1_17' title="bbox 1961 3159 3461 3244">
    <p class='ocr_par' dir='ltr' id='par_1_33' title="bbox 1961 3159 3461 3244">
     <span class='ocr_line' id='line_1_50' title="bbox 1961 3159 3461 3244; baseline -0.001 -21"><span class='ocrx_word' id='word_1_406' title='bbox 1961 3167 2248 3243; x_wconf 78' lang='lat' dir='ltr'><strong>populus</strong></span> <span class='ocrx_word' id='word_1_407' title='bbox 2277 3164 2394 3243; x_wconf 79' lang='lat' dir='ltr'><strong>qui</strong></span> <span class='ocrx_word' id='word_1_408' title='bbox 2433 3163 2724 3239; x_wconf 48' lang='lat' dir='ltr'><strong>facerat,</strong></span> <span class='ocrx_word' id='word_1_409' title='bbox 2756 3161 3001 3225; x_wconf 90' lang='lat' dir='ltr'><strong>scilicet</strong></span> <span class='ocrx_word' id='word_1_410' title='bbox 3044 3162 3183 3244; x_wconf 87' lang='lat' dir='ltr'><strong>ejus</strong></span> <span class='ocrx_word' id='word_1_411' title='bbox 3224 3159 3461 3223; x_wconf 86' lang='lat' dir='ltr'><strong>exerci-</strong></span> 
     </span>
    </p>
   </div>
   <div class='ocr_carea' id='block_1_18' title="bbox 1968 3262 3461 3441">
    <p class='ocr_par' dir='ltr' id='par_1_34' title="bbox 1968 3262 3461 3441">
     <span class='ocr_line' id='line_1_51' title="bbox 1972 3262 3461 3337; baseline -0.003 -14"><span class='ocrx_word' id='word_1_412' title='bbox 1972 3268 2094 3337; x_wconf 85' lang='lat' dir='ltr'><strong>tus,</strong></span> <span class='ocrx_word' id='word_1_413' title='bbox 2127 3282 2417 3321; x_wconf 78' lang='lat' dir='ltr'><strong>reversus</strong></span> <span class='ocrx_word' id='word_1_414' title='bbox 2446 3270 2536 3321; x_wconf 77' lang='lat' dir='ltr'><strong>est</strong></span> <span class='ocrx_word' id='word_1_415' title='bbox 2565 3264 2653 3321; x_wconf 84' lang='lat' dir='ltr'><strong>ad</strong></span> <span class='ocrx_word' id='word_1_416' title='bbox 2681 3280 2987 3322; x_wconf 83' lang='lat' dir='ltr'><strong>coesorum</strong></span> <span class='ocrx_word' id='word_1_417' title='bbox 3015 3262 3222 3337; x_wconf 79' lang='lat' dir='ltr'><strong>spolia</strong></span> <span class='ocrx_word' id='word_1_418' title='bbox 3252 3262 3461 3321; x_wconf 78' lang='lat' dir='ltr'><strong>detra-</strong></span> 
     </span>
     <span class='ocr_line' id='line_1_52' title="bbox 1968 3356 3461 3441; baseline 0 -20"><span class='ocrx_word' id='word_1_419' title='bbox 1968 3363 2204 3431; x_wconf 80' lang='lat' dir='ltr'><strong>henda,</strong></span> <span class='ocrx_word' id='word_1_420' title='bbox 2259 3359 2321 3421; x_wconf 91' lang='lat' dir='ltr'><strong>id</strong></span> <span class='ocrx_word' id='word_1_421' title='bbox 2366 3367 2482 3435; x_wconf 89' lang='lat' dir='ltr'><strong>est,</strong></span> <span class='ocrx_word' id='word_1_422' title='bbox 2526 3359 2605 3420; x_wconf 92' lang='lat' dir='ltr'><strong>ad</strong></span> <span class='ocrx_word' id='word_1_423' title='bbox 2655 3357 3059 3441; x_wconf 90' lang='lat' dir='ltr'><strong>spoliandum</strong></span> <span class='ocrx_word' id='word_1_424' title='bbox 3109 3356 3461 3421; x_wconf 83' lang='lat' dir='ltr'><strong>Philistaeos</strong></span> 
     </span>
    </p>
   </div>
   <div class='ocr_carea' id='block_1_19' title="bbox 1969 3476 3460 3629">
    <p class='ocr_par' dir='ltr' id='par_1_35' title="bbox 1969 3476 3460 3629">
     <span class='ocr_line' id='line_1_53' title="bbox 2085 3476 2235 3519; baseline 0.007 -1"><span class='ocrx_word' id='word_1_425' title='bbox 2085 3476 2105 3518; x_wconf 93' lang='lat'>1</span> <span class='ocrx_word' id='word_1_426' title='bbox 2185 3477 2235 3519; x_wconf 86' lang='lat' dir='ltr'><strong>S.</strong></span> 
     </span>
     <span class='ocr_line' id='line_1_54' title="bbox 1969 3476 3460 3629; baseline -0.003 -16"><span class='ocrx_word' id='word_1_427' title='bbox 1969 3476 2301 3629; x_wconf 50' lang='grc' dir='ltr'><strong>ΟωΕῗῖοοει</strong></span> <span class='ocrx_word' id='word_1_428' title='bbox 2329 3553 2522 3623; x_wconf 78' lang='lat' dir='ltr'><strong>hune,</strong></span> <span class='ocrx_word' id='word_1_429' title='bbox 2548 3552 2809 3612; x_wconf 84' lang='lat' dir='ltr'><strong>Semma</strong></span> <span class='ocrx_word' id='word_1_430' title='bbox 2830 3552 3013 3625; x_wconf 75' lang='lat' dir='ltr'><strong>filius</strong></span> <span class='ocrx_word' id='word_1_431' title='bbox 3032 3552 3170 3627; x_wconf 69' lang='lat' dir='ltr'><strong>Aye</strong></span> <span class='ocrx_word' id='word_1_432' title='bbox 3196 3552 3276 3609; x_wconf 84' lang='lat' dir='ltr'><strong>de</strong></span> <span class='ocrx_word' id='word_1_433' title='bbox 3294 3552 3460 3611; x_wconf 86' lang='lat' dir='ltr'><strong>Ara-</strong></span> 
     </span>
    </p>
   </div>
   <div class='ocr_carea' id='block_1_20' title="bbox 1969 3646 3461 4026">
    <p class='ocr_par' dir='ltr' id='par_1_36' title="bbox 1969 3646 3461 4026">
     <span class='ocr_line' id='line_1_55' title="bbox 1969 3646 3459 3720; baseline -0.001 -9"><span class='ocrx_word' id='word_1_434' title='bbox 1969 3652 2060 3720; x_wconf 80' lang='lat' dir='ltr'><strong>ri,</strong></span> <span class='ocrx_word' id='word_1_435' title='bbox 2100 3648 2164 3711; x_wconf 91' lang='lat' dir='ltr'><strong>id</strong></span> <span class='ocrx_word' id='word_1_436' title='bbox 2206 3656 2302 3712; x_wconf 90' lang='lat' dir='ltr'><strong>est</strong></span> <span class='ocrx_word' id='word_1_437' title='bbox 2342 3648 2481 3711; x_wconf 91' lang='lat' dir='ltr'><strong>loco</strong></span> <span class='ocrx_word' id='word_1_438' title='bbox 2522 3647 2614 3710; x_wconf 92' lang='lat' dir='ltr'><strong>sic</strong></span> <span class='ocrx_word' id='word_1_439' title='bbox 2653 3647 2825 3711; x_wconf 88' lang='lat' dir='ltr'><strong>dicto</strong></span> <span class='ocrx_word' id='word_1_440' title='bbox 2861 3663 2875 3708; x_wconf 77' lang='lat' dir='ltr'><strong>t</strong></span> <span class='ocrx_word' id='word_1_441' title='bbox 2910 3655 2972 3709; x_wconf 90' lang='lat' dir='ltr'><strong>et</strong></span> <span class='ocrx_word' id='word_1_442' title='bbox 3018 3647 3107 3709; x_wconf 89' lang='lat' dir='ltr'><strong>ita</strong></span> <span class='ocrx_word' id='word_1_443' title='bbox 3156 3666 3282 3711; x_wconf 88' lang='lat' dir='ltr'><strong>non</strong></span> <span class='ocrx_word' id='word_1_444' title='bbox 3334 3646 3459 3710; x_wconf 87' lang='lat' dir='ltr'><strong>fuit</strong></span> 
     </span>
     <span class='ocr_line' id='line_1_56' title="bbox 1971 3745 3459 3823; baseline -0.003 -12"><span class='ocrx_word' id='word_1_445' title='bbox 1971 3748 2261 3811; x_wconf 91' lang='lat' dir='ltr'><strong>Semmaa</strong></span> <span class='ocrx_word' id='word_1_446' title='bbox 2302 3747 2500 3810; x_wconf 88' lang='lat' dir='ltr'><strong>frater</strong></span> <span class='ocrx_word' id='word_1_447' title='bbox 2530 3745 2751 3810; x_wconf 85' lang='lat' dir='ltr'><strong>David.</strong></span> <span class='ocrx_word' id='word_1_448' title='bbox 2788 3748 2873 3807; x_wconf 83' lang='grc' dir='ltr'><strong>Ει</strong></span> <span class='ocrx_word' id='word_1_449' title='bbox 2905 3748 3272 3823; x_wconf 69' lang='grc' dir='ltr'><em>οοηρνεραιί</em></span> <span class='ocrx_word' id='word_1_450' title='bbox 3305 3755 3459 3807; x_wconf 80' lang='lat' dir='ltr'><strong>sunt</strong></span> 
     </span>
     <span class='ocr_line' id='line_1_57' title="bbox 1969 3843 3460 3915; baseline -0.003 -6"><span class='ocrx_word' id='word_1_451' title='bbox 1969 3848 2341 3909; x_wconf 73' lang='lat' dir='ltr'><strong>I’lzizisciim</strong></span> <span class='ocrx_word' id='word_1_452' title='bbox 2372 3847 2447 3907; x_wconf 78' lang='lat' dir='ltr'><strong>in</strong></span> <span class='ocrx_word' id='word_1_453' title='bbox 2493 3847 2791 3915; x_wconf 75' lang='lat' dir='ltr'><strong>statione,</strong></span> <span class='ocrx_word' id='word_1_454' title='bbox 2823 3845 2943 3907; x_wconf 87' lang='lat' dir='ltr'><strong>hoc</strong></span> <span class='ocrx_word' id='word_1_455' title='bbox 2974 3851 3070 3906; x_wconf 83' lang='lat' dir='ltr'><strong>est</strong></span> <span class='ocrx_word' id='word_1_456' title='bbox 3114 3843 3178 3905; x_wconf 88' lang='lat' dir='ltr'><strong>in</strong></span> <span class='ocrx_word' id='word_1_457' title='bbox 3225 3843 3365 3906; x_wconf 87' lang='lat' dir='ltr'><strong>loco</strong></span> <span class='ocrx_word' id='word_1_458' title='bbox 3394 3850 3460 3906; x_wconf 87' lang='lat' dir='ltr'><strong>et</strong></span> 
     </span>
     <span class='ocr_line' id='line_1_58' title="bbox 1969 3944 3461 4026; baseline -0.005 -19"><span class='ocrx_word' id='word_1_459' title='bbox 1969 3944 2395 4026; x_wconf 81' lang='lat' dir='ltr'><strong>expeditione.</strong></span> <span class='ocrx_word' id='word_1_460' title='bbox 2447 3946 2615 4005; x_wconf 78' lang='lat' dir='ltr'><strong>Erat</strong></span> <span class='ocrx_word' id='word_1_461' title='bbox 2662 3945 2899 4023; x_wconf 81' lang='lat' dir='ltr'><strong>quippe</strong></span> <span class='ocrx_word' id='word_1_462' title='bbox 2956 3944 3051 4001; x_wconf 78' lang='lat' dir='ltr'><strong>ibi</strong></span> <span class='ocrx_word' id='word_1_463' title='bbox 3095 3960 3247 4019; x_wconf 70' lang='lat' dir='ltr'><strong>aqer</strong></span> <span class='ocrx_word' id='word_1_464' title='bbox 3296 3944 3461 4001; x_wconf 79' lang='lat' dir='ltr'><strong>lente</strong></span> 
     </span>
    </p>
   </div>
   <div class='ocr_carea' id='block_1_21' title="bbox 1964 4039 3461 4122">
    <p class='ocr_par' dir='ltr' id='par_1_37' title="bbox 1964 4039 3461 4122">
     <span class='ocr_line' id='line_1_59' title="bbox 1964 4039 3461 4122; baseline -0.001 -19"><span class='ocrx_word' id='word_1_465' title='bbox 1964 4047 2221 4122; x_wconf 78' lang='lat' dir='ltr'><strong>plenus.</strong></span> <span class='ocrx_word' id='word_1_466' title='bbox 2272 4046 2607 4121; x_wconf 77' lang='lat' dir='ltr'><strong>Quumque</strong></span> <span class='ocrx_word' id='word_1_467' title='bbox 2648 4044 2919 4119; x_wconf 71' lang='lat' dir='ltr'><strong>fuyisset</strong></span> <span class='ocrx_word' id='word_1_468' title='bbox 2954 4044 3233 4119; x_wconf 80' lang='lat' dir='ltr'><strong>populus</strong></span> <span class='ocrx_word' id='word_1_469' title='bbox 3272 4039 3461 4101; x_wconf 81' lang='lat' dir='ltr'><strong>Israel</strong></span> 
     </span>
    </p>
   </div>
   <div class='ocr_carea' id='block_1_22' title="bbox 1969 4139 3459 4220">
    <p class='ocr_par' dir='ltr' id='par_1_38' title="bbox 1969 4139 3459 4220">
     <span class='ocr_line' id='line_1_60' title="bbox 1969 4139 3459 4220; baseline -0.003 -19"><span class='ocrx_word' id='word_1_470' title='bbox 1969 4162 2012 4201; x_wconf 86' lang='lat' dir='ltr'><strong>a</strong></span> <span class='ocrx_word' id='word_1_471' title='bbox 2068 4143 2239 4220; x_wconf 83' lang='lat' dir='ltr'><strong>facie</strong></span> <span class='ocrx_word' id='word_1_472' title='bbox 2285 4143 2679 4213; x_wconf 74' lang='lat' dir='ltr'><strong>Philistiim,</strong></span> <span class='ocrx_word' id='word_1_473' title='bbox 2728 4141 2901 4201; x_wconf 77' lang='lat' dir='ltr'><strong>stetit</strong></span> <span class='ocrx_word' id='word_1_474' title='bbox 2958 4140 3073 4198; x_wconf 82' lang='lat' dir='ltr'><strong>ille</strong></span> <span class='ocrx_word' id='word_1_475' title='bbox 3120 4139 3195 4199; x_wconf 79' lang='lat' dir='ltr'><strong>in</strong></span> <span class='ocrx_word' id='word_1_476' title='bbox 3251 4139 3459 4197; x_wconf 80' lang='lat' dir='ltr'><strong>medio</strong></span> 
     </span>
    </p>
   </div>
   <div class='ocr_carea' id='block_1_23' title="bbox 357 4235 3461 4323">
    <p class='ocr_par' dir='ltr' id='par_1_39' title="bbox 357 4235 3461 4323">
     <span class='ocr_line' id='line_1_61' title="bbox 357 4235 3461 4323; baseline -0.002 -20"><span class='ocrx_word' id='word_1_477' title='bbox 357 4247 492 4303; x_wconf 81' lang='lat' dir='ltr'><strong>lius</strong></span> <span class='ocrx_word' id='word_1_478' title='bbox 517 4244 756 4321; x_wconf 81' lang='lat' dir='ltr'><strong>patrui</strong></span> <span class='ocrx_word' id='word_1_479' title='bbox 782 4243 923 4319; x_wconf 80' lang='lat' dir='ltr'><strong>ejus</strong></span> <span class='ocrx_word' id='word_1_480' title='bbox 953 4244 1185 4303; x_wconf 70' lang='lat' dir='ltr'><strong>Alzolzae‘.</strong></span> <span class='ocrx_word' id='word_1_481' title='bbox 1220 4240 1298 4303; x_wconf 90' lang='lat' dir='ltr'><strong>Ut</strong></span> <span class='ocrx_word' id='word_1_482' title='bbox 1337 4239 1535 4304; x_wconf 86' lang='lat' dir='ltr'><strong>refert</strong></span> <span class='ocrx_word' id='word_1_483' title='bbox 1563 4240 1862 4323; x_wconf 83' lang='lat' dir='ltr'><strong>Hierony-</strong></span> <span class='ocrx_word' id='word_1_484' title='bbox 1891 4243 1940 4304; x_wconf 94' lang='lat' dir='ltr'><strong>D</strong></span> <span class='ocrx_word' id='word_1_485' title='bbox 1971 4242 2140 4317; x_wconf 71' lang='lat' dir='ltr'><strong>cyri,</strong></span> <span class='ocrx_word' id='word_1_486' title='bbox 2174 4250 2234 4301; x_wconf 75' lang='lat' dir='ltr'><strong>ec</strong></span> <span class='ocrx_word' id='word_1_487' title='bbox 2267 4249 2511 4301; x_wconf 81' lang='lat' dir='ltr'><strong>tutatus</strong></span> <span class='ocrx_word' id='word_1_488' title='bbox 2542 4248 2631 4299; x_wconf 77' lang='lat' dir='ltr'><strong>est</strong></span> <span class='ocrx_word' id='word_1_489' title='bbox 2674 4259 2842 4309; x_wconf 79' lang='lat' dir='ltr'><strong>eum,</strong></span> <span class='ocrx_word' id='word_1_490' title='bbox 2883 4237 2948 4300; x_wconf 92' lang='lat' dir='ltr'><strong>id</strong></span> <span class='ocrx_word' id='word_1_491' title='bbox 2992 4245 3107 4313; x_wconf 86' lang='lat' dir='ltr'><strong>est,</strong></span> <span class='ocrx_word' id='word_1_492' title='bbox 3151 4235 3461 4319; x_wconf 81' lang='lat' dir='ltr'><strong>pugnavit</strong></span> 
     </span>
    </p>
   </div>
   <div class='ocr_carea' id='block_1_24' title="bbox 354 4339 1866 5308">
    <p class='ocr_par' dir='ltr' id='par_1_40' title="bbox 354 4339 1866 5308">
     <span class='ocr_line' id='line_1_62' title="bbox 357 4339 1860 4421; baseline -0.001 -18"><span class='ocrx_word' id='word_1_493' title='bbox 357 4361 528 4418; x_wconf 76' lang='lat' dir='ltr'><strong>muS,</strong></span> <span class='ocrx_word' id='word_1_494' title='bbox 551 4340 774 4403; x_wconf 90' lang='lat' dir='ltr'><strong>dicunt</strong></span> <span class='ocrx_word' id='word_1_495' title='bbox 804 4340 1071 4414; x_wconf 84' lang='lat' dir='ltr'><strong>Hebraei,</strong></span> <span class='ocrx_word' id='word_1_496' title='bbox 1090 4340 1259 4421; x_wconf 89' lang='lat' dir='ltr'><strong>quod</strong></span> <span class='ocrx_word' id='word_1_497' title='bbox 1279 4339 1485 4402; x_wconf 78' lang='lat' dir='ltr'><strong>Ahohi</strong></span> <span class='ocrx_word' id='word_1_498' title='bbox 1520 4339 1546 4401; x_wconf 82' lang='lat' dir='ltr'><strong>f</strong></span> <span class='ocrx_word' id='word_1_499' title='bbox 1549 4340 1642 4401; x_wconf 87' lang='lat' dir='ltr'><strong>uit</strong></span> <span class='ocrx_word' id='word_1_500' title='bbox 1667 4339 1860 4401; x_wconf 89' lang='lat' dir='ltr'><strong>frater</strong></span> 
     </span>
     <span class='ocr_line' id='line_1_63' title="bbox 356 4438 1860 4522; baseline -0.001 -20"><span class='ocrx_word' id='word_1_501' title='bbox 356 4440 478 4503; x_wconf 88' lang='lat' dir='ltr'><strong>lsai</strong></span> <span class='ocrx_word' id='word_1_502' title='bbox 513 4440 716 4522; x_wconf 90' lang='lat' dir='ltr'><strong>patris</strong></span> <span class='ocrx_word' id='word_1_503' title='bbox 749 4440 967 4501; x_wconf 89' lang='lat' dir='ltr'><strong>David.</strong></span> <span class='ocrx_word' id='word_1_504' title='bbox 1002 4440 1263 4521; x_wconf 84' lang='lat' dir='ltr'><strong>Propter</strong></span> <span class='ocrx_word' id='word_1_505' title='bbox 1302 4440 1475 4520; x_wconf 93' lang='lat' dir='ltr'><strong>quod</strong></span> <span class='ocrx_word' id='word_1_506' title='bbox 1508 4438 1574 4500; x_wconf 90' lang='lat' dir='ltr'><strong>in</strong></span> <span class='ocrx_word' id='word_1_507' title='bbox 1606 4438 1860 4501; x_wconf 89' lang='lat' dir='ltr'><strong>Schola-</strong></span> 
     </span>
     <span class='ocr_line' id='line_1_64' title="bbox 357 4536 1862 4619; baseline -0.001 -19"><span class='ocrx_word' id='word_1_508' title='bbox 357 4538 529 4601; x_wconf 86' lang='lat' dir='ltr'><strong>stica</strong></span> <span class='ocrx_word' id='word_1_509' title='bbox 561 4536 767 4601; x_wconf 87' lang='lat' dir='ltr'><strong>fertur</strong></span> <span class='ocrx_word' id='word_1_510' title='bbox 806 4537 1094 4615; x_wconf 88' lang='lat' dir='ltr'><strong>historia,</strong></span> <span class='ocrx_word' id='word_1_511' title='bbox 1129 4539 1299 4619; x_wconf 91' lang='lat' dir='ltr'><strong>quod</strong></span> <span class='ocrx_word' id='word_1_512' title='bbox 1331 4538 1585 4600; x_wconf 91' lang='lat' dir='ltr'><strong>Eleazar</strong></span> <span class='ocrx_word' id='word_1_513' title='bbox 1627 4537 1752 4599; x_wconf 87' lang='lat' dir='ltr'><strong>fuit</strong></span> <span class='ocrx_word' id='word_1_514' title='bbox 1785 4537 1862 4599; x_wconf 89' lang='lat' dir='ltr'><strong>fi-</strong></span> 
     </span>
     <span class='ocr_line' id='line_1_65' title="bbox 357 4636 1858 4719; baseline -0.001 -19"><span class='ocrx_word' id='word_1_515' title='bbox 357 4638 486 4702; x_wconf 91' lang='lat' dir='ltr'><strong>lius</strong></span> <span class='ocrx_word' id='word_1_516' title='bbox 518 4636 733 4719; x_wconf 91' lang='lat' dir='ltr'><strong>patrui</strong></span> <span class='ocrx_word' id='word_1_517' title='bbox 755 4637 976 4699; x_wconf 88' lang='lat' dir='ltr'><strong>David.</strong></span> <span class='ocrx_word' id='word_1_518' title='bbox 1000 4638 1068 4699; x_wconf 91' lang='lat' dir='ltr'><strong>In</strong></span> <span class='ocrx_word' id='word_1_519' title='bbox 1091 4636 1616 4718; x_wconf 86' lang='lat' dir='ltr'><strong>Paralipomenon</strong></span> <span class='ocrx_word' id='word_1_520' title='bbox 1647 4644 1858 4699; x_wconf 81' lang='lat' dir='ltr'><strong>autem</strong></span> 
     </span>
     <span class='ocr_line' id='line_1_66' title="bbox 354 4734 1862 4817; baseline -0.002 -17"><span class='ocrx_word' id='word_1_521' title='bbox 354 4745 422 4800; x_wconf 91' lang='lat' dir='ltr'><strong>et</strong></span> <span class='ocrx_word' id='word_1_522' title='bbox 456 4734 654 4798; x_wconf 82' lang='lat' dir='ltr'><strong>etiam</strong></span> <span class='ocrx_word' id='word_1_523' title='bbox 696 4735 824 4812; x_wconf 91' lang='lat' dir='ltr'><strong>hic,</strong></span> <span class='ocrx_word' id='word_1_524' title='bbox 863 4736 918 4797; x_wconf 90' lang='lat' dir='ltr'><strong>si</strong></span> <span class='ocrx_word' id='word_1_525' title='bbox 964 4736 1332 4799; x_wconf 88' lang='lat' dir='ltr'><strong>immediate</strong></span> <span class='ocrx_word' id='word_1_526' title='bbox 1377 4735 1727 4817; x_wconf 83' lang='lat' dir='ltr'><strong>praehabita</strong></span> <span class='ocrx_word' id='word_1_527' title='bbox 1759 4754 1862 4797; x_wconf 88' lang='lat' dir='ltr'><strong>ex-</strong></span> 
     </span>
     <span class='ocr_line' id='line_1_67' title="bbox 355 4831 1861 4918; baseline -0.002 -20"><span class='ocrx_word' id='word_1_528' title='bbox 355 4844 686 4918; x_wconf 88' lang='lat' dir='ltr'><strong>ponantur</strong></span> <span class='ocrx_word' id='word_1_529' title='bbox 716 4835 796 4897; x_wconf 89' lang='lat' dir='ltr'><strong>de</strong></span> <span class='ocrx_word' id='word_1_530' title='bbox 823 4833 1136 4911; x_wconf 85' lang='lat' dir='ltr'><strong>Jesbaam,</strong></span> <span class='ocrx_word' id='word_1_531' title='bbox 1164 4834 1398 4896; x_wconf 85' lang='lat' dir='ltr'><strong>dicitur</strong></span> <span class='ocrx_word' id='word_1_532' title='bbox 1425 4834 1595 4915; x_wconf 90' lang='lat' dir='ltr'><strong>quod</strong></span> <span class='ocrx_word' id='word_1_533' title='bbox 1631 4832 1754 4895; x_wconf 85' lang='lat' dir='ltr'><strong>fuit</strong></span> <span class='ocrx_word' id='word_1_534' title='bbox 1783 4831 1861 4895; x_wconf 93' lang='lat' dir='ltr'><strong>fi-</strong></span> 
     </span>
     <span class='ocr_line' id='line_1_68' title="bbox 356 4930 1862 5015; baseline -0.001 -19"><span class='ocrx_word' id='word_1_535' title='bbox 356 4934 486 4996; x_wconf 90' lang='lat' dir='ltr'><strong>lius</strong></span> <span class='ocrx_word' id='word_1_536' title='bbox 519 4931 731 5015; x_wconf 86' lang='lat' dir='ltr'><strong>patrui</strong></span> <span class='ocrx_word' id='word_1_537' title='bbox 773 4930 977 5013; x_wconf 91' lang='lat' dir='ltr'><strong>ipsius</strong></span> <span class='ocrx_word' id='word_1_538' title='bbox 1015 4932 1303 4995; x_wconf 87' lang='lat' dir='ltr'><strong>Jesbaam</strong></span> <span class='ocrx_word' id='word_1_539' title='bbox 1341 4950 1356 4994; x_wconf 75' lang='grc' dir='ltr'>ε</span> <span class='ocrx_word' id='word_1_540' title='bbox 1392 4932 1631 4994; x_wconf 91' lang='lat' dir='ltr'><strong>idcirco</strong></span> <span class='ocrx_word' id='word_1_541' title='bbox 1670 4950 1862 5014; x_wconf 90' lang='lat' dir='ltr'><strong>appa—-</strong></span> 
     </span>
     <span class='ocr_line' id='line_1_69' title="bbox 356 5030 1863 5111; baseline -0.002 -16"><span class='ocrx_word' id='word_1_542' title='bbox 356 5040 455 5095; x_wconf 91' lang='lat' dir='ltr'><strong>ret</strong></span> <span class='ocrx_word' id='word_1_543' title='bbox 504 5030 883 5108; x_wconf 90' lang='lat' dir='ltr'><strong>dicendum,</strong></span> <span class='ocrx_word' id='word_1_544' title='bbox 937 5032 1106 5111; x_wconf 92' lang='lat' dir='ltr'><strong>quod</strong></span> <span class='ocrx_word' id='word_1_545' title='bbox 1158 5030 1347 5093; x_wconf 89' lang='lat' dir='ltr'><strong>etiam</strong></span> <span class='ocrx_word' id='word_1_546' title='bbox 1398 5031 1686 5093; x_wconf 86' lang='lat' dir='ltr'><strong>Jesbaam</strong></span> <span class='ocrx_word' id='word_1_547' title='bbox 1739 5030 1863 5093; x_wconf 87' lang='lat' dir='ltr'><strong>fuit</strong></span> 
     </span>
     <span class='ocr_line' id='line_1_70' title="bbox 357 5128 1865 5211; baseline -0.002 -17"><span class='ocrx_word' id='word_1_548' title='bbox 357 5138 696 5211; x_wconf 80' lang='lat' dir='ltr'><strong>cognatuS,</strong></span> <span class='ocrx_word' id='word_1_549' title='bbox 724 5128 1276 5211; x_wconf 90' lang='lat' dir='ltr'><strong>consobrinusque</strong></span> <span class='ocrx_word' id='word_1_550' title='bbox 1305 5130 1502 5192; x_wconf 90' lang='lat' dir='ltr'><strong>David</strong></span> <span class='ocrx_word' id='word_1_551' title='bbox 1536 5129 1724 5211; x_wconf 79' lang='lat' dir='ltr'><strong>regis,</strong></span> <span class='ocrx_word' id='word_1_552' title='bbox 1761 5133 1865 5191; x_wconf 82' lang='lat' dir='ltr'><strong>In-</strong></span> 
     </span>
     <span class='ocr_line' id='line_1_71' title="bbox 355 5226 1866 5308; baseline -0.001 -18"><span class='ocrx_word' id='word_1_553' title='bbox 355 5236 460 5291; x_wconf 73' lang='lat' dir='ltr'><strong>ter</strong></span> <span class='ocrx_word' id='word_1_554' title='bbox 491 5239 618 5290; x_wconf 82' lang='lat' dir='ltr'><strong>cres</strong></span> <span class='ocrx_word' id='word_1_555' title='bbox 647 5229 868 5306; x_wconf 66' lang='lat' dir='ltr'><strong>forte-e,</strong></span> <span class='ocrx_word' id='word_1_556' title='bbox 903 5227 1058 5308; x_wconf 88' lang='lat' dir='ltr'><strong>quia</strong></span> <span class='ocrx_word' id='word_1_557' title='bbox 1087 5227 1340 5290; x_wconf 84' lang='lat' dir='ltr'><strong>Eleazar</strong></span> <span class='ocrx_word' id='word_1_558' title='bbox 1373 5227 1492 5290; x_wconf 83' lang='lat' dir='ltr'><strong>iste</strong></span> <span class='ocrx_word' id='word_1_559' title='bbox 1533 5226 1657 5289; x_wconf 88' lang='lat' dir='ltr'><strong>fuit</strong></span> <span class='ocrx_word' id='word_1_560' title='bbox 1698 5248 1866 5290; x_wconf 89' lang='lat' dir='ltr'><strong>unus</strong></span> 
     </span>
    </p>
   </div>
   <div class='ocr_carea' id='block_1_25' title="bbox 1968 4334 3469 5305">
    <p class='ocr_par' dir='ltr' id='par_1_41' title="bbox 1968 4334 3461 4613">
     <span class='ocr_line' id='line_1_72' title="bbox 1972 4334 3460 4421; baseline -0.003 -23"><span class='ocrx_word' id='word_1_561' title='bbox 1972 4356 2087 4421; x_wconf 89' lang='lat' dir='ltr'><strong>pro</strong></span> <span class='ocrx_word' id='word_1_562' title='bbox 2118 4338 2356 4420; x_wconf 91' lang='lat' dir='ltr'><strong>populo</strong></span> <span class='ocrx_word' id='word_1_563' title='bbox 2399 4356 2535 4413; x_wconf 88' lang='lat' dir='ltr'><strong>suo,</strong></span> <span class='ocrx_word' id='word_1_564' title='bbox 2570 4345 2634 4400; x_wconf 90' lang='lat' dir='ltr'><strong>et</strong></span> <span class='ocrx_word' id='word_1_565' title='bbox 2664 4356 2811 4401; x_wconf 88' lang='lat' dir='ltr'><strong>eum</strong></span> <span class='ocrx_word' id='word_1_566' title='bbox 2851 4334 3159 4399; x_wconf 82' lang='lat' dir='ltr'><strong>defendit.</strong></span> <span class='ocrx_word' id='word_1_567' title='bbox 3198 4338 3460 4397; x_wconf 82' lang='lat' dir='ltr'><strong>Percus-</strong></span> 
     </span>
     <span class='ocr_line' id='line_1_73' title="bbox 1968 4439 3461 4518; baseline -0.003 -19"><span class='ocrx_word' id='word_1_568' title='bbox 1968 4440 2177 4518; x_wconf 79' lang='lat' dir='ltr'><strong>sitque</strong></span> <span class='ocrx_word' id='word_1_569' title='bbox 2208 4439 2621 4509; x_wconf 69' lang='lat' dir='ltr'><strong>Philistoeos;</strong></span> <span class='ocrx_word' id='word_1_570' title='bbox 2649 4450 2707 4498; x_wconf 76' lang='lat' dir='ltr'><strong>et</strong></span> <span class='ocrx_word' id='word_1_571' title='bbox 2751 4440 2906 4516; x_wconf 77' lang='lat' dir='ltr'><strong>fecit</strong></span> <span class='ocrx_word' id='word_1_572' title='bbox 2932 4439 3251 4499; x_wconf 80' lang='lat' dir='ltr'><strong>Dominus</strong></span> <span class='ocrx_word' id='word_1_573' title='bbox 3286 4439 3461 4496; x_wconf 80' lang='lat' dir='ltr'><strong>salu-</strong></span> 
     </span>
     <span class='ocr_line' id='line_1_74' title="bbox 1973 4548 2455 4613; baseline -0.002 -15"><span class='ocrx_word' id='word_1_574' title='bbox 1973 4548 2096 4599; x_wconf 78' lang='lat' dir='ltr'><strong>tem</strong></span> <span class='ocrx_word' id='word_1_575' title='bbox 2127 4555 2455 4613; x_wconf 70' lang='lat' dir='ltr'><strong>maynam.</strong></span> 
     </span>
    </p>

    <p class='ocr_par' dir='ltr' id='par_1_42' title="bbox 1969 4633 3469 5305">
     <span class='ocr_line' id='line_1_75' title="bbox 2052 4633 3463 4711; baseline -0.001 -15"><span class='ocrx_word' id='word_1_576' title='bbox 2052 4634 2154 4697; x_wconf 88' lang='lat' dir='ltr'><strong>Isti</strong></span> <span class='ocrx_word' id='word_1_577' title='bbox 2209 4644 2358 4711; x_wconf 79' lang='lat' dir='ltr'><strong>treS,</strong></span> <span class='ocrx_word' id='word_1_578' title='bbox 2407 4633 2706 4696; x_wconf 89' lang='lat' dir='ltr'><strong>videlicet</strong></span> <span class='ocrx_word' id='word_1_579' title='bbox 2754 4633 3063 4711; x_wconf 84' lang='lat' dir='ltr'><strong>Jesbaam,</strong></span> <span class='ocrx_word' id='word_1_580' title='bbox 3097 4634 3351 4696; x_wconf 84' lang='lat' dir='ltr'><strong>Eleazar</strong></span> <span class='ocrx_word' id='word_1_581' title='bbox 3399 4642 3463 4695; x_wconf 91' lang='lat' dir='ltr'><strong>et</strong></span> 
     </span>
     <span class='ocr_line' id='line_1_76' title="bbox 1972 4731 3463 4809; baseline -0.001 -14"><span class='ocrx_word' id='word_1_582' title='bbox 1972 4734 2244 4809; x_wconf 90' lang='lat' dir='ltr'><strong>Semma,</strong></span> <span class='ocrx_word' id='word_1_583' title='bbox 2282 4732 2544 4795; x_wconf 87' lang='lat' dir='ltr'><strong>fuerunt</strong></span> <span class='ocrx_word' id='word_1_584' title='bbox 2586 4741 2713 4795; x_wconf 92' lang='lat' dir='ltr'><strong>tres</strong></span> <span class='ocrx_word' id='word_1_585' title='bbox 2750 4731 3104 4795; x_wconf 82' lang='lat' dir='ltr'><strong>fortissimi.</strong></span> <span class='ocrx_word' id='word_1_586' title='bbox 3140 4732 3317 4794; x_wconf 88' lang='lat' dir='ltr'><strong>Unde</strong></span> <span class='ocrx_word' id='word_1_587' title='bbox 3345 4731 3463 4794; x_wconf 93' lang='lat' dir='ltr'><strong>ali-</strong></span> 
     </span>
     <span class='ocr_line' id='line_1_77' title="bbox 1970 4829 3463 4913; baseline -0.001 -20"><span class='ocrx_word' id='word_1_588' title='bbox 1970 4831 2082 4913; x_wconf 91' lang='lat' dir='ltr'><strong>qui</strong></span> <span class='ocrx_word' id='word_1_589' title='bbox 2114 4832 2359 4905; x_wconf 86' lang='lat' dir='ltr'><strong>dicunt,</strong></span> <span class='ocrx_word' id='word_1_590' title='bbox 2393 4831 2564 4912; x_wconf 92' lang='lat' dir='ltr'><strong>quod</strong></span> <span class='ocrx_word' id='word_1_591' title='bbox 2609 4829 2884 4911; x_wconf 86' lang='lat' dir='ltr'><strong>quilibet</strong></span> <span class='ocrx_word' id='word_1_592' title='bbox 2924 4830 3151 4892; x_wconf 88' lang='lat' dir='ltr'><strong>horum</strong></span> <span class='ocrx_word' id='word_1_593' title='bbox 3199 4829 3463 4893; x_wconf 84' lang='lat' dir='ltr'><strong>fortissi-</strong></span> 
     </span>
     <span class='ocr_line' id='line_1_78' title="bbox 1969 4928 3463 5011; baseline 0 -18"><span class='ocrx_word' id='word_1_594' title='bbox 1969 4950 2221 4993; x_wconf 90' lang='lat' dir='ltr'><strong>morum</strong></span> <span class='ocrx_word' id='word_1_595' title='bbox 2252 4929 2642 5011; x_wconf 83' lang='lat' dir='ltr'><strong>expugnavit</strong></span> <span class='ocrx_word' id='word_1_596' title='bbox 2671 4947 2867 4990; x_wconf 92' lang='lat' dir='ltr'><strong>unum</strong></span> <span class='ocrx_word' id='word_1_597' title='bbox 2899 4928 3267 5005; x_wconf 89' lang='lat' dir='ltr'><strong>exercitum,</strong></span> <span class='ocrx_word' id='word_1_598' title='bbox 3293 4929 3463 4993; x_wconf 90' lang='lat' dir='ltr'><strong>ideo-</strong></span> 
     </span>
     <span class='ocr_line' id='line_1_79' title="bbox 1971 5026 3461 5111; baseline -0.002 -18"><span class='ocrx_word' id='word_1_599' title='bbox 1971 5048 2096 5111; x_wconf 89' lang='lat' dir='ltr'><strong>que</strong></span> <span class='ocrx_word' id='word_1_600' title='bbox 2157 5027 2493 5091; x_wconf 86' lang='lat' dir='ltr'><strong>fortissimi</strong></span> <span class='ocrx_word' id='word_1_601' title='bbox 2554 5034 3028 5107; x_wconf 87' lang='lat' dir='ltr'><strong>nuncupantur.</strong></span> <span class='ocrx_word' id='word_1_602' title='bbox 3079 5026 3203 5088; x_wconf 88' lang='lat' dir='ltr'><strong>Alii</strong></span> <span class='ocrx_word' id='word_1_603' title='bbox 3253 5036 3461 5090; x_wconf 91' lang='lat' dir='ltr'><strong>autem</strong></span> 
     </span>
     <span class='ocr_line' id='line_1_80' title="bbox 1975 5123 3469 5210; baseline -0.001 -22"><span class='ocrx_word' id='word_1_604' title='bbox 1975 5136 2123 5203; x_wconf 80' lang='lat' dir='ltr'><strong>treS,</strong></span> <span class='ocrx_word' id='word_1_605' title='bbox 2157 5127 2271 5209; x_wconf 92' lang='lat' dir='ltr'><strong>qui</strong></span> <span class='ocrx_word' id='word_1_606' title='bbox 2303 5134 2446 5210; x_wconf 91' lang='lat' dir='ltr'><strong>post</strong></span> <span class='ocrx_word' id='word_1_607' title='bbox 2477 5126 2621 5189; x_wconf 89' lang='lat' dir='ltr'><strong>illos</strong></span> <span class='ocrx_word' id='word_1_608' title='bbox 2656 5124 3037 5188; x_wconf 87' lang='lat' dir='ltr'><strong>fortissimos</strong></span> <span class='ocrx_word' id='word_1_609' title='bbox 3071 5124 3323 5189; x_wconf 87' lang='lat' dir='ltr'><strong>fuerant</strong></span> <span class='ocrx_word' id='word_1_610' title='bbox 3344 5123 3469 5189; x_wconf 87' lang='lat' dir='ltr'><strong>for—</strong></span> 
     </span>
     <span class='ocr_line' id='line_1_81' title="bbox 1975 5223 3469 5305; baseline -0.001 -17"><span class='ocrx_word' id='word_1_611' title='bbox 1975 5227 2189 5301; x_wconf 82' lang='lat' dir='ltr'><strong>tioreS‚</strong></span> <span class='ocrx_word' id='word_1_612' title='bbox 2251 5225 2390 5287; x_wconf 91' lang='lat' dir='ltr'><strong>ideo</strong></span> <span class='ocrx_word' id='word_1_613' title='bbox 2442 5223 2741 5286; x_wconf 88' lang='lat' dir='ltr'><strong>fortiores</strong></span> <span class='ocrx_word' id='word_1_614' title='bbox 2789 5223 3111 5302; x_wconf 88' lang='lat' dir='ltr'><strong>dicuntur,</strong></span> <span class='ocrx_word' id='word_1_615' title='bbox 3163 5223 3469 5305; x_wconf 89' lang='lat' dir='ltr'><strong>quoniam</strong></span> 
     </span>
    </p>
   </div>
   <div class='ocr_carea' id='block_1_26' title="bbox 356 5320 3468 5407">
    <p class='ocr_par' dir='ltr' id='par_1_43' title="bbox 356 5320 3468 5407">
     <span class='ocr_line' id='line_1_82' title="bbox 356 5320 3468 5407; baseline -0.002 -18"><span class='ocrx_word' id='word_1_616' title='bbox 356 5328 438 5391; x_wconf 86' lang='lat' dir='ltr'><strong>dc</strong></span> <span class='ocrx_word' id='word_1_617' title='bbox 467 5326 684 5390; x_wconf 87' lang='lat' dir='ltr'><strong>tribus</strong></span> <span class='ocrx_word' id='word_1_618' title='bbox 719 5324 1110 5403; x_wconf 83' lang='lat' dir='ltr'><strong>fortissimiS,</strong></span> <span class='ocrx_word' id='word_1_619' title='bbox 1134 5329 1252 5407; x_wconf 82' lang='lat' dir='ltr'><strong>qui</strong></span> <span class='ocrx_word' id='word_1_620' title='bbox 1271 5337 1624 5388; x_wconf 70' lang='lat' dir='ltr'><strong>eramo-um</strong></span> <span class='ocrx_word' id='word_1_621' title='bbox 1645 5330 1868 5388; x_wconf 82' lang='lat' dir='ltr'><strong>David</strong></span> <span class='ocrx_word' id='word_1_622' title='bbox 1975 5322 2421 5404; x_wconf 86' lang='lat' dir='ltr'><strong>unusquisque</strong></span> <span class='ocrx_word' id='word_1_623' title='bbox 2466 5340 2687 5385; x_wconf 91' lang='lat' dir='ltr'><strong>corum</strong></span> <span class='ocrx_word' id='word_1_624' title='bbox 2731 5320 2967 5384; x_wconf 87' lang='lat' dir='ltr'><strong>occidit</strong></span> <span class='ocrx_word' id='word_1_625' title='bbox 3009 5342 3209 5403; x_wconf 89' lang='lat' dir='ltr'><strong>unum</strong></span> <span class='ocrx_word' id='word_1_626' title='bbox 3247 5324 3468 5404; x_wconf 83' lang='lat' dir='ltr'><strong>gigan-</strong></span> 
     </span>
    </p>
   </div>
  </div>
 </body>
</html>
