4359 6250
928 483 1047 554 436

1544 499 1891 550 ENARRATIO
1934 502 1993 547 lx
2036 502 2172 547 CAP.
2223 501 2243 544 1
2285 500 2441 545 unm
2485 498 2734 572 81:281]an
2777 497 3001 543 REGUH.
3047 516 3128 526 ·-
3167 494 3310 542 ΛΒΤ.
3356 495 3400 542 11

675 677 1177 757 Johv1,4.Sagittae
1216 675 1467 738 Domini
1511 675 1576 735 in
1630 693 1731 736 me
1771 681 1941 750 sunt,
2000 689 2269 752 quarum
2325 669 2420 730 in·
2448 670 2497 732 A
2532 680 2663 733 tum
2713 691 2853 735 raro
2895 680 3002 734 aut
3044 687 3372 749 nunquam
3423 666 3808 739 ascenditur,
3852 661 4010 743 quin

660 979 723 1022 Cr.
736 977 899 1021 Cantic.

634 1055 690 1093 iv,
710 1043 753 1084 9.

664 1278 760 1321 Jer.
782 1290 836 1328 ix,
858 1279 898 1318 8.

652 1477 717 1519 Is.
734 1489 843 1527 xux,
856 1477 897 1517 2.

664 1771 777 1814 md.
796 1784 899 1822 cxvi,

638 1837 703 1877 19.

664 2072 739 2114 1²2.
753 2035 820 2119 iic,
838 2073 878 2112 ὃ.

636 2262 713 2304 Ρε.
733 2275 841 2310 xciv,
858 2263 899 2302 ὃ.

675 2655 810 2699 Pron.
823 2669 894 2704 vn,

633 2721 701 2770 22,
722 2721 788 2760 23.

630 4040 775 4085 meh.
790 4055 841 4092 vi,
855 4044 893 4084 8.

925 775 1209 855 dignatio
1248 773 1450 836 ebibit
1488 772 1785 855 spiritum
1825 789 2062 832 mcum.
2100 768 2412 844 SecundO,

925 873 1206 936 caritatis
1238 871 1589 946 succensio,
1612 869 1961 932 secundum
1994 868 2154 929 illud
2180 867 2247 928 in
2266 865 2418 927 Can-

928 972 1071 1034 ticis
1098 971 1407 1034 :Caritate
1438 969 1771 1032 vulnerata
1800 986 1963 1028 sum.
1996 965 2174 1028 Unde
2205 973 2268 1026 et
2302 965 2420 1024 Au-

926 1067 1219 1149 gustinus
1246 1067 1529 1148 loquitur
1558 1067 1682 1128 Deo
1717 1082 1731 1126 :
1767 1064 2185 1144 Sagittaveras
2211 1070 2277 1123 tu
2310 1080 2419 1124 eor

928 1186 1165 1229 meum.
1190 1165 1421 1242 Tertio,
1450 1183 1673 1227 rancor
1696 1164 1831 1226 sive
1850 1162 2178 1237 detractio,
2200 1179 2419 1243 quem-

928 1265 1267 1329 admodum
1290 1264 1355 1326 in
1384 1263 1655 1326 Jeremia
1684 1261 1954 1324 habetur
1980 1279 1993 1322 ε
2021 1260 2260 1340 Sagitta
2289 1258 2420 1321 vul-

928 1383 1158 1426 nerans
1208 1363 1426 1442 lingua
1473 1380 1715 1424 eorum.
1750 1359 2007 1436 Quarto,
2056 1359 2192 1440 ipse
2242 1357 2419 1418 Chri-

928 1460 1211 1542 stuS,qui
1234 1461 1321 1522 ait
1342 1478 1456 1541 per
1477 1458 1697 1521 lsaiam
1720 1475 1733 1519 ε
1760 1456 1973 1519 Posuit
1994 1476 2097 1518 mc
2113 1455 2416 1518 Dominus

926 1560 1110 1642 quasi
1159 1559 1452 1640 sagittam
1492 1557 1782 1620 electam.
1826 1555 2079 1632 Quinto,
2125 1554 2418 1636 quicum-

929 1678 1054 1740 que
1095 1658 1467 1740 praedicator
1508 1657 1795 1717 idoneus,
1832 1654 2008 1717 Unde
2048 1673 2162 1736 per
2196 1653 2417 1715 lsaiam

930 1758 1214 1839 loquitur
1252 1758 1413 1818 Deus
1448 1773 1463 1818 ε
1497 1755 1735 1816 Mittam
1780 1773 1857 1816 ex
1903 1754 1995 1815 eis
2037 1752 2149 1834 qui
2193 1751 2419 1815 salvati

2527 770 2728 833 multo
2757 771 3014 850 gravius
3047 789 3160 852 per
3191 769 3346 834 vitia
3374 765 3812 829 descendatur.

2609 871 2930 937 Quomodo
2977 871 3342 928 ceciderunt
3389 869 3586 946 fortes
3605 866 3634 922 Ρ
3663 862 3786 924 Hoc
3837 876 4011 922 com-

2527 965 2778 1046 passive
2809 974 2869 1027 et
2900 964 3189 1027 dolorose
3207 963 3548 1026 dicendum
3570 960 3852 1031 est,dum
3879 975 4010 1037 per-

2527 1080 2713 1125 sonas
2775 1063 3102 1144 religiosas
3152 1071 3215 1125 et
3257 1062 3572 1124 virtuosas
3623 1055 4008 1142 percipimus

2528 1181 2666 1224 csse
2713 1162 3070 1238 subversas,
3125 1170 3232 1223 aut
3282 1157 3734 1223 tentationibus
3783 1154 4004 1221 victas,

2527 1279 2639 1322 scu
2671 1260 2866 1325 verba
2912 1259 3366 1342 increpationis
3407 1267 3470 1322 et
3521 1257 3761 1337 virgam
3801 1271 4008 1318 corre-

2527 1358 2757 1421 ctionis
2811 1359 3214 1441 impatienter
3251 1358 3621 1439 sumpsisse,
3656 1363 3715 1416 ct
3755 1371 3868 1416 eos
3897 1349 4008 1431 qui

2529 1457 2758 1539 spiritu
2789 1467 3140 1540 eoeperunt,
3165 1458 3456 1520 audimus
3497 1473 3687 1518 carne
3718 1469 4008 1514 consum·
4035 1468 4234 1510 omma.

2529 1557 2710 1632 mari,
2756 1566 3096 1639 tepescere,
3140 1565 3201 1619 et
3247 1554 3672 1636 negligentius
3710 1571 3776 1614 se
3819 1548 4010 1612 habc-

2529 1673 2618 1718 re.
2671 1655 2718 1718 0
2767 1676 2958 1737 quam
3001 1655 3186 1719 multi
3225 1655 3458 1718 cadunt
3501 1673 3574 1715 ae
3627 1657 3891 1734 pereunt
3945 1647 4006 1706 in

2529 1755 2852 1817 montibus
2885 1754 3346 1836 praelationum,
3380 1752 3780 1833 dignitatum,
3816 1757 3878 1810 et
3921 1745 4008 1808 of-

931 1856 1191 1932 fuerint,
1229 1855 1292 1916 in
1325 1853 1603 1916 Africam
1635 1861 1699 1915 et
1730 1852 1988 1934 Lydiam
2012 1859 2298 1912 tenentes
2332 1868 2422 1911 sa·
2457 1851 2501 1911 B
2534 1852 2851 1930 ficiorum,
2887 1855 2996 1935 qui
3049 1854 3112 1915 in
3159 1852 3557 1917 convallibus
3608 1846 4002 1922 humilitatiS,

926 1955 1173 2036 gittam.
1208 1953 1414 2028 Sexto,
1450 1953 1608 2015 dura
1638 1951 1924 2027 tentatio,
1948 1950 2128 2032 juxta
2158 1949 2223 2011 id
2252 1948 2420 2010 Psal-

930 2054 1017 2116 mi
1046 2071 1059 2114 :
1085 2053 1133 2114 A
1155 2052 1383 2132 sagitta
1408 2050 1662 2114 volante
1684 2049 1749 2110 in
1771 2049 1895 2111 die.
1924 2048 2218 2130 Septim0‚
2238 2054 2422 2109 acuta

931 2160 993 2214 et
1034 2150 1271 2214 efficax
1316 2149 1701 2232 praedicatio,
1748 2147 2096 2210 secundum
2141 2146 2302 2208 illud
2352 2145 2419 2206 in

930 2250 1176 2312 Psalmo
1208 2269 1223 2312 t
1260 2248 1513 2329 Sagittae
1553 2256 1674 2308 tuae
1703 2253 1923 2308 aeutae.
1958 2245 2214 2320 Oetam,
2243 2245 2420 2325 jacu-

931 2349 1062 2410 lum
1113 2347 1460 2429 corporalc,
1516 2354 1583 2406 ut
1634 2344 1737 2406 hic
1784 2361 1797 2406 :
1851 2343 2088 2423 Sagitta
2133 2342 2418 2405 Jonathae

929 2465 1256 2528 nunquam
1300 2445 1487 2508 rediit
1527 2452 1893 2506 retrorsum.
1937 2442 2135 2518 Nono,
2182 2460 2416 2504 concu-

928 2545 1241 2628 piscentia
1284 2544 1515 2618 carniS,
1560 2550 1669 2604 aut
1715 2559 1905 2623 poena
1959 2539 2412 2602 damnationis

926 2644 1103 2707 Unde
1146 2644 1213 2705 in
1243 2641 1598 2706 Proverbiis
1641 2640 1873 2720 legitur
1908 2657 1921 2700 :
1959 2639 2208 2719 Ignorat
2245 2639 2415 2719 quod

926 2743 1157 2823 sagitta
1186 2739 1523 2820 transfigat
1552 2758 1660 2802 cor
1691 2739 1851 2820 ejuS.

1011 2844 1376 2914 Considera,
1429 2843 1657 2911 Israel,
1700 2859 1824 2916 pro
1880 2841 1983 2898 leis
2020 2839 2137 2918 qui
2176 2839 2420 2897 mortui

923 2951 1089 3001 sunt.
1105 2940 1218 3001 Per
1247 2939 1559 3014 lsraelem,
1580 2936 1693 3018 qui
1718 2936 2169 3016 interpretatur
2186 2934 2298 2996 Vir
2329 2935 2417 2998 vi-

2531 1952 2927 2028 obedientiae,
2964 1953 3232 2028 timoris,
3276 1971 3348 2015 ae
3398 1947 3826 2032 simplicitatis
3879 1963 4008 2026 pos-

2530 2060 2668 2112 sent
2714 2052 2985 2115 salvari!
3036 2051 3109 2112 Et
3157 2060 3368 2114 tamen
3418 2048 3645 2111 infelix
3692 2066 3764 2109 ac
3817 2043 4004 2108 stulta

2531 2169 2709 2211 mens
2741 2150 3095 2226 hominum,
3129 2167 3378 2231 semper
3416 2148 3493 2210 ad
3533 2147 3758 2210 altiora
3797 2141 4006 2226 praesi-

2529 2247 2760 2310 dentiae
2790 2249 3036 2325 nititur,
3071 2267 3188 2310 ncc
3216 2244 3573 2328 expavescit
3601 2242 4002 2306 durissimum

2531 2346 2636 2408 Dei
2661 2347 2999 2429 judicium,
3039 2347 3208 2429 quod
3242 2347 3304 2406 in
3328 2341 3815 2427 praesidentibus
3843 2357 4004 2402 exer·
4045 2349 4226 2403 Scau-⁶·

2527 2452 2727 2507 cctur.
2743 2445 2790 2508 Ο
2810 2445 3098 2522 ambitiO,
3115 2464 3268 2512 crux
3297 2441 3739 2516 ambientium,
3759 2455 4005 2520 quomo-

2527 2543 2608 2605 do
2637 2543 2933 2606 omnibus
2962 2544 3242 2625 placenS,
3279 2561 3498 2606 omnes
3531 2539 3649 2603 tibi
3691 2538 4000 2620 subJ'ectos

2528 2647 2814 2722 torques!
2857 2645 3073 2705 Nolite
3105 2643 3506 2702 annuntiare
3539 2641 3612 2699 in
3651 2641 3810 2698 Geth
3831 2657 3854 2696 .·
3880 2635 3994 2696 hoc

2527 2748 2641 2816 est,
2663 2740 3072 2803 saecutaribus
3105 2738 3470 2802 hominibus
3504 2756 3634 2800 non
3665 2732 3996 2818 publicetis

2526 2839 3100 2902 ecclesiasticorum
3148 2846 3424 2920 peccata,
3461 2854 3578 2900 nee
3631 2830 4000 2899 adversariis

2529 2937 2684 3000 fidei
2727 2938 3088 3000 christiana·
3130 2937 3467 2999 insinuetis
3508 2943 3770 3017 peccata
3812 2941 3872 2996 et
3906 2930 4004 2992 ad·

922 3039 1078 3100 dens
1102 3036 1708 3116 Deum,intelligitur
1728 3035 2003 3117 populus
2026 3033 2413 3097 christianus
2451 3032 2494 3094 C
2526 3037 2856 3100 versitates
2897 3037 3214 3113 Ecclesiae,
3249 3057 3329 3097 ne
3369 3040 3688 3096 exsultent
3714 3036 3870 3112 filioe
3911 3035 4004 3089 iu.-

921 3119 1140 3203 divina
1170 3138 1629 3218 contemplans,
1655 3135 1767 3217 qui
1791 3135 2195 3197 considerare
2225 3133 2412 3195 debet

919 3257 995 3299 ex
1045 3245 1247 3300 morte
1296 3236 1829 3318 praedecessorum
1880 3252 2162 3309 suorum,
2212 3251 2406 3313 quam

918 3335 1151 3412 breviS‚
1188 3333 1402 3411 fallax,
1439 3334 1679 3397 incerta
1718 3332 1800 3394 sit
1840 3332 1973 3396 vita
2011 3350 2313 3413 praesenS‚
2349 3340 2413 3393 et

916 3453 1107 3515 quam
1139 3433 1403 3495 stultum
1438 3433 1540 3509 sit,
1575 3439 1835 3515 propter
1873 3431 2012 3511 ejus
2042 3429 2306 3493 delicias
2337 3449 2410 3492 ac

915 3551 1069 3614 opes
1120 3539 1422 3608 terrenaS,
1457 3539 1755 3593 aeternam
1792 3528 2021 3591 mereri
2065 3528 2413 3591 damnatio-

919 3650 1087 3707 nem,
1121 3639 1183 3693 et
1209 3629 1474 3710 gloriam
1519 3628 1784 3710 perdere
1813 3626 2202 3690 aeternalem.
2237 3627 2411 3689 lnsu—

921 3748 1054 3811 per,
1079 3747 1194 3811 pro
1215 3728 1314 3789 his
1336 3726 1449 3809 qui
1478 3726 1710 3789 mortui
1736 3733 1885 3787 sunt
1904 3734 2107 3788 morte
2139 3726 2406 3807 peccati,

922 3836 985 3889 et
1042 3836 1308 3890 mortem
1368 3826 1775 3887 incurrerunt
1828 3822 2166 3886 infernalis
2223 3824 2411 3886 mise-

924 3926 1055 4002 riae,
1077 3925 1380 3988 debemus
1409 3923 1823 4006 perpendere,
1862 3941 1941 3984 ne
1973 3930 2034 3984 et
2056 3940 2171 3984 nos
2203 3922 2414 3985 taliter

925 4043 1281 4107 pereamuS,
1317 4023 1427 4085 sed
1458 4040 1669 4084 coram
1699 4021 1826 4083 Deo
1850 4020 2088 4102 jugiter
2126 4020 2411 4083 ambule-

927 4142 1068 4183 mus
1107 4121 1419 4195 timorate,
1455 4119 1747 4195 sollicite,
1783 4137 1856 4179 ac
1898 4118 2164 4182 sincere.
2204 4122 2418 4196 Super

2523 3138 3075 3207 circumcisorum,
3105 3137 3224 3199 hoc
3255 3144 3350 3199 est
3381 3134 3610 3197 animae
3641 3132 3996 3215 impiorum,

2523 3236 2634 3317 qui
2668 3236 3098 3299 incircumcisi
3131 3244 3278 3298 sunt
3309 3235 3498 3297 corde
3527 3253 3600 3297 ac
3623 3231 3922 3296 moribus,

2605 3338 2851 3396 Montes
2894 3337 3138 3405 Getboe,
3179 3356 3292 3395 nec
3331 3354 3455 3405 νοε,
3497 3354 3612 3394 nec
3641 3335 3878 3411 pluvia
3905 3350 3996 3389 ve-

2521 3436 2712 3495 niant
2747 3454 2940 3511 super
2975 3454 3100 3495 vos.
3144 3432 3379 3496 Gelboe
3417 3432 3866 3513 interpretatur
3897 3430 3996 3491 dc-

2520 3552 2765 3594 eursus,
2819 3533 3033 3614 ltaque
3085 3540 3333 3595 montes
3385 3530 3618 3593 Gelboe
3668 3529 3993 3609 designant

2523 3630 2792 3712 maj0res
2832 3631 2898 3693 in
2932 3631 3171 3713 populo
3201 3629 3558 3693 Judaeorum
3589 3627 3770 3693 vitiis
3803 3625 3998 3691 deflu-

2521 3729 2779 3804 entium,
2800 3730 2911 3810 qui
2943 3729 3259 3811 persecuti
3291 3736 3440 3791 sunt
3468 3726 3808 3801 Christum,
3831 3734 3890 3788 et
3921 3725 4000 3785 in-

2525 3835 2617 3890 ter
2646 3847 2804 3908 quos
2824 3827 3110 3889 Christus
3142 3846 3214 3889 ac
3245 3826 3504 3909 plurimi
3535 3826 3677 3906 ejus
3705 3821 3998 3906 discipuli

2523 3934 2670 3988 sunt
2714 3926 2930 3989 occisi.
2964 3926 3106 3989 Ideo
3148 3926 3320 4008 justo
3357 3926 3466 3988 Dei
3501 3924 3769 4007 judicic,
3805 3940 4001 4005 neque

2525 4044 2627 4088 ros
2667 4026 2906 4105 gratiae,
2948 4044 3064 4088 nec
3100 4024 3322 4107 pluvia
3363 4023 3658 4087 salutaris
3699 4022 3996 4085 doctrina²

2522 4124 2851 4187 descendit
2880 4124 2946 4185 in
2977 4125 3168 4186 corda
3199 4123 3503 4204 ipsorum,
3533 4122 3642 4184 sed
3673 4130 3992 4194 aruerunt,

924 4224 1171 4280 eoecelsa
1203 4230 1313 4279 tua
1347 4220 1699 4287 vulnerati,
1731 4217 1852 4279 hoc
1889 4226 2005 4293 est,
2042 4217 2106 4278 in
2139 4218 2415 4279 altitudi-
2443 4220 2494 4281 D
2525 4232 2587 4285 et
2619 4232 2918 4306 tanquam
2953 4222 3051 4284 inf
3054 4221 3546 4285 ructuosissimae
3575 4220 3834 4283 arbores
3865 4226 4000 4281 sunt

926 4337 1006 4379 ne
1036 4314 1407 4379 officiorum
1440 4334 1511 4377 ac
1542 4316 1925 4397 dignitatum
1959 4315 2132 4378 vitiis
2164 4315 2318 4377 loesi.
2346 4316 2410 4377 ln

926 4415 1158 4477 talibus
1186 4414 1427 4496 quippe
1457 4414 1835 4495 contingunt
1863 4413 2065 4475 multa
2094 4421 2152 4476 ct
2185 4432 2422 4493 magna·

924 4513 1281 4575 animarum
1326 4513 1633 4595 pericula.
1679 4514 1927 4588 Inclyta·
1975 4516 2181 4574 Israel
2221 4533 2414 4591 super

924 4622 1163 4673 montes
1197 4622 1333 4673 tuos
1372 4613 1699 4689 interfecti
1726 4621 1900 4671 sunt.
1935 4609 2154 4693 lnclyti
2196 4611 2406 4687 lsrael,

922 4720 1071 4773 sunt
1092 4710 1212 4775 viri
1246 4710 1513 4774 scicntia
1540 4718 1731 4789 atque
1761 4709 2102 4791 prudentia
2132 4710 2406 4791 praediti‚

922 4819 984 4872 et
1017 4809 1081 4871 in
1116 4807 1579 4891 principatibus
1610 4827 1721 4869 seu
1754 4807 2232 4889 praelationibus
2265 4826 2413 4870 con-

922 4909 1149 4970 stituti.
1201 4907 1318 4981 Qui
1367 4926 1557 4988 super
1605 4915 1851 4968 montes
1903 4905 2406 4983 interficiuntur,

920 5006 1176 5087 quando
1215 5006 1293 5068 de
1332 5004 1597 5067 scientia
1642 5024 1757 5066 sua
1803 4994 2137 5081 inflantur,
2185 5014 2294 5066 aut
2333 5006 2411 5067 de

921 5125 1037 5167 sua
1064 5104 1413 5167 eminentia
1442 5104 1891 5176 intumescunt,
1930 5104 2027 5166 vel
2063 5103 2125 5164 in
2150 5122 2408 5166 suorum

920 5202 1325 5266 exsecutione
1373 5201 1743 5266 officiorum
1794 5210 1941 5263 sunt
1990 5202 2408 5282 negligentes.

920 5303 1096 5365 Unde
1125 5302 1213 5364 ait
1245 5302 1659 5383 Hieronymus
1698 5318 1711 5362 ε
1746 5302 1858 5363 Per
1879 5302 2111 5382 gradus
2140 5301 2414 5379 dignita-

2524 4320 2741 4395 exeisi,
2775 4330 2965 4402 atque
3004 4320 3069 4381 in
3113 4320 3322 4400 ignem
3364 4327 3672 4381 aeternum
3713 4315 3996 4399 projecti.

2522 4417 3060 4491 Quemadmodum
3085 4416 3254 4479 enim
3280 4417 3344 4477 in
3367 4414 3810 4478 cacuminibus
3841 4432 4004 4477 mon-

2526 4516 2683 4578 tium
2726 4536 2853 4579 non
2888 4516 3210 4595 colligitur
3246 4515 3486 4598 pluvia,
3522 4533 3638 4577 nec
3680 4520 4002 4596 permanet

2522 4613 2772 4690 humor,
2797 4613 2907 4675 sed
2941 4612 3005 4674 in
3037 4612 3331 4676 concavis
3361 4611 3628 4674 vallium
3655 4634 3669 4685 ;
3697 4611 3786 4673 ita
3817 4610 3884 4672 in
3917 4630 4004 4672 su-

2522 4712 2737 4794 perbis
2765 4711 2893 4773 illis
2927 4711 3344 4785 sacerdotum,
3371 4709 3758 4781 Scribarum,
3796 4708 4002 4771 Phari-

2523 4830 2808 4885 saeorum,
2823 4829 2895 4871 ae
2917 4806 3300 4890 pontificum
3330 4806 3623 4871 cordibus
3646 4807 3860 4870 locum
3887 4825 4002 4871 non

2525 4908 2761 4990 reperit
2806 4907 3078 4988 Spiritus
3129 4906 3414 4983 SanctuS,
3469 4924 3587 4969 nec
3635 4906 3701 4967 in
3750 4906 3844 4969 eis
3895 4924 4004 4967 sua

2521 5008 2902 5072 charismata
2940 5004 3341 5087 quieverunt,
3378 5006 3487 5067 sed
3529 5004 3596 5065 in
3648 5003 4002 5066 humilibus

2522 5106 2755 5169 Christi
2796 5103 3150 5185 discipuli8‚
3187 5103 3534 5165 secundum
3576 5103 3744 5184 quod
3795 5102 4000 5165 dixit:

2522 5206 2847 5269 Confiteor
2877 5202 3013 5279 tibi,
3048 5202 3247 5279 Pater,
3281 5202 3434 5283 quia
3463 5200 3852 5264 abscondisti
3877 5201 4002 5263 haec

4045 5192 4162 5239 mut.
4171 5198 4206 5227 n.

4029 5264 4078 5303 25:
4091 5256 4166 5299 tue.
4179 5262 4206 5292 ι.

2523 5321 2560 5363 a
2589 5300 2982 5383 sapientibus
3011 5310 3071 5362 et
3096 5299 3535 5381 prudentibuS,
3561 5300 3680 5363 hoc
3709 5308 3828 5375 est,
3855 5318 4005 5381 pratL
4028 5326 4084 5366 21.
