4359 6250
642 1671 676 1715 ll
695 1672 805 1714 Par.
823 1682 865 1721 v,

603 1738 670 1780 ¹3.

639 2068 760 2113 laid.
780 2071 845 2113 14.

615 3354 734 3398 loia.
750 3368 805 3406 vi,
821 3357 859 3406 l,

597 3658 860 3710 Nahumiss.

597 4051 862 4102 Manlum,

598 4119 639 4160 5.
654 4116 713 4161 Cf.
723 4115 861 4158 Har-c.

599 4193 656 4224 ix.
673 4181 722 4228 ῦς
753 4177 863 4221 Luc.

600 4257 656 4294 ix,
678 4244 744 4285 34.

605 5221 756 5268 zzz-od.
772 5239 858 5276 xiv,

591 5286 658 5328 20.

893 484 1014 548 646

1503 501 1852 549 marmano
1893 502 1956 546 IN
1997 502 2136 547 CAP.
2182 500 2291 545 vm
2332 499 2488 545 unm
2530 498 2729 545 'tunm
2770 499 2995 547 amun.
3040 518 3121 531 -·-
3160 500 3303 547 ΛΒΤ.
3348 500 3459 547 xm

897 674 1077 755 virga
1103 674 1310 738 Aaron
1341 694 1486 756 quae
1519 673 1913 749 fronduerat,
1947 682 2012 735 et
2043 671 2275 734 tabulae
2307 680 2387 733 te-
2413 648 2675 752 A‘parte
2706 689 2821 733 sua
2851 671 2929 733 ad
2960 670 3283 753 AEgyptios
3316 689 3499 735 versa
3524 690 3599 733 ae
3642 670 3991 753 respicien-

897 773 1212 836 stamenti.
1234 772 1688 854 Respondetur,
1704 772 1876 853 quod
1908 770 2235 851 Scriptura
2252 770 2386 833 baec

897 871 1180 953 loquitur
1200 872 1278 935 de
1305 890 1382 934 eo
1401 872 1572 952 quod
1597 869 1624 931 f
1626 871 1719 931 uit
1741 869 2180 951 principaliter
2202 868 2387 932 collo-

896 976 1107 1030 catum
1142 968 1208 1029 in
1237 986 1405 1043 arca,
1436 976 1590 1050 puta
1618 968 1698 1029 de
1727 966 1984 1041 tabuliS,
2003 966 2082 1027 ad
2111 982 2385 1047 quarum

895 1066 1348 1148 repositionem
1391 1085 1536 1129 arca
1567 1064 1690 1127 fuit
1721 1063 2160 1147 principaliter
2192 1061 2381 1125 facta.

977 1168 1249 1227 Factum
1279 1176 1369 1227 est
1399 1176 1615 1227 autem
1645 1186 1847 1245 quum
1877 1165 2153 1223 emissent
2181 1183 2389 1222 sacer-

894 1268 1068 1325 dotes
1114 1268 1195 1324 de
1237 1266 1637 1333 sanctuariO,
1677 1262 1743 1324 in
1791 1280 1921 1343 quo
1973 1268 2387 1343 reposuerant

895 1381 1105 1425 arcam
1141 1379 1156 1423 ε
1190 1380 1320 1444 quo
1351 1361 1544 1439 fact0,
1578 1361 1962 1424 introierunt
2007 1360 2383 1423 exteriorem

899 1460 1120 1543 templi
1171 1468 1458 1543 partem3
1493 1463 1726 1520 nebula
1779 1461 2072 1537 implevit
2121 1461 2385 1519 domum.

895 1562 1183 1622 Domini.
1238 1560 1304 1622 ln
1360 1559 1908 1640 Paralipomenon,
1962 1576 2076 1640 pro
2127 1555 2383 1633 nebula,

895 1658 1155 1740 ponitur
1185 1659 1389 1721 nubes
1425 1676 1438 1719 :
1475 1658 1697 1738 sicque
1726 1657 2006 1720 creditur
2047 1656 2251 1719 nubes
2284 1675 2387 1718 ne·

895 1756 1122 1820 bulosa
1165 1755 1387 1819 fuisse.
1425 1760 1508 1819 Ec
1539 1778 1668 1818 non
1693 1765 1992 1835 poterant
2036 1758 2386 1817 sacerdotes

2498 777 2581 843 te,
2617 767 2742 831 fuit
2782 768 3169 849 caliginosa3
3202 769 3312 831 sed
3356 768 3422 831 in
3474 776 3655 850 parte
3699 770 3778 832 ad
3812 769 3989 835 filios

2494 868 2682 930 lsrael
2714 886 2915 945 versa,
2953 866 3077 929 fuit
3120 866 3455 930 luminosa.
3490 867 3584 930 Ad
3620 869 3799 949 quod
3846 888 3988 950 per-

2496 966 2889 1028 suadendum
2922 974 3183 1047 apparet
3204 966 3437 1043 valere,
3462 967 3630 1047 quod
3664 966 3731 1027 in
3762 986 3989 1029 secun-

2494 1065 2576 1126 do
2629 1063 2793 1126 libro
2840 1064 3364 1146 Paralipomenon
3412 1073 3754 1127 narratur:
3800 1066 3986 1147 Maje-
4028 1087 4246 1135 neam,

2496 1170 2624 1223 stas
2682 1161 2929 1225 Domini
2982 1161 3273 1244 implevit
3316 1162 3597 1237 domum,
3650 1170 3717 1225 et
3762 1182 3984 1227 omnes
4014 1153 4112 1199 ¹³³·

2497 1259 2621 1322 filii
2666 1260 2853 1323 lsrael
2892 1260 3195 1323 videbant
3236 1261 3727 1325 descendentem
3772 1262 3983 1343 ignem

2494 1366 2557 1421 et
2586 1359 2853 1439 gloriam
2887 1359 3136 1423 Domini
3168 1378 3362 1443 super
3397 1360 3681 1422 domum.

2586 1462 2765 1521 Tunc
2808 1460 2904 1519 ait
2934 1461 3247 1520 Salomon
3278 1476 3303 1518 .·
3333 1461 3655 1519 Dominus
3694 1461 3875 1521 dia-it
3918 1472 3987 1521 ut

2494 1560 2819 1618 habitaret
2850 1559 2919 1617 in
2952 1560 3211 1618 nebula.
3246 1555 3433 1630 Quasi
3472 1557 3641 1619 dicat
3676 1576 3693 1619 :
3730 1558 3855 1621 Ista
3880 1579 3991 1641 ap-

2496 1655 2729 1738 paritio
2750 1664 2844 1718 est
2866 1674 3013 1719 vere
3043 1656 3286 1731 divina,
3311 1674 3439 1718 non
3460 1657 3818 1738 deceptiva,
3836 1659 3989 1740 quia

2495 1754 2835 1817 concordat
2882 1754 3093 1817 verbis
3133 1754 3265 1831 Dei,
3298 1754 3409 1835 qui
3460 1764 3845 1837 protestatus
3892 1765 3989 1819 est

893 1865 1064 1916 stare
1103 1855 1168 1917 in
1216 1855 1475 1937 templo,
1509 1865 1568 1915 et
1599 1858 1975 1916 ministrare
2006 1854 2130 1916 Deo
2171 1853 2238 1915 in
2282 1872 2379 1927 eo,
2422 1848 2469 1910 Β
2496 1874 2563 1917 se
2592 1852 2877 1915 habitare
2900 1853 2966 1915 in
2998 1853 3253 1929 nebula,
3277 1854 3354 1916 ad
3374 1853 3834 1933 designandum
3858 1874 3987 1919 suae

895 1954 1165 2016 durante
1214 1951 1448 2016 nebula
1495 1953 1627 2029 illa,
1655 1963 1918 2031 propter
1956 1954 2279 2012 nebulam.
2316 1952 2381 2013 ln

891 2052 1416 2134 Paralipomenon
1447 2052 1702 2127 dicitur,
1727 2051 1988 2133 Propter
2017 2050 2380 2130 caliginem.

891 2154 1283 2229 Impleverat
1338 2154 1514 2211 enim
1556 2151 1776 2227 qloria
1824 2151 2118 2219 Domini,
2164 2150 2229 2211 id
2288 2156 2385 2211 est

893 2247 1278 2328 magnificus
1327 2248 1438 2311 Dei
1483 2247 1782 2324 effectuS,
1835 2246 2134 2310 videlicet
2181 2246 2383 2309 nubes

893 2346 1178 2429 primata,
1206 2346 1342 2409 sive
1369 2346 1468 2425 (ut
1499 2346 1700 2427 aliqui
1731 2346 1982 2427 dicunt)
2011 2345 2267 2409 claritas
2290 2346 2385 2407 in-

891 2464 1069 2526 genS,
1102 2449 1368 2507 domum
1417 2448 1710 2517 Domini,
1755 2453 2092 2526 utramque
2139 2443 2383 2506 scilicet

893 2545 1030 2626 ejus
1079 2551 1346 2625 partem.
1397 2543 1702 2607 Nebulam
1753 2543 1928 2605 illam
1977 2543 2239 2624 quidam
2290 2542 2385 2603 di-

891 2650 1044 2706 cunt
1086 2641 1288 2705 fuisse
1339 2650 1466 2704 tam
1508 2643 1934 2718 tenebrosam,
1968 2641 2139 2723 quod
2179 2660 2386 2703 sacer-

891 2742 1069 2804 dotes
1121 2741 1186 2803 in
1238 2741 1477 2823 templo
1527 2749 1694 2805 stare
1743 2750 1806 2803 et
1854 2740 2219 2802 ministrare
2274 2758 2383 2802 ne-

890 2839 1210 2921 quibant:
1263 2848 1327 2902 et
1376 2839 1496 2902 hoc
1546 2839 1798 2903 videtur
1845 2858 1920 2901 ex
1968 2857 2043 2901 eo
2092 2839 2264 2920 quod
2313 2837 2379 2899 in

889 2937 1416 3020 Paralipomenon
1459 2937 1654 3016 (sieut
1694 2936 1822 3017 jam
1873 2936 2213 3017 allegatum
2259 2936 2381 3015 est)

2494 1951 2842 2034 majestatis
2864 1950 3717 2033 incomprehensibilitatem,
3731 1972 3987 2034 suaeque

2494 2050 2655 2113 lucis
2688 2058 2939 2113 aeternae
2976 2049 3443 2132 plenitudinem
3482 2052 3987 2133 superexcellen-

2494 2158 2643 2212 tem.
2696 2148 3001 2222 Quocirca
3056 2148 3123 2210 in
3169 2148 3451 2211 historiis
3500 2149 3592 2212 ait
3641 2149 3979 2231 Magister:

2492 2248 2823 2329 Nunquam
2846 2247 3151 2310 Dominus
3174 2247 3403 2327 legitur
3424 2248 3541 2311 hoc
3571 2248 3839 2323 dixisse;
3870 2251 3979 2313 sed

2491 2346 2645 2428 quia
2673 2346 2739 2408 in
2770 2354 2985 2409 monte
3016 2346 3189 2408 Sinai
3220 2346 3514 2427 apparuit
3544 2347 3609 2409 in
3644 2348 3899 2421 nebula,
3918 2358 3979 2412 et
4006 2369 4245 2413 exo-mn.

2494 2444 2521 2506 f
2526 2445 2667 2507 ilios
2689 2444 2875 2507 lsrael
2906 2444 3231 2526 praecessit
3258 2444 3325 2505 in
3357 2444 3547 2521 nube,
3570 2454 3633 2508 et
3652 2454 3803 2509 ante
3826 2447 3981 2528 Moy·
4008 2446 4073 2488 ¹⁶³
4092 2445 4241 2535 ‘'¹¹:²2‘-

2492 2562 2605 2606 sen
2656 2543 2933 2624 positum
2976 2542 3040 2603 in
3079 2561 3351 2606 caverna
3390 2543 3685 2606 transivit
3722 2544 3975 2618 nebula,
4006 2518 4193 2548 '‘nm''
4236 2534 4245 2543 ’

2494 2641 2635 2703 ideo
2667 2639 2961 2703 Salomon
3005 2640 3486 2722 posuit'dictum
3518 2660 3633 2723 pro
3662 2660 3879 2724 opere,
3920 2652 3982 2705 et

2493 2750 2591 2803 est
2637 2759 2861 2802 sensus
2898 2757 2912 2801 :
2948 2740 3253 2803 Dominus
3300 2740 3481 2818 dixit,
3526 2741 3591 2803 id
3636 2750 3757 2817 est,
3790 2760 3981 2825 opere

2493 2838 2973 2901 demonstravit.
2998 2838 3447 2902 Verumtamen
3470 2839 3595 2902 dici
3618 2847 3847 2922 potest,
3870 2841 3981 2903 Do-

2492 2936 2739 2999 minum
2792 2937 2959 2999 istud
3005 2944 3151 2999 ante
3198 2937 3335 3000 haec
3383 2936 3579 3001 verba
3626 2938 3981 3001 Salomonis

891 3035 1146 3113 dicitur,
1179 3036 1440 3119 Propter
1478 3034 1842 3116 caliginem.
1878 3034 1952 3097 Et
1984 3054 2228 3111 rursus,
2264 3052 2380 3115 pro
2418 3038 2463 3101 C
2492 3035 2749 3112 dixisse,
2786 3036 2937 3117 quia
2965 3035 3095 3116 jam
3127 3035 3400 3117 Spiritus
3432 3036 3697 3100 Sanctus
3728 3056 3842 3120 per
3863 3039 3980 3101 Da-

891 3153 966 3199 eo
996 3135 1168 3217 quod
1213 3135 1528 3212 subditur,
1565 3135 1866 3198 Dominus
1910 3134 2070 3196 dixit
2097 3142 2167 3196 ut
2210 3133 2383 3196 habi-

892 3242 1054 3296 taret
1107 3233 1174 3295 in
1224 3232 1482 3309 nebula,
1527 3233 1807 3296 secundo
1854 3231 2379 3314 Paralipomenon

890 3332 1181 3409 habetur,
1219 3332 1522 3395 Dominus
1551 3331 1878 3414 pollicitus
1909 3340 2005 3394 est
2035 3339 2104 3393 ut
2140 3331 2383 3393 habita-

891 3439 986 3494 ret
1015 3431 1081 3493 in
1113 3431 1410 3512 caligine.
1435 3431 1500 3493 ln
1523 3431 1784 3493 Hebraeo
1805 3449 2061 3512 quoquo
2091 3431 2211 3493 hoc
2242 3431 2381 3494 loco

889 3529 1182 3607 habetur,
1219 3530 1284 3592 ln
1322 3528 1632 3609 caligine;
1667 3537 1730 3592 et
1759 3529 1926 3610 apud
1958 3529 2201 3591 Nahum
2234 3547 2383 3593 con-

891 3628 1196 3711 scriptum
1249 3637 1346 3691 est
1381 3627 1731 3691 :Dominus
1781 3628 1848 3690 in
1898 3636 2273 3709 tempestate
2318 3636 2382 3690 et

892 3727 1146 3791 turbine
1174 3728 1294 3791 viae
1324 3728 1485 3809 ejuS‚
1520 3735 1582 3790 et
1613 3725 1862 3790 nebulae
1892 3725 2106 3808 pulvis
2146 3726 2379 3808 pedum

891 3825 1052 3908 ejus,
1105 3824 1230 3887 Alii
1291 3826 1535 3902 dicunt,
1582 3825 1756 3907 quod
1805 3824 2042 3888 nebula
2089 3824 2211 3886 ista
2258 3824 2383 3886 ruit

892 3925 1064 3988 clara
1085 3943 1158 3987 ac
1177 3924 1410 4000 lucida,
1431 3923 1594 3986 sicut
1616 3923 1934 3986 Christum
1957 3923 2020 3986 in
2043 3943 2160 3986 sua
2184 3932 2379 3986 trans-

895 4022 1281 4104 figuratione
1324 4022 1731 4086 obumbravit
1785 4021 1998 4087 lucida
2045 4023 2269 4098 nubes,
2312 4030 2381 4084 ut

893 4122 1116 4185 dicunt
1163 4121 1582 4203 Evangelistae
1625 4137 1638 4183 :
1685 4122 1904 4203 sicque
1951 4131 2212 4204 propter
2255 4122 2381 4185 cla-

2493 3135 2597 3198 vid
2644 3134 2711 3197 in
2761 3135 3005 3198 Psalmo
3048 3144 3181 3198 erat
3225 3135 3473 3199 locutus
3508 3137 3763 3200 :Posuit
3810 3147 3983 3202 tene-
4010 3161 4243 3202 amsa

2492 3235 2637 3296 bras
2672 3234 3009 3297 latibulum
3054 3254 3263 3311 suum,
3298 3243 3363 3297 et
3392 3235 3597 3317 caligo
3640 3236 3763 3298 sub
3812 3239 3982 3319 pedi-
4034 3261 4223 3304 maio.

2492 3334 2609 3396 bus
2654 3334 2817 3415 ejus.
2852 3334 2917 3396 ln
2964 3333 3127 3396 libro
3155 3334 3271 3397 Job
3312 3352 3569 3417 quoque
3596 3335 3730 3416 jam
3774 3335 3979 3400 fuerat

2489 3432 2733 3495 dictum
2771 3449 2785 3493 :
2818 3432 3027 3494 Nubes
3076 3431 3410 3494 latibulum
3445 3433 3605 3515 ejus,
3640 3434 3717 3496 Et
3748 3435 3973 3499 iterum
4004 3457 4245 3500 mmm.
4295 3423 4296 3464 ³

2490 3531 2793 3595 Dominus
2834 3531 2996 3593 dixit
3026 3531 3105 3592 ad
3150 3530 3442 3614 Moysen:
3476 3530 3543 3594 In
3578 3534 3748 3597 nube
3786 3553 3979 3618 appa·
4006 3557 4245 3601 lemae.

2491 3630 2642 3694 rebo
2673 3649 2863 3711 super
2894 3630 3245 3693 oraculum.

2571 3731 2941 3807 AE'dificans
2980 3732 3309 3807 (edificavi
3350 3733 3639 3802 domum,
3682 3732 3979 3798 videlicet

2490 3826 2823 3908 templum,
2860 3829 2932 3887 in
2975 3829 3421 3889 habitaculum
3460 3839 3645 3890 tuum
3686 3835 3981 3907 firmissi-

2492 3947 2690 3996 mum,
2709 3925 2770 3988 id
2803 3935 2899 3989 est
2926 3926 3003 3987 ad
3025 3925 3167 3999 hoc,
3184 3926 3356 4007 quod
3390 3937 3478 4004 tu,
3504 3928 3769 3993 Domine
3788 3931 3975 4008 DeuS,

2492 4025 2556 4086 in
2605 4043 2680 4087 eo
2728 4025 3003 4104 gratiose
3054 4025 3291 4106 jugiter
3338 4027 3751 4089 commoreris
3800 4038 3862 4091 et
3910 4030 3977 4092 in

2490 4123 2629 4203 ipso
2680 4123 2957 4186 resideas
2995 4123 3195 4204 :quia
3243 4123 3569 4188 oraculum
3622 4123 3749 4187 fuit
3796 4129 3979 4191 sedes

893 4220 1098 4282 ritatis
1141 4239 1492 4296 excessum,
1525 4239 1649 4282 non
1695 4221 1978 4301 potuisse
2023 4221 2379 4284 sacerdotes
2410 4223 2459 4284 D
2489 4222 2623 4283 Dei.
2657 4221 2833 4283 Unde
2865 4221 3159 4283 subditur
3192 4239 3207 4282 :
3239 4225 3475 4282 solium
3508 4233 3689 4284 tuum
3726 4227 3801 4286 in
3829 4247 3981 4288 sem-

893 4317 980 4381 ibi
1015 4319 1379 4396 subsistere,
1409 4337 1524 4381 nec
1558 4325 1798 4380 tantum
1827 4318 2140 4382 sustinere
2171 4320 2381 4401 splen-

893 4419 1133 4482 dorem.
1167 4417 1344 4481 Unde
1387 4416 1453 4479 in
1501 4416 1889 4480 Scholastica
1933 4417 2134 4480 fertur
2185 4418 2380 4481 histo-

892 4517 985 4579 ria
1023 4533 1036 4578 :
1070 4516 1310 4581 Nebula
1341 4516 1632 4600 implevit
1661 4517 1918 4579 domum
1950 4516 2225 4594 Domini,
2250 4537 2376 4581 non

891 4616 1252 4692 metuenda,
1307 4617 1417 4679 sed
1475 4624 1825 4698 temperata
1869 4624 1934 4678 et
1991 4614 2266 4694 fulge-m,
2316 4625 2378 4680 et

889 4713 1295 4778 obumbravit
1341 4713 1536 4777 facies
1586 4715 2006 4790 sacerdotum,
2058 4713 2146 4776 ita
2193 4723 2265 4776 ut
2310 4735 2377 4778 se

890 4813 1166 4877 invicem
1191 4813 1409 4878 videre
1443 4833 1569 4877 non
1601 4821 1882 4896 possent,
1910 4831 2028 4875 nec
2061 4812 2379 4877 ministra·

889 4933 979 4976 re.
1013 4912 1216 4975 Ceteri
1247 4913 1610 4994 opinantur,
1635 4913 1807 4994 quod
1839 4912 2075 4975 nebula
2105 4913 2225 4974 ista
2256 4913 2379 4975 fuit

892 5013 959 5074 in
992 5019 1170 5094 parte
1201 5011 1436 5088 lucida,
1459 5019 1649 5092 atque
1680 5011 1746 5073 in
1778 5020 1956 5092 parte
1985 5011 2203 5092 aliqua
2232 5011 2378 5074 cali-

894 5111 1139 5193 ginosa,
1172 5111 1705 5192 quemadmodum
1739 5110 1806 5172 in
1828 5109 2039 5172 Exodo
2073 5108 2279 5173 fertur
2298 5111 2375 5172 de

889 5210 1062 5274 nube
1103 5209 1278 5272 filios
1327 5208 1514 5270 lsrael
1566 5209 1983 5290 praecedente‚
2027 5209 2195 5290 quod
2242 5218 2377 5271 erat

2481 4322 2847 4398 picernum,
2892 4320 2956 4382 id
3004 4329 3099 4383 cst
3148 4321 3226 4382 ad
3271 4321 3413 4396 hoc,
3448 4322 3619 4402 quod
3670 4323 3753 4385 sit
3802 4323 3977 4388 locus

2490 4418 2849 4483 residentiae
2880 4427 3002 4480 tuae
3033 4437 3145 4501 per
3174 4437 3362 4481 omne
3392 4419 3778 4484 Testamenti
3810 4431 3981 4486 vete—

2490 4517 2577 4578 ris
2611 4526 2879 4598 tempuS‚
2906 4517 3007 4580 vel
3030 4517 3335 4598 quamdiu
3359 4519 3583 4581 domus
3616 4519 3727 4582 illa
3746 4522 3979 4586 durare

2487 4615 2748 4680 valebit.
2784 4615 3093 4695 Cognovit
3137 4617 3359 4698 utique
3390 4617 3687 4682 Salomon
3730 4620 3976 4682 cultum

2489 4715 2646 4795 legis
2687 4715 2969 4778 Mosaicae
3006 4724 3152 4797 post
3188 4716 3532 4780 adventum
3570 4717 3812 4782 Messiae
3847 4739 3977 4783 ces·

2488 4819 2795 4889 saturum,
2836 4823 2900 4877 et
2947 4815 3151 4878 nihilo
3199 4815 3413 4878 minus
3455 4817 3611 4898 ipse,
3661 4827 3976 4898 quantum

2491 4913 2555 4974 in
2586 4933 2654 4976 se
2697 4912 2842 4989 ruit,
2877 4914 3127 4995 optavit
3154 4923 3225 4976 ut
3268 4915 3575 4998 templum
3606 4935 3645 4978 a
3672 4936 3741 4979 se
3770 4917 3979 4980 aedifi-

2488 5021 2722 5089 catum,
2761 5032 2965 5094 usque
3015 5013 3252 5076 Messiae
3302 5014 3643 5077 adventum
3691 5015 3973 5091 duraret,
4034 5007 4041 5010 ’

2486 5110 2754 5192 ejusque
2784 5111 2982 5174 cultui
3012 5112 3503 5193 manciparetur.

2566 5211 3013 5289 Convenitque
3054 5231 3171 5270 rex
3213 5212 3451 5290 faciem.
3495 5231 3685 5272 suam
3713 5211 3793 5274 ad
3842 5212 3977 5293 ple-

886 5309 1221 5373 tenebrosa
1261 5316 1327 5372 et
1354 5307 1726 5370 illuminans
1770 5315 2020 5371 noctem
2055 5324 2070 5368 :
2111 5306 2267 5388 quia
2304 5307 2372 5369 in
2483 5306 2629 5369 bem
2649 5315 2921 5370 stantem
2944 5307 3010 5368 in
3030 5306 3234 5386 atriis,
3255 5307 3377 5371 hoc
3396 5315 3493 5372 est
3512 5308 3579 5370 in
3598 5308 3763 5372 atrio
3792 5329 3975 5376 mun-
