<?xml version="1.0" encoding="UTF-8"?>
<!DOCTYPE html PUBLIC "-//W3C//DTD XHTML 1.0 Transitional//EN"
    "http://www.w3.org/TR/xhtml1/DTD/xhtml1-transitional.dtd">
<html xmlns="http://www.w3.org/1999/xhtml" xml:lang="en" lang="en">
 <head>
  <title>
</title>
<meta http-equiv="Content-Type" content="text/html;charset=utf-8" />
  <meta name='ocr-system' content='tesseract 3.04.00' />
  <meta name='ocr-capabilities' content='ocr_page ocr_carea ocr_par ocr_line ocrx_word'/>
</head>
<body>
  <div class='ocr_page' id='page_1' title='image "./doctorisecstati02denigoog_0179.png"; bbox 0 0 4359 6250; ppageno 0'>
   <div class='ocr_carea' id='block_1_1' title="bbox 642 784 838 827">
    <p class='ocr_par' dir='ltr' id='par_1_1' title="bbox 642 784 838 827">
     <span class='ocr_line' id='line_1_1' title="bbox 642 784 838 827; baseline 0 0"><span class='ocrx_word' id='word_1_1' title='bbox 642 784 660 802; x_wconf 84' lang='grc'><em>·</em></span> <span class='ocrx_word' id='word_1_2' title='bbox 687 784 838 827; x_wconf 70' lang='lat' dir='ltr'><strong>asino·</strong></span> 
     </span>
    </p>
   </div>
   <div class='ocr_carea' id='block_1_2' title="bbox 609 2356 869 2472">
    <p class='ocr_par' dir='ltr' id='par_1_2' title="bbox 609 2356 869 2472">
     <span class='ocr_line' id='line_1_2' title="bbox 645 2356 869 2406; baseline -0.009 -7"><span class='ocrx_word' id='word_1_3' title='bbox 645 2356 796 2399; x_wconf 65' lang='lat' dir='ltr'><strong>audie.</strong></span> <span class='ocrx_word' id='word_1_4' title='bbox 813 2370 869 2406; x_wconf 74' lang='lat' dir='ltr'><strong>tv,</strong></span> 
     </span>
     <span class='ocr_line' id='line_1_3' title="bbox 609 2422 764 2472; baseline 0 -9"><span class='ocrx_word' id='word_1_5' title='bbox 609 2423 673 2472; x_wconf 79' lang='lat'><strong>¹5,</strong></span> <span class='ocrx_word' id='word_1_6' title='bbox 697 2422 764 2463; x_wconf 76' lang='lat'><strong>16.</strong></span> 
     </span>
    </p>
   </div>
   <div class='ocr_carea' id='block_1_3' title="bbox 895 476 3171 550">
    <p class='ocr_par' dir='ltr' id='par_1_3' title="bbox 895 476 3171 550">
     <span class='ocr_line' id='line_1_4' title="bbox 895 476 3171 550; baseline 0.004 -9"><span class='ocrx_word' id='word_1_7' title='bbox 895 476 1012 542; x_wconf 78' lang='lat'><strong>138</strong></span> <span class='ocrx_word' id='word_1_8' title='bbox 1721 501 2068 550; x_wconf 66' lang='lat' dir='ltr'><strong>Emunxi-10</strong></span> <span class='ocrx_word' id='word_1_9' title='bbox 2111 502 2173 547; x_wconf 75' lang='lat' dir='ltr'><strong>m</strong></span> <span class='ocrx_word' id='word_1_10' title='bbox 2215 502 2352 547; x_wconf 62' lang='lat' dir='ltr'><strong>cxv.</strong></span> <span class='ocrx_word' id='word_1_11' title='bbox 2399 502 2437 544; x_wconf 90' lang='lat' dir='ltr'>v</span> <span class='ocrx_word' id='word_1_12' title='bbox 2476 500 2750 548; x_wconf 76' lang='lat' dir='ltr'><strong>mmcuu.</strong></span> <span class='ocrx_word' id='word_1_13' title='bbox 2794 520 2877 531; x_wconf 97' lang='lat'><strong>—</strong></span> <span class='ocrx_word' id='word_1_14' title='bbox 2917 502 3060 549; x_wconf 67' lang='grc' dir='ltr'>Αιιτ.</span> <span class='ocrx_word' id='word_1_15' title='bbox 3106 501 3171 549; x_wconf 86' lang='lat' dir='ltr'><strong>1x</strong></span> 
     </span>
    </p>
   </div>
   <div class='ocr_carea' id='block_1_4' title="bbox 895 668 3985 755">
    <p class='ocr_par' dir='ltr' id='par_1_4' title="bbox 895 668 3985 755">
     <span class='ocr_line' id='line_1_5' title="bbox 895 668 3985 755; baseline 0.001 -26"><span class='ocrx_word' id='word_1_16' title='bbox 895 686 986 744; x_wconf 83' lang='lat' dir='ltr'><strong>re,</strong></span> <span class='ocrx_word' id='word_1_17' title='bbox 1023 668 1152 731; x_wconf 82' lang='lat' dir='ltr'><strong>imo</strong></span> <span class='ocrx_word' id='word_1_18' title='bbox 1187 668 1307 731; x_wconf 81' lang='lat' dir='ltr'><strong>hoc</strong></span> <span class='ocrx_word' id='word_1_19' title='bbox 1349 680 1516 734; x_wconf 80' lang='lat' dir='ltr'><strong>esset</strong></span> <span class='ocrx_word' id='word_1_20' title='bbox 1561 682 1890 755; x_wconf 84' lang='lat' dir='ltr'><strong>peceatum</strong></span> <span class='ocrx_word' id='word_1_21' title='bbox 1931 672 2221 735; x_wconf 76' lang='lat' dir='ltr'><strong>mortale.</strong></span> <span class='ocrx_word' id='word_1_22' title='bbox 2262 673 2388 740; x_wconf 71' lang='lat' dir='ltr'><strong>Qui</strong></span> <span class='ocrx_word' id='word_1_23' title='bbox 2415 669 2466 732; x_wconf 83' lang='lat' dir='ltr'>A</span> <span class='ocrx_word' id='word_1_24' title='bbox 2576 676 2861 735; x_wconf 81' lang='lat' dir='ltr'><strong>Salvatae</strong></span> <span class='ocrx_word' id='word_1_25' title='bbox 2887 683 3040 734; x_wconf 78' lang='lat' dir='ltr'><strong>sunt</strong></span> <span class='ocrx_word' id='word_1_26' title='bbox 3069 674 3365 753; x_wconf 81' lang='lat' dir='ltr'><strong>reliquioe</strong></span> <span class='ocrx_word' id='word_1_27' title='bbox 3385 674 3642 750; x_wconf 77' lang='lat' dir='ltr'><strong>populi,</strong></span> <span class='ocrx_word' id='word_1_28' title='bbox 3665 671 3730 733; x_wconf 90' lang='lat' dir='ltr'><strong>id</strong></span> <span class='ocrx_word' id='word_1_29' title='bbox 3760 678 3985 746; x_wconf 52' lang='lat' dir='ltr'><strong>estmo-</strong></span> 
     </span>
    </p>
   </div>
   <div class='ocr_carea' id='block_1_5' title="bbox 892 770 2390 1840">
    <p class='ocr_par' dir='ltr' id='par_1_5' title="bbox 892 770 2390 1840">
     <span class='ocr_line' id='line_1_6' title="bbox 893 770 2379 847; baseline 0.003 -20"><span class='ocrx_word' id='word_1_30' title='bbox 893 770 1241 828; x_wconf 78' lang='lat' dir='ltr'><strong>ascenditis</strong></span> <span class='ocrx_word' id='word_1_31' title='bbox 1277 789 1472 847; x_wconf 78' lang='lat' dir='ltr'><strong>super</strong></span> <span class='ocrx_word' id='word_1_32' title='bbox 1506 774 1780 832; x_wconf 74' lang='lat' dir='ltr'><strong>nitentes</strong></span> <span class='ocrx_word' id='word_1_33' title='bbox 1817 774 2037 833; x_wconf 69' lang='lat' dir='ltr'><strong>asinas</strong></span> <span class='ocrx_word' id='word_1_34' title='bbox 2068 772 2113 843; x_wconf 82' lang='lat'><strong>*,</strong></span> <span class='ocrx_word' id='word_1_35' title='bbox 2159 770 2222 832; x_wconf 87' lang='lat' dir='ltr'><strong>id</strong></span> <span class='ocrx_word' id='word_1_36' title='bbox 2264 778 2379 847; x_wconf 85' lang='lat' dir='ltr'><strong>est,</strong></span> 
     </span>
     <span class='ocr_line' id='line_1_7' title="bbox 893 866 2386 952; baseline 0.001 -23"><span class='ocrx_word' id='word_1_37' title='bbox 893 884 931 929; x_wconf 93' lang='lat' dir='ltr'><strong>o</strong></span> <span class='ocrx_word' id='word_1_38' title='bbox 959 884 1090 943; x_wconf 82' lang='lat' dir='ltr'><strong>vos,</strong></span> <span class='ocrx_word' id='word_1_39' title='bbox 1118 866 1238 927; x_wconf 81' lang='lat' dir='ltr'><strong>filii</strong></span> <span class='ocrx_word' id='word_1_40' title='bbox 1273 866 1482 943; x_wconf 87' lang='lat' dir='ltr'><strong>Israel,</strong></span> <span class='ocrx_word' id='word_1_41' title='bbox 1508 869 1618 950; x_wconf 92' lang='lat' dir='ltr'><strong>qui</strong></span> <span class='ocrx_word' id='word_1_42' title='bbox 1647 889 1840 951; x_wconf 88' lang='lat' dir='ltr'><strong>super</strong></span> <span class='ocrx_word' id='word_1_43' title='bbox 1862 870 2160 952; x_wconf 87' lang='lat' dir='ltr'><strong>pulchras</strong></span> <span class='ocrx_word' id='word_1_44' title='bbox 2193 876 2257 931; x_wconf 87' lang='lat' dir='ltr'><strong>et</strong></span> <span class='ocrx_word' id='word_1_45' title='bbox 2280 888 2386 931; x_wconf 85' lang='lat' dir='ltr'><strong>va-</strong></span> 
     </span>
     <span class='ocr_line' id='line_1_8' title="bbox 894 963 2385 1049; baseline 0.003 -24"><span class='ocrx_word' id='word_1_46' title='bbox 894 964 1056 1025; x_wconf 84' lang='lat' dir='ltr'><strong>lidas</strong></span> <span class='ocrx_word' id='word_1_47' title='bbox 1088 963 1300 1028; x_wconf 85' lang='lat' dir='ltr'><strong>asinas</strong></span> <span class='ocrx_word' id='word_1_48' title='bbox 1331 966 1410 1029; x_wconf 91' lang='lat' dir='ltr'><strong>de</strong></span> <span class='ocrx_word' id='word_1_49' title='bbox 1455 968 1667 1049; x_wconf 86' lang='lat' dir='ltr'><strong>praeda</strong></span> <span class='ocrx_word' id='word_1_50' title='bbox 1711 967 1990 1030; x_wconf 88' lang='lat' dir='ltr'><strong>hostium</strong></span> <span class='ocrx_word' id='word_1_51' title='bbox 2039 967 2385 1049; x_wconf 88' lang='lat' dir='ltr'><strong>acquisitas</strong></span> 
     </span>
     <span class='ocr_line' id='line_1_9' title="bbox 893 1064 2386 1143; baseline 0 -16"><span class='ocrx_word' id='word_1_52' title='bbox 893 1064 1260 1142; x_wconf 82' lang='lat' dir='ltr'><strong>ascenditiS,</strong></span> <span class='ocrx_word' id='word_1_53' title='bbox 1283 1074 1342 1125; x_wconf 76' lang='lat' dir='ltr'><strong>ec</strong></span> <span class='ocrx_word' id='word_1_54' title='bbox 1361 1069 1588 1127; x_wconf 73' lang='lat' dir='ltr'><strong>sedetis</strong></span> <span class='ocrx_word' id='word_1_55' title='bbox 1619 1068 1986 1143; x_wconf 80' lang='lat' dir='ltr'><strong>injudiciO,</strong></span> <span class='ocrx_word' id='word_1_56' title='bbox 2013 1066 2076 1129; x_wconf 93' lang='lat' dir='ltr'><strong>id</strong></span> <span class='ocrx_word' id='word_1_57' title='bbox 2107 1073 2225 1143; x_wconf 81' lang='lat' dir='ltr'><strong>est,</strong></span> <span class='ocrx_word' id='word_1_58' title='bbox 2240 1065 2386 1128; x_wconf 82' lang='lat' dir='ltr'><strong>aliis</strong></span> 
     </span>
     <span class='ocr_line' id='line_1_10' title="bbox 896 1162 2385 1245; baseline 0.001 -21"><span class='ocrx_word' id='word_1_59' title='bbox 896 1162 1180 1245; x_wconf 79' lang='lat' dir='ltr'><strong>praeestis</strong></span> <span class='ocrx_word' id='word_1_60' title='bbox 1228 1164 1305 1225; x_wconf 91' lang='lat' dir='ltr'><strong>ad</strong></span> <span class='ocrx_word' id='word_1_61' title='bbox 1355 1164 1798 1244; x_wconf 88' lang='lat' dir='ltr'><strong>judicandum,</strong></span> <span class='ocrx_word' id='word_1_62' title='bbox 1829 1176 1889 1225; x_wconf 76' lang='lat' dir='ltr'><strong>et</strong></span> <span class='ocrx_word' id='word_1_63' title='bbox 1927 1167 2281 1225; x_wconf 77' lang='lat' dir='ltr'><em>ambulatis</em></span> <span class='ocrx_word' id='word_1_64' title='bbox 2311 1166 2385 1225; x_wconf 83' lang='lat' dir='ltr'><strong>in</strong></span> 
     </span>
     <span class='ocr_line' id='line_1_11' title="bbox 897 1260 2385 1335; baseline 0.001 -13"><span class='ocrx_word' id='word_1_65' title='bbox 897 1264 1028 1322; x_wconf 83' lang='lat' dir='ltr'><strong>via.</strong></span> <span class='ocrx_word' id='word_1_66' title='bbox 1064 1260 1362 1335; x_wconf 89' lang='lat' dir='ltr'><strong>Quamvis</strong></span> <span class='ocrx_word' id='word_1_67' title='bbox 1401 1262 1575 1324; x_wconf 90' lang='lat' dir='ltr'><strong>enim</strong></span> <span class='ocrx_word' id='word_1_68' title='bbox 1617 1262 1859 1326; x_wconf 87' lang='lat' dir='ltr'><strong>Debora</strong></span> <span class='ocrx_word' id='word_1_69' title='bbox 1900 1271 1963 1326; x_wconf 93' lang='lat' dir='ltr'><strong>et</strong></span> <span class='ocrx_word' id='word_1_70' title='bbox 2002 1261 2112 1325; x_wconf 89' lang='lat' dir='ltr'><strong>alii</strong></span> <span class='ocrx_word' id='word_1_71' title='bbox 2145 1261 2385 1325; x_wconf 82' lang='lat' dir='ltr'><strong>fuerint</strong></span> 
     </span>
     <span class='ocr_line' id='line_1_12' title="bbox 892 1359 2387 1444; baseline 0.001 -22"><span class='ocrx_word' id='word_1_72' title='bbox 892 1360 1140 1441; x_wconf 87' lang='lat' dir='ltr'><strong>judices</strong></span> <span class='ocrx_word' id='word_1_73' title='bbox 1162 1359 1570 1444; x_wconf 77' lang='lat' dir='ltr'><strong>principale5‚</strong></span> <span class='ocrx_word' id='word_1_74' title='bbox 1593 1369 1805 1424; x_wconf 87' lang='lat' dir='ltr'><strong>tamen</strong></span> <span class='ocrx_word' id='word_1_75' title='bbox 1827 1361 1948 1423; x_wconf 93' lang='lat' dir='ltr'><strong>sub</strong></span> <span class='ocrx_word' id='word_1_76' title='bbox 1980 1361 2074 1424; x_wconf 89' lang='lat' dir='ltr'><strong>eis</strong></span> <span class='ocrx_word' id='word_1_77' title='bbox 2105 1360 2387 1425; x_wconf 89' lang='lat' dir='ltr'><strong>minores</strong></span> 
     </span>
     <span class='ocr_line' id='line_1_13' title="bbox 893 1459 2388 1541; baseline 0.001 -20"><span class='ocrx_word' id='word_1_78' title='bbox 893 1460 1096 1541; x_wconf 85' lang='lat' dir='ltr'>aliqui</span> <span class='ocrx_word' id='word_1_79' title='bbox 1121 1460 1372 1541; x_wconf 84' lang='lat' dir='ltr'><strong>judices</strong></span> <span class='ocrx_word' id='word_1_80' title='bbox 1393 1469 1592 1523; x_wconf 89' lang='lat' dir='ltr'><strong>erant.</strong></span> <span class='ocrx_word' id='word_1_81' title='bbox 1618 1461 1684 1522; x_wconf 90' lang='lat' dir='ltr'><strong>In</strong></span> <span class='ocrx_word' id='word_1_82' title='bbox 1707 1459 1988 1537; x_wconf 67' lang='lat' dir='ltr'><strong>Hebrum,</strong></span> <span class='ocrx_word' id='word_1_83' title='bbox 2015 1468 2086 1523; x_wconf 90' lang='lat' dir='ltr'><strong>ut</strong></span> <span class='ocrx_word' id='word_1_84' title='bbox 2105 1461 2195 1523; x_wconf 90' lang='lat' dir='ltr'><strong>ait</strong></span> <span class='ocrx_word' id='word_1_85' title='bbox 2212 1460 2388 1523; x_wconf 90' lang='lat' dir='ltr'><strong>Glos-</strong></span> 
     </span>
     <span class='ocr_line' id='line_1_14' title="bbox 895 1558 2390 1642; baseline 0.001 -22"><span class='ocrx_word' id='word_1_86' title='bbox 895 1576 986 1635; x_wconf 89' lang='lat' dir='ltr'><strong>sa,</strong></span> <span class='ocrx_word' id='word_1_87' title='bbox 1021 1558 1290 1621; x_wconf 90' lang='lat' dir='ltr'><strong>habetur</strong></span> <span class='ocrx_word' id='word_1_88' title='bbox 1324 1577 1338 1621; x_wconf 75' lang='grc' dir='ltr'><strong><em>ε</em></strong></span> <span class='ocrx_word' id='word_1_89' title='bbox 1376 1559 1679 1622; x_wconf 86' lang='lat' dir='ltr'><strong>Sedentes</strong></span> <span class='ocrx_word' id='word_1_90' title='bbox 1721 1578 1910 1642; x_wconf 87' lang='lat' dir='ltr'><strong>super</strong></span> <span class='ocrx_word' id='word_1_91' title='bbox 1953 1559 2287 1640; x_wconf 89' lang='lat' dir='ltr'><strong>judicium,</strong></span> <span class='ocrx_word' id='word_1_92' title='bbox 2326 1568 2390 1622; x_wconf 86' lang='lat' dir='ltr'><strong>et</strong></span> 
     </span>
     <span class='ocr_line' id='line_1_15' title="bbox 897 1655 2389 1740; baseline 0.001 -21"><span class='ocrx_word' id='word_1_93' title='bbox 897 1655 1240 1719; x_wconf 78' lang='lat' dir='ltr'><strong>ambulatis</strong></span> <span class='ocrx_word' id='word_1_94' title='bbox 1272 1656 1338 1719; x_wconf 92' lang='lat' dir='ltr'><strong>in</strong></span> <span class='ocrx_word' id='word_1_95' title='bbox 1371 1658 1496 1735; x_wconf 88' lang='lat' dir='ltr'><strong>via,</strong></span> <span class='ocrx_word' id='word_1_96' title='bbox 1532 1656 1597 1720; x_wconf 91' lang='lat' dir='ltr'><strong>id</strong></span> <span class='ocrx_word' id='word_1_97' title='bbox 1642 1668 1760 1735; x_wconf 85' lang='lat' dir='ltr'><strong>est,</strong></span> <span class='ocrx_word' id='word_1_98' title='bbox 1794 1658 1906 1740; x_wconf 92' lang='lat' dir='ltr'><strong>qui</strong></span> <span class='ocrx_word' id='word_1_99' title='bbox 1951 1677 2124 1720; x_wconf 91' lang='lat' dir='ltr'><strong>nunc</strong></span> <span class='ocrx_word' id='word_1_100' title='bbox 2167 1677 2389 1721; x_wconf 85' lang='lat' dir='ltr'><strong>secure</strong></span> 
     </span>
     <span class='ocr_line' id='line_1_16' title="bbox 897 1754 2389 1840; baseline 0.001 -21"><span class='ocrx_word' id='word_1_101' title='bbox 897 1754 1164 1838; x_wconf 78' lang='lat' dir='ltr'>pergitis</span> <span class='ocrx_word' id='word_1_102' title='bbox 1209 1774 1322 1837; x_wconf 89' lang='lat' dir='ltr'><strong>per</strong></span> <span class='ocrx_word' id='word_1_103' title='bbox 1359 1756 1588 1819; x_wconf 86' lang='lat' dir='ltr'><strong>itinera</strong></span> <span class='ocrx_word' id='word_1_104' title='bbox 1631 1766 1812 1820; x_wconf 83' lang='lat' dir='ltr'><strong>terrae</strong></span> <span class='ocrx_word' id='word_1_105' title='bbox 1842 1757 2052 1835; x_wconf 87' lang='lat' dir='ltr'><strong>Israel,</strong></span> <span class='ocrx_word' id='word_1_106' title='bbox 2090 1776 2204 1840; x_wconf 90' lang='lat' dir='ltr'><strong>per</strong></span> <span class='ocrx_word' id='word_1_107' title='bbox 2245 1777 2389 1839; x_wconf 65' lang='lat' dir='ltr'><strong>quaa</strong></span> 
     </span>
    </p>
   </div>
   <div class='ocr_carea' id='block_1_6' title="bbox 2496 769 3989 1822">
    <p class='ocr_par' dir='ltr' id='par_1_6' title="bbox 2496 769 3989 1822">
     <span class='ocr_line' id='line_1_17' title="bbox 2496 769 3986 854; baseline -0.002 -21"><span class='ocrx_word' id='word_1_108' title='bbox 2496 770 2665 833; x_wconf 90' lang='lat' dir='ltr'><strong>sidui</strong></span> <span class='ocrx_word' id='word_1_109' title='bbox 2696 790 2771 833; x_wconf 84' lang='lat' dir='ltr'><strong>ex</strong></span> <span class='ocrx_word' id='word_1_110' title='bbox 2791 771 2978 847; x_wconf 77' lang='lat' dir='ltr'><strong>lsrael</strong></span> <span class='ocrx_word' id='word_1_111' title='bbox 3014 772 3485 854; x_wconf 63' lang='lat' dir='ltr'><strong>praevaluerunt.</strong></span> <span class='ocrx_word' id='word_1_112' title='bbox 3514 770 3579 831; x_wconf 92' lang='lat' dir='ltr'><strong>in</strong></span> <span class='ocrx_word' id='word_1_113' title='bbox 3610 769 3986 852; x_wconf 60' lang='lat' dir='ltr'><strong>praeliabo-</strong></span> 
     </span>
     <span class='ocr_line' id='line_1_18' title="bbox 2496 868 3987 948; baseline -0.003 -17"><span class='ocrx_word' id='word_1_114' title='bbox 2496 874 2716 931; x_wconf 81' lang='lat' dir='ltr'><strong>minus</strong></span> <span class='ocrx_word' id='word_1_115' title='bbox 2766 872 2839 930; x_wconf 89' lang='lat' dir='ltr'><strong>in</strong></span> <span class='ocrx_word' id='word_1_116' title='bbox 2887 872 3163 948; x_wconf 76' lang='lat' dir='ltr'><strong>fortibus</strong></span> <span class='ocrx_word' id='word_1_117' title='bbox 3200 872 3566 941; x_wconf 75' lang='lat' dir='ltr'><em>dimicavit,</em></span> <span class='ocrx_word' id='word_1_118' title='bbox 3607 868 3669 930; x_wconf 91' lang='lat' dir='ltr'><strong>id</strong></span> <span class='ocrx_word' id='word_1_119' title='bbox 3720 875 3838 943; x_wconf 85' lang='lat' dir='ltr'><strong>est,</strong></span> <span class='ocrx_word' id='word_1_120' title='bbox 3872 886 3987 948; x_wconf 81' lang='lat' dir='ltr'><strong>per</strong></span> 
     </span>
     <span class='ocr_line' id='line_1_19' title="bbox 2498 968 3986 1047; baseline -0.003 -15"><span class='ocrx_word' id='word_1_121' title='bbox 2498 969 2694 1033; x_wconf 81' lang='lat' dir='ltr'><strong>sortes</strong></span> <span class='ocrx_word' id='word_1_122' title='bbox 2744 968 2934 1031; x_wconf 85' lang='lat' dir='ltr'><strong>lsrael</strong></span> <span class='ocrx_word' id='word_1_123' title='bbox 2965 969 3138 1033; x_wconf 88' lang='lat' dir='ltr'><strong>viros</strong></span> <span class='ocrx_word' id='word_1_124' title='bbox 3184 976 3406 1031; x_wconf 89' lang='lat' dir='ltr'><strong>contra</strong></span> <span class='ocrx_word' id='word_1_125' title='bbox 3436 968 3823 1030; x_wconf 80' lang='lat' dir='ltr'><strong>Chananaeos</strong></span> <span class='ocrx_word' id='word_1_126' title='bbox 3870 984 3986 1047; x_wconf 92' lang='lat' dir='ltr'><strong>pu-</strong></span> 
     </span>
     <span class='ocr_line' id='line_1_20' title="bbox 2497 1064 3987 1151; baseline -0.004 -20"><span class='ocrx_word' id='word_1_127' title='bbox 2497 1067 2757 1151; x_wconf 83' lang='lat' dir='ltr'><strong>gnavit3</strong></span> <span class='ocrx_word' id='word_1_128' title='bbox 2804 1067 2929 1145; x_wconf 89' lang='lat' dir='ltr'><strong>vel,</strong></span> <span class='ocrx_word' id='word_1_129' title='bbox 2966 1066 3303 1129; x_wconf 86' lang='lat' dir='ltr'><strong>Dimicavit</strong></span> <span class='ocrx_word' id='word_1_130' title='bbox 3352 1065 3417 1128; x_wconf 91' lang='lat' dir='ltr'><strong>in</strong></span> <span class='ocrx_word' id='word_1_131' title='bbox 3457 1064 3753 1139; x_wconf 83' lang='lat' dir='ltr'><strong>sortibus,</strong></span> <span class='ocrx_word' id='word_1_132' title='bbox 3788 1064 3855 1126; x_wconf 89' lang='lat' dir='ltr'><strong>id</strong></span> <span class='ocrx_word' id='word_1_133' title='bbox 3888 1074 3987 1126; x_wconf 63' lang='lat' dir='ltr'><strong>eet.</strong></span> 
     </span>
     <span class='ocr_line' id='line_1_21' title="bbox 2497 1162 3988 1231; baseline -0.005 0"><span class='ocrx_word' id='word_1_134' title='bbox 2497 1175 2717 1231; x_wconf 85' lang='lat' dir='ltr'><strong>contra</strong></span> <span class='ocrx_word' id='word_1_135' title='bbox 2748 1166 3041 1230; x_wconf 88' lang='lat' dir='ltr'><strong>robustos</strong></span> <span class='ocrx_word' id='word_1_136' title='bbox 3070 1164 3465 1229; x_wconf 85' lang='lat' dir='ltr'><strong>adversarios</strong></span> <span class='ocrx_word' id='word_1_137' title='bbox 3487 1172 3760 1227; x_wconf 61' lang='lat' dir='ltr'><strong>nostros</strong></span> <span class='ocrx_word' id='word_1_138' title='bbox 3784 1163 3853 1225; x_wconf 84' lang='lat' dir='ltr'><strong>In</strong></span> <span class='ocrx_word' id='word_1_139' title='bbox 3872 1162 3988 1225; x_wconf 82' lang='lat' dir='ltr'><strong>He—</strong></span> 
     </span>
     <span class='ocr_line' id='line_1_22' title="bbox 2498 1261 3989 1342; baseline -0.003 -14"><span class='ocrx_word' id='word_1_140' title='bbox 2498 1267 2688 1342; x_wconf 81' lang='lat' dir='ltr'><strong>braeo,</strong></span> <span class='ocrx_word' id='word_1_141' title='bbox 2724 1265 3073 1328; x_wconf 87' lang='lat' dir='ltr'><strong>secundum</strong></span> <span class='ocrx_word' id='word_1_142' title='bbox 3102 1264 3409 1341; x_wconf 87' lang='lat' dir='ltr'><strong>Glossam‚</strong></span> <span class='ocrx_word' id='word_1_143' title='bbox 3442 1264 3711 1326; x_wconf 85' lang='lat' dir='ltr'><strong>habetur</strong></span> <span class='ocrx_word' id='word_1_144' title='bbox 3737 1281 3752 1324; x_wconf 75' lang='grc' dir='ltr'>ε</span> <span class='ocrx_word' id='word_1_145' title='bbox 3786 1261 3989 1326; x_wconf 89' lang='lat' dir='ltr'><strong>Domi-</strong></span> 
     </span>
     <span class='ocr_line' id='line_1_23' title="bbox 2500 1361 3989 1449; baseline -0.003 -23"><span class='ocrx_word' id='word_1_146' title='bbox 2500 1384 2622 1427; x_wconf 89' lang='lat' dir='ltr'><strong>nus</strong></span> <span class='ocrx_word' id='word_1_147' title='bbox 2653 1372 2912 1446; x_wconf 86' lang='lat' dir='ltr'><strong>propter</strong></span> <span class='ocrx_word' id='word_1_148' title='bbox 2942 1383 3043 1426; x_wconf 92' lang='lat' dir='ltr'><strong>me</strong></span> <span class='ocrx_word' id='word_1_149' title='bbox 3082 1363 3153 1449; x_wconf 28' lang='lat' dir='ltr'><strong>‚in</strong></span> <span class='ocrx_word' id='word_1_150' title='bbox 3203 1361 3477 1427; x_wconf 83' lang='lat' dir='ltr'><strong>fortibus</strong></span> <span class='ocrx_word' id='word_1_151' title='bbox 3510 1361 3843 1426; x_wconf 77' lang='lat' dir='ltr'><strong>dimicavit</strong></span> <span class='ocrx_word' id='word_1_152' title='bbox 3875 1379 3889 1421; x_wconf 94' lang='lat'><strong>:</strong></span> <span class='ocrx_word' id='word_1_153' title='bbox 3922 1370 3989 1423; x_wconf 88' lang='lat' dir='ltr'><strong>et</strong></span> 
     </span>
     <span class='ocr_line' id='line_1_24' title="bbox 2498 1458 3989 1545; baseline -0.002 -19"><span class='ocrx_word' id='word_1_154' title='bbox 2498 1470 2595 1526; x_wconf 90' lang='lat' dir='ltr'><strong>est</strong></span> <span class='ocrx_word' id='word_1_155' title='bbox 2624 1481 2746 1525; x_wconf 88' lang='lat' dir='ltr'><strong>vox</strong></span> <span class='ocrx_word' id='word_1_156' title='bbox 2778 1462 2972 1526; x_wconf 88' lang='lat' dir='ltr'><strong>totius</strong></span> <span class='ocrx_word' id='word_1_157' title='bbox 2996 1462 3219 1545; x_wconf 90' lang='lat' dir='ltr'><strong>populi</strong></span> <span class='ocrx_word' id='word_1_158' title='bbox 3250 1461 3461 1538; x_wconf 84' lang='lat' dir='ltr'><strong>Israel,</strong></span> <span class='ocrx_word' id='word_1_159' title='bbox 3486 1460 3611 1523; x_wconf 90' lang='lat' dir='ltr'><strong>Deo</strong></span> <span class='ocrx_word' id='word_1_160' title='bbox 3641 1458 3875 1539; x_wconf 76' lang='lat' dir='ltr'><strong>gratias</strong></span> <span class='ocrx_word' id='word_1_161' title='bbox 3898 1478 3989 1523; x_wconf 89' lang='lat' dir='ltr'><strong>re-</strong></span> 
     </span>
     <span class='ocr_line' id='line_1_25' title="bbox 2502 1560 3989 1639; baseline -0.001 -17"><span class='ocrx_word' id='word_1_162' title='bbox 2502 1560 2791 1625; x_wconf 79' lang='lat' dir='ltr'><strong>ferentis,</strong></span> <span class='ocrx_word' id='word_1_163' title='bbox 2815 1564 2925 1622; x_wconf 75' lang='lat' dir='ltr'><strong>Eoe</strong></span> <span class='ocrx_word' id='word_1_164' title='bbox 2946 1563 3267 1639; x_wconf 74' lang='lat' dir='ltr'><strong>Ephraim</strong></span> <span class='ocrx_word' id='word_1_165' title='bbox 3297 1562 3533 1621; x_wconf 76' lang='lat' dir='ltr'><strong>delevit</strong></span> <span class='ocrx_word' id='word_1_166' title='bbox 3560 1580 3661 1619; x_wconf 79' lang='lat' dir='ltr'><strong>eos</strong></span> <span class='ocrx_word' id='word_1_167' title='bbox 3690 1560 3766 1619; x_wconf 82' lang='lat' dir='ltr'><strong>in</strong></span> <span class='ocrx_word' id='word_1_168' title='bbox 3795 1561 3989 1621; x_wconf 80' lang='lat' dir='ltr'><strong>Ama-</strong></span> 
     </span>
     <span class='ocr_line' id='line_1_26' title="bbox 2501 1656 3987 1741; baseline -0.001 -21"><span class='ocrx_word' id='word_1_169' title='bbox 2501 1665 2629 1721; x_wconf 80' lang='lat' dir='ltr'><strong>lec:</strong></span> <span class='ocrx_word' id='word_1_170' title='bbox 2652 1660 2717 1723; x_wconf 87' lang='lat' dir='ltr'><strong>id</strong></span> <span class='ocrx_word' id='word_1_171' title='bbox 2749 1668 2867 1737; x_wconf 86' lang='lat' dir='ltr'><strong>est,</strong></span> <span class='ocrx_word' id='word_1_172' title='bbox 2903 1679 3017 1741; x_wconf 91' lang='lat' dir='ltr'><strong>per</strong></span> <span class='ocrx_word' id='word_1_173' title='bbox 3045 1659 3233 1723; x_wconf 86' lang='lat' dir='ltr'><strong>Josue</strong></span> <span class='ocrx_word' id='word_1_174' title='bbox 3252 1658 3653 1740; x_wconf 85' lang='lat' dir='ltr'><strong>Ephrataeum</strong></span> <span class='ocrx_word' id='word_1_175' title='bbox 3682 1656 3987 1720; x_wconf 87' lang='lat' dir='ltr'><strong>Dominus</strong></span> 
     </span>
     <span class='ocr_line' id='line_1_27' title="bbox 2499 1755 3987 1822; baseline -0.001 -1"><span class='ocrx_word' id='word_1_176' title='bbox 2499 1758 2844 1822; x_wconf 87' lang='lat' dir='ltr'><strong>debellavit</strong></span> <span class='ocrx_word' id='word_1_177' title='bbox 2884 1758 3083 1821; x_wconf 80' lang='lat' dir='ltr'><strong>fortes</strong></span> <span class='ocrx_word' id='word_1_178' title='bbox 3126 1757 3410 1821; x_wconf 81' lang='lat' dir='ltr'><strong>filiorum</strong></span> <span class='ocrx_word' id='word_1_179' title='bbox 3452 1756 3639 1819; x_wconf 88' lang='lat' dir='ltr'><strong>lsrael</strong></span> <span class='ocrx_word' id='word_1_180' title='bbox 3690 1755 3987 1819; x_wconf 80' lang='lat' dir='ltr'><strong>inimicos</strong></span> 
     </span>
    </p>
   </div>
   <div class='ocr_carea' id='block_1_7' title="bbox 897 1853 3986 1939">
    <p class='ocr_par' dir='ltr' id='par_1_7' title="bbox 897 1853 3986 1939">
     <span class='ocr_line' id='line_1_28' title="bbox 897 1853 3986 1939; baseline -0 -22"><span class='ocrx_word' id='word_1_181' title='bbox 897 1855 1088 1938; x_wconf 89' lang='lat' dir='ltr'><strong>paulo</strong></span> <span class='ocrx_word' id='word_1_182' title='bbox 1119 1863 1267 1917; x_wconf 86' lang='lat' dir='ltr'><strong>ante</strong></span> <span class='ocrx_word' id='word_1_183' title='bbox 1301 1874 1426 1918; x_wconf 89' lang='lat' dir='ltr'><strong>non</strong></span> <span class='ocrx_word' id='word_1_184' title='bbox 1459 1855 1788 1919; x_wconf 86' lang='lat' dir='ltr'><strong>audebatis</strong></span> <span class='ocrx_word' id='word_1_185' title='bbox 1823 1857 2091 1919; x_wconf 88' lang='lat' dir='ltr'><strong>transire</strong></span> <span class='ocrx_word' id='word_1_186' title='bbox 2121 1876 2253 1939; x_wconf 82' lang='lat' dir='ltr'><strong>prae</strong></span> <span class='ocrx_word' id='word_1_187' title='bbox 2282 1857 2390 1919; x_wconf 85' lang='lat' dir='ltr'><strong>ad·</strong></span> <span class='ocrx_word' id='word_1_188' title='bbox 2425 1853 2471 1914; x_wconf 91' lang='lat' dir='ltr'><strong>B</strong></span> <span class='ocrx_word' id='word_1_189' title='bbox 2502 1859 2567 1920; x_wconf 86' lang='lat' dir='ltr'><strong>in</strong></span> <span class='ocrx_word' id='word_1_190' title='bbox 2604 1854 2991 1935; x_wconf 81' lang='lat' dir='ltr'><strong>AmalecitiS,</strong></span> <span class='ocrx_word' id='word_1_191' title='bbox 3028 1858 3115 1920; x_wconf 88' lang='lat' dir='ltr'><strong>ita</strong></span> <span class='ocrx_word' id='word_1_192' title='bbox 3154 1858 3324 1939; x_wconf 89' lang='lat' dir='ltr'><strong>quod</strong></span> <span class='ocrx_word' id='word_1_193' title='bbox 3364 1854 3715 1919; x_wconf 85' lang='lat' dir='ltr'><strong>adversarii</strong></span> <span class='ocrx_word' id='word_1_194' title='bbox 3756 1854 3851 1917; x_wconf 90' lang='lat' dir='ltr'><strong>illi</strong></span> <span class='ocrx_word' id='word_1_195' title='bbox 3892 1854 3986 1916; x_wconf 78' lang='lat' dir='ltr'><strong>l&#39;u-</strong></span> 
     </span>
    </p>
   </div>
   <div class='ocr_carea' id='block_1_8' title="bbox 896 1950 2393 2825">
    <p class='ocr_par' dir='ltr' id='par_1_8' title="bbox 896 1950 2393 2825">
     <span class='ocr_line' id='line_1_29' title="bbox 896 1950 2385 2035; baseline 0 -18"><span class='ocrx_word' id='word_1_196' title='bbox 896 1950 1320 2017; x_wconf 90' lang='lat' dir='ltr'><strong>versariorum</strong></span> <span class='ocrx_word' id='word_1_197' title='bbox 1357 1953 1718 2018; x_wconf 72' lang='lat' dir='ltr'><strong>formidine.</strong></span> <span class='ocrx_word' id='word_1_198' title='bbox 1755 1958 2156 2035; x_wconf 81' lang='lat' dir='ltr'><strong>Loquimini,</strong></span> <span class='ocrx_word' id='word_1_199' title='bbox 2184 1955 2249 2018; x_wconf 90' lang='lat' dir='ltr'><strong>id</strong></span> <span class='ocrx_word' id='word_1_200' title='bbox 2270 1965 2385 2033; x_wconf 87' lang='lat' dir='ltr'><strong>est,</strong></span> 
     </span>
     <span class='ocr_line' id='line_1_30' title="bbox 904 2052 2391 2135; baseline -0.001 -19"><span class='ocrx_word' id='word_1_201' title='bbox 904 2052 1238 2134; x_wconf 87' lang='lat' dir='ltr'><strong>sequentia</strong></span> <span class='ocrx_word' id='word_1_202' title='bbox 1266 2053 1460 2115; x_wconf 87' lang='lat' dir='ltr'><strong>verba</strong></span> <span class='ocrx_word' id='word_1_203' title='bbox 1491 2053 1768 2135; x_wconf 81' lang='lat' dir='ltr'><strong>proferte</strong></span> <span class='ocrx_word' id='word_1_204' title='bbox 1795 2071 1808 2115; x_wconf 93' lang='lat'><strong>:</strong></span> <span class='ocrx_word' id='word_1_205' title='bbox 1854 2056 1974 2117; x_wconf 83' lang='lat' dir='ltr'><strong>Ubi</strong></span> <span class='ocrx_word' id='word_1_206' title='bbox 2001 2058 2212 2115; x_wconf 81' lang='lat' dir='ltr'><strong>collisi</strong></span> <span class='ocrx_word' id='word_1_207' title='bbox 2237 2065 2391 2115; x_wconf 76' lang='lat' dir='ltr'><strong>sunt</strong></span> 
     </span>
     <span class='ocr_line' id='line_1_31' title="bbox 899 2154 2387 2231; baseline 0.001 -18"><span class='ocrx_word' id='word_1_208' title='bbox 899 2174 1152 2224; x_wconf 67' lang='lat' dir='ltr'><strong>curru-3,</strong></span> <span class='ocrx_word' id='word_1_209' title='bbox 1177 2163 1236 2213; x_wconf 80' lang='lat' dir='ltr'><strong>et</strong></span> <span class='ocrx_word' id='word_1_210' title='bbox 1265 2154 1544 2213; x_wconf 79' lang='lat' dir='ltr'><strong>hostium</strong></span> <span class='ocrx_word' id='word_1_211' title='bbox 1568 2156 1914 2231; x_wconf 78' lang='lat' dir='ltr'><strong>suffocatus</strong></span> <span class='ocrx_word' id='word_1_212' title='bbox 1935 2163 2025 2213; x_wconf 74' lang='lat' dir='ltr'><strong>est</strong></span> <span class='ocrx_word' id='word_1_213' title='bbox 2047 2156 2387 2226; x_wconf 67' lang='lat' dir='ltr'><strong>emere-itm,</strong></span> 
     </span>
     <span class='ocr_line' id='line_1_32' title="bbox 901 2247 2392 2331; baseline 0.002 -22"><span class='ocrx_word' id='word_1_214' title='bbox 901 2247 966 2310; x_wconf 95' lang='lat' dir='ltr'><strong>id</strong></span> <span class='ocrx_word' id='word_1_215' title='bbox 1013 2257 1110 2311; x_wconf 77' lang='lat' dir='ltr'><strong>est</strong></span> <span class='ocrx_word' id='word_1_216' title='bbox 1155 2247 1221 2310; x_wconf 92' lang='lat' dir='ltr'><strong>in</strong></span> <span class='ocrx_word' id='word_1_217' title='bbox 1268 2256 1433 2311; x_wconf 87' lang='lat' dir='ltr'><strong>terra</strong></span> <span class='ocrx_word' id='word_1_218' title='bbox 1475 2248 1592 2311; x_wconf 85' lang='lat' dir='ltr'><strong>hac</strong></span> <span class='ocrx_word' id='word_1_219' title='bbox 1633 2249 1842 2325; x_wconf 89' lang='lat' dir='ltr'><strong>lsrael,</strong></span> <span class='ocrx_word' id='word_1_220' title='bbox 1892 2248 1957 2310; x_wconf 89' lang='lat' dir='ltr'><strong>in</strong></span> <span class='ocrx_word' id='word_1_221' title='bbox 2004 2268 2130 2331; x_wconf 90' lang='lat' dir='ltr'><strong>qua</strong></span> <span class='ocrx_word' id='word_1_222' title='bbox 2171 2249 2392 2312; x_wconf 87' lang='lat' dir='ltr'><strong>divina</strong></span> 
     </span>
     <span class='ocr_line' id='line_1_33' title="bbox 901 2346 2389 2411; baseline 0 -2"><span class='ocrx_word' id='word_1_223' title='bbox 901 2346 1138 2409; x_wconf 85' lang='lat' dir='ltr'><strong>virtute</strong></span> <span class='ocrx_word' id='word_1_224' title='bbox 1187 2346 1497 2409; x_wconf 82' lang='lat' dir='ltr'><strong>confracti</strong></span> <span class='ocrx_word' id='word_1_225' title='bbox 1551 2356 1699 2409; x_wconf 89' lang='lat' dir='ltr'><strong>sunt</strong></span> <span class='ocrx_word' id='word_1_226' title='bbox 1738 2347 2118 2411; x_wconf 81' lang='lat' dir='ltr'><strong>miraculose</strong></span> <span class='ocrx_word' id='word_1_227' title='bbox 2165 2367 2389 2410; x_wconf 88' lang='lat' dir='ltr'><strong>currus</strong></span> 
     </span>
     <span class='ocr_line' id='line_1_34' title="bbox 899 2444 2393 2527; baseline -0.001 -19"><span class='ocrx_word' id='word_1_228' title='bbox 899 2444 1418 2521; x_wconf 80' lang='lat' dir='ltr'><strong>Chananaeorum‚</strong></span> <span class='ocrx_word' id='word_1_229' title='bbox 1462 2454 1524 2507; x_wconf 90' lang='lat' dir='ltr'><strong>et</strong></span> <span class='ocrx_word' id='word_1_230' title='bbox 1576 2445 1698 2527; x_wconf 91' lang='lat' dir='ltr'><strong>ipsi</strong></span> <span class='ocrx_word' id='word_1_231' title='bbox 1739 2445 2074 2508; x_wconf 83' lang='lat' dir='ltr'><strong>Chananaei</strong></span> <span class='ocrx_word' id='word_1_232' title='bbox 2125 2447 2393 2509; x_wconf 90' lang='lat' dir='ltr'><strong>miracu-</strong></span> 
     </span>
     <span class='ocr_line' id='line_1_35' title="bbox 900 2543 2393 2628; baseline 0.001 -22"><span class='ocrx_word' id='word_1_233' title='bbox 900 2544 1036 2607; x_wconf 89' lang='lat' dir='ltr'><strong>lose</strong></span> <span class='ocrx_word' id='word_1_234' title='bbox 1065 2543 1261 2609; x_wconf 89' lang='lat' dir='ltr'><strong>occisi</strong></span> <span class='ocrx_word' id='word_1_235' title='bbox 1295 2553 1444 2606; x_wconf 87' lang='lat' dir='ltr'><strong>sunt</strong></span> <span class='ocrx_word' id='word_1_236' title='bbox 1475 2545 1822 2608; x_wconf 82' lang='lat' dir='ltr'><strong>secundum</strong></span> <span class='ocrx_word' id='word_1_237' title='bbox 1848 2546 2106 2608; x_wconf 90' lang='lat' dir='ltr'><strong>modum</strong></span> <span class='ocrx_word' id='word_1_238' title='bbox 2140 2544 2205 2607; x_wconf 90' lang='lat' dir='ltr'><strong>in</strong></span> <span class='ocrx_word' id='word_1_239' title='bbox 2240 2564 2393 2628; x_wconf 79' lang='lat' dir='ltr'><strong>prae-</strong></span> 
     </span>
     <span class='ocr_line' id='line_1_36' title="bbox 900 2642 2387 2726; baseline 0 -21"><span class='ocrx_word' id='word_1_240' title='bbox 900 2644 1188 2706; x_wconf 86' lang='lat' dir='ltr'><strong>cedentis</strong></span> <span class='ocrx_word' id='word_1_241' title='bbox 1238 2642 1502 2726; x_wconf 88' lang='lat' dir='ltr'><strong>capituli</strong></span> <span class='ocrx_word' id='word_1_242' title='bbox 1555 2642 1953 2726; x_wconf 83' lang='lat' dir='ltr'><strong>expositione</strong></span> <span class='ocrx_word' id='word_1_243' title='bbox 2003 2643 2387 2721; x_wconf 78' lang='lat' dir='ltr'><strong>inductum3</strong></span> 
     </span>
     <span class='ocr_line' id='line_1_37' title="bbox 899 2743 2392 2825; baseline 0.003 -24"><span class='ocrx_word' id='word_1_244' title='bbox 899 2744 998 2801; x_wconf 80' lang='lat' dir='ltr'><strong>ibi</strong></span> <span class='ocrx_word' id='word_1_245' title='bbox 1027 2752 1381 2803; x_wconf 76' lang='lat' dir='ltr'><strong>narrentur</strong></span> <span class='ocrx_word' id='word_1_246' title='bbox 1396 2744 1686 2821; x_wconf 66' lang='lat' dir='ltr'><strong>justitiae</strong></span> <span class='ocrx_word' id='word_1_247' title='bbox 1707 2745 1998 2812; x_wconf 79' lang='lat' dir='ltr'><strong>Domini,</strong></span> <span class='ocrx_word' id='word_1_248' title='bbox 2021 2743 2083 2804; x_wconf 87' lang='lat' dir='ltr'><strong>id</strong></span> <span class='ocrx_word' id='word_1_249' title='bbox 2107 2752 2202 2805; x_wconf 83' lang='lat' dir='ltr'><strong>est</strong></span> <span class='ocrx_word' id='word_1_250' title='bbox 2220 2744 2392 2825; x_wconf 86' lang='lat' dir='ltr'><strong>justa</strong></span> 
     </span>
    </p>
   </div>
   <div class='ocr_carea' id='block_1_9' title="bbox 829 2839 2386 2931">
    <p class='ocr_par' dir='ltr' id='par_1_9' title="bbox 829 2839 2386 2931">
     <span class='ocr_line' id='line_1_38' title="bbox 829 2839 2386 2931; baseline 0.002 -29"><span class='ocrx_word' id='word_1_251' title='bbox 829 2922 836 2931; x_wconf 22' lang='grc' dir='ltr'><em>ι</em></span> <span class='ocrx_word' id='word_1_252' title='bbox 902 2840 1142 2922; x_wconf 86' lang='lat' dir='ltr'><strong>judicia</strong></span> <span class='ocrx_word' id='word_1_253' title='bbox 1172 2840 1305 2916; x_wconf 82' lang='lat' dir='ltr'><strong>Dei,</strong></span> <span class='ocrx_word' id='word_1_254' title='bbox 1342 2850 1403 2903; x_wconf 84' lang='lat' dir='ltr'><strong>et</strong></span> <span class='ocrx_word' id='word_1_255' title='bbox 1428 2840 1586 2921; x_wconf 87' lang='lat' dir='ltr'><strong>justi</strong></span> <span class='ocrx_word' id='word_1_256' title='bbox 1628 2839 1902 2903; x_wconf 79' lang='lat' dir='ltr'><strong>effectus</strong></span> <span class='ocrx_word' id='word_1_257' title='bbox 1944 2861 2073 2905; x_wconf 81' lang='lat' dir='ltr'><strong>suae</strong></span> <span class='ocrx_word' id='word_1_258' title='bbox 2101 2842 2386 2923; x_wconf 67' lang='lat' dir='ltr'><strong>justitia),</strong></span> 
     </span>
    </p>
   </div>
   <div class='ocr_carea' id='block_1_10' title="bbox 611 3149 877 3194">
    <p class='ocr_par' dir='ltr' id='par_1_10' title="bbox 611 3149 877 3194">
     <span class='ocr_line' id='line_1_39' title="bbox 611 3149 877 3194; baseline -0.015 0"><span class='ocrx_word' id='word_1_259' title='bbox 611 3153 626 3169; x_wconf 87' lang='grc'><em>·</em></span> <span class='ocrx_word' id='word_1_260' title='bbox 642 3149 877 3194; x_wconf 76' lang='lat' dir='ltr'><strong>clementia</strong></span> 
     </span>
    </p>
   </div>
   <div class='ocr_carea' id='block_1_11' title="bbox 903 2937 2393 3023">
    <p class='ocr_par' dir='ltr' id='par_1_11' title="bbox 903 2937 2393 3023">
     <span class='ocr_line' id='line_1_40' title="bbox 903 2937 2393 3023; baseline 0.002 -24"><span class='ocrx_word' id='word_1_261' title='bbox 903 2938 1134 3018; x_wconf 87' lang='lat' dir='ltr'><strong>quibus</strong></span> <span class='ocrx_word' id='word_1_262' title='bbox 1168 2937 1380 3000; x_wconf 88' lang='lat' dir='ltr'><strong>hostes</strong></span> <span class='ocrx_word' id='word_1_263' title='bbox 1415 2938 1601 3000; x_wconf 87' lang='lat' dir='ltr'><strong>lsrael</strong></span> <span class='ocrx_word' id='word_1_264' title='bbox 1634 2938 1994 3014; x_wconf 88' lang='lat' dir='ltr'><strong>trucidavit,</strong></span> <span class='ocrx_word' id='word_1_265' title='bbox 2013 2940 2166 3021; x_wconf 90' lang='lat' dir='ltr'><strong>quia</strong></span> <span class='ocrx_word' id='word_1_266' title='bbox 2189 2948 2393 3023; x_wconf 76' lang='lat' dir='ltr'><strong>tyran-</strong></span> 
     </span>
    </p>
   </div>
   <div class='ocr_carea' id='block_1_12' title="bbox 2500 1953 4310 2235">
    <p class='ocr_par' dir='ltr' id='par_1_12' title="bbox 2500 1953 4310 2235">
     <span class='ocr_line' id='line_1_41' title="bbox 2500 1953 3985 2037; baseline -0.001 -20"><span class='ocrx_word' id='word_1_267' title='bbox 2500 1963 2685 2017; x_wconf 87' lang='lat' dir='ltr'><strong>erunt</strong></span> <span class='ocrx_word' id='word_1_268' title='bbox 2727 1954 2983 2037; x_wconf 79' lang='lat' dir='ltr'><strong>ipsimet</strong></span> <span class='ocrx_word' id='word_1_269' title='bbox 3026 1954 3409 2017; x_wconf 83' lang='lat' dir='ltr'><strong>Amalecitae.</strong></span> <span class='ocrx_word' id='word_1_270' title='bbox 3444 1953 3985 2027; x_wconf 81' lang='lat' dir='ltr'><strong>Quemadmodum</strong></span> 
     </span>
     <span class='ocr_line' id='line_1_42' title="bbox 2502 2051 4310 2137; baseline -0.003 -20"><span class='ocrx_word' id='word_1_271' title='bbox 2502 2053 2673 2117; x_wconf 90' lang='lat' dir='ltr'><strong>enim</strong></span> <span class='ocrx_word' id='word_1_272' title='bbox 2708 2053 2775 2115; x_wconf 94' lang='lat' dir='ltr'><strong>in</strong></span> <span class='ocrx_word' id='word_1_273' title='bbox 2797 2053 3011 2116; x_wconf 86' lang='lat' dir='ltr'><strong>Exodo</strong></span> <span class='ocrx_word' id='word_1_274' title='bbox 3043 2052 3295 2134; x_wconf 88' lang='lat' dir='ltr'><strong>legitur,</strong></span> <span class='ocrx_word' id='word_1_275' title='bbox 3320 2053 3507 2116; x_wconf 86' lang='lat' dir='ltr'><strong>Josue</strong></span> <span class='ocrx_word' id='word_1_276' title='bbox 3537 2051 3785 2132; x_wconf 81' lang='lat' dir='ltr'><strong>fugavit</strong></span> <span class='ocrx_word' id='word_1_277' title='bbox 3804 2051 3989 2113; x_wconf 85' lang='lat' dir='ltr'><strong>Ama·</strong></span> <span class='ocrx_word' id='word_1_278' title='bbox 4031 2080 4261 2123; x_wconf 58' lang='lat' dir='ltr'><strong>mm,</strong></span> <span class='ocrx_word' id='word_1_279' title='bbox 4309 2058 4310 2137; x_wconf 72' lang='lat' dir='ltr'>J</span> 
     </span>
     <span class='ocr_line' id='line_1_43' title="bbox 2504 2142 4310 2235; baseline -0.002 -19"><span class='ocrx_word' id='word_1_280' title='bbox 2504 2154 2599 2216; x_wconf 89' lang='lat' dir='ltr'><strong>lec</strong></span> <span class='ocrx_word' id='word_1_281' title='bbox 2630 2160 2693 2215; x_wconf 86' lang='lat' dir='ltr'><strong>et</strong></span> <span class='ocrx_word' id='word_1_282' title='bbox 2724 2150 3033 2235; x_wconf 90' lang='lat' dir='ltr'><strong>populum</strong></span> <span class='ocrx_word' id='word_1_283' title='bbox 3064 2152 3207 2232; x_wconf 90' lang='lat' dir='ltr'><strong>ejus</strong></span> <span class='ocrx_word' id='word_1_284' title='bbox 3251 2151 3316 2213; x_wconf 90' lang='lat' dir='ltr'><strong>in</strong></span> <span class='ocrx_word' id='word_1_285' title='bbox 3350 2170 3459 2214; x_wconf 90' lang='lat' dir='ltr'><strong>ore</strong></span> <span class='ocrx_word' id='word_1_286' title='bbox 3496 2150 3711 2231; x_wconf 84' lang='lat' dir='ltr'><strong>gladii.</strong></span> <span class='ocrx_word' id='word_1_287' title='bbox 3747 2150 3987 2213; x_wconf 82' lang='lat' dir='ltr'><strong>Deinde</strong></span> <span class='ocrx_word' id='word_1_288' title='bbox 4018 2147 4083 2185; x_wconf 78' lang='lat'><strong>¹³·</strong></span> <span class='ocrx_word' id='word_1_289' title='bbox 4309 2142 4310 2153; x_wconf 69' lang='grc'>’</span> 
     </span>
    </p>
   </div>
   <div class='ocr_carea' id='block_1_13' title="bbox 2487 2248 3989 2333">
    <p class='ocr_par' dir='ltr' id='par_1_13' title="bbox 2487 2248 3989 2333">
     <span class='ocr_line' id='line_1_44' title="bbox 2487 2248 3989 2333; baseline -0.002 -19"><span class='ocrx_word' id='word_1_290' title='bbox 2487 2252 2741 2315; x_wconf 88' lang='lat' dir='ltr'><strong>-Debora</strong></span> <span class='ocrx_word' id='word_1_291' title='bbox 2765 2250 3169 2333; x_wconf 81' lang='lat' dir='ltr'><strong>prophetavit</strong></span> <span class='ocrx_word' id='word_1_292' title='bbox 3188 2252 3265 2313; x_wconf 90' lang='lat' dir='ltr'><strong>de</strong></span> <span class='ocrx_word' id='word_1_293' title='bbox 3286 2249 3743 2332; x_wconf 82' lang='lat' dir='ltr'><strong>expugnatione</strong></span> <span class='ocrx_word' id='word_1_294' title='bbox 3756 2248 3989 2311; x_wconf 80' lang='lat' dir='ltr'><strong>Amale-</strong></span> 
     </span>
    </p>
   </div>
   <div class='ocr_carea' id='block_1_14' title="bbox 2499 2346 3994 3020">
    <p class='ocr_par' dir='ltr' id='par_1_14' title="bbox 2499 2346 3994 2925">
     <span class='ocr_line' id='line_1_45' title="bbox 2500 2346 3991 2430; baseline -0.005 -18"><span class='ocrx_word' id='word_1_295' title='bbox 2500 2350 2767 2413; x_wconf 88' lang='lat' dir='ltr'><strong>citarum</strong></span> <span class='ocrx_word' id='word_1_296' title='bbox 2800 2357 2953 2411; x_wconf 89' lang='lat' dir='ltr'><strong>tunc</strong></span> <span class='ocrx_word' id='word_1_297' title='bbox 2986 2348 3197 2411; x_wconf 80' lang='lat' dir='ltr'><strong>sutura</strong></span> <span class='ocrx_word' id='word_1_298' title='bbox 3227 2366 3340 2430; x_wconf 86' lang='lat' dir='ltr'><strong>per</strong></span> <span class='ocrx_word' id='word_1_299' title='bbox 3371 2346 3541 2411; x_wconf 88' lang='lat' dir='ltr'><strong>Saul.</strong></span> <span class='ocrx_word' id='word_1_300' title='bbox 3567 2352 3651 2411; x_wconf 66' lang='lat' dir='ltr'><strong>Et</strong></span> <span class='ocrx_word' id='word_1_301' title='bbox 3668 2358 3815 2425; x_wconf 74' lang='lat' dir='ltr'><strong>post</strong></span> <span class='ocrx_word' id='word_1_302' title='bbox 3842 2368 3991 2407; x_wconf 83' lang='lat' dir='ltr'><strong>eum</strong></span> 
     </span>
     <span class='ocr_line' id='line_1_46' title="bbox 2499 2450 3985 2527; baseline -0.003 -18"><span class='ocrx_word' id='word_1_303' title='bbox 2499 2472 2581 2509; x_wconf 65' lang='grc' dir='ltr'><strong>θα)</strong></span> <span class='ocrx_word' id='word_1_304' title='bbox 2610 2450 2965 2527; x_wconf 84' lang='lat' dir='ltr'><strong>Benjamin</strong></span> <span class='ocrx_word' id='word_1_305' title='bbox 3012 2451 3085 2509; x_wconf 85' lang='lat' dir='ltr'><strong>in</strong></span> <span class='ocrx_word' id='word_1_306' title='bbox 3121 2451 3395 2526; x_wconf 80' lang='lat' dir='ltr'><strong>populos</strong></span> <span class='ocrx_word' id='word_1_307' title='bbox 3434 2457 3592 2519; x_wconf 69' lang='lat' dir='ltr'><strong>tuna,</strong></span> <span class='ocrx_word' id='word_1_308' title='bbox 3626 2467 3663 2507; x_wconf 89' lang='grc' dir='ltr'><em>ο</em></span> <span class='ocrx_word' id='word_1_309' title='bbox 3700 2450 3985 2514; x_wconf 79' lang='lat' dir='ltr'><strong>Amalec,</strong></span> 
     </span>
     <span class='ocr_line' id='line_1_47' title="bbox 2504 2543 3993 2629; baseline -0.004 -19"><span class='ocrx_word' id='word_1_310' title='bbox 2504 2548 2570 2610; x_wconf 82' lang='lat' dir='ltr'><strong>id</strong></span> <span class='ocrx_word' id='word_1_311' title='bbox 2600 2555 2717 2625; x_wconf 88' lang='lat' dir='ltr'><strong>est,</strong></span> <span class='ocrx_word' id='word_1_312' title='bbox 2752 2566 2789 2610; x_wconf 94' lang='lat' dir='ltr'><strong>o</strong></span> <span class='ocrx_word' id='word_1_313' title='bbox 2824 2556 2911 2623; x_wconf 86' lang='lat' dir='ltr'><strong>tu,</strong></span> <span class='ocrx_word' id='word_1_314' title='bbox 2950 2544 3251 2629; x_wconf 87' lang='lat' dir='ltr'><strong>princeps</strong></span> <span class='ocrx_word' id='word_1_315' title='bbox 3282 2564 3394 2608; x_wconf 88' lang='lat' dir='ltr'><strong>seu</strong></span> <span class='ocrx_word' id='word_1_316' title='bbox 3427 2544 3659 2627; x_wconf 89' lang='lat' dir='ltr'><strong>popule</strong></span> <span class='ocrx_word' id='word_1_317' title='bbox 3689 2543 3993 2606; x_wconf 86' lang='lat' dir='ltr'><strong>Amaleci·</strong></span> 
     </span>
     <span class='ocr_line' id='line_1_48' title="bbox 2502 2642 3994 2725; baseline -0.003 -16"><span class='ocrx_word' id='word_1_318' title='bbox 2502 2655 2733 2723; x_wconf 84' lang='lat' dir='ltr'><strong>tarum,</strong></span> <span class='ocrx_word' id='word_1_319' title='bbox 2760 2647 2921 2709; x_wconf 87' lang='lat' dir='ltr'><strong>Deus</strong></span> <span class='ocrx_word' id='word_1_320' title='bbox 2952 2644 3281 2707; x_wconf 86' lang='lat' dir='ltr'><strong>dimicabit</strong></span> <span class='ocrx_word' id='word_1_321' title='bbox 3311 2652 3531 2707; x_wconf 88' lang='lat' dir='ltr'><strong>contra</strong></span> <span class='ocrx_word' id='word_1_322' title='bbox 3561 2642 3829 2725; x_wconf 91' lang='lat' dir='ltr'><strong>populos</strong></span> <span class='ocrx_word' id='word_1_323' title='bbox 3852 2650 3994 2705; x_wconf 88' lang='lat' dir='ltr'><strong>tuos</strong></span> 
     </span>
     <span class='ocr_line' id='line_1_49' title="bbox 2502 2742 3991 2826; baseline -0.005 -16"><span class='ocrx_word' id='word_1_324' title='bbox 2502 2766 2579 2810; x_wconf 89' lang='lat' dir='ltr'><strong>ex</strong></span> <span class='ocrx_word' id='word_1_325' title='bbox 2609 2744 2965 2826; x_wconf 78' lang='lat' dir='ltr'><strong>BenJamin,</strong></span> <span class='ocrx_word' id='word_1_326' title='bbox 3003 2742 3066 2806; x_wconf 93' lang='lat' dir='ltr'><strong>id</strong></span> <span class='ocrx_word' id='word_1_327' title='bbox 3098 2752 3196 2805; x_wconf 88' lang='lat' dir='ltr'><strong>est</strong></span> <span class='ocrx_word' id='word_1_328' title='bbox 3227 2762 3340 2825; x_wconf 90' lang='lat' dir='ltr'><strong>per</strong></span> <span class='ocrx_word' id='word_1_329' title='bbox 3360 2742 3505 2805; x_wconf 90' lang='lat' dir='ltr'><strong>Saul</strong></span> <span class='ocrx_word' id='word_1_330' title='bbox 3537 2760 3749 2823; x_wconf 86' lang='lat' dir='ltr'><strong>regem</strong></span> <span class='ocrx_word' id='word_1_331' title='bbox 3780 2750 3991 2804; x_wconf 88' lang='lat' dir='ltr'><strong>ortum</strong></span> 
     </span>
     <span class='ocr_line' id='line_1_50' title="bbox 2501 2839 3989 2925; baseline -0.005 -17"><span class='ocrx_word' id='word_1_332' title='bbox 2501 2864 2579 2908; x_wconf 83' lang='lat' dir='ltr'><strong>ex</strong></span> <span class='ocrx_word' id='word_1_333' title='bbox 2608 2843 2940 2924; x_wconf 88' lang='lat' dir='ltr'><strong>Benjamin</strong></span> <span class='ocrx_word' id='word_1_334' title='bbox 2974 2842 3166 2919; x_wconf 88' lang='lat' dir='ltr'><strong>tribu,</strong></span> <span class='ocrx_word' id='word_1_335' title='bbox 3203 2849 3347 2925; x_wconf 87' lang='lat' dir='ltr'><strong>post</strong></span> <span class='ocrx_word' id='word_1_336' title='bbox 3383 2841 3573 2904; x_wconf 86' lang='lat' dir='ltr'><strong>Josue</strong></span> <span class='ocrx_word' id='word_1_337' title='bbox 3600 2839 3989 2922; x_wconf 87' lang='lat' dir='ltr'><strong>Ephraitam.</strong></span> 
     </span>
    </p>

    <p class='ocr_par' dir='ltr' id='par_1_15' title="bbox 2595 2944 3994 3020">
     <span class='ocr_line' id='line_1_51' title="bbox 2595 2944 3994 3020; baseline -0.002 -16"><span class='ocrx_word' id='word_1_338' title='bbox 2595 2948 2689 3005; x_wconf 87' lang='lat' dir='ltr'><strong>De</strong></span> <span class='ocrx_word' id='word_1_339' title='bbox 2740 2944 2998 3003; x_wconf 75' lang='lat' dir='ltr'><strong>Mac-hir</strong></span> <span class='ocrx_word' id='word_1_340' title='bbox 3038 2944 3371 3020; x_wconf 79' lang='lat' dir='ltr'><strong>principes</strong></span> <span class='ocrx_word' id='word_1_341' title='bbox 3420 2944 3881 3001; x_wconf 78' lang='lat' dir='ltr'><strong>descenderunt</strong></span> <span class='ocrx_word' id='word_1_342' title='bbox 3932 2950 3994 3001; x_wconf 78' lang='lat' dir='ltr'><strong>et</strong></span> 
     </span>
    </p>
   </div>
   <div class='ocr_carea' id='block_1_15' title="bbox 906 3036 3995 3121">
    <p class='ocr_par' dir='ltr' id='par_1_16' title="bbox 906 3036 3995 3121">
     <span class='ocr_line' id='line_1_52' title="bbox 906 3036 3995 3121; baseline 0 -22"><span class='ocrx_word' id='word_1_343' title='bbox 906 3037 1047 3101; x_wconf 89' lang='lat' dir='ltr'><strong>nice</strong></span> <span class='ocrx_word' id='word_1_344' title='bbox 1085 3045 1148 3100; x_wconf 91' lang='lat' dir='ltr'><strong>et</strong></span> <span class='ocrx_word' id='word_1_345' title='bbox 1186 3056 1382 3119; x_wconf 89' lang='lat' dir='ltr'><strong>prava</strong></span> <span class='ocrx_word' id='word_1_346' title='bbox 1421 3036 1777 3100; x_wconf 89' lang='lat' dir='ltr'><strong>intentione</strong></span> <span class='ocrx_word' id='word_1_347' title='bbox 1818 3037 1993 3101; x_wconf 80' lang='lat' dir='ltr'><strong>filios</strong></span> <span class='ocrx_word' id='word_1_348' title='bbox 2024 3038 2213 3101; x_wconf 87' lang='lat' dir='ltr'><strong>Israel</strong></span> <span class='ocrx_word' id='word_1_349' title='bbox 2244 3058 2394 3102; x_wconf 86' lang='lat' dir='ltr'><strong>con·</strong></span> <span class='ocrx_word' id='word_1_350' title='bbox 2424 3042 2468 3105; x_wconf 89' lang='lat' dir='ltr'>C</span> <span class='ocrx_word' id='word_1_351' title='bbox 2502 3046 2581 3104; x_wconf 85' lang='lat' dir='ltr'><strong>de</strong></span> <span class='ocrx_word' id='word_1_352' title='bbox 2630 3044 2944 3113; x_wconf 79' lang='lat' dir='ltr'><strong>Zabulon,</strong></span> <span class='ocrx_word' id='word_1_353' title='bbox 2998 3043 3115 3121; x_wconf 81' lang='lat' dir='ltr'><strong>qui</strong></span> <span class='ocrx_word' id='word_1_354' title='bbox 3160 3041 3514 3100; x_wconf 59' lang='lat' dir='ltr'><strong>eat-ercitum</strong></span> <span class='ocrx_word' id='word_1_355' title='bbox 3556 3040 3859 3099; x_wconf 73' lang='lat' dir='ltr'><strong>ducerent</strong></span> <span class='ocrx_word' id='word_1_356' title='bbox 3906 3041 3995 3099; x_wconf 81' lang='lat' dir='ltr'><strong>ad</strong></span> 
     </span>
    </p>
   </div>
   <div class='ocr_carea' id='block_1_16' title="bbox 905 3128 2399 4210">
    <p class='ocr_par' dir='ltr' id='par_1_17' title="bbox 905 3128 2397 3898">
     <span class='ocr_line' id='line_1_53' title="bbox 905 3128 2388 3217; baseline -0.001 -15"><span class='ocrx_word' id='word_1_357' title='bbox 905 3137 1243 3203; x_wconf 75' lang='lat' dir='ltr'><strong>calcabant</strong></span> <span class='ocrx_word' id='word_1_358' title='bbox 1268 3161 1282 3211; x_wconf 87' lang='lat'><em>3</em></span> <span class='ocrx_word' id='word_1_359' title='bbox 1317 3148 1377 3198; x_wconf 78' lang='lat' dir='ltr'><strong>et</strong></span> <span class='ocrx_word' id='word_1_360' title='bbox 1405 3140 1758 3200; x_wconf 62' lang='lat' dir='ltr'><strong>clementia?</strong></span> <span class='ocrx_word' id='word_1_361' title='bbox 1778 3139 1802 3164; x_wconf 82' lang='lat'><strong>*</strong></span> <span class='ocrx_word' id='word_1_362' title='bbox 1833 3141 1902 3199; x_wconf 77' lang='lat' dir='ltr'><strong>in</strong></span> <span class='ocrx_word' id='word_1_363' title='bbox 1934 3128 2144 3217; x_wconf 60' lang='lat' dir='ltr'><strong>fortes</strong></span> <span class='ocrx_word' id='word_1_364' title='bbox 2161 3143 2388 3213; x_wconf 77' lang='lat' dir='ltr'><strong>Israel,</strong></span> 
     </span>
     <span class='ocr_line' id='line_1_54' title="bbox 907 3236 2393 3319; baseline 0 -18"><span class='ocrx_word' id='word_1_365' title='bbox 907 3238 970 3301; x_wconf 88' lang='lat' dir='ltr'><strong>id</strong></span> <span class='ocrx_word' id='word_1_366' title='bbox 1022 3246 1117 3299; x_wconf 79' lang='lat' dir='ltr'><strong>cst</strong></span> <span class='ocrx_word' id='word_1_367' title='bbox 1167 3236 1605 3300; x_wconf 79' lang='lat' dir='ltr'><strong>miserationes</strong></span> <span class='ocrx_word' id='word_1_368' title='bbox 1646 3246 1708 3300; x_wconf 84' lang='lat' dir='ltr'><strong>et</strong></span> <span class='ocrx_word' id='word_1_369' title='bbox 1744 3236 2060 3300; x_wconf 79' lang='lat' dir='ltr'><strong>beneficia</strong></span> <span class='ocrx_word' id='word_1_370' title='bbox 2091 3238 2200 3300; x_wconf 89' lang='lat' dir='ltr'><strong>Dei</strong></span> <span class='ocrx_word' id='word_1_371' title='bbox 2251 3257 2393 3319; x_wconf 85' lang='lat' dir='ltr'><strong>quae</strong></span> 
     </span>
     <span class='ocr_line' id='line_1_55' title="bbox 906 3335 2395 3419; baseline 0 -19"><span class='ocrx_word' id='word_1_372' title='bbox 906 3336 1220 3418; x_wconf 89' lang='lat' dir='ltr'><strong>impendit</strong></span> <span class='ocrx_word' id='word_1_373' title='bbox 1251 3335 1571 3412; x_wconf 82' lang='lat' dir='ltr'><strong>[sraelitiS‚</strong></span> <span class='ocrx_word' id='word_1_374' title='bbox 1605 3355 1875 3418; x_wconf 90' lang='lat' dir='ltr'><strong>quorum</strong></span> <span class='ocrx_word' id='word_1_375' title='bbox 1909 3338 2185 3419; x_wconf 85' lang='lat' dir='ltr'><strong>peccatis</strong></span> <span class='ocrx_word' id='word_1_376' title='bbox 2218 3337 2395 3418; x_wconf 84' lang='lat' dir='ltr'><strong>igno-</strong></span> 
     </span>
     <span class='ocr_line' id='line_1_56' title="bbox 905 3435 2390 3519; baseline 0 -20"><span class='ocrx_word' id='word_1_377' title='bbox 905 3437 1028 3513; x_wconf 87' lang='lat' dir='ltr'><strong>vit,</strong></span> <span class='ocrx_word' id='word_1_378' title='bbox 1082 3443 1144 3498; x_wconf 84' lang='lat' dir='ltr'><strong>et</strong></span> <span class='ocrx_word' id='word_1_379' title='bbox 1193 3454 1301 3498; x_wconf 86' lang='lat' dir='ltr'><strong>eos</strong></span> <span class='ocrx_word' id='word_1_380' title='bbox 1352 3435 1614 3517; x_wconf 89' lang='lat' dir='ltr'><strong>insuper</strong></span> <span class='ocrx_word' id='word_1_381' title='bbox 1666 3435 1820 3498; x_wconf 78' lang='lat' dir='ltr'><strong>fecit</strong></span> <span class='ocrx_word' id='word_1_382' title='bbox 1876 3437 2390 3519; x_wconf 78' lang='lat' dir='ltr'><strong>triumphatores,</strong></span> 
     </span>
     <span class='ocr_line' id='line_1_57' title="bbox 913 3537 2395 3612; baseline -0.001 -14"><span class='ocrx_word' id='word_1_383' title='bbox 913 3540 1092 3598; x_wconf 82' lang='lat' dir='ltr'><strong>Tunc</strong></span> <span class='ocrx_word' id='word_1_384' title='bbox 1109 3537 1436 3595; x_wconf 75' lang='lat' dir='ltr'><strong>descendit</strong></span> <span class='ocrx_word' id='word_1_385' title='bbox 1447 3539 1728 3612; x_wconf 80' lang='lat' dir='ltr'><strong>populus</strong></span> <span class='ocrx_word' id='word_1_386' title='bbox 1751 3538 2018 3596; x_wconf 85' lang='lat' dir='ltr'><strong>Domini</strong></span> <span class='ocrx_word' id='word_1_387' title='bbox 2037 3539 2126 3597; x_wconf 82' lang='lat' dir='ltr'><strong>ad</strong></span> <span class='ocrx_word' id='word_1_388' title='bbox 2147 3546 2395 3612; x_wconf 76' lang='lat' dir='ltr'><strong>portas,</strong></span> 
     </span>
     <span class='ocr_line' id='line_1_58' title="bbox 909 3633 2397 3716; baseline -0.001 -19"><span class='ocrx_word' id='word_1_389' title='bbox 909 3635 970 3697; x_wconf 91' lang='lat' dir='ltr'><strong>id</strong></span> <span class='ocrx_word' id='word_1_390' title='bbox 1003 3642 1120 3711; x_wconf 88' lang='lat' dir='ltr'><strong>est,</strong></span> <span class='ocrx_word' id='word_1_391' title='bbox 1155 3633 1432 3716; x_wconf 91' lang='lat' dir='ltr'><strong>populus</strong></span> <span class='ocrx_word' id='word_1_392' title='bbox 1463 3633 1649 3696; x_wconf 88' lang='lat' dir='ltr'><strong>Israel</strong></span> <span class='ocrx_word' id='word_1_393' title='bbox 1671 3634 1936 3696; x_wconf 85' lang='lat' dir='ltr'><strong>accessit</strong></span> <span class='ocrx_word' id='word_1_394' title='bbox 1968 3634 2157 3697; x_wconf 89' lang='lat' dir='ltr'><strong>urbes</strong></span> <span class='ocrx_word' id='word_1_395' title='bbox 2180 3634 2397 3696; x_wconf 87' lang='lat' dir='ltr'><strong>adver-</strong></span> 
     </span>
     <span class='ocr_line' id='line_1_59' title="bbox 906 3734 2396 3814; baseline -0.001 -17"><span class='ocrx_word' id='word_1_396' title='bbox 906 3734 1240 3810; x_wconf 86' lang='lat' dir='ltr'><strong>sariorum,</strong></span> <span class='ocrx_word' id='word_1_397' title='bbox 1286 3743 1344 3792; x_wconf 81' lang='lat' dir='ltr'><strong>et</strong></span> <span class='ocrx_word' id='word_1_398' title='bbox 1388 3735 1668 3793; x_wconf 76' lang='lat' dir='ltr'><strong>obtinuit</strong></span> <span class='ocrx_word' id='word_1_399' title='bbox 1705 3734 2159 3810; x_wconf 71' lang='lat' dir='ltr'><strong>principatum</strong></span> <span class='ocrx_word' id='word_1_400' title='bbox 2204 3753 2396 3814; x_wconf 83' lang='lat' dir='ltr'><strong>super</strong></span> 
     </span>
     <span class='ocr_line' id='line_1_60' title="bbox 905 3832 1183 3898; baseline -0.022 0"><span class='ocrx_word' id='word_1_401' title='bbox 905 3832 1183 3898; x_wconf 88' lang='lat' dir='ltr'><strong>eosdem.</strong></span> 
     </span>
    </p>

    <p class='ocr_par' dir='ltr' id='par_1_18' title="bbox 907 3932 2399 4210">
     <span class='ocr_line' id='line_1_61' title="bbox 985 3932 2397 4008; baseline -0.001 -16"><span class='ocrx_word' id='word_1_402' title='bbox 985 3936 1219 4008; x_wconf 69' lang='lat' dir='ltr'><strong>Surye,</strong></span> <span class='ocrx_word' id='word_1_403' title='bbox 1263 3949 1475 4006; x_wconf 74' lang='lat' dir='ltr'><strong>surye,</strong></span> <span class='ocrx_word' id='word_1_404' title='bbox 1508 3932 1756 3990; x_wconf 87' lang='lat' dir='ltr'><strong>Debora</strong></span> <span class='ocrx_word' id='word_1_405' title='bbox 1776 3954 1804 4001; x_wconf 89' lang='lat'><strong>,·</strong></span> <span class='ocrx_word' id='word_1_406' title='bbox 1839 3950 2049 4008; x_wconf 73' lang='lat' dir='ltr'><strong>surye,</strong></span> <span class='ocrx_word' id='word_1_407' title='bbox 2079 3951 2290 4007; x_wconf 71' lang='lat' dir='ltr'><strong>surye,</strong></span> <span class='ocrx_word' id='word_1_408' title='bbox 2337 3940 2397 3991; x_wconf 78' lang='lat' dir='ltr'><strong>et</strong></span> 
     </span>
     <span class='ocr_line' id='line_1_62' title="bbox 908 4027 2398 4111; baseline -0.001 -19"><span class='ocrx_word' id='word_1_409' title='bbox 908 4037 1161 4111; x_wconf 79' lang='lat' dir='ltr'><strong>loquere</strong></span> <span class='ocrx_word' id='word_1_410' title='bbox 1204 4031 1553 4089; x_wconf 75' lang='lat' dir='ltr'><strong>canticum.</strong></span> <span class='ocrx_word' id='word_1_411' title='bbox 1589 4027 1696 4090; x_wconf 88' lang='lat' dir='ltr'><strong>His</strong></span> <span class='ocrx_word' id='word_1_412' title='bbox 1742 4028 1954 4090; x_wconf 83' lang='lat' dir='ltr'><strong>verbis</strong></span> <span class='ocrx_word' id='word_1_413' title='bbox 2004 4038 2221 4091; x_wconf 88' lang='lat' dir='ltr'><strong>sancta</strong></span> <span class='ocrx_word' id='word_1_414' title='bbox 2265 4048 2398 4090; x_wconf 92' lang='lat' dir='ltr'><strong>mu-</strong></span> 
     </span>
     <span class='ocr_line' id='line_1_63' title="bbox 907 4124 2399 4210; baseline -0.001 -20"><span class='ocrx_word' id='word_1_415' title='bbox 907 4129 1026 4191; x_wconf 88' lang='lat' dir='ltr'><strong>lier</strong></span> <span class='ocrx_word' id='word_1_416' title='bbox 1057 4147 1186 4210; x_wconf 82' lang='lat' dir='ltr'><strong>prae</strong></span> <span class='ocrx_word' id='word_1_417' title='bbox 1216 4125 1608 4188; x_wconf 87' lang='lat' dir='ltr'><strong>abundantia</strong></span> <span class='ocrx_word' id='word_1_418' title='bbox 1652 4124 2000 4207; x_wconf 85' lang='lat' dir='ltr'><strong>spiritualis</strong></span> <span class='ocrx_word' id='word_1_419' title='bbox 2047 4126 2281 4189; x_wconf 83' lang='lat' dir='ltr'><strong>laetitiae</strong></span> <span class='ocrx_word' id='word_1_420' title='bbox 2319 4127 2399 4189; x_wconf 89' lang='lat' dir='ltr'><strong>de</strong></span> 
     </span>
    </p>
   </div>
   <div class='ocr_carea' id='block_1_17' title="bbox 2504 3138 4003 4211">
    <p class='ocr_par' dir='ltr' id='par_1_19' title="bbox 2504 3138 4003 4211">
     <span class='ocr_line' id='line_1_64' title="bbox 2504 3138 3997 3221; baseline -0.001 -19"><span class='ocrx_word' id='word_1_421' title='bbox 2504 3141 2985 3211; x_wconf 78' lang='lat' dir='ltr'><strong>bellandum,id</strong></span> <span class='ocrx_word' id='word_1_422' title='bbox 3016 3149 3133 3217; x_wconf 89' lang='lat' dir='ltr'><strong>est,</strong></span> <span class='ocrx_word' id='word_1_423' title='bbox 3154 3141 3348 3202; x_wconf 89' lang='lat' dir='ltr'><strong>duces</strong></span> <span class='ocrx_word' id='word_1_424' title='bbox 3371 3139 3563 3221; x_wconf 85' lang='lat' dir='ltr'><strong>hujus</strong></span> <span class='ocrx_word' id='word_1_425' title='bbox 3596 3138 3793 3201; x_wconf 85' lang='lat' dir='ltr'><strong>nostri</strong></span> <span class='ocrx_word' id='word_1_426' title='bbox 3824 3157 3997 3202; x_wconf 83' lang='lat' dir='ltr'><strong>exer-</strong></span> 
     </span>
     <span class='ocr_line' id='line_1_65' title="bbox 2504 3237 4000 3324; baseline -0.004 -19"><span class='ocrx_word' id='word_1_427' title='bbox 2504 3242 2691 3318; x_wconf 86' lang='lat' dir='ltr'><strong>citus,</strong></span> <span class='ocrx_word' id='word_1_428' title='bbox 2712 3239 2939 3324; x_wconf 90' lang='lat' dir='ltr'><strong>partim</strong></span> <span class='ocrx_word' id='word_1_429' title='bbox 2976 3238 3106 3302; x_wconf 89' lang='lat' dir='ltr'><strong>nati</strong></span> <span class='ocrx_word' id='word_1_430' title='bbox 3141 3238 3399 3301; x_wconf 82' lang='lat' dir='ltr'><strong>fuerunt</strong></span> <span class='ocrx_word' id='word_1_431' title='bbox 3427 3239 3507 3301; x_wconf 90' lang='lat' dir='ltr'><strong>de</strong></span> <span class='ocrx_word' id='word_1_432' title='bbox 3536 3237 3733 3320; x_wconf 82' lang='lat' dir='ltr'><strong>stirpe</strong></span> <span class='ocrx_word' id='word_1_433' title='bbox 3760 3237 4000 3300; x_wconf 82' lang='lat' dir='ltr'><strong>Machir</strong></span> 
     </span>
     <span class='ocr_line' id='line_1_66' title="bbox 2508 3336 3990 3420; baseline -0.005 -16"><span class='ocrx_word' id='word_1_434' title='bbox 2508 3339 2633 3404; x_wconf 80' lang='lat' dir='ltr'><strong>filii</strong></span> <span class='ocrx_word' id='word_1_435' title='bbox 2664 3341 2981 3412; x_wconf 82' lang='lat' dir='ltr'><strong>Manassae‚</strong></span> <span class='ocrx_word' id='word_1_436' title='bbox 3018 3345 3083 3400; x_wconf 88' lang='lat' dir='ltr'><strong>et</strong></span> <span class='ocrx_word' id='word_1_437' title='bbox 3111 3337 3343 3420; x_wconf 86' lang='lat' dir='ltr'><strong>partim</strong></span> <span class='ocrx_word' id='word_1_438' title='bbox 3374 3338 3455 3400; x_wconf 89' lang='lat' dir='ltr'><strong>de</strong></span> <span class='ocrx_word' id='word_1_439' title='bbox 3486 3336 3656 3399; x_wconf 89' lang='lat' dir='ltr'><strong>tribu</strong></span> <span class='ocrx_word' id='word_1_440' title='bbox 3688 3337 3990 3400; x_wconf 87' lang='lat' dir='ltr'><strong>Zabulon.</strong></span> 
     </span>
     <span class='ocr_line' id='line_1_67' title="bbox 2508 3435 3993 3516; baseline -0.003 -14"><span class='ocrx_word' id='word_1_441' title='bbox 2508 3445 2711 3502; x_wconf 78' lang='lat' dir='ltr'><strong>Duc-es</strong></span> <span class='ocrx_word' id='word_1_442' title='bbox 2752 3441 3052 3502; x_wconf 75' lang='lat' dir='ltr'><strong>Issaelzar</strong></span> <span class='ocrx_word' id='word_1_443' title='bbox 3093 3440 3369 3516; x_wconf 71' lang='lat' dir='ltr'><strong>fuerunt</strong></span> <span class='ocrx_word' id='word_1_444' title='bbox 3414 3457 3561 3497; x_wconf 84' lang='lat' dir='ltr'><strong>oum</strong></span> <span class='ocrx_word' id='word_1_445' title='bbox 3605 3439 3882 3507; x_wconf 81' lang='lat' dir='ltr'><strong>Debora,</strong></span> <span class='ocrx_word' id='word_1_446' title='bbox 3928 3435 3993 3497; x_wconf 90' lang='lat' dir='ltr'><strong>id</strong></span> 
     </span>
     <span class='ocr_line' id='line_1_68' title="bbox 2506 3534 3995 3620; baseline -0.005 -18"><span class='ocrx_word' id='word_1_447' title='bbox 2506 3548 2622 3616; x_wconf 90' lang='lat' dir='ltr'><strong>est,</strong></span> <span class='ocrx_word' id='word_1_448' title='bbox 2658 3538 2854 3620; x_wconf 87' lang='lat' dir='ltr'><strong>aliqui</strong></span> <span class='ocrx_word' id='word_1_449' title='bbox 2886 3537 3157 3600; x_wconf 90' lang='lat' dir='ltr'><strong>aliorum</strong></span> <span class='ocrx_word' id='word_1_450' title='bbox 3204 3537 3501 3599; x_wconf 84' lang='lat' dir='ltr'><strong>ductore-s</strong></span> <span class='ocrx_word' id='word_1_451' title='bbox 3546 3534 3677 3596; x_wconf 88' lang='lat' dir='ltr'><strong>nati</strong></span> <span class='ocrx_word' id='word_1_452' title='bbox 3716 3553 3791 3596; x_wconf 89' lang='lat' dir='ltr'><strong>ex</strong></span> <span class='ocrx_word' id='word_1_453' title='bbox 3824 3534 3995 3596; x_wconf 87' lang='lat' dir='ltr'><strong>tribu</strong></span> 
     </span>
     <span class='ocr_line' id='line_1_69' title="bbox 2506 3632 3998 3712; baseline -0.005 -12"><span class='ocrx_word' id='word_1_454' title='bbox 2506 3635 2807 3712; x_wconf 90' lang='lat' dir='ltr'><strong>Issachar‚</strong></span> <span class='ocrx_word' id='word_1_455' title='bbox 2844 3634 3321 3698; x_wconf 84' lang='lat' dir='ltr'><strong>associaverunt</strong></span> <span class='ocrx_word' id='word_1_456' title='bbox 3366 3651 3433 3694; x_wconf 90' lang='lat' dir='ltr'><strong>se</strong></span> <span class='ocrx_word' id='word_1_457' title='bbox 3472 3632 3751 3708; x_wconf 81' lang='lat' dir='ltr'><strong>Deborae,</strong></span> <span class='ocrx_word' id='word_1_458' title='bbox 3782 3644 3841 3694; x_wconf 79' lang='lat' dir='ltr'><strong>et.</strong></span> <span class='ocrx_word' id='word_1_459' title='bbox 3872 3637 3998 3694; x_wconf 77' lang='lat' dir='ltr'><strong>Ra-</strong></span> 
     </span>
     <span class='ocr_line' id='line_1_70' title="bbox 2508 3733 3997 3812; baseline -0.002 -15"><span class='ocrx_word' id='word_1_460' title='bbox 2508 3758 2619 3797; x_wconf 85' lang='lat' dir='ltr'><strong>rac</strong></span> <span class='ocrx_word' id='word_1_461' title='bbox 2641 3737 2907 3812; x_wconf 67' lang='lat' dir='ltr'><strong>vestiqia</strong></span> <span class='ocrx_word' id='word_1_462' title='bbox 2929 3744 3080 3795; x_wconf 76' lang='lat' dir='ltr'><strong>sunt</strong></span> <span class='ocrx_word' id='word_1_463' title='bbox 3100 3737 3324 3799; x_wconf 81' lang='lat' dir='ltr'><strong>secuti,</strong></span> <span class='ocrx_word' id='word_1_464' title='bbox 3346 3733 3408 3794; x_wconf 88' lang='lat' dir='ltr'><strong>id</strong></span> <span class='ocrx_word' id='word_1_465' title='bbox 3440 3740 3557 3808; x_wconf 88' lang='lat' dir='ltr'><strong>est,</strong></span> <span class='ocrx_word' id='word_1_466' title='bbox 3586 3751 3731 3794; x_wconf 87' lang='lat' dir='ltr'><strong>cum</strong></span> <span class='ocrx_word' id='word_1_467' title='bbox 3754 3749 3831 3794; x_wconf 86' lang='lat' dir='ltr'><strong>eo</strong></span> <span class='ocrx_word' id='word_1_468' title='bbox 3852 3750 3997 3812; x_wconf 76' lang='lat' dir='ltr'><strong>pro-</strong></span> 
     </span>
     <span class='ocr_line' id='line_1_71' title="bbox 2506 3830 3999 3914; baseline -0.003 -16"><span class='ocrx_word' id='word_1_469' title='bbox 2506 3841 2835 3898; x_wconf 84' lang='lat' dir='ltr'><strong>cesserunt</strong></span> <span class='ocrx_word' id='word_1_470' title='bbox 2864 3834 2944 3895; x_wconf 88' lang='lat' dir='ltr'><strong>ad</strong></span> <span class='ocrx_word' id='word_1_471' title='bbox 2974 3849 3276 3914; x_wconf 84' lang='lat' dir='ltr'><strong>pugnam.</strong></span> <span class='ocrx_word' id='word_1_472' title='bbox 3297 3831 3477 3894; x_wconf 89' lang='lat' dir='ltr'><strong>Circa</strong></span> <span class='ocrx_word' id='word_1_473' title='bbox 3504 3831 3679 3914; x_wconf 91' lang='lat' dir='ltr'><strong>quod</strong></span> <span class='ocrx_word' id='word_1_474' title='bbox 3709 3831 3799 3892; x_wconf 90' lang='lat' dir='ltr'><strong>ait</strong></span> <span class='ocrx_word' id='word_1_475' title='bbox 3826 3830 3999 3894; x_wconf 87' lang='lat' dir='ltr'><strong>Glos-</strong></span> 
     </span>
     <span class='ocr_line' id='line_1_72' title="bbox 2508 3929 3997 4012; baseline -0.003 -18"><span class='ocrx_word' id='word_1_476' title='bbox 2508 3952 2577 3995; x_wconf 90' lang='lat' dir='ltr'><strong>sa</strong></span> <span class='ocrx_word' id='word_1_477' title='bbox 2632 3950 2646 3994; x_wconf 90' lang='lat'><strong>:</strong></span> <span class='ocrx_word' id='word_1_478' title='bbox 2699 3931 2995 4005; x_wconf 84' lang='lat' dir='ltr'><strong>Quaedam</strong></span> <span class='ocrx_word' id='word_1_479' title='bbox 3055 3949 3201 4012; x_wconf 88' lang='lat' dir='ltr'><strong>pars</strong></span> <span class='ocrx_word' id='word_1_480' title='bbox 3252 3929 3504 3992; x_wconf 88' lang='lat' dir='ltr'><strong>illorum</strong></span> <span class='ocrx_word' id='word_1_481' title='bbox 3568 3929 3803 3991; x_wconf 89' lang='lat' dir='ltr'><strong>mansit</strong></span> <span class='ocrx_word' id='word_1_482' title='bbox 3848 3948 3997 3990; x_wconf 89' lang='lat' dir='ltr'><strong>cum</strong></span> 
     </span>
     <span class='ocr_line' id='line_1_73' title="bbox 2506 4027 4003 4109; baseline -0.003 -16"><span class='ocrx_word' id='word_1_483' title='bbox 2506 4030 2749 4094; x_wconf 89' lang='lat' dir='ltr'><strong>Debora</strong></span> <span class='ocrx_word' id='word_1_484' title='bbox 2780 4031 2859 4091; x_wconf 88' lang='lat' dir='ltr'><strong>ad</strong></span> <span class='ocrx_word' id='word_1_485' title='bbox 2902 4028 3287 4091; x_wconf 87' lang='lat' dir='ltr'><strong>laudandum</strong></span> <span class='ocrx_word' id='word_1_486' title='bbox 3319 4029 3512 4090; x_wconf 88' lang='lat' dir='ltr'><strong>Deum</strong></span> <span class='ocrx_word' id='word_1_487' title='bbox 3558 4046 3631 4090; x_wconf 86' lang='lat' dir='ltr'><strong>ac</strong></span> <span class='ocrx_word' id='word_1_488' title='bbox 3659 4027 4003 4109; x_wconf 82' lang='lat' dir='ltr'><strong>deprecan-</strong></span> 
     </span>
     <span class='ocr_line' id='line_1_74' title="bbox 2509 4125 3999 4211; baseline -0.004 -20"><span class='ocrx_word' id='word_1_489' title='bbox 2509 4130 2683 4206; x_wconf 88' lang='lat' dir='ltr'><strong>dum,</strong></span> <span class='ocrx_word' id='word_1_490' title='bbox 2720 4147 2866 4211; x_wconf 88' lang='lat' dir='ltr'><strong>pars</strong></span> <span class='ocrx_word' id='word_1_491' title='bbox 2911 4135 3124 4189; x_wconf 90' lang='lat' dir='ltr'><strong>autem</strong></span> <span class='ocrx_word' id='word_1_492' title='bbox 3166 4125 3291 4189; x_wconf 87' lang='lat' dir='ltr'><strong>alia</strong></span> <span class='ocrx_word' id='word_1_493' title='bbox 3321 4134 3417 4188; x_wconf 90' lang='lat' dir='ltr'><strong>est</strong></span> <span class='ocrx_word' id='word_1_494' title='bbox 3456 4134 3669 4188; x_wconf 83' lang='lat' dir='ltr'><strong>secuta</strong></span> <span class='ocrx_word' id='word_1_495' title='bbox 3700 4126 3888 4187; x_wconf 86' lang='lat' dir='ltr'><strong>Barac</strong></span> <span class='ocrx_word' id='word_1_496' title='bbox 3918 4125 3999 4186; x_wconf 89' lang='lat' dir='ltr'><strong>ad</strong></span> 
     </span>
    </p>
   </div>
   <div class='ocr_carea' id='block_1_18' title="bbox 907 4222 3997 4310">
    <p class='ocr_par' dir='ltr' id='par_1_20' title="bbox 907 4222 3997 4310">
     <span class='ocr_line' id='line_1_75' title="bbox 907 4222 3997 4310; baseline -0.002 -21"><span class='ocrx_word' id='word_1_497' title='bbox 907 4226 1288 4289; x_wconf 85' lang='lat' dir='ltr'><strong>exaltatione</strong></span> <span class='ocrx_word' id='word_1_498' title='bbox 1329 4224 1564 4288; x_wconf 83' lang='lat' dir='ltr'><strong>divinae</strong></span> <span class='ocrx_word' id='word_1_499' title='bbox 1595 4224 1858 4305; x_wconf 81' lang='lat' dir='ltr'><strong>justitiae</strong></span> <span class='ocrx_word' id='word_1_500' title='bbox 1898 4233 1960 4287; x_wconf 90' lang='lat' dir='ltr'><strong>et</strong></span> <span class='ocrx_word' id='word_1_501' title='bbox 2002 4224 2107 4307; x_wconf 93' lang='lat' dir='ltr'><strong>pia</strong></span> <span class='ocrx_word' id='word_1_502' title='bbox 2143 4224 2241 4286; x_wconf 89' lang='lat' dir='ltr'><strong>sui</strong></span> <span class='ocrx_word' id='word_1_503' title='bbox 2284 4244 2397 4307; x_wconf 89' lang='lat' dir='ltr'><strong>po·</strong></span> <span class='ocrx_word' id='word_1_504' title='bbox 2432 4236 2479 4297; x_wconf 86' lang='lat' dir='ltr'><strong>D</strong></span> <span class='ocrx_word' id='word_1_505' title='bbox 2510 4227 2816 4310; x_wconf 89' lang='lat' dir='ltr'><strong>populum</strong></span> <span class='ocrx_word' id='word_1_506' title='bbox 2840 4225 3028 4288; x_wconf 86' lang='lat' dir='ltr'><strong>lsrael</strong></span> <span class='ocrx_word' id='word_1_507' title='bbox 3052 4224 3603 4302; x_wconf 86' lang='lat' dir='ltr'><strong>exhortandum,et</strong></span> <span class='ocrx_word' id='word_1_508' title='bbox 3624 4225 3701 4286; x_wconf 90' lang='lat' dir='ltr'><strong>ad</strong></span> <span class='ocrx_word' id='word_1_509' title='bbox 3725 4222 3997 4286; x_wconf 88' lang='lat' dir='ltr'><strong>Sisaram</strong></span> 
     </span>
    </p>
   </div>
   <div class='ocr_carea' id='block_1_19' title="bbox 905 4309 2406 5369">
    <p class='ocr_par' dir='ltr' id='par_1_21' title="bbox 905 4309 2406 5369">
     <span class='ocr_line' id='line_1_76' title="bbox 908 4309 2400 4408; baseline -0.001 -22"><span class='ocrx_word' id='word_1_510' title='bbox 908 4324 1043 4408; x_wconf 90' lang='lat' dir='ltr'><strong>puli</strong></span> <span class='ocrx_word' id='word_1_511' title='bbox 1085 4323 1435 4404; x_wconf 88' lang='lat' dir='ltr'><strong>ereptione,</strong></span> <span class='ocrx_word' id='word_1_512' title='bbox 1472 4342 1540 4386; x_wconf 91' lang='lat' dir='ltr'><strong>se</strong></span> <span class='ocrx_word' id='word_1_513' title='bbox 1578 4323 1780 4404; x_wconf 88' lang='lat' dir='ltr'><strong>ipsam</strong></span> <span class='ocrx_word' id='word_1_514' title='bbox 1824 4309 2112 4385; x_wconf 73' lang='lat' dir='ltr'><strong>Hortatur</strong></span> <span class='ocrx_word' id='word_1_515' title='bbox 2149 4324 2227 4385; x_wconf 84' lang='lat' dir='ltr'><strong>ad</strong></span> <span class='ocrx_word' id='word_1_516' title='bbox 2270 4324 2400 4386; x_wconf 87' lang='lat' dir='ltr'><strong>lau-</strong></span> 
     </span>
     <span class='ocr_line' id='line_1_77' title="bbox 908 4421 2401 4500; baseline 0 -16"><span class='ocrx_word' id='word_1_517' title='bbox 908 4423 1185 4485; x_wconf 90' lang='lat' dir='ltr'><strong>dandum</strong></span> <span class='ocrx_word' id='word_1_518' title='bbox 1220 4431 1282 4484; x_wconf 88' lang='lat' dir='ltr'><strong>ct</strong></span> <span class='ocrx_word' id='word_1_519' title='bbox 1311 4421 1781 4500; x_wconf 82' lang='lat' dir='ltr'><strong>regratiandum</strong></span> <span class='ocrx_word' id='word_1_520' title='bbox 1812 4421 2080 4484; x_wconf 89' lang='lat' dir='ltr'><strong>Domino</strong></span> <span class='ocrx_word' id='word_1_521' title='bbox 2115 4423 2258 4485; x_wconf 87' lang='lat' dir='ltr'><strong>Deo.</strong></span> <span class='ocrx_word' id='word_1_522' title='bbox 2286 4422 2401 4484; x_wconf 87' lang='lat' dir='ltr'><strong>Ita-</strong></span> 
     </span>
     <span class='ocr_line' id='line_1_78' title="bbox 907 4519 2395 4603; baseline 0 -19"><span class='ocrx_word' id='word_1_523' title='bbox 907 4541 1054 4603; x_wconf 90' lang='lat' dir='ltr'><strong>que,</strong></span> <span class='ocrx_word' id='word_1_524' title='bbox 1091 4539 1300 4602; x_wconf 86' lang='lat' dir='ltr'><strong>surge,</strong></span> <span class='ocrx_word' id='word_1_525' title='bbox 1330 4520 1393 4581; x_wconf 94' lang='lat' dir='ltr'><strong>id</strong></span> <span class='ocrx_word' id='word_1_526' title='bbox 1424 4527 1541 4595; x_wconf 87' lang='lat' dir='ltr'><strong>est,</strong></span> <span class='ocrx_word' id='word_1_527' title='bbox 1567 4527 1779 4581; x_wconf 90' lang='lat' dir='ltr'><strong>mente</strong></span> <span class='ocrx_word' id='word_1_528' title='bbox 1800 4519 1876 4582; x_wconf 88' lang='lat' dir='ltr'><strong>ad</strong></span> <span class='ocrx_word' id='word_1_529' title='bbox 1900 4521 2094 4582; x_wconf 89' lang='lat' dir='ltr'><strong>Deum</strong></span> <span class='ocrx_word' id='word_1_530' title='bbox 2121 4531 2178 4583; x_wconf 84' lang='lat' dir='ltr'><strong>te</strong></span> <span class='ocrx_word' id='word_1_531' title='bbox 2202 4521 2395 4602; x_wconf 87' lang='lat' dir='ltr'><strong>erige,</strong></span> 
     </span>
     <span class='ocr_line' id='line_1_79' title="bbox 905 4617 2403 4701; baseline 0 -19"><span class='ocrx_word' id='word_1_532' title='bbox 905 4628 1096 4701; x_wconf 87' lang='lat' dir='ltr'><strong>atque</strong></span> <span class='ocrx_word' id='word_1_533' title='bbox 1137 4620 1214 4682; x_wconf 85' lang='lat' dir='ltr'><strong>ad</strong></span> <span class='ocrx_word' id='word_1_534' title='bbox 1259 4619 1398 4700; x_wconf 87' lang='lat' dir='ltr'><strong>ejus</strong></span> <span class='ocrx_word' id='word_1_535' title='bbox 1442 4617 1746 4680; x_wconf 90' lang='lat' dir='ltr'><strong>honorem</strong></span> <span class='ocrx_word' id='word_1_536' title='bbox 1791 4625 2002 4681; x_wconf 87' lang='lat' dir='ltr'><strong>erecto</strong></span> <span class='ocrx_word' id='word_1_537' title='bbox 2046 4627 2142 4681; x_wconf 90' lang='lat' dir='ltr'><strong>sta</strong></span> <span class='ocrx_word' id='word_1_538' title='bbox 2181 4637 2403 4700; x_wconf 88' lang='lat' dir='ltr'><strong>corpo-</strong></span> 
     </span>
     <span class='ocr_line' id='line_1_80' title="bbox 909 4716 2399 4799; baseline -0.001 -19"><span class='ocrx_word' id='word_1_539' title='bbox 909 4737 998 4795; x_wconf 87' lang='lat' dir='ltr'><strong>re,</strong></span> <span class='ocrx_word' id='word_1_540' title='bbox 1043 4726 1105 4781; x_wconf 86' lang='lat' dir='ltr'><strong>et</strong></span> <span class='ocrx_word' id='word_1_541' title='bbox 1153 4718 1413 4799; x_wconf 88' lang='lat' dir='ltr'><strong>loquere</strong></span> <span class='ocrx_word' id='word_1_542' title='bbox 1458 4716 1798 4780; x_wconf 87' lang='lat' dir='ltr'><strong>canticum.</strong></span> <span class='ocrx_word' id='word_1_543' title='bbox 1835 4717 2287 4780; x_wconf 80' lang='lat' dir='ltr'><strong>Verumtamen</strong></span> <span class='ocrx_word' id='word_1_544' title='bbox 2334 4717 2399 4779; x_wconf 90' lang='lat' dir='ltr'><strong>in</strong></span> 
     </span>
     <span class='ocr_line' id='line_1_81' title="bbox 910 4814 2398 4896; baseline 0 -19"><span class='ocrx_word' id='word_1_545' title='bbox 910 4815 1168 4878; x_wconf 81' lang='lat' dir='ltr'><strong>Hebraeo</strong></span> <span class='ocrx_word' id='word_1_546' title='bbox 1196 4833 1324 4878; x_wconf 90' lang='lat' dir='ltr'><strong>non</strong></span> <span class='ocrx_word' id='word_1_547' title='bbox 1350 4814 1642 4892; x_wconf 86' lang='lat' dir='ltr'><strong>habetur,</strong></span> <span class='ocrx_word' id='word_1_548' title='bbox 1666 4814 1882 4895; x_wconf 90' lang='lat' dir='ltr'><strong>Surge,</strong></span> <span class='ocrx_word' id='word_1_549' title='bbox 1903 4835 2111 4896; x_wconf 83' lang='lat' dir='ltr'><strong>surge,</strong></span> <span class='ocrx_word' id='word_1_550' title='bbox 2132 4815 2398 4892; x_wconf 89' lang='lat' dir='ltr'><strong>Debora,</strong></span> 
     </span>
     <span class='ocr_line' id='line_1_82' title="bbox 909 4912 2405 4995; baseline 0.001 -21"><span class='ocrx_word' id='word_1_551' title='bbox 909 4913 979 4975; x_wconf 87' lang='lat' dir='ltr'><strong>ut</strong></span> <span class='ocrx_word' id='word_1_552' title='bbox 1028 4913 1256 4976; x_wconf 87' lang='lat' dir='ltr'><strong>asserit</strong></span> <span class='ocrx_word' id='word_1_553' title='bbox 1297 4912 1557 4986; x_wconf 81' lang='lat' dir='ltr'><strong>Glossa3</strong></span> <span class='ocrx_word' id='word_1_554' title='bbox 1607 4913 1739 4990; x_wconf 90' lang='lat' dir='ltr'><strong>sed,</strong></span> <span class='ocrx_word' id='word_1_555' title='bbox 1781 4913 2232 4994; x_wconf 83' lang='lat' dir='ltr'><strong>Expergiscere</strong></span> <span class='ocrx_word' id='word_1_556' title='bbox 2276 4915 2405 4995; x_wconf 90' lang='lat' dir='ltr'><strong>spi-</strong></span> 
     </span>
     <span class='ocr_line' id='line_1_83' title="bbox 913 5010 2404 5093; baseline -0.001 -20"><span class='ocrx_word' id='word_1_557' title='bbox 913 5012 1060 5080; x_wconf 82' lang='lat' dir='ltr'><strong>ritu,</strong></span> <span class='ocrx_word' id='word_1_558' title='bbox 1098 5010 1342 5074; x_wconf 87' lang='lat' dir='ltr'><strong>scilieet</strong></span> <span class='ocrx_word' id='word_1_559' title='bbox 1385 5012 1757 5093; x_wconf 80' lang='lat' dir='ltr'><strong>prophetiae.</strong></span> <span class='ocrx_word' id='word_1_560' title='bbox 1803 5017 2034 5090; x_wconf 70' lang='lat' dir='ltr'><strong>Surqe,</strong></span> <span class='ocrx_word' id='word_1_561' title='bbox 2075 5017 2315 5082; x_wconf 70' lang='lat' dir='ltr'><strong>Barac,</strong></span> <span class='ocrx_word' id='word_1_562' title='bbox 2346 5023 2404 5073; x_wconf 76' lang='lat' dir='ltr'><strong>et</strong></span> 
     </span>
     <span class='ocr_line' id='line_1_84' title="bbox 915 5111 2403 5189; baseline 0.001 -18"><span class='ocrx_word' id='word_1_563' title='bbox 915 5113 1318 5188; x_wconf 77' lang='lat' dir='ltr'><strong>apprehende</strong></span> <span class='ocrx_word' id='word_1_564' title='bbox 1346 5113 1628 5188; x_wconf 74' lang='lat' dir='ltr'><strong>captivo-s·</strong></span> <span class='ocrx_word' id='word_1_565' title='bbox 1662 5121 1825 5180; x_wconf 67' lang='lat' dir='ltr'><strong>cuae,</strong></span> <span class='ocrx_word' id='word_1_566' title='bbox 1843 5113 1950 5189; x_wconf 77' lang='lat' dir='ltr'><strong>fili</strong></span> <span class='ocrx_word' id='word_1_567' title='bbox 1977 5112 2314 5179; x_wconf 80' lang='lat' dir='ltr'><strong>Abinocm,</strong></span> <span class='ocrx_word' id='word_1_568' title='bbox 2341 5111 2403 5172; x_wconf 89' lang='lat' dir='ltr'><strong>id</strong></span> 
     </span>
     <span class='ocr_line' id='line_1_85' title="bbox 915 5207 2406 5290; baseline 0.001 -19"><span class='ocrx_word' id='word_1_569' title='bbox 915 5216 1032 5286; x_wconf 87' lang='lat' dir='ltr'><strong>est,</strong></span> <span class='ocrx_word' id='word_1_570' title='bbox 1069 5227 1176 5272; x_wconf 86' lang='lat' dir='ltr'><strong>eos</strong></span> <span class='ocrx_word' id='word_1_571' title='bbox 1208 5208 1317 5290; x_wconf 90' lang='lat' dir='ltr'><strong>qui</strong></span> <span class='ocrx_word' id='word_1_572' title='bbox 1354 5208 1419 5270; x_wconf 90' lang='lat' dir='ltr'><strong>in</strong></span> <span class='ocrx_word' id='word_1_573' title='bbox 1450 5207 1620 5272; x_wconf 87' lang='lat' dir='ltr'><strong>bello</strong></span> <span class='ocrx_word' id='word_1_574' title='bbox 1650 5209 1844 5272; x_wconf 89' lang='lat' dir='ltr'><strong>occisi</strong></span> <span class='ocrx_word' id='word_1_575' title='bbox 1881 5227 2010 5271; x_wconf 90' lang='lat' dir='ltr'><strong>non</strong></span> <span class='ocrx_word' id='word_1_576' title='bbox 2045 5216 2216 5285; x_wconf 88' lang='lat' dir='ltr'><strong>sunt,</strong></span> <span class='ocrx_word' id='word_1_577' title='bbox 2252 5226 2406 5290; x_wconf 89' lang='lat' dir='ltr'><strong>cape</strong></span> 
     </span>
     <span class='ocr_line' id='line_1_86' title="bbox 912 5315 1183 5369; baseline -0.004 0"><span class='ocrx_word' id='word_1_578' title='bbox 912 5324 986 5369; x_wconf 90' lang='lat' dir='ltr'><strong>ac</strong></span> <span class='ocrx_word' id='word_1_579' title='bbox 1019 5315 1183 5369; x_wconf 87' lang='lat' dir='ltr'><strong>tene.</strong></span> 
     </span>
    </p>
   </div>
   <div class='ocr_carea' id='block_1_20' title="bbox 2508 4322 4010 5391">
    <p class='ocr_par' dir='ltr' id='par_1_22' title="bbox 2508 4322 4010 5391">
     <span class='ocr_line' id='line_1_87' title="bbox 2508 4322 4002 4402; baseline -0.006 -14"><span class='ocrx_word' id='word_1_580' title='bbox 2508 4324 2981 4388; x_wconf 86' lang='lat' dir='ltr'><strong>debellandum.</strong></span> <span class='ocrx_word' id='word_1_581' title='bbox 3020 4325 3147 4392; x_wconf 83' lang='lat' dir='ltr'><strong>Qui</strong></span> <span class='ocrx_word' id='word_1_582' title='bbox 3177 4322 3365 4384; x_wconf 88' lang='lat' dir='ltr'><strong>Barac</strong></span> <span class='ocrx_word' id='word_1_583' title='bbox 3394 4325 3585 4402; x_wconf 78' lang='lat' dir='ltr'><strong>quasi</strong></span> <span class='ocrx_word' id='word_1_584' title='bbox 3626 4325 3697 4382; x_wconf 81' lang='lat' dir='ltr'><strong>in</strong></span> <span class='ocrx_word' id='word_1_585' title='bbox 3722 4341 4002 4399; x_wconf 68' lang='lat' dir='ltr'><strong>proeoops</strong></span> 
     </span>
     <span class='ocr_line' id='line_1_88' title="bbox 2508 4419 3997 4494; baseline -0.003 -10"><span class='ocrx_word' id='word_1_586' title='bbox 2508 4435 2567 4485; x_wconf 79' lang='lat' dir='ltr'><strong>el</strong></span> <span class='ocrx_word' id='word_1_587' title='bbox 2598 4425 3001 4494; x_wconf 73' lang='lat' dir='ltr'><strong>barathrum,</strong></span> <span class='ocrx_word' id='word_1_588' title='bbox 3034 4443 3098 4482; x_wconf 84' lang='lat' dir='ltr'><strong>se</strong></span> <span class='ocrx_word' id='word_1_589' title='bbox 3128 4423 3507 4482; x_wconf 80' lang='lat' dir='ltr'><strong>discrimini</strong></span> <span class='ocrx_word' id='word_1_590' title='bbox 3534 4423 3734 4492; x_wconf 75' lang='lat' dir='ltr'><strong>dedit,</strong></span> <span class='ocrx_word' id='word_1_591' title='bbox 3768 4419 3835 4482; x_wconf 85' lang='lat' dir='ltr'><strong>id</strong></span> <span class='ocrx_word' id='word_1_592' title='bbox 3876 4428 3997 4493; x_wconf 80' lang='lat' dir='ltr'><strong>est,</strong></span> 
     </span>
     <span class='ocr_line' id='line_1_89' title="bbox 2512 4519 4006 4601; baseline -0.004 -16"><span class='ocrx_word' id='word_1_593' title='bbox 2512 4522 2861 4585; x_wconf 86' lang='lat' dir='ltr'><strong>secundum</strong></span> <span class='ocrx_word' id='word_1_594' title='bbox 2894 4521 3244 4582; x_wconf 90' lang='lat' dir='ltr'><strong>humanum</strong></span> <span class='ocrx_word' id='word_1_595' title='bbox 3266 4519 3577 4601; x_wconf 87' lang='lat' dir='ltr'><strong>judicium</strong></span> <span class='ocrx_word' id='word_1_596' title='bbox 3601 4528 3665 4581; x_wconf 91' lang='lat' dir='ltr'><strong>et</strong></span> <span class='ocrx_word' id='word_1_597' title='bbox 3694 4537 4006 4600; x_wconf 87' lang='lat' dir='ltr'><strong>apparen-</strong></span> 
     </span>
     <span class='ocr_line' id='line_1_90' title="bbox 2511 4616 4005 4701; baseline -0.004 -19"><span class='ocrx_word' id='word_1_598' title='bbox 2511 4620 2665 4682; x_wconf 86' lang='lat' dir='ltr'><strong>tiam</strong></span> <span class='ocrx_word' id='word_1_599' title='bbox 2697 4618 3098 4694; x_wconf 87' lang='lat' dir='ltr'><strong>exteriorem,</strong></span> <span class='ocrx_word' id='word_1_600' title='bbox 3122 4618 3525 4701; x_wconf 85' lang='lat' dir='ltr'><strong>apertissimo</strong></span> <span class='ocrx_word' id='word_1_601' title='bbox 3546 4626 3609 4680; x_wconf 89' lang='lat' dir='ltr'><strong>et</strong></span> <span class='ocrx_word' id='word_1_602' title='bbox 3630 4616 3871 4696; x_wconf 85' lang='lat' dir='ltr'><strong>ingenti</strong></span> <span class='ocrx_word' id='word_1_603' title='bbox 3894 4635 4005 4698; x_wconf 72' lang='lat' dir='ltr'><strong>pe·-</strong></span> 
     </span>
     <span class='ocr_line' id='line_1_91' title="bbox 2512 4715 4003 4798; baseline -0.004 -17"><span class='ocrx_word' id='word_1_604' title='bbox 2512 4719 2715 4782; x_wconf 89' lang='lat' dir='ltr'><strong>riculo</strong></span> <span class='ocrx_word' id='word_1_605' title='bbox 2746 4737 2813 4780; x_wconf 89' lang='lat' dir='ltr'><strong>se</strong></span> <span class='ocrx_word' id='word_1_606' title='bbox 2844 4717 3185 4794; x_wconf 89' lang='lat' dir='ltr'><strong>commisit,</strong></span> <span class='ocrx_word' id='word_1_607' title='bbox 3222 4736 3365 4780; x_wconf 87' lang='lat' dir='ltr'><strong>cum</strong></span> <span class='ocrx_word' id='word_1_608' title='bbox 3402 4715 3618 4798; x_wconf 89' lang='lat' dir='ltr'><strong>paucis</strong></span> <span class='ocrx_word' id='word_1_609' title='bbox 3650 4715 4003 4778; x_wconf 88' lang='lat' dir='ltr'><strong>inermibus</strong></span> 
     </span>
     <span class='ocr_line' id='line_1_92' title="bbox 2514 4813 4005 4898; baseline -0.003 -19"><span class='ocrx_word' id='word_1_610' title='bbox 2514 4817 2724 4880; x_wconf 89' lang='lat' dir='ltr'><strong>eundo</strong></span> <span class='ocrx_word' id='word_1_611' title='bbox 2763 4816 2842 4878; x_wconf 94' lang='lat' dir='ltr'><strong>ad</strong></span> <span class='ocrx_word' id='word_1_612' title='bbox 2885 4832 3163 4898; x_wconf 89' lang='lat' dir='ltr'><strong>pugnam</strong></span> <span class='ocrx_word' id='word_1_613' title='bbox 3206 4821 3426 4877; x_wconf 86' lang='lat' dir='ltr'><strong>contra</strong></span> <span class='ocrx_word' id='word_1_614' title='bbox 3476 4822 3721 4876; x_wconf 87' lang='lat' dir='ltr'><strong>tantum</strong></span> <span class='ocrx_word' id='word_1_615' title='bbox 3762 4813 4005 4875; x_wconf 89' lang='lat' dir='ltr'><strong>Chana-</strong></span> 
     </span>
     <span class='ocr_line' id='line_1_93' title="bbox 2516 4909 4008 4990; baseline -0.004 -13"><span class='ocrx_word' id='word_1_616' title='bbox 2516 4933 2796 4977; x_wconf 82' lang='lat' dir='ltr'><strong>naeorum</strong></span> <span class='ocrx_word' id='word_1_617' title='bbox 2848 4913 3215 4977; x_wconf 86' lang='lat' dir='ltr'><strong>exercitum.</strong></span> <span class='ocrx_word' id='word_1_618' title='bbox 3252 4912 3387 4990; x_wconf 85' lang='lat' dir='ltr'><strong>Vel,</strong></span> <span class='ocrx_word' id='word_1_619' title='bbox 3442 4912 3625 4974; x_wconf 89' lang='lat' dir='ltr'><strong>Dedit</strong></span> <span class='ocrx_word' id='word_1_620' title='bbox 3675 4930 3743 4973; x_wconf 90' lang='lat' dir='ltr'><strong>se</strong></span> <span class='ocrx_word' id='word_1_621' title='bbox 3785 4909 4008 4972; x_wconf 88' lang='lat' dir='ltr'><strong>discri-</strong></span> 
     </span>
     <span class='ocr_line' id='line_1_94' title="bbox 2514 5009 4004 5094; baseline -0.003 -20"><span class='ocrx_word' id='word_1_622' title='bbox 2514 5013 2695 5087; x_wconf 87' lang='lat' dir='ltr'><strong>mini,</strong></span> <span class='ocrx_word' id='word_1_623' title='bbox 2731 5013 2912 5094; x_wconf 88' lang='lat' dir='ltr'><strong>quasi</strong></span> <span class='ocrx_word' id='word_1_624' title='bbox 2967 5011 3031 5073; x_wconf 91' lang='lat' dir='ltr'><strong>in</strong></span> <span class='ocrx_word' id='word_1_625' title='bbox 3076 5029 3357 5093; x_wconf 82' lang='lat' dir='ltr'><strong>praeceps</strong></span> <span class='ocrx_word' id='word_1_626' title='bbox 3397 5020 3460 5073; x_wconf 88' lang='lat' dir='ltr'><strong>ct</strong></span> <span class='ocrx_word' id='word_1_627' title='bbox 3503 5010 3891 5085; x_wconf 82' lang='lat' dir='ltr'><strong>barathrum,</strong></span> <span class='ocrx_word' id='word_1_628' title='bbox 3942 5009 4004 5070; x_wconf 87' lang='lat' dir='ltr'><strong>id</strong></span> 
     </span>
     <span class='ocr_line' id='line_1_95' title="bbox 2514 5108 4008 5190; baseline -0.004 -16"><span class='ocrx_word' id='word_1_629' title='bbox 2514 5118 2632 5186; x_wconf 89' lang='lat' dir='ltr'><strong>est,</strong></span> <span class='ocrx_word' id='word_1_630' title='bbox 2666 5108 3062 5174; x_wconf 86' lang='lat' dir='ltr'><strong>adversarios</strong></span> <span class='ocrx_word' id='word_1_631' title='bbox 3098 5109 3423 5172; x_wconf 89' lang='lat' dir='ltr'><strong>insecutus</strong></span> <span class='ocrx_word' id='word_1_632' title='bbox 3466 5117 3562 5171; x_wconf 90' lang='lat' dir='ltr'><strong>est</strong></span> <span class='ocrx_word' id='word_1_633' title='bbox 3592 5127 3705 5190; x_wconf 89' lang='lat' dir='ltr'><strong>per</strong></span> <span class='ocrx_word' id='word_1_634' title='bbox 3737 5108 3873 5170; x_wconf 87' lang='lat' dir='ltr'><strong>loca</strong></span> <span class='ocrx_word' id='word_1_635' title='bbox 3909 5125 4008 5168; x_wconf 87' lang='lat' dir='ltr'><strong>as-</strong></span> 
     </span>
     <span class='ocr_line' id='line_1_96' title="bbox 2515 5205 4009 5293; baseline -0.003 -21"><span class='ocrx_word' id='word_1_636' title='bbox 2515 5229 2689 5293; x_wconf 89' lang='lat' dir='ltr'><strong>pera,</strong></span> <span class='ocrx_word' id='word_1_637' title='bbox 2727 5209 2793 5270; x_wconf 92' lang='lat' dir='ltr'><strong>in</strong></span> <span class='ocrx_word' id='word_1_638' title='bbox 2835 5206 3071 5289; x_wconf 90' lang='lat' dir='ltr'><strong>quibus</strong></span> <span class='ocrx_word' id='word_1_639' title='bbox 3114 5207 3467 5291; x_wconf 80' lang='lat' dir='ltr'><strong>praecipitia</strong></span> <span class='ocrx_word' id='word_1_640' title='bbox 3502 5215 3683 5269; x_wconf 87' lang='lat' dir='ltr'><strong>erant</strong></span> <span class='ocrx_word' id='word_1_641' title='bbox 3716 5215 3781 5269; x_wconf 89' lang='lat' dir='ltr'><strong>et</strong></span> <span class='ocrx_word' id='word_1_642' title='bbox 3808 5205 4009 5268; x_wconf 83' lang='lat' dir='ltr'><strong>valles</strong></span> 
     </span>
     <span class='ocr_line' id='line_1_97' title="bbox 2515 5303 4010 5391; baseline -0.002 -22"><span class='ocrx_word' id='word_1_643' title='bbox 2515 5306 2851 5391; x_wconf 79' lang='lat' dir='ltr'><strong>profundae</strong></span> <span class='ocrx_word' id='word_1_644' title='bbox 2883 5325 2956 5368; x_wconf 93' lang='lat' dir='ltr'><strong>ac</strong></span> <span class='ocrx_word' id='word_1_645' title='bbox 2997 5305 3196 5370; x_wconf 76' lang='lat' dir='ltr'><strong>foveae</strong></span> <span class='ocrx_word' id='word_1_646' title='bbox 3233 5322 3247 5367; x_wconf 90' lang='lat'>:</span> <span class='ocrx_word' id='word_1_647' title='bbox 3284 5304 3414 5369; x_wconf 88' lang='lat' dir='ltr'><strong>imo</strong></span> <span class='ocrx_word' id='word_1_648' title='bbox 3458 5305 3806 5368; x_wconf 86' lang='lat' dir='ltr'><strong>secundum</strong></span> <span class='ocrx_word' id='word_1_649' title='bbox 3835 5303 4010 5368; x_wconf 90' lang='lat' dir='ltr'><strong>Glos-</strong></span> 
     </span>
    </p>
   </div>
   <div class='ocr_carea' id='block_1_21' title="bbox 4305 970 4315 2841">
    <p class='ocr_par' dir='ltr' id='par_1_23' title="bbox 4305 970 4315 2841">
     <span class='ocr_line' id='line_1_98' title="bbox 4305 970 4315 2841; baseline 0 0"><span class='ocrx_word' id='word_1_650' title='bbox 4305 970 4315 2841; x_wconf 95' lang='lat' dir='ltr'><strong> </strong></span> 
     </span>
    </p>
   </div>
   <div class='ocr_carea' id='block_1_22' title="bbox 4303 3195 4318 6211">
    <p class='ocr_par' dir='ltr' id='par_1_24' title="bbox 4303 3195 4318 6211">
     <span class='ocr_line' id='line_1_99' title="bbox 4303 3195 4318 6211; baseline 0 0"><span class='ocrx_word' id='word_1_651' title='bbox 4303 3195 4318 6211; x_wconf 95' lang='lat' dir='ltr'><strong> </strong></span> 
     </span>
    </p>
   </div>
  </div>
 </body>
</html>
