4359 6250
837 527 944 572 XIV
1985 527 2275 572 EPISTOLA
2320 525 2792 572 NUNGUPATORIA

835 701 1248 784 integraque.
1276 702 1526 765 Verum
1556 701 1723 764 dicit
1751 699 1998 781 aliquis
2031 720 2046 760 ε
2081 699 2258 772 Quid
2286 701 2430 762 tum
2464 717 2674 780 quum
2712 699 3153 763 defecerimus
3186 701 3387 763 etiam
3416 717 3541 764 nos
3576 701 3660 763 ab
3690 700 3945 764 unitate

834 807 1152 872 Ecclesiae
1191 808 1537 872 universi?
1577 807 1964 871 Cessabitne
1993 807 2136 870 tum
2164 806 2511 870 Ecclesia?
2540 806 3103 887 Haudquaquam.
3136 807 3385 870 Potens
3420 807 3525 870 est
3548 808 3729 871 enim
3764 808 3945 871 Deus

834 914 1004 978 alios
1029 915 1206 978 filios
1242 916 1526 979 Abrahae
1558 916 1660 978 vel
1701 915 1878 997 apud
1907 914 2237 978 extremas
2266 913 2571 977 nationes
2598 914 2945 991 suscitare,
2972 913 3089 994 qui
3118 913 3509 977 recumbant
3530 931 3685 977 cum
3714 915 3944 978 eodem

834 1023 906 1084 in
941 1039 1143 1102 regno
1181 1023 1332 1086 Dei.
1388 1023 1474 1084 Et
1516 1022 1682 1104 quid
1731 1020 2022 1084 dicimus
2057 1021 2276 1084 Deum
2312 1037 2509 1102 posse
2543 1020 2671 1084 hoc
2718 1019 2957 1098 facere,
2998 1038 3211 1101 quum
3260 1021 3558 1084 sciamus
3605 1021 3674 1084 id
3724 1022 3943 1103 ipsum

833 1147 1011 1193 nunc
1047 1130 1190 1194 fieri
1228 1131 1295 1194 in
1331 1130 1662 1206 America,
1707 1129 1915 1204 Cuba,
1950 1145 2122 1191 nova
2162 1128 2511 1209 Hispania,
2554 1128 2620 1189 et
2654 1127 2807 1190 aliis
2848 1127 3123 1208 majoris
3158 1127 3338 1191 Asiae
3375 1128 3783 1208 regionibuS,
3822 1144 3947 1209 po-

833 1239 1012 1319 pulis
1048 1240 1115 1301 et
1153 1239 1406 1319 linguis
1451 1255 1568 1318 per
1606 1236 1990 1318 Hispanos?
2023 1235 2110 1298 Et
2150 1235 2220 1298 in
2262 1235 2632 1316 AEthiopia,
2678 1235 2949 1313 Arabia,
2992 1235 3245 1311 Persia,
3289 1235 3508 1316 India,
3553 1237 3619 1299 et
3656 1237 3947 1298 circum-

827 1343 1208 1424 jacentibus
1266 1344 1816 1408 meridionalibus
1872 1342 2112 1406 insulis
2162 1359 2281 1423 per
2328 1342 2843 1422 Portugalenses
2900 1341 3067 1423 quid
3113 1343 3247 1404 fit?
3290 1343 3527 1405 Nonne
3580 1343 3653 1405 hi
3703 1341 3947 1423 quibus

833 1451 1156 1515 hactenus
1197 1453 1278 1520 de
1320 1451 1584 1515 Christo
1617 1451 1711 1513 nil
1750 1450 2225 1514 annuntiatum
2262 1449 2385 1526 est,
2424 1449 2727 1530 potenter
2762 1448 2964 1512 hodie
3011 1450 3334 1512 vocantur
3371 1466 3411 1513 a
3446 1449 3614 1528 Dec,
3648 1449 3948 1530 miroque

833 1559 1088 1623 fervore
1137 1560 1204 1623 et
1255 1559 1499 1639 gaudio
1550 1559 1635 1621 ad
1680 1558 1880 1622 fidem
1926 1557 2287 1634 currenteS,
2338 1556 2655 1619 Ecclesiae
2694 1555 2863 1636 jngo
2909 1557 3213 1620 certatim
3264 1556 3435 1620 colla
3481 1556 3947 1620 submittunt?

835 1665 1013 1739 Quid
1051 1667 1370 1748 putamus
1407 1665 1614 1743 aliud,
1656 1681 1861 1746 quam
1903 1663 2086 1745 quod
2126 1681 2242 1745 per
2285 1679 2514 1725 servos
2552 1679 2713 1726 suos
2757 1663 2921 1725 olim
2958 1663 3444 1726 comminatum
3482 1679 3625 1726 esse
3661 1662 3947 1742 legimus

836 1773 1204 1851 Christum,
1246 1775 1322 1835 ut
1351 1772 1583 1836 relicta
1617 1771 1981 1836 occidentis
2019 1769 2227 1850 hujus
2264 1769 2581 1833 Ecclesiae
2618 1769 2871 1847 acedia,
2900 1769 3153 1833 relictis
3192 1769 3492 1847 faecibuS,
3532 1769 3777 1850 quibus
3812 1786 3945 1833 non

837 1881 1166 1944 inveniret
1199 1880 1328 1943 sibi
1359 1880 1468 1943 hic
1500 1878 1656 1960 (hoc
1685 1881 1806 1957 est,
1831 1879 1900 1941 in
1931 1877 2245 1940 cordibus
2276 1876 2627 1939 hominum
2662 1876 2869 1956 hujus
2896 1877 3328 1941 occidentalis
3355 1874 3697 1955 Ecclaeiae)
3721 1876 3943 1940 locum

836 1989 903 2051 et
927 1988 1252 2068 requiem,
1280 1987 1608 2068 quaereret
1641 1985 1772 2048 sibi
1807 2002 2060 2048 novum
2089 1985 2439 2066 populum,
2479 1985 2565 2046 ad
2591 2000 2793 2065 quem
2822 1984 3107 2064 gratiam
3135 2001 3329 2046 suam
3366 1985 3433 2047 et
3458 1983 3775 2046 Ecclesiae
3800 1999 3945 2046 suae

835 2093 1262 2158 Sacramenta
1291 2091 1726 2156 transferret?
1751 2092 1888 2155 Nec
1925 2091 2233 2154 dissonat
2271 2090 2730 2174 evangelicum
2769 2108 2808 2152 a
2844 2090 3184 2154 Salvatore
3212 2091 3438 2154 nostro
3477 2089 3605 2152 sub
3636 2088 3947 2170 parabola

833 2200 1090 2264 Judaeis
1134 2200 1416 2278 dictum,
1456 2201 1638 2282 quod
1685 2200 1898 2262 malos
1938 2198 2111 2261 male
2158 2197 2408 2279 perdet,
2448 2198 2849 2278 vineamque
2890 2215 3085 2261 suam
3127 2197 3376 2260 locabit
3416 2197 3567 2260 aliis
3613 2196 3945 2275 agricoliS,

835 2308 953 2389 qui
991 2307 1248 2371 dabunt
1293 2308 1353 2370 ei
1401 2307 1694 2370 fructum
1731 2305 1800 2368 in
1849 2307 2142 2386 tempore
2179 2322 2327 2366 suo,
2378 2305 2466 2367 Et
2513 2305 2679 2367 illud
2726 2325 2742 2365 :
2783 2303 3143 2368 Auferetur
3191 2322 3233 2366 a
3281 2303 3475 2367 vobis
3522 2319 3827 2383 regnum,
3885 2304 3952 2366 et

838 2414 1104 2478 dabitur
1139 2414 1322 2496 genti
1367 2413 1636 2477 facienti
1673 2411 1964 2476 fructum
2005 2411 2174 2491 eius.
2215 2411 2567 2484 Quomodo
2605 2411 2784 2475 enim
2822 2413 2976 2492 post
3010 2411 3222 2474 multa
3263 2411 3583 2475 beneficia
3619 2428 3661 2472 a
3693 2409 3949 2474 Judaeis

836 2522 1020 2585 Deus
1059 2521 1330 2584 recessit
1367 2521 1634 2601 propter
1673 2518 2059 2582 eorumdem
2096 2518 2647 2598 ingratitudinem
2683 2519 2752 2581 et
2777 2517 3229 2596 rebellionem,
3271 2518 3339 2582 et
3372 2517 3639 2581 transiit
3664 2516 3748 2580 ad
3782 2533 3947 2596 gen-

835 2630 962 2708 te8‚
1005 2628 1101 2691 ita
1144 2645 1321 2692 nunc
1358 2629 1623 2710 propter
1674 2626 1886 2690 nimia
1933 2627 2205 2708 peccata
2252 2625 2810 2702 Christianorum,
2844 2624 3007 2705 quid
3044 2624 3294 2689 mirum
3331 2624 3393 2687 si
3430 2640 3547 2688 eos
3593 2624 3943 2705 relinquat,

838 2736 1197 2816 omniaque
1243 2735 1568 2812 dissidiiS,
1608 2734 1833 2810 sectiS,
1876 2733 2243 2797 haeresibus
2286 2733 2752 2822 contaminari,
2792 2749 2864 2796 se
2902 2735 3137 2795 mutuo
3187 2731 3511 2810 mordere,
3540 2731 3846 2795 consumi
3882 2733 3950 2795 et

838 2844 1117 2907 deficere
1167 2843 1370 2920 sinat,
1411 2843 1553 2924 ipse
1590 2858 1748 2904 vero
1797 2841 1882 2904 ad
1917 2857 2126 2904 novas
2167 2843 2420 2921 gentes,
2471 2840 2843 2904 Ecclesiam
2892 2857 3083 2902 suam
3130 2840 3379 2903 ibidem
3434 2839 3947 2916 constituturus,

836 2952 1088 3033 pergat,
1120 2968 1157 3013 a
1188 2951 1434 3031 quibus
1465 2948 2073 3012 desiderantissime
2106 2949 2487 3031 recipiatur,
2519 2949 2718 3028 atque
2756 2946 3052 3010 caritatis
3087 2946 3302 3010 calore
3332 2945 3683 3010 foveatur?
3717 2946 3947 3028 Itaque

837 3075 1100 3142 semper
1135 3057 1433 3124 manebit
1466 3057 1654 3135 fideS,
1703 3073 1965 3138 semper
2001 3055 2447 3140 perseverabit
2489 3053 2812 3133 Ecclesia,
2850 3054 3008 3117 licet
3052 3054 3587 3136 persecutionum
3636 3053 3949 3116 torculari

837 3183 1088 3249 pressa,
1129 3184 1169 3231 a
1202 3167 1350 3229 loco
1396 3166 1464 3229 in
1496 3166 1719 3229 locum
1765 3164 2112 3244 demigret.
2145 3165 2294 3227 Non
2332 3163 2595 3227 deficiet
2628 3164 2793 3227 fides
2823 3163 3001 3226 Petri
3034 3163 3099 3226 et
3127 3179 3588 3226 successorum
3628 3161 3775 3242 eJus
3808 3160 3947 3225 Ro-

840 3290 1056 3337 manae
1101 3274 1294 3337 Sedis
1340 3273 1768 3351 Pontificum,
1810 3271 1928 3353 qui
1973 3272 2136 3335 sunt
2178 3271 2414 3335 vicarii
2469 3270 2717 3333 Christi
2769 3272 2837 3334 in
2894 3270 3109 3334 terris,
3152 3271 3281 3334 Pro
3337 3287 3472 3351 qua
3514 3287 3597 3333 ne
3646 3270 3951 3332 deficeret

841 3381 1020 3444 idem
1077 3380 1384 3445 Christus
1431 3381 1573 3463 ipse
1621 3378 1902 3460 rogavit.
1953 3379 2031 3443 In
2086 3380 2213 3442 hac
2264 3379 2417 3457 fide,
2472 3378 2545 3441 in
2594 3377 2717 3441 hac
2778 3378 3078 3441 Ecclesia
3129 3376 3447 3455 BasiliuS,
3500 3376 3945 3456 Augustinus,

841 3486 1235 3569 CyprianUS,
1289 3488 1612 3566 HilariuS,
1665 3488 2083 3564 AmbrosiuS,
2132 3487 2606 3567 HieronymuS,
2655 3485 2791 3548 imo
2846 3470 3179 3567 quotquot
3225 3484 3566 3567 MartyreS,
3617 3485 3949 3565 quotquot

841 3595 1068 3659 Sancti
1109 3594 1312 3673 fuere,
1344 3595 1677 3677 quotquot
1703 3594 1991 3675 denique
2035 3594 2506 3657 miraculorum
2544 3609 2619 3655 ac
2658 3592 3005 3672 signorum
3042 3592 3367 3679 prodigiis
3404 3591 3716 3669 claruere,
3754 3590 3948 3653 vixe-

838 3702 999 3765 runt
1035 3718 1312 3766 omnes:
1355 3704 1518 3766 adeo
1565 3704 1640 3766 ut
1686 3720 1768 3765 ne
1808 3719 2018 3765 unum
2061 3702 2333 3782 quidem
2373 3700 2718 3779 contingat
2752 3700 3149 3763 Sanctorum
3196 3700 3383 3763 extra
3424 3698 3595 3763 hanc
3631 3698 3945 3761 Ecclesiae

840 3810 1166 3873 unitatem
1202 3810 1506 3873 inveniri.
1543 3805 1712 3885 Quis
1749 3809 1831 3871 de
1878 3809 1993 3871 illa
2021 3808 2324 3871 Ecclesia
2362 3807 2505 3887 Jam
2550 3806 2895 3889 ambigat?
2926 3808 3045 3869 aut
3084 3806 3239 3888 quis
3268 3823 3413 3869 sese
3442 3806 3601 3869 huic
3639 3823 3772 3868 non
3800 3805 3947 3868 tuto

842 3918 1241 3994 committat,
1277 3917 1472 3997 qu'us
1501 3917 1808 3980 Christus
1837 3918 2053 3979 rector
2089 3916 2155 3978 et
2188 3932 2500 3997 sponsus,
2541 3914 2652 3976 cui
2680 3914 3037 3996 Apostolos
3077 3916 3143 3978 et
3181 3914 3549 3996 Episcopos
3585 3913 3761 3976 idem
3804 3912 3946 3993 ipse

842 4026 1024 4089 dedit
1068 4026 1383 4107 praesides
1408 4026 1440 4088 i>
1471 4026 1638 4098 Quis
1681 4026 1747 4088 in
1789 4025 1914 4087 hac
1950 4024 2251 4086 Ecclesia
2288 4023 2539 4086 metuat
2567 4022 2877 4103 inveniri,
2909 4022 2981 4085 in
3021 4040 3156 4103 qua
3192 4040 3425 4086 omnes
3460 4021 3791 4103 quotquot
3818 4020 3949 4084 sal-

841 4133 979 4195 vati
1027 4131 1232 4207 fuere,
1273 4132 1636 4195 vixerunt?
1682 4133 1854 4194 Nam
1899 4131 1960 4193 si
2011 4130 2164 4210 quis
2208 4132 2391 4193 extra
2437 4130 2609 4192 hanc
2660 4130 2918 4210 quaerat
2958 4130 3268 4206 salutem,
3311 4130 3493 4193 extra
3536 4145 3756 4191 arcam
3799 4128 3945 4191 Noe

842 4240 1013 4302 inter
1056 4256 1263 4319 aquas
1299 4238 1538 4301 diluvii
1568 4238 1724 4320 (hoc
1767 4240 1890 4315 est,
1943 4238 2116 4301 inter
2150 4236 2463 4299 humanae
2502 4236 2847 4318 sapientiae
2886 4236 3129 4316 undas)
3161 4235 3425 4317 peribit,
3464 4252 3604 4298 suae
3642 4233 3942 4297 stultitiae

841 4346 1363 4426 temeritatisque
1420 4346 1650 4428 procul
1697 4345 1900 4408 dubio
1951 4346 2231 4407 daturus
2279 4360 2529 4425 poenas,
2591 4343 2735 4407 Hoc
2786 4341 3037 4405 idcirco
3095 4358 3719 4418 commemoramuS,
3766 4342 3945 4420 quod

840 4450 1253 4531 temporibus
1299 4452 1546 4514 nostris
1582 4452 1697 4514 illa
1735 4469 1884 4533 quae
1922 4451 2184 4529 Regum
2225 4450 2467 4513 docent
2509 4449 2685 4527 libri,
2731 4448 2926 4513 valde
2964 4448 3291 4511 alludunt.
3338 4448 3440 4511 Ibi
3476 4449 3655 4512 enim
3695 4466 3734 4510 a
3772 4447 3947 4509 Juda

843 4557 985 4639 (ubi
1030 4558 1158 4630 lex,
1207 4558 1324 4620 ubi
1376 4559 1495 4621 Dei
1542 4559 1866 4640 templum
1911 4560 2050 4621 erat
2087 4558 2154 4619 et
2189 4556 2439 4636 cultus)
2478 4557 2705 4619 decem
2750 4556 2961 4619 tribus
3006 4555 3349 4637 separatae,
3394 4555 3598 4618 nullis
3642 4555 3949 4636 poterant

841 4664 1324 4746 Prophetarum
1366 4664 1938 4729 admonitionibus
1975 4662 2295 4740 revocari,
2330 4663 2538 4725 donec
2576 4664 2645 4727 in
2684 4662 3161 4743 captivitatem,
3202 4661 3643 4743 direptionem
3686 4661 3946 4742 disper-

842 4772 1232 4851 sionemque
1271 4789 1503 4836 omnes
1531 4772 1836 4834 abductae
1873 4772 2052 4833 sunt.
2087 4769 2197 4834 Sic
2226 4769 2426 4832 modo
2457 4787 2590 4834 non
2628 4769 2825 4852 pauci
2855 4769 2938 4832 ab
2964 4769 3265 4833 Ecclesia
3291 4786 3447 4831 vera
3478 4768 3547 4831 et
3580 4767 3947 4831 orthodoxa

841 4878 1182 4957 deficiunt,
1224 4896 1356 4960 quo
1403 4879 1752 4960 praeceptis
1797 4876 2100 4955 eiusdem
2146 4877 2380 4957 suapte
2418 4877 2788 4940 temeritate
2822 4876 3133 4952 absoluti,
3170 4875 3445 4939 liberius
3488 4876 3784 4956 peccent.
3823 4874 3946 4936 His

842 4986 1168 5066 quantum
1215 4987 1420 5049 semel
1458 4985 1822 5066 deliquisse
1859 4984 2114 5060 noceat,
2159 4983 2295 5046 nisi
2331 4984 2666 5066 perpetuis
2702 4985 2923 5047 essent
2964 4982 3253 5046 tenebris
3291 4982 3627 5060 excaecati,
3669 4980 3949 5045 manife-

840 5094 1023 5155 stum
1073 5092 1260 5155 foret.
1296 5092 1622 5155 Videmus
1659 5092 1838 5155 enim
1879 5110 2024 5169 nOS,
2057 5091 2395 5172 quomodo
2430 5090 2649 5173 prima
2688 5090 2955 5153 illorum
2994 5089 3277 5153 desectio
3316 5088 3399 5152 ab
3434 5088 3748 5152 Ecclesiae
3787 5087 3946 5151 obe-

839 5198 1114 5275 dientia,
1160 5182 1494 5280 quomodo
1545 5199 1833 5263 Romani
1877 5198 2247 5277 PontificiS,
2288 5198 2602 5260 Ecclesiae
2653 5198 2981 5261 universae
3025 5196 3295 5275 Christi,
3340 5195 3640 5276 eJusdem
3676 5194 3947 5260 nomine

839 5304 1138 5382 rectoriS,
1181 5306 1626 5389 contemptuS,
1679 5323 1792 5370 eos
1839 5305 2054 5386 magis
2093 5304 2441 5386 magisque
2485 5303 2642 5368 fecit
2683 5304 3127 5369 tenebrescere
3171 5320 3247 5367 ac
3288 5302 3620 5381 caecutire‚
3660 5302 3823 5365 adeo
3868 5302 3946 5364 ut
