4359 6250
660 1191 795 1234 Prov-
808 1205 849 1242 v.
864 1194 904 1243 63

638 1267 710 1303 vn,
729 1256 794 1306 ¹0,
815 1255 879 1298 12.

930 487 1049 550 454

1512 508 1859 556 ENAnnAno
1902 510 1964 554 IN
2006 508 2143 554 CAP-
2191 507 2258 553 111
2299 507 2458 554 unm
2501 508 2754 554 ssscUNm
2801 509 3028 555 ΒΕΓ-ΒΜ.
3071 519 3153 538 -·-
3195 507 3336 554 An'r.
3379 508 3441 554 v1

933 675 1143 738 carnis
1175 675 1629 755 deservienteS‚
1664 678 1915 759 objecta
1944 685 2242 758 quaerunt
2271 677 2424 738 deli·
2452 677 2501 738 A
2532 676 2903 760 umphantis
2933 678 3230 742 Ecclesiae
3259 677 3622 740 beatificam
3647 675 3998 742 alimoniam

932 775 1174 837 ciarum
1226 795 1507 854 suarum,
1541 786 1603 840 et
1646 777 1961 860 Respham
2000 775 2424 839 concubinam

936 873 1081 936 Saul
1105 884 1517 954 cognoscunt.
1544 875 1793 958 Respha
1821 874 2016 952 enim,
2033 893 2297 937 currens
2318 883 2428 937 aut

934 972 1117 1036 velox
1140 973 1592 1056 interpretatur
1620 991 1633 1035 :
1660 994 1773 1057 per
1793 993 1985 1056 quam
2006 991 2428 1055 quaecumque

933 1070 1168 1134 mulier
1200 1071 1436 1134 lasciva
1466 1081 1528 1134 et
1561 1072 1847 1155 inquieta
1886 1071 2287 1154 exprimitur,
2321 1089 2428 1133 cu-

932 1169 1039 1250 jus
1068 1187 1321 1250 gressus
1364 1179 1513 1232 sunt
1544 1171 1687 1250 vagi
1728 1179 1791 1233 et
1830 1169 2331 1250 investigabileS,
2365 1177 2428 1230 et

936 1287 1107 1330 nunc
1140 1267 1319 1345 foriS,
1344 1288 1513 1332 nunc
1545 1269 1738 1346 domi,
1766 1287 1937 1331 nunc
1970 1269 2035 1329 in
2066 1267 2292 1349 plateis
2323 1286 2429 1349 ap—

936 1374 1117 1448 paret
1146 1375 1364 1448 parata
1389 1369 1469 1430 ad
1498 1367 1743 1430 animas
1773 1368 2134 1450 capiendas.
2169 1367 2429 1448 Propter

937 1464 1380 1545 hujuscemodi
1412 1464 1687 1528 feminas
1712 1465 2082 1547 frequenter
2110 1464 2428 1527 dissensio

936 1563 1139 1629 oritur
1169 1563 1337 1626 inter
1358 1564 1646 1626 carnales
1666 1573 1729 1626 et
1756 1572 2046 1646 potentes
2080 1563 2145 1625 in
2169 1563 2425 1628 saeculo.

939 1661 1169 1743 Sicque
1201 1661 1519 1725 interdum
1552 1663 1886 1743 contingit,
1922 1672 1993 1725 ut
2022 1662 2121 1726 vir
2152 1663 2426 1725 naturali

937 1761 1205 1824 scientia
1236 1762 1561 1844 praedituS,
1604 1772 1794 1847 atque
1826 1763 1890 1824 in
1938 1763 2177 1825 mundo
2209 1781 2426 1844 exper-

2532 777 2978 859 perducuntur.
2993 777 3326 858 Quumque
3345 776 3499 840 boni
3520 775 3756 858 praelati
3777 784 3838 838 et
3851 793 4004 858 prm-

2534 875 2846 938 dicatores
2878 875 3089 938 idonci
3132 875 3372 938 fuerint
3407 874 3499 937 sic
3533 873 3750 938 refecti
3777 882 3840 936 et
3869 893 4006 938 con-

2536 971 2774 1049 fortati,
2828 973 3106 1054 amplius
3159 973 3570 1036 inardescunt
3620 973 3696 1034 ad
3746 972 4002 1034 aliorum

2535 1071 3016 1134 conversionem
3063 1081 3126 1135 et
3160 1070 3718 1135 honorificentiam
3747 1071 4004 1134 Salvato-

2537 1171 2644 1248 ris‚
2681 1180 2997 1253 quatenus
3028 1171 3168 1253 ipse
3211 1171 3276 1232 in
3307 1170 3608 1235 omnibus
3649 1179 3860 1250 regnet
3899 1190 4002 1251 per

2535 1270 2864 1333 caritatem
2906 1277 2968 1332 et
3007 1270 3435 1333 obedientiam
3477 1277 3777 1346 sanctam,
3809 1277 3880 1332 et
3915 1269 4004 1331 di-

2534 1369 2624 1431 cit
2655 1369 3100 1451 unusquisque
3132 1389 3350 1432 corum
3381 1387 3394 1431 :
3429 1373 3714 1447 Surgam
3739 1389 3775 1432 a
3799 1369 4002 1450 quiete

2536 1468 3124 1549 contemplationis,
3179 1479 3251 1529 ut
3309 1467 3776 1550 praedicationis
3829 1467 4000 1530 obse-

2536 1565 2712 1647 quio,
2739 1567 2887 1630 vitae
2917 1567 3230 1649 exemp10,
3257 1577 3320 1630 et
3349 1567 3658 1629 orationis
3687 1565 3998 1646 suffragio,

2537 1659 2906 1744 conyreyevn
2955 1670 3043 1726 ad
3093 1677 3150 1727 te
3185 1669 3526 1727 dominum
3567 1687 3774 1727 meum
3811 1685 4000 1742 reyem

2538 1786 2789 1826 omnem
2815 1769 3042 1837 Israel,
3067 1763 3129 1828 id
3163 1774 3255 1828 est
3281 1764 3674 1829 Christianos
3705 1784 3812 1848 per
3837 1763 4002 1828 vitio-

940 1868 1061 1937 ωε,
1098 1861 1456 1923 consideret
1487 1862 1833 1925 vanitatem
1856 1870 1918 1924 et
1937 1861 2270 1938 vilitatem,
2299 1861 2426 1924 imo
2466 1861 2510 1923 B
2541 1882 2679 1925 rum
2711 1863 2898 1926 devia
2927 1863 3080 1926 hinc
3112 1863 3260 1926 inde
3289 1863 3636 1945 disperSOS,
3669 1875 3728 1925 et
3755 1867 4002 1941 impe-ms

938 1967 1001 2022 et
1032 1959 1509 2042 perversitatem
1542 1961 1879 2023 mundanae
1900 1968 1963 2024 et
1982 1959 2254 2023 carnalis
2285 1978 2429 2023 con-

940 2058 1343 2134 versationis,
1377 2067 1439 2120 ct
1490 2077 1682 2140 quam
1722 2059 2027 2122 miserum
2072 2059 2155 2121 sit
2197 2058 2428 2123 saeculo

939 2155 1260 2220 deservire
1296 2173 1310 2218 :
1346 2156 1582 2220 idcirco
1633 2158 1933 2240 proponit
1979 2159 2058 2220 ad
2106 2158 2428 2220 Christum

940 2255 1251 2331 converti,
1286 2255 1415 2318 imo
1446 2264 1508 2318 et
1540 2255 1700 2318 alios
1734 2275 1949 2319 secum
1980 2257 2059 2318 ad
2091 2256 2304 2338 ipsum
2335 2275 2430 2319 re-

940 2356 1195 2430 ducere,
1231 2352 1336 2416 cui
1384 2353 1670 2416 Christus
1719 2356 2048 2418 remandat
2083 2373 2097 2416 ε
2136 2358 2284 2416 Non
2333 2357 2429 2415 vi-

940 2455 1115 2514 debis
1163 2453 1399 2531 faciem
1439 2473 1670 2523 meam,
1706 2453 1829 2514 nisi
1867 2456 2224 2520 adduxeris
2272 2454 2430 2516 mihi

942 2555 1185 2615 *Mic-hot
1234 2551 1573 2632 conjugem
1623 2570 1852 2629 meam,
1907 2552 1969 2614 id
2019 2561 2136 2629 est,
2185 2553 2429 2615 animas

940 2670 1101 2732 quas
1132 2669 1169 2712 a
1208 2650 1527 2732 spirituali
1569 2668 1711 2713 mco
1754 2649 2077 2713 connubio
2116 2652 2426 2728 avertisti,

942 2769 1048 2812 eas
1101 2749 1410 2812 trahendo
1464 2751 1543 2812 ad
1601 2748 1788 2826 vitia,
1840 2749 2159 2812 studueris
2211 2770 2429 2813 rursus

2538 1965 2838 2024 omnibus
2877 1981 2990 2044 per
3034 1962 3232 2025 fidem
3278 1971 3342 2026 et
3385 1962 3812 2040 dilectionem,
3851 1967 4002 2024 sicut

2536 2064 2859 2122 desiderat
2894 2064 3119 2123 anima
3155 2072 3290 2123 tua.
3325 2061 3554 2124 Anima
3591 2062 3816 2126 etenim
3846 2062 4002 2125 Chri-

2539 2159 2644 2236 sti,
2682 2161 2969 2222 omnium
3009 2160 3190 2242 cupit
3221 2159 3490 2223 salutem
3527 2178 3541 2221 :
3578 2161 3718 2224 ideo
3746 2169 3914 2243 optat
3941 2169 4002 2224 ut

2539 2277 2759 2320 omnes
2801 2258 2924 2320 sibi
2963 2259 3283 2335 obediant,
3318 2259 3472 2340 quia
3506 2277 3693 2323 nemo
3728 2260 3898 2322 venit
3929 2259 3998 2321 ad
4033 2277 4206 2319 :mm

2539 2356 2786 2418 Patrem
2828 2356 2955 2417 nisi
3001 2375 3113 2438 per
3163 2357 3373 2438 ipsum
3410 2380 3425 2432 3
3471 2357 3665 2438 idque
3709 2345 4056 2420 desiderat⁵·

2543 2473 2670 2517 non
2703 2462 2962 2537 propter
2990 2455 3394 2517 commodum
3417 2475 3626 2530 suum,
3650 2456 3796 2538 quia
3823 2455 3998 2519 bono-

2541 2572 2681 2614 rum
2717 2561 3076 2615 nostrorum
3111 2571 3238 2616 non
3279 2562 3442 2634 eget,-
3477 2555 3586 2616 sed
3627 2563 3876 2636 propter
3903 2571 4000 2616 no-
4039 2567 4198 2610 Pana.

2542 2658 2734 2713 stram
2769 2650 3184 2713 salvationem
3212 2653 3296 2714 >ad
3328 2652 3438 2714 Dei
3465 2652 3664 2715 Patris
3693 2653 3998 2716 honorem.

2547 2753 2755 2818 Quum
2785 2769 2932 2827 erqo
2961 2753 3328 2812 dedamis-set
3349 2754 3567 2813 David
3587 2755 3818 2814 Abner.
3849 2751 4002 2812 Chri·

942 2847 1099 2910 mihi
1144 2847 1348 2925 unire,
1388 2855 1451 2910 et
1490 2846 1847 2929 spiritualia
1892 2849 2125 2910 damna
2172 2867 2432 2931 recupe-
2543 2857 2677 2910 stus
2727 2866 3004 2928 namque
3050 2849 3285 2912 electos
3335 2868 3484 2912 suos
3529 2851 3800 2930 gratiose
3845 2848 4000 2912 ducit

2544 2965 2656 3028 per
2695 2946 2953 3009 semitas
2995 2947 3334 3028 aequitatiS‚
3367 2956 3430 3010 et
3478 2949 3684 3030 pergit
3719 2969 3861 3011 cum
3895 2947 3996 3021 eis,
4244 2941 4245 2978 ¹

944 2967 1105 3010 rare.
1140 2947 1337 3021 Quam
1368 2967 1567 3029 quum
1609 2947 1819 3010 Abner
1862 2948 2111 3011 reducit
2150 2949 2229 3010 ad
2259 2948 2430 3011 Chri-

944 3054 1135 3122 stum,
1179 3054 1423 3108 amator
1468 3046 1741 3109 carnalis
1786 3046 2196 3110 contristatur
2235 3056 2298 3110 ct
2337 3049 2432 3111 lu-
2467 3048 2512 3112 C
2540 3044 2717 3127 juxta
2748 3044 2906 3106 illud
2939 3045 3276 3128 Sapientiae
3309 3063 3322 3107 :
3354 3046 3602 3108 Iustum
3633 3047 3882 3110 deduxit
3909 3047 4000 3108 Do-
4033 3059 4204 3116 s0,.1.1‹3.

944 3153 1069 3225 get.
1090 3144 1328 3208 Deinde
1348 3145 1448 3209 vir
1470 3145 1613 3207 talis
1637 3145 1997 3208 rationabili
2020 3146 2432 3228 persuasione

946 3244 1205 3306 inducet
1248 3244 1541 3307 homines
1578 3244 1912 3307 saeculares
1956 3246 2032 3307 ad
2062 3245 2297 3308 Christi
2329 3246 2434 3309 ob-

946 3342 1264 3423 sequium,
1298 3340 1400 3405 cui
1434 3342 1499 3403 in
1531 3342 1851 3424 Baptismo
1880 3343 2266 3425 incorporati
2301 3344 2438 3408 fuc—

948 3448 1117 3516 runt,
1154 3440 1445 3521 quamvis
1476 3448 1694 3523 postea
1732 3460 1807 3505 eo
1838 3441 2081 3519 relict0,
2118 3461 2232 3524 per
2264 3444 2436 3507 varia

947 3538 1103 3602 vitia
1134 3538 1264 3601 sint
1293 3539 1589 3603 fornicati
1621 3549 1683 3603 et
1712 3540 1920 3603 aversi
1952 3561 1989 3603 a
2017 3542 2142 3603 Deo
2174 3561 2311 3605 suo.

1029 3637 1260 3720 Sicque
1288 3641 1507 3700 Abner
1544 3642 1693 3699 cum
1734 3641 1975 3716 viyinti
2014 3643 2201 3711 viria,
2239 3640 2302 3703 id
2343 3649 2438 3703 est

948 3756 1094 3800 cum
1143 3736 1543 3818 adjutoribus
1602 3746 1663 3800 et
1709 3738 2226 3819 cooperatoribus
2279 3740 2432 3817 suiS,

947 3831 1196 3896 Christo
1247 3834 1715 3910 reconciliatur,
1761 3842 1823 3896 et
1872 3833 2049 3896 venit
2098 3836 2178 3897 ad
2227 3835 2434 3917 ipsum

950 3951 1063 4013 per
1113 3931 1643 3996 satisfactionem·
1676 3932 2079 4012 condignam,
2131 3952 2206 3996 ac
2254 3934 2359 4017 pie
2403 3954 2439 3995 a

940 4030 1199 4094 Christo
1245 4031 1613 4114 suscipitur,
1665 4031 1793 4094 imo
1843 4032 2240 4095 solenniter:
2289 4031 2440 4112 quia

950 4129 1063 4211 qui
1096 4128 1255 4191 alios
1287 4148 1543 4211 quoque
1572 4138 1975 4206 convertunt,
2011 4130 2440 4212 acceptissimi

2542 3142 2755 3206 minus
2788 3164 2900 3227 per
2930 3145 3065 3207 vias
3103 3154 3324 3208 rectas,
3360 3145 3728 3229 Specialiter
3766 3164 4000 3228 quoquc

2543 3244 2723 3305 adest
2759 3243 2874 3321 eiS,
2910 3252 2972 3307 et
3017 3263 3226 3307 comes
3265 3263 3486 3307 eorum
3522 3253 3642 3322 est,
3675 3244 3781 3327 qui
3815 3266 3888 3309 ex
3916 3263 4001 3307 ca-

2545 3341 2752 3403 ritatis
2785 3341 3035 3405 fervore
3062 3341 3442 3422 gradiuntur
3470 3344 3547 3406 ad
3582 3343 3844 3407 aliorum
3875 3361 4003 3406 con-

2547 3439 2928 3502 versionem.

2628 3540 3026 3601 Nuntiatum
3066 3550 3154 3599 est
3192 3542 3406 3620 itaque
3433 3542 3611 3601 Joab.
3647 3540 3758 3603 Per
3783 3539 3926 3604 Joab
3951 3546 4004 3599 et

2549 3656 2780 3719 pueros
2829 3638 2968 3719 ejus
3019 3638 3421 3720 accipiuntur
3470 3639 3591 3701 hoc
3641 3639 3777 3702 loco
3824 3634 4001 3719 iniqui

2545 3735 2827 3797 ministri
2879 3736 3282 3817 praelatorum
3334 3736 3654 3814 Ecclesiae,
3695 3738 3804 3819 qui
3849 3734 4004 3799 caesis

2551 3834 2928 3911 latronibuS‚
2952 3853 3098 3896 cum
3128 3836 3352 3914 grandi
3374 3826 3558 3899 valde
3589 3836 3850 3901 veniunt
3875 3852 4005 3917 prae-

2549 3933 2628 3994 da
2653 3950 2668 3995 t
2693 3931 2996 4014 quoniam
3031 3933 3306 4016 puniunt
3335 3953 3498 4011 reoS,
3526 3953 3653 3998 non
3683 3954 3758 3998 ex
3787 3935 4006 3997 sincero

2548 4032 2811 4113 justitiae
2860 4032 3016 4108 ze10‚
3071 4033 3179 4095 sed
3229 4032 3610 4114 cupiditatis·
3655 4033 3906 4107 affectu,
3949 4038 4007 4091 ut

2555 4130 2811 4212 propria
2861 4132 3192 4194 commoda
3239 4140 3732 4213 consequantur,
3781 4138 4010 4215 propter

952 4229 1078 4290 Deo
1110 4236 1279 4305 sunt,
1314 4228 1549 4310 quibus
1576 4236 1645 4291 et
1687 4229 1753 4290 in
1787 4229 2081 4310 praesenti
2115 4230 2246 4291 vita
2291 4228 2445 4292 facit
2477 4233 2524 4294 D
2555 4229 2724 4310 quod
2785 4230 3062 4311 spoliant
3111 4230 3419 4293 subditos,
3475 4231 3545 4293 Hi
3605 4229 4010 4313 superioribus

953 4326 1348 4404 convivium,
1373 4336 1435 4390 et
1456 4336 1664 4391 coenat
1693 4347 1839 4390 cum
1871 4328 1987 4405 eis,
2013 4327 2315 4391 reficiens
2335 4348 2443 4392 eos

954 4443 1118 4506 pane
1140 4425 1735 4508 supersubstantiali
1758 4445 1831 4488 ac
1853 4426 2284 4489 sacramentali
2305 4427 2445 4507 (qui

2559 4328 2991 4407 indignantur,
3029 4329 3178 4392 dum
3226 4330 3396 4393 viros
3437 4350 3588 4394 vere
3623 4332 3826 4412 justos
3863 4342 4012 4391 assu-

2556 4434 2761 4503 munt,
2795 4437 3195 4510 promovent,
3232 4436 3421 4509 atque
3460 4428 3535 4490 ad
3582 4428 3848 4492 aliorum
3887 4444 4012 4489 con-

694 4543 923 4595 ιωηωι,
955 4532 1051 4586 est
1097 4523 1405 4602 Christu8‚
1451 4526 1529 4588 de
1578 4543 1645 4587 se
1694 4523 1835 4607 ipso
1880 4533 2240 4607 protestans
2276 4526 2448 4606 :Ego
2554 4525 2912 4588 versionem
2933 4533 2996 4587 et
3019 4526 3302 4607 regimen
3323 4525 3777 4606 dirigunt-Ideo
3807 4524 4012 4589 talibus

658 4609 729 4649 ⁴¹·
954 4642 1095 4685 sum
1147 4623 1331 4705 panis
1376 4624 1583 4700 vivuS,
1619 4623 1730 4705 qui
1782 4624 1861 4687 de
1910 4623 2072 4686 coelo
2121 4624 2442 4687 descendi.
2555 4623 3009 4706 obloquuntur,
3047 4632 3111 4687 et
3149 4623 3316 4687 facta
3353 4642 3570 4688 corum
3604 4643 3677 4688 ac
3708 4624 3908 4687 studia
3933 4621 4011 4682 in-

698 4741 907 4785 unum.
954 4722 1235 4806 Itemque
1271 4740 1285 4785 ε
1320 4722 1436 4796 Qui
1468 4723 1810 4785 manducat
1840 4742 1965 4799 me,
2000 4730 2064 4785 et
2107 4722 2245 4805 ipse
2276 4724 2449 4785 vivet
2555 4730 2985 4805 terpretantur
3017 4722 3080 4786 in
3115 4723 3319 4806 pejuS,
3345 4732 3408 4786 et
3438 4723 3802 4805 percutiunt.
3830 4740 3930 4786 eos
3955 4720 4010 4780 in

954 4830 1211 4905 propter
1253 4823 1403 4902 me),
1440 4841 1606 4904 pane
1650 4822 2103 4885 consolationis
2156 4823 2442 4898 inlernae,

953 4920 1301 4985 refectione
1341 4920 1545 4984 dulcis
1590 4920 1917 4997 orationiS,
1962 4920 2107 4983 cibo
2152 4920 2447 4982 salutaris

952 5021 1279 5098 doctrinae,
1334 5040 1479 5083 esca
1526 5018 2082 5101 contemplationis
2130 5038 2443 5100 supernae,

952 5119 1419 5183 confortatione
1468 5120 1650 5182 bonae
1700 5117 2089 5201 operationis
2135 5125 2198 5180 et
2245 5116 2447 5179 virtu-

952 5228 1085 5281 tum
1116 5217 1509 5301 profectibus
1546 5237 1559 5282 :
1593 5218 1826 5299 quibus
1864 5216 2162 5279 omnibus
2197 5215 2331 5277 veri
2371 5214 2448 5276 fi-

950 5318 1122 5380 deles
1154 5316 1493 5381 salubriter
1525 5315 1927 5394 reficiuntur,
1964 5315 2185 5398 sicque
2219 5313 2295 5375 ad
2335 5313 2445 5376 tri-

2558 4820 2841 4900 inguine,
2871 4819 2934 4882 id
2969 4828 3084 4897 est,
3111 4819 3500 4883 carnalitatis
3530 4822 3687 4884 vitia
3715 4822 3807 4884 eis
3838 4821 4012 4901 impo-

2557 4927 2740 4997 nunt,
2769 4919 2867 4981 vel
2889 4919 2966 4981 ad
2990 4938 3063 4982 ea
3086 4920 3259 5001 ipsos
3281 4920 3644 5001 pertrahere
3665 4920 4008 4987 moliuntur,

2561 5018 3001 5090 formidantes,
3023 5038 3100 5082 ne
3121 5020 3197 5081 ad
3220 5019 3679 5082 ecclesiasticas
3701 5020 4010 5101 dignitates

2556 5125 3075 5199 promoveantur,
3110 5126 3174 5180 et
3213 5118 3334 5179 sibi
3385 5117 3840 5200 praeficiantur.
3867 5114 4012 5180 Unde

2555 5234 2631 5278 ex
2675 5215 3025 5279 ambitione
3077 5224 3140 5278 et
3187 5215 3334 5279 odio
3386 5216 3557 5299 ipsos
3609 5216 3925 5292 infestant,
3963 5218 4012 5273 et

2555 5314 2873 5379 interdum
2921 5314 3218 5379 occidunt
3259 5312 3499 5379 affectu
3539 5323 3647 5377 aut
3690 5333 3898 5397 opere.
3935 5309 4006 5374 Ad
