4359 6250
117 1206 262 1248 Joaeue
275 1209 398 1256 ’,12-

147 1693 272 1737 laid.
292 1709 340 1744 ιι,
357 1699 396 1746 Ι.

115 1761 189 1800 22.

131 2090 253 2134 lbid.
271 2105 332 2142 ιιι,
355 2095 395 2134 ¹.

1315 522 1670 568 manna-rio
1713 522 1774 568 m
1816 511 1965 568 aar(
1999 520 2021 566 1
2059 520 2261 568 iosus.
2308 539 2387 550 —
2428 519 2571 566 aar.
2618 518 2639 565 1
3477 495 3520 560 9

430 712 544 777 per
593 715 758 776 quas
807 695 1185 759 transibant.
1211 695 1388 758 Unde
1439 694 1505 757 in
1545 694 1924 758 Deuterono-
1953 691 2004 754 A
2035 691 2103 753 in
2146 709 2295 769 unc,
2337 691 2505 774 perit
2552 699 2684 754 tota
2732 689 3073 754 auctoritas
3123 709 3315 752 sacrae
3363 687 3523 752 Scri-

115 811 400 862 οωι..ι,ι,σ.
429 793 563 857 mio
593 795 902 858 Dominus
940 795 1031 857 ait
1073 795 1151 859 ad
1193 813 1302 858 eos
1337 815 1350 858 :
1388 792 1767 856 Transibitis
1811 811 1924 874 per
2033 799 2256 874 pturae.
2291 791 2654 854 Immediate
2687 809 2945 872 quoque
2982 798 3129 854 ante
3167 791 3299 853 haec
3328 788 3523 852 verba

430 893 741 956 terminos
764 893 1034 956 fratrum
1056 902 1410 958 vestrorum
1436 891 1717 957 filiorum
1741 893 1922 956 Esau.

429 993 620 1057 Cibos
673 992 899 1056 emetis
952 993 1032 1056 ab
1082 993 1196 1070 eiS,
1251 1002 1315 1057 et
1365 1012 1596 1075 aquam
1647 1001 1925 1074 emptam

429 1091 744 1154 haurietis
792 1100 856 1155 et
902 1092 1157 1155 bibetiS.
1205 1091 1381 1166 Quod
1431 1100 1643 1155 autem
1692 1110 1926 1154 manna

430 1192 716 1255 nondum
752 1190 1009 1268 defecit,
1029 1199 1200 1274 patet
1230 1191 1422 1254 inl'ra.

508 1292 819 1356 Praeterea
870 1290 1197 1372 quaeritur‚
1246 1291 1522 1372 qualiter
1570 1309 1792 1352 verum
1841 1289 1925 1351 sit

428 1391 600 1472 quod
632 1391 824 1454 Josue
852 1390 1033 1463 dixit,
1059 1390 1203 1453 Post
1237 1389 1404 1452 diem
1441 1389 1694 1452 tertium
1726 1396 1925 1451 trans-

429 1489 608 1551 ibitis
626 1489 990 1552 Jordanem.
1017 1489 1150 1552 Non
1173 1487 1349 1551 enim
1380 1487 1768 1551 transierunt
1797 1487 1925 1550 Jor-

429 1588 662 1651 danem
723 1595 870 1670 post
928 1587 1125 1652 verba
1181 1587 1318 1650 hoec
1371 1594 1520 1650 ante
1579 1585 1921 1668 septimum

427 1686 602 1750 diem
640 1703 654 1748 :
698 1686 851 1768 quia
900 1693 1045 1767 post
1091 1686 1226 1749 haec
1274 1685 1468 1750 verba
1515 1683 1691 1747 misit
1736 1684 1924 1747 Josuc

427 1785 862 1867 exploratores
907 1783 975 1845 in
1004 1784 1277 1860 Jericho,
1310 1783 1424 1866 qui
1469 1783 1618 1846 inde
1660 1781 1920 1862 egressi,

2034 891 2339 956 Dominus
2372 893 2531 956 dixit
2560 892 2640 954 ad
2667 893 2893 956 Josue:
2930 891 3161 954 Tecum
3194 897 3291 952 est
3319 889 3523 952 Domi-

2037 1011 2154 1054 nus
2187 992 2350 1054 Deus
2384 1001 2528 1056 tuus
2558 993 2625 1054 in
2658 991 2979 1067 omnibuS,
3004 999 3122 1054 etc.
3144 1013 3159 1064 3
3185 998 3247 1052 et
3278 1007 3517 1064 rursuS,

2038 1091 2215 1154 Sicut
2249 1091 2340 1153 fui
2374 1111 2519 1154 cum
2553 1093 2779 1174 Moyse,
2816 1091 2905 1152 ita
2948 1107 3055 1153 ero
3090 1097 3153 1152 et
3186 1097 3427 1162 tecum3
3461 1094 3524 1148 et

2037 1191 2240 1253 multa
2291 1190 2547 1254 similia.
2586 1192 2743 1254 Hinc
2790 1189 3049 1270 quidam
3098 1189 3387 1252 doctores
3421 1204 3524 1248 ca-

2037 1291 2258 1354 tholici
2303 1299 2615 1368 asserunt,
2652 1290 2845 1353 verba
2888 1289 3009 1352 ista
3052 1289 3171 1352 hoc
3212 1288 3351 1351 loco
3384 1304 3523 1350 esse

2037 1389 2399 1472 conscripta
2451 1409 2565 1473 per
2615 1388 3159 1471 anticipationem,
3216 1387 3303 1449 ita
3350 1387 3523 1469 quod

2039 1489 2233 1553 verba
2263 1490 2396 1553 haec
2436 1489 2702 1572 protulit
2729 1489 2917 1551 Josue
2946 1495 3091 1570 post
3122 1485 3393 1549 reditum
3424 1505 3525 1548 ex-

2036 1588 2425 1672 ploratorum
2471 1609 2485 1654 :
2531 1590 2700 1671 quod
2748 1587 2937 1652 etiam
2990 1587 3211 1650 dicunt
3252 1583 3517 1648 Hebroei.

2034 1688 2102 1751 In
2153 1685 2498 1769 Scripturis
2548 1707 2844 1769 namque,
2881 1681 3025 1770 p'ost
3070 1685 3235 1749 facta
3278 1693 3387 1748 aut
3434 1683 3524 1747 di·-

2035 1795 2152 1862 cta,
2177 1785 2520 1867 aliquando
2551 1793 2698 1849 ante
2728 1795 3083 1849 narrantur.
3104 1776 3365 1868 Insuper
3395 1783 3524 1847 dici

429 1883 757 1945 latuerunt
785 1900 900 1963 per
933 1889 1060 1944 tres
1093 1881 1228 1944 dies
1259 1881 1327 1944 in
1361 1881 1727 1956 montibus3
1781 1890 1924 1963 post
1952 1885 1998 1947 B
2036 1893 2266 1971 potest,
2302 1886 2472 1966 quod
2511 1884 2701 1948 Josue
2746 1903 2873 1948 non
2919 1885 3080 1947 dixit
3127 1885 3261 1948 haec
3306 1884 3519 1960 verba,

426 1999 704 2063 quorum
739 1979 1038 2056 reditum,
1071 1980 1262 2042 Josue
1290 1987 1352 2042 et
1397 1978 1523 2042 filii
1555 1978 1742 2043 lsrael
1783 1999 1925 2062 per-

425 2088 730 2144 rexerunt
758 2097 964 2161 usque
985 2080 1064 2142 ad
1087 2079 1446 2155 Jordanem,
1465 2087 1656 2161 atque
1687 2078 1922 2142 ibidem

429 2180 642 2243 triduo
675 2185 1548 2261 permanserunt,antequam
1581 2179 1924 2242 transirent

423 2279 766 2343 Jordanem
796 2297 810 2340 ε
837 2296 982 2359 quae
1011 2276 1226 2341 omnia
1259 2276 1430 2340 infra
1458 2278 1794 2342 habentur.
1828 2280 1922 2342 Ad

335 2409 394 2438 s.
427 2381 599 2443 istud
646 2378 1040 2460 Augustinus
1091 2377 1455 2460 respondet,
1507 2377 1681 2458 quod
1736 2378 1922 2442 Josue

425 2478 590 2542 dixit
618 2478 755 2540 haec
778 2477 976 2541 verba
1006 2495 1195 2540 sensu
1227 2476 1532 2554 human0,
1557 2495 1821 2558 sperans
1851 2485 1924 2539 ut

424 2579 622 2640 homo
651 2575 747 2639 sic
779 2573 928 2638 sieri
975 2594 1182 2658 posse,
1219 2575 1275 2636 si
1320 2575 1750 2656 exploratores
1796 2575 1921 2638 cito

423 2659 905 2739 redirent.Nam
937 2681 1000 2738 et
1032 2674 1126 2758 illi
1148 2673 1382 2755 quibus
1415 2672 1702 2755 loquitur
1731 2674 1916 2752 Deus,

423 2773 748 2838 interdum
773 2773 1054 2835 bumana
1075 2771 1496 2855 dispositione
1517 2773 1760 2854 aliquid
1783 2791 1922 2854 age-

421 2891 494 2935 re
526 2871 772 2948 volunt,
809 2871 876 2933 in
907 2890 1035 2954 qua
1064 2872 1262 2934 Deum
1293 2870 1417 2932 sibi
1449 2889 1588 2933 esse
1611 2879 1919 2934 rectorem

420 2969 768 3034 confidunt
803 2993 818 3045 3
874 2971 984 3034 sed
1034 2987 1253 3032 eorum
1306 2968 1580 3032 consilia
1627 2989 1795 3051 saepe
1841 2970 1922 3032 ab

2035 1986 2178 2050 Post
2227 1985 2395 2048 diem
2452 1983 2705 2048 tertium
2765 1982 3115 2046 transibitis
3161 1985 3517 2060 Jordanem,

2035 2105 2180 2148 cum
2214 2083 2623 2168 praecisione3
2668 2101 2785 2146 nec
2833 2102 3134 2145 numerus
3172 2083 3382 2145 minor
3414 2101 3521 2144 cx·-

2036 2184 2239 2248 cludit
2286 2185 2614 2265 majorem,
2666 2182 2816 2244 dum
2869 2181 3129 2264 ponitur
3176 2179 3516 2243 absolute:

2033 2284 2255 2365 sicque
2288 2282 2546 2365 ponitur
2576 2280 2682 2343 hic
2730 2299 3033 2342 numerus
3064 2277 3519 2342 determinatus

2034 2401 2149 2466 pro
2181 2380 2695 2457 indeterminato,
2730 2378 3266 2461 quemadmodum
3299 2376 3363 2439 in
3403 2377 3519 2440 Job

2032 2481 2300 2544 habetur
2334 2499 2349 2544 :
2385 2481 2525 2542 Haec
2556 2479 2773 2542 omnia
2802 2486 3099 2561 operatur
3120 2478 3284 2540 Deus
3318 2477 3519 2540 tribus

2032 2579 2279 2643 vicibus
2333 2597 2445 2662 per
2493 2577 2801 2658 singuloS,
2857 2585 2926 2639 ut
2976 2585 3227 2640 revocet
3273 2575 3520 2640 animas

2031 2698 2252 2743 eorum
2302 2699 2339 2741 a
2377 2677 2809 2759 corruptione.
2864 2675 2965 2740 Sic
3015 2684 3079 2740 et
3114 2676 3401 2739 Christus
3451 2676 3517 2739 in

2031 2779 2375 2860 Evangelio
2436 2777 2616 2856 dixit,
2670 2776 2881 2841 Tertio
2932 2777 3036 2840 die
3086 2795 3514 2854 consummor,

2031 2897 2231 2960 quum
2265 2877 2505 2941 dictum
2541 2876 2769 2942 fuisset
2812 2878 2892 2940 ad
2932 2897 3104 2955 eum,
3138 2878 3311 2941 Vade
3341 2878 3514 2957 hinc,

2033 2976 2185 3059 quia
2214 2977 2488 3041 Herodes
2522 2977 2656 3039 vult
2700 2985 2762 3040 te
2806 2978 3115 3041 occidere.
3152 2978 3282 3040 lmo
3326 2978 3521 3041 inter-

423 3069 567 3152 ipso
615 3076 966 3146 mutantur,
1009 3067 1194 3150 cujus
1248 3066 1652 3150 providentia
1694 3067 1922 3149 guber·
1951 3070 1994 3134 C
2032 3078 2184 3141 dum
2216 3077 2588 3154 crastinum,
2624 3095 2739 3160 pro
2772 3075 2987 3141 futuro
3020 3077 3087 3140 in
3118 3076 3319 3155 brevi,
3363 3077 3521 3141 καὶ-

423 3176 683 3231 nantur.
720 3168 880 3230 Hinc
923 3166 1214 3247 Magister
1263 3166 1331 3228 in
1382 3167 1669 3231 historiis
1719 3176 1921 3249 prote-

423 3276 630 3331 statur
663 3286 680 3332 :
715 3267 908 3343 Istud,
945 3264 1244 3329 videlicet
1273 3268 1442 3348 quod
1489 3275 1632 3349 post
1663 3266 1920 3330 tertium

421 3366 592 3429 diem
631 3366 979 3429 transirent
1013 3365 1373 3443 Jordanem,
1408 3365 1569 3428 dixit
1609 3366 1799 3429 Josue
1843 3366 1921 3428 de

424 3466 709 3528 humano
767 3462 1070 3541 consilio,
1133 3464 1556 3547 permisitque
1614 3464 1919 3529 Dominus

420 3566 523 3645 (ut
541 3562 814 3627 adstruit
844 3563 1265 3644 Augustinus)
1295 3562 1506 3646 ipsum
1538 3564 1726 3627 Josue
1757 3582 1921 3627 erra-

423 3684 516 3740 re,
551 3682 634 3726 ne
664 3661 966 3745 deinceps
999 3659 1210 3725 simile
1241 3661 1486 3744 aliquid
1529 3663 1667 3726 sine
1697 3662 1918 3726 divino

423 3761 698 3826 consilio
727 3762 1196 3841 aggrederetur,
1233 3762 1582 3843 praesertim
1613 3761 1915 3844 quoniam

119 3876 396 3979 grumum.
425 3860 590 3923 dixit
619 3861 700 3922 ad
732 3859 983 3943 Moysen
1015 3860 1095 3922 de
1123 3860 1310 3923 Josue
1345 3876 1360 3921 :
1395 3860 1510 3923 Pro
1542 3878 1638 3937 e0,
1675 3860 1728 3922 si
1760 3860 1916 3942 quid

423 3960 746 4041 agendum
777 3966 894 4036 est,
929 3957 1185 4021 Eleazar
1229 3958 1520 4021 consulet
1551 3958 1914 4022 Dominum.

422 4056 602 4133 Quod
636 4062 858 4119 autem.
879 4056 1068 4118 Josue
1098 4056 1164 4118 in
1197 4055 1322 4119 isto
1351 4057 1678 4134 erraverit,
1701 4065 1912 4139 patet:

423 4155 732 4238 quoniam
767 4154 1088 4235 ignoravit
1110 4173 1191 4216 an
1224 4154 1424 4216 nubes
1456 4154 1643 4217 tertio
1669 4155 1772 4218 die
1797 4155 1920 4218 ele-

2030 3177 2227 3260 pitur‚
2259 3177 2439 3258 juxta
2482 3176 2654 3258 quod
2683 3177 2873 3240 Jacob
2905 3178 3156 3240 locutus
3190 3186 3285 3239 est
3320 3196 3335 3243 :
3369 3178 3517 3240 Cras

2031 3276 2440 3359 respondebit
2485 3275 2643 3337 mihi
2684 3274 2937 3357 justitia
2978 3296 3139 3339 mea.
3177 3275 3278 3339 Sic
3325 3276 3519 3357 igitur

2031 3394 2253 3438 sensus
2294 3374 2415 3438 erit
2455 3392 2470 3438 ε
2505 3375 2648 3437 Post
2686 3374 2854 3437 diem
2888 3374 3169 3452 tertium,
3207 3375 3271 3438 id
3315 3384 3409 3439 est
3451 3375 3516 3438 in

2030 3474 2233 3550 brevi,
2270 3473 2625 3536 transibitis
2653 3474 3010 3537 Jordanem.

2109 3568 2582 3648 consequenter
2614 3567 2679 3628 in
2727 3575 2897 3630 textu
2930 3566 3334 3645 describitur,
3370 3588 3519 3651 qua-

2032 3666 2178 3729 liter
2223 3667 2411 3730 Josue
2462 3666 2763 3747 praecepit
2805 3665 3051 3728 duabus
3104 3665 3399 3729 tribubus
3444 3688 3515 3731 ac

2033 3764 2335 3841 dimidiae,
2390 3762 2637 3827 scilicet
2688 3764 2881 3826 tribui
2932 3765 3155 3828 Ruben
3206 3775 3269 3830 et
3322 3765 3514 3830 tribui

2028 3863 2157 3926 Gad
2188 3881 2261 3927 ac
2291 3862 2515 3925 mediae
2539 3862 2730 3925 tribui
2751 3862 3051 3941 Manasse,
3078 3872 3150 3926 ut
3178 3864 3519 3947 implerent

2029 3964 2201 4044 quod
2233 3961 2470 4043 Moyses
2500 3962 2591 4023 eis
2622 3962 2945 4044 praecepit,
2972 3971 3163 4043 prout
3193 3963 3257 4025 in
3290 3964 3517 4027 Nume-

2029 4079 2245 4124 rorum
2276 4058 2443 4122 libro
2468 4059 2758 4121 habetur.
2784 4059 2907 4122 Nec
2938 4069 3031 4123 est
3061 4059 3415 4123 difficultas
3448 4062 3513 4124 in

2029 4166 2227 4235 textu,
2266 4157 2389 4219 nisi
2421 4157 2601 4239 quod·
2624 4157 2691 4219 in
2726 4155 2857 4219 fine
2879 4158 3142 4242 capituli
3168 4158 3292 4221 filii
3325 4160 3512 4223 Israel

143 4272 392 4321 ιιι-αμα
425 4262 684 4320 varetur
723 4253 803 4315 de
833 4252 1266 4329 tabernaculo,
1303 4252 1442 4315 sine
1485 4254 1669 4335 cujus
1714 4255 1921 4318 eleva·
1949 4252 1997 4313 D
2028 4258 2290 4321 dicunt:
2322 4259 2417 4317 Tu
2450 4266 2701 4317 tantum
2732 4258 3117 4334 confortare,
3148 4268 3209 4319 ec
3230 4262 3516 4320 viriliter

115 4340 160 4375 et
181 4346 278 4389 seq.

423 4355 600 4419 tione
649 4362 859 4417 castra
903 4353 1216 4417 movenda
1257 4370 1384 4415 non
1427 4361 1627 4415 erant.
1664 4354 1804 4417 Haec
1849 4354 1917 4417 in

420 4452 744 4517 Historiis.

500 4552 695 4615 Porro
724 4550 872 4614 aliis
894 4548 1149 4614 videtur
1179 4550 1348 4614 istud
1381 4568 1507 4614 non
1539 4552 1702 4615 bene
1733 4570 1917 4615 sona-

417 4668 510 4713 re.
548 4648 612 4712 Si
643 4649 818 4711 enim
847 4650 947 4730 (ut
975 4648 1134 4711 alibi
1181 4649 1467 4732 loquitur
1495 4650 1917 4733 Augustinus)

413 4756 708 4811 auctores
760 4747 1105 4831 Scriptura)
1159 4747 1482 4812 canonicae
1540 4758 1914 4812 erraverunt

2027 4376 2164 4434 aye.
2189 4355 2258 4417 In
2288 4354 2523 4434 quibus
2548 4354 2757 4416 verbis
2780 4355 3171 4437 superiorem
3196 4375 3379 4418 suum
3404 4356 3515 4418 hu-

2026 4453 2266 4517 militer
2296 4453 2670 4526 admonent3
2703 4460 2765 4515 et
2789 4454 2957 4535 quod
2987 4454 3187 4531 aiunt,
3216 4454 3509 4532 Tantum,

2028 4570 2156 4615 non
2210 4550 2482 4613 sumitur
2532 4550 2871 4627 exclusive,
2920 4553 3026 4614 sed
3081 4572 3305 4615 sensus
3350 4562 3447 4616 est
3495 4572 3509 4615 ε

2024 4651 2152 4713 Hoc
2195 4648 2515 4731 praecipue
2548 4649 2957 4712 exhortamur
2987 4658 3049 4713 et
3090 4652 3407 4734 cupimus,
3442 4660 3511 4713 ut

2024 4748 2405 4812 conforteris
2428 4748 2494 4809 in
2518 4747 2808 4825 Domino,
2832 4756 3022 4830 atque
3044 4748 3315 4812 viriliter
3335 4767 3506 4830 agas.

3567 2500 3650 2543 lob
3670 2512 3813 2550 xxxin,

3548 2565 3615 2614 29,
3636 2565 3705 2606 30.

3591 2797 3702 2842 Luc.
3726 2811 3812 2850 xm,

3548 2863 3616 2914 32,
3638 2863 3705 2903 3¹.

3586 3196 3694 3239 Gen.
3710 3210 3810 3247 xxx,

3546 3261 3615 3301 23.

3554 3982 3607 4025 Ν
3603 3994 3783 4024 xxxxxx
3784 3996 3809 4031 ι,

3545 4048 3595 4087 20
3619 4050 3663 4088 et
3689 4057 3781 4100 seq.
