4359 6250
633 1477 777 1520 Hebr.
795 1491 823 1526 ι,
836 1479 876 1526 ῦς

615 1541 693 1583 Pu.
709 1553 820 1590 κων,
838 1541 877 1582 8.

641 1675 702 1717 12.
721 1687 801 1725 axi,
819 1677 857 1718 ¹.

634 1873 738 1916 Act.
754 1885 796 1924 x,
809 1874 876 1915 38.

643 4520 678 4565 ll
699 4522 825 4565 Petr.
847 4534 874 4573 ι,

615 4586 659 4627 2¹
670 4616 682 4627 .

667 5312 729 5356 1⁸.
748 5327 785 5363 ι,
802 5316 842 5355 4.

905 483 1024 551 562

1385 501 1729 550 εΝΑιιιιΑτ-ιο
1773 501 1834 550 m
1877 501 2013 547 car.
2059 497 2213 545 xxm
2256 496 2411 544 unul
2440 471 2707 544 ⁴sacuam
2748 497 2970 545 ascum.
3013 517 3095 530 —-
3134 497 3278 544 aar.
3323 495 3517 542 xxxm

906 683 1208 738 meratus,
1252 675 1330 736 Et
1377 674 1599 754 utique
1641 672 1769 734 dici
1814 679 2020 754 potest
2065 670 2391 752 quoddam
2419 668 2472 730 A
2500 669 2718 732 ditam.
2765 669 3051 751 Denique
3095 669 3312 731 Sermo
3352 667 3461 730 Dei
3508 666 3857 737 increatus,
3902 663 4001 724 vi-

903 769 1180 852 speciale
1227 768 1569 844 canticum,
1611 767 1878 847 lausque
1917 765 2156 828 diviua.
2202 765 2393 825 Dixit

906 871 1012 928 vir
1040 870 1149 928 cui
1178 869 1596 928 constitutum
1627 875 1715 926 est
1744 869 1823 925 de
1859 866 2104 925 Christo
2133 865 2256 925 Dei
2282 865 2393 924 Ja-

903 969 1033 1038 cob,
1070 965 1131 1027 id
1161 973 1278 1042 est,
1313 964 1416 1028 cui
1447 965 1720 1044 desuper
1748 961 1916 1025 facta
1954 970 2049 1024 est
2089 960 2393 1024 revelatio

905 1073 1095 1145 atque
1125 1062 1464 1146 promissio
1502 1063 1582 1125 de
1623 1060 2080 1136 incarnatione,
2115 1060 2393 1121 adventu

905 1171 967 1225 et
997 1161 1316 1243 mysteriis
1349 1160 1605 1234 Messiae,
1635 1158 1976 1222 Salvatoris
2010 1156 2257 1232 mundi,
2280 1155 2392 1236 qui

905 1271 1002 1324 est
1030 1261 1316 1324 Christus
1350 1259 1480 1336 Dei,
1517 1267 1746 1322 unctus
1778 1276 1815 1319 a
1843 1257 1970 1319 Deo
2004 1256 2185 1318 Patre
2218 1254 2392 1318 omni

907 1360 1288 1423 charismate
1310 1358 1580 1440 Spiritus
1608 1355 1820 1419 Sancti
1853 1355 2243 1436 plenissime,
2262 1354 2395 1434 jux·

911 1467 971 1521 ta
1012 1458 1170 1520 illud
1214 1457 1280 1519 in
1320 1457 1566 1519 Psalmo
1611 1473 1625 1517 :
1668 1454 1857 1516 Unxit
1897 1461 1956 1516 te
2002 1455 2186 1527 DeuS,
2230 1453 2393 1515 Deus

909 1566 1078 1633 tuus,
1125 1557 1265 1619 oleo
1314 1555 1547 1618 laetitiae
1595 1573 1724 1637 prae
1774 1551 2196 1635 participibus
2238 1551 2388 1614 tuiS.

907 1656 985 1717 Et
1015 1656 1080 1717 in
1111 1655 1268 1718 lsaia
1302 1672 1316 1716 :
1353 1653 1626 1736 Spiritus
1655 1651 1908 1715 Domini
1937 1669 2128 1733 super
2159 1670 2281 1727 me,
2318 1668 2393 1712 eo

906 1754 1078 1835 quod
1109 1753 1358 1815 unxerit
1387 1771 1512 1814 me.
1537 1752 1622 1814 De
1651 1769 1779 1832 quo
1807 1759 1871 1812 et
1900 1750 1965 1811 in
1993 1750 2162 1812 Actis
2194 1767 2395 1811 sacra·

2500 767 2730 830 delicet
2759 768 3035 830 Verbum
3070 768 3269 829 Patris
3308 775 3636 841 aeternum,
3672 783 3787 847 per
3818 782 3893 826 os
3932 771 3997 824 et

2500 865 2781 945 linguam
2814 867 3012 928 David
3044 866 3293 930 locutus
3326 875 3451 954 est,
3480 865 3635 927 Nam
3667 879 3864 945 opera
3894 881 3995 922 su-

2501 964 2999 1046 perbeatissimae
3029 963 3357 1026 Trinitatis
3388 971 3539 1025 sunt
3568 961 3871 1024 indivisa.
3904 961 3995 1022 De

2501 1081 2626 1142 quo
2658 1082 2951 1126 sermone
2981 1064 3061 1126 ad
3091 1063 3384 1126 Hebraeos
3414 1062 3723 1124 asseritur
3750 1078 3764 1122 :
3790 1059 3991 1122 Vivus
4074 1079 4213 1120 near-
4241 1092 4281 1126 τ,
4321 1067 4323 1130 ξ

2500 1169 2598 1224 est
2636 1180 2847 1224 sermo
2888 1161 2998 1224 Dei
3039 1169 3101 1224 et
3138 1158 3398 1223 efficax.
4024 1144 4093 1183 ¹²·

2582 1263 2770 1322 Dioeic
2810 1259 3029 1338 David,
3068 1263 3238 1320 Deus
3273 1263 3481 1320 Israel
3528 1259 3697 1318 mihi
3740 1262 3990 1318 locutam

2499 1370 2609 1432 est,
2654 1357 3039 1421 allocutione
3088 1358 3359 1434 interna,
3402 1359 3581 1439 juxta
3620 1355 3781 1419 illud
3816 1373 3833 1418 :
3870 1357 3990 1417 Au·
4036 1375 4281 1416 mum.
4321 1399 4323 1402 -

2502 1457 2669 1520 diam
2700 1456 2856 1538 quid
2888 1456 3184 1538 loquatur
3214 1456 3283 1517 in
3313 1474 3415 1518 me
3454 1454 3759 1518 Dominus
3798 1455 3984 1516 DeuS.
4020 1441 4063 1478 ⁹·

2500 1554 2938 1618 Revelationes
2968 1564 3179 1617 autem
3211 1554 3597 1636 propheticae
3632 1553 3989 1616 ministerio

2501 1653 2869 1732 angelorum
2904 1660 3055 1714 sunt
3086 1651 3292 1729 factat,
3328 1661 3516 1734 prout
3544 1652 3614 1714 D.
3652 1650 3989 1733 Dionysius

2503 1760 2567 1814 et
2602 1752 2891 1816 doctores
2934 1751 3333 1814 concorditer
3372 1759 3612 1814 tenent.
3650 1750 3809 1812 Aliis
3836 1769 3993 1830 quo·

909 1853 1191 1914 tissimus
1220 1851 1517 1933 princeps
1550 1851 1637 1912 ait
1668 1848 2114 1931 Apostolorum
2155 1866 2168 1910 :
2203 1847 2393 1910 Unxit
2428 1849 2475 1910 Β
2502 1869 2629 1932 que
2658 1849 2863 1912 modis
2900 1849 3151 1912 locutus
3190 1857 3289 1912 est
3324 1850 3485 1912 Deus
3523 1850 3603 1911 ad
3642 1848 3862 1925 David,
3898 1849 3991 1912 vi-

905 1970 1051 2014 eum
1081 1952 1244 2014 Deus
1277 1949 1516 2031 Spiritu
1547 1948 1778 2011 Sancto
1807 1955 1870 2010 et
1892 1948 2150 2010 virtute.
2170 1946 2393 2020 Quam-

903 2051 1000 2114 vis
1039 2057 1252 2112 autem
1290 2049 1453 2110 Deus
1494 2047 1900 2128 omnipotens
1934 2045 2014 2107 sit
2050 2046 2212 2108 Deus
2253 2045 2392 2106 uni·.

901 2166 1230 2212 versorum
1279 2147 1421 2228 jure
1470 2144 1831 2220 creationiS,
1880 2143 2385 2226 gubernationiS,

899 2245 1401 2310 conservationis
1449 2254 1513 2307 et
1565 2243 1968 2320 salvationiS,
2024 2243 2389 2324 specialiter

902 2352 1112 2408 tamen
1155 2352 1219 2406 et
1258 2342 1630 2424 frequenter
1672 2343 1736 2403 in
1778 2342 1975 2405 veteri
2019 2342 2385 2404 Testamen-

899 2452 972 2506 to.
1004 2451 1262 2506 vocatur
1301 2442 1467 2504 Deus
1513 2440 1717 2522 ipsius
1756 2439 1946 2503 Jacob
1985 2438 2383 2522 patriarchae,

899 2560 1018 2603 seu
1043 2539 1262 2623 populi
1295 2539 1426 2602 nati
1458 2557 1534 2601 ex
1565 2556 1661 2602 eo.
1689 2540 2004 2615 Eyreyius
2029 2542 2265 2617 psaltes
2298 2541 2391 2598 Is-

897 2644 1054 2710 rael,
1083 2638 1144 2700 id
1175 2646 1271 2700 est
1302 2637 1642 2720 praeclarus
1674 2636 2004 2720 psalmista
2030 2636 2388 2699 Israeliticae

899 2737 1106 2820 plebis
1137 2755 1152 2799 ε
1189 2755 1332 2816 quae
1362 2735 1641 2818 psalmos
1684 2735 1879 2797 David
1922 2734 2243 2817 praecipue
2284 2736 2391 2798 de-

898 2835 1178 2899 cantavit
1221 2843 1284 2897 et
1323 2833 1762 2921 frequentavit
1807 2833 1872 2894 in
1921 2832 2179 2914 templo,
2227 2833 2391 2895 sicut

903 2952 1073 2996 nunc
1099 2934 1165 2994 in
1197 2932 1466 2995 ecclesia
1497 2930 1740 2994 faciunt
1769 2931 2132 2994 Christiani.
2159 2931 2391 2994 Psalmi

2501 1949 2731 2011 delicet
2760 1967 2875 2030 per
2904 1946 3279 2029 pontificem
3318 1948 3573 2028 quando
3612 1947 3843 2029 petivit
3878 1947 3987 2009 Dei
4040 1973 4277 2026 meam

2497 2047 2825 2110 oraculum
2866 2065 2979 2128 per
3018 2066 3180 2109 arcae
3217 2047 3733 2129 applicationem,
3772 2055 3833 2108 et
3874 2065 3989 2128 per
4018 2039 4276 2148 ξιξὲξζ

2497 2145 2739 2208 Nathan
2769 2164 2842 2207 ac
2870 2145 2997 2207 Gad
3030 2145 3394 2227 prophetas.
3420 2147 3636 2207 Fortis
3660 2150 3889 2214 Israel,
3920 2145 3985 2206 id
4016 2164 4266 2216 samm

2496 2253 2595 2307 est
2622 2244 3013 2307 confortator
3032 2263 3105 2306 ac
3130 2243 3539 2325 omnipotens
3570 2251 3889 2326 protector
3908 2244 3987 2304 15ὲ
4018 2229 4039 2266 ¹
4068 2231 4115 2267 ‘⁸
4136 2238 4226 2278 '¹⁵¹‘

2497 2342 2795 2405 raeliticae
2826 2341 3054 2424 plebia,
3092 2361 3201 2404 seu
3238 2341 3439 2424 ipsius
3468 2342 3683 2419 Jacob,
3714 2341 3827 2425 qui
3856 2341 3986 2405 alio

2498 2441 2757 2504 nomine
2803 2441 3010 2503 dictus
3060 2449 3156 2502 est
3202 2441 3410 2504 lsrael.
3455 2444 3841 2503 Dominator
3879 2445 3988 2502 lao-
4032 2468 4283 2510 amm-2,

2498 2542 2753 2600 minum
2778 2541 3000 2616 justus
3041 2561 3063 2598 .·
3101 2539 3405 2620 quoniam
3455 2539 3661 2622 legem
3708 2540 3990 2621 justissi—
4018 2533 4281 2578 Qun-²¹*-

2500 2656 2667 2700 mam
2715 2637 2891 2700 dedit
2938 2637 3327 2714 hominibuS,
3368 2645 3430 2700 et
3480 2637 3641 2700 nulli
3684 2639 3987 2720 injuriam

2500 2735 2673 2812 facit,
2710 2745 2817 2799 aut
2848 2735 3217 2799 violentiam
3248 2735 3443 2799 infert
3474 2737 3827 2818 tyrannice,
3858 2736 3987 2800 imo
4321 2801 4323 2804 .

2500 2834 2847 2916 unicuique
2887 2834 3095 2896 reddit
3136 2836 3315 2916 juxta
3352 2836 3523 2916 quod
3562 2843 3983 2918 promeretur,
4032 2863 4285 2918 apuam.
4321 2835 4323 2916 j

2502 2952 2617 2995 nec
2658 2942 2953 3014 acceptor
2992 2941 3087 2995 est
3137 2952 3571 3015 personarum.
3614 2934 3991 2997 Dominatur
4022 2932 4281 3038 ¹1⁹3quss
4321 2951 4323 2960 ·

901 3032 1140 3094 etenim
1171 3031 1390 3092 multis
1429 3029 1824 3093 excellentiis
1857 3030 2259 3106 decorantur,
2297 3031 2391 3093 vi·
2427 3034 2470 3098 C
2501 3048 2757 3112 quoque
2819 3030 3186 3094 hominibus
3249 3051 3379 3095 non
3442 3031 3523 3096 ob
3580 3033 3986 3096 commodum

902 3132 1132 3195 delicet
1181 3151 1481 3195 sensuum
1531 3129 1986 3214 profunditate,
2031 3131 2389 3194 devotionis

903 3230 1178 3307 fervore,
1236 3229 1575 3293 verborum
1633 3228 1966 3305 suavitate,
2021 3249 2094 3292 ac
2153 3228 2389 3291 Christi

901 3327 1242 3409 mysteriiS.
1272 3327 1469 3404 Unde,
1503 3335 1576 3388 ut
1601 3327 1857 3390 divinus
1885 3327 2219 3409 Dionysius
2254 3346 2393 3410 pro-

901 3433 1187 3503 testatur,
1213 3426 1528 3507 quidquid
1560 3426 1626 3490 in
1651 3444 1827 3488 sacra
1847 3426 2212 3489 continetur
2234 3428 2392 3490 Scri-

903 3532 1109 3605 ptura,
1163 3524 1231 3585 in
1282 3523 1447 3586 libro
1504 3522 1894 3586 Psalmorum
1959 3542 2072 3605 per
2131 3526 2390 3587 modum

900 3623 1136 3685 divinae
1179 3622 1384 3684 laudis
1425 3621 1777 3684 includitur
1817 3639 1830 3683 :
1869 3622 2010 3685 ideo
2051 3623 2281 3704 psalmi
2325 3624 2390 3685 in

900 3721 1121 3784 divino
1149 3719 1381 3783 Officio
1411 3720 1684 3782 maxime
1716 3718 2226 3801 frequentantur.

943 3870 946 3875 .
983 3823 1277 3898 Spiritus
1297 3821 1590 3889 Domini,
1611 3819 1908 3883 videlicet
1940 3819 2215 3901 Spiritus
2247 3820 2395 3883 San-

903 3926 1064 3994 ctuS,
1103 3922 1348 3979 loeutus
1376 3927 1464 3978 est
1489 3936 1612 3994 per
1639 3938 1758 3987 me,
1799 3923 2100 3997 tanquam
2140 3937 2257 3999 per
2296 3938 2395 3981 or-

903 4035 1141 4098 ganum
1162 4014 1512 4077 animatum
1537 4024 1598 4076 et
1620 4010 2070 4091 intellectuale,
2091 4016 2393 4096 quoniam

903 4136 983 4178 ex
1021 4114 1240 4176 divina
1281 4113 1666 4177 revelatione
1707 4113 2118 4194 pronuntiavi
2158 4112 2393 4179 Christi

2503 3150 2709 3207 suum,
2744 3130 2898 3211 quia
2924 3132 3240 3194 bonorum
3270 3139 3628 3194 nostrorum
3668 3151 3798 3195 non
3828 3133 3991 3194 indi·
4048 3158 4273 3203 1²22„ss

2500 3237 2626 3308 get,
2670 3248 2788 3293 nec
2830 3228 3075 3311 aliquid
3113 3229 3265 3292 boni
3306 3250 3381 3293 ex
3421 3238 3637 3293 nostro
3676 3230 3989 3313 obsequio

2502 3327 2559 3389 ei
2578 3328 2881 3391 accrescit
2904 3346 3029 3408 quo
3054 3328 3191 3410 ipse
3212 3328 3584 3409 perficiatur
3612 3338 3723 3392 aut
3744 3329 3989 3394 beat-ior

2504 3424 2659 3500 fiat;
2704 3426 2816 3488 sed
2847 3433 2917 3487 ut
2947 3425 3238 3489 homines
3277 3425 3697 3508 perficiantur
3736 3448 3809 3491 ac
3848 3428 3991 3491 bea-

2502 3523 2831 3587 tificentur
2871 3524 2935 3585 in
2966 3542 3065 3600 eo,
3096 3524 3455 3588 obediendo
3494 3526 3635 3607 ejus
3672 3526 3985 3590 dominio.

2500 3622 2659 3684 Hinc
2690 3622 2997 3704 scriptum
3026 3630 3123 3684 est
3153 3622 3217 3683 in
3245 3621 3361 3686 Job
3396 3640 3410 3684 ε
3444 3623 3623 3687 Absit
3650 3644 3689 3685 a
3716 3626 3843 3688 Deo
3877 3625 3993 3687 im·
4046 3650 4141 3693 ,τοι
4160 3664 4291 3694 mn.

2503 3720 2725 3801 pietaS,
2760 3729 2822 3783 et
2848 3719 2929 3782 ab
2957 3720 3401 3802 Omnipotente
3442 3722 3772 3803 iniquitas.
3816 3723 3987 3805 Opus
4020 3717 4095 3760 ¹⁶·
4122 3718 4187 3757 ¹¹·

2502 3818 2673 3881 enirn
2706 3818 2985 3882 hominis
3024 3819 3247 3881 reddet
3287 3820 3368 3897 ei,
3404 3828 3467 3883 et
3494 3822 3673 3902 juxta
3704 3822 3839 3884 vias
3868 3823 3995 3885 sin·

2501 3916 2799 3999 gulorum
2830 3918 3118 3981 restituet
3140 3917 3255 3981 eiS.
3270 3921 3654 3981 Dominator
3672 3922 3746 3981 in
3770 3924 3997 3981 timore

2504 4018 2661 4077 Dei:
2686 4034 2813 4077 non
2846 4016 3014 4096 quod
3044 4014 3181 4097 ipse
3210 4035 3357 4079 cum
3379 4016 3606 4080 timore
3630 4018 3998 4081 dominetur

2505 4113 2895 4190 hominibus,
2934 4113 3043 4195 qui
3087 4133 3213 4177 non
3243 4124 3496 4177 veretur
3526 4134 3867 4197 personam
3894 4136 4000 4180 cu-

908 4212 1229 4295 mysteria,
1265 4220 1328 4274 et
1374 4212 1500 4273 alia
1549 4212 1748 4273 multa
1798 4210 2016 4275 futura
2059 4232 2132 4276 ac
2176 4204 2397 4277 divina
2427 4220 2475 4281 D
2499 4213 2833 4293 jusquam3
2883 4213 2993 4275 sed
3036 4212 3425 4277 dominando
3470 4215 3575 4277 dat
3624 4215 3999 4277 hominibus

909 4309 1242 4392 praeconia.
1259 4310 1519 4391 Propter
1539 4311 1710 4391 quod
1728 4309 2227 4391 gloriosissimus
2255 4331 2397 4393 apo-

907 4407 1117 4469 stolici
1147 4408 1326 4471 chori
1358 4414 1575 4470 vertex
1610 4408 1674 4468 in
1707 4408 1986 4470 secunda
2019 4427 2133 4470 sua
2167 4408 2257 4469 ait
2285 4409 2396 4472 Ca-

907 4504 1138 4569 nonica
1173 4522 1188 4567 ε
1221 4506 1358 4569 Non
1397 4506 1723 4569 voluntate
1761 4506 2044 4571 humana,
2079 4504 2273 4567 allata
2300 4514 2397 4569 cst

905 4604 1249 4686 aliquando
1299 4604 1652 4685 prophetia,
1707 4604 1817 4666 sed
1870 4603 2109 4685 Spiritu
2162 4605 2393 4668 Sancto

904 4701 1221 4782 inspirati,
1255 4702 1450 4764 locuti
1491 4709 1640 4763 sunt
1678 4702 1879 4764 sancti
1921 4702 2029 4764 Dei
2071 4702 2390 4765 homineS.

903 4804 988 4861 Ec
1017 4820 1220 4860 sermo
1237 4802 1384 4877 ejus
1404 4820 1524 4876 per
1545 4802 1842 4875 linquam
1871 4821 2076 4860 meam
2109 4801 2393 4882 prolatus

901 4908 1018 4976 est,
1045 4899 1133 4962 ita
1162 4900 1332 4980 quod
1355 4898 1548 4961 verba
1579 4918 1717 4960 mea
1749 4907 1897 4961 sunt
1923 4918 2131 4963 sermo
2165 4902 2387 4982 ipsiuS,

901 4998 1086 5078 cujus
1116 4997 1466 5061 directione
1507 4996 1754 5059 locutus
1794 5016 1960 5071 sum,
1997 5006 2059 5059 et
2097 4999 2210 5079 qui
2254 5018 2387 5080 spe-

899 5096 1127 5159 cialem
1155 5096 1425 5177 gratiam
1457 5096 1881 5177 componendi
1916 5097 2218 5177 psalmos,
2254 5097 2394 5159 dul-

901 5194 1184 5275 citerque
1215 5194 1529 5277 psallendi
1564 5194 1855 5276 praestitit
1881 5194 2062 5269 mihi,
2084 5203 2154 5255 ut
2181 5194 2392 5257 dicere

903 5310 1183 5371 queam:
1215 5292 1518 5357 Dominus
1547 5292 1726 5353 dedit
1755 5292 1910 5354 mihi
1946 5292 2229 5373 linguam
2258 5312 2395 5355 eru-

2500 4310 2794 4390 gratiam,
2825 4330 2936 4392 per
2965 4330 3155 4391 quam
3188 4312 3475 4375 serviunt
3504 4312 3561 4375 ei
3592 4332 3739 4375 cum
3772 4314 3999 4376 timore

2507 4407 2696 4470 filiali
2733 4417 2842 4471 aut
2882 4408 3133 4485 initiali,
3173 4428 3248 4472 ac
3285 4410 3397 4471 tali
3438 4410 3663 4474 timore
3692 4412 3999 4493 praecepit

2505 4525 2571 4569 se
2632 4507 2863 4569 timeri.
2909 4507 3168 4588 Propter
3220 4509 3391 4590 quod
3450 4509 3540 4570 ait
3588 4509 3931 4591 Apostolus
3974 4528 3991 4571 ε

2504 4604 2865 4669 Serviamus
2892 4623 3035 4668 cum
3070 4614 3245 4669 metu
3282 4616 3345 4669 et
3375 4608 3751 4670 reverentia.
3784 4608 3995 4690 Atque
4055 4640 4279 4682 namn,

2504 4703 2569 4764 in
2609 4703 2853 4766 Psalmo
2891 4720 2905 4765 ε
2950 4704 3191 4767 Servite
3228 4706 3495 4768 Domino
3536 4706 3601 4767 in
3644 4705 3892 4783 timore,
3926 4718 3993 4770 et
4024 4704 4115 4808 ᾖ.
4148 4782 4177 4808 u
4206 4770 4243 4807 fl

2502 4802 2810 4865 exsultate
2850 4802 2908 4865 ei
2946 4822 3089 4866 cum
3131 4812 3429 4867 tremore.
3462 4804 3641 4867 Unde
3679 4806 3749 4867 in
3787 4806 3993 4868 Evan-
4120 4798 4131 4807 ’
4180 4800 4191 4813 ’
4252 4798 4261 4807 ’

2500 4902 2668 4983 gelio
2697 4901 2785 4962 ait
2814 4900 3098 4963 Salvator
3132 4920 3147 4963 ι
3179 4901 3340 4963 Eum
3380 4902 3620 4980 timete,
3655 4904 3765 4984 qui
3798 4904 3994 4967 habet
4058 4935 4260 4978 gast„

2501 5008 2876 5082 potestatem
2916 5018 3145 5081 corpus
3187 5008 3251 5062 et
3289 5001 3567 5063 animam
3606 5004 3872 5083 perdere
3921 5004 3991 5065 in
4022 5000 4093 5040 ²⁸·

2494 5098 2878 5177 gehennam.

2566 5196 3044 5276 Consequentcr
3068 5196 3262 5259 David
3290 5196 3581 5273 declarat,
3604 5198 3883 5279 qualiter
3906 5198 3994 5263 fa-

2499 5302 2615 5356 ctae
2662 5293 2792 5358 sint
2839 5293 2966 5356 sibi
3016 5295 3435 5359 revelationes
3480 5296 3869 5378 propheticae
3914 5316 3991 5361 ac
