4359 6250
1090 535 1440 582 mAnnA‘rlo
1482 536 1543 581 m
1585 535 1721 581 CAP.
1769 536 1853 582 XX
1895 534 2169 581 tunicum.
2215 555 2296 564 —
2337 535 2478 580 AnT.
2525 535 2722 580 ΧΧΧΙΙῙ

3331 514 3452 578 213

338 703 485 781 dor,
506 703 739 766 merito
773 702 949 767 furor
971 713 1255 782 vocatur,
1280 714 1583 786 tanquam
1618 705 1848 768 rationi
1882 706 1931 767 A
1967 707 2233 764 urbibus
2251 726 2393 782 quae
2421 706 2609 764 sortis
2638 725 2772 766 succ
2789 713 2998 776 erant,
3021 713 3452 764 convenerunt

342 820 613 884 prorsus
662 803 1044 866 contrarius,
1084 807 1379 884 Denique
1430 815 1687 866 mortua
1735 815 1845 865 est.

350 903 565 969 Quam
607 912 969 980 arreptam,
1000 906 1072 963 in
1122 905 1343 980 frusta
1391 906 1699 973 conscidi,
1733 905 1854 962 mi-

339 1004 535 1082 sique
572 1011 799 1079 partes
846 1003 921 1063 in
968 1023 1185 1064 omnes
1228 1006 1533 1064 terminos
1563 1005 1855 1081 possessi-

341 1102 495 1160 onis
524 1109 775 1170 vestroe,
806 1102 965 1180 quia
1006 1123 1352 1182 nunquam
1388 1112 1641 1163 tant-um
1670 1104 1855 1179 nefas

340 1211 407 1260 et
443 1210 581 1261 tam
606 1204 865 1277 yrande
884 1203 1231 1278 piaculum
1260 1202 1513 1278 factum
1540 1211 1630 1262 est
1660 1203 1733 1262 in
1763 1205 1858 1262 Is-

340 1302 513 1358 rael.
548 1299 807 1360 Adestis
835 1317 1053 1360 omnes
1078 1300 1214 1376 filii
1242 1302 1469 1360 Israel.
1495 1302 1852 1372 Decernite,

342 1396 477 1458 hoc
510 1404 627 1473 est,
660 1395 945 1478 judicate
974 1397 1326 1460 secundum
1356 1397 1513 1477 legis
1546 1406 1850 1474 tenorem,

343 1497 519 1576 quid
536 1515 727 1572 ayere
745 1497 1027 1556 debeatis
1042 1517 1065 1556 .·
1085 1495 1239 1577 quia
1268 1497 1616 1559 secundum
1652 1498 1853 1576 legem

346 1593 741 1657 tenebantur
780 1593 901 1657 hoc
939 1593 1288 1658 vindicare.

1965 805 2039 863 in
2092 807 2340 874 Gabaa,
2388 814 2460 865 ut
2507 804 2646 863 illis
2694 807 2941 883 ferrent
2990 804 3348 872 auccilium,
3395 812 3453 862 et

1966 913 2189 963 eontra
2241 905 2620 963 universum
2657 905 2976 981 populum
3013 904 3220 963 Israel
3261 902 3460 961 dimi-

1965 1011 2208 1062 carent.
2236 1000 2412 1075 Quod
2455 1000 2580 1063 fuit
2619 999 2881 1064 omnino
2916 1000 3250 1082 injustum,
3289 1007 3353 1062 et
3381 1017 3457 1060 ex

1967 1099 2208 1162 carnali
2241 1118 2454 1162 amore
2475 1109 2666 1181 atque
2685 1099 2962 1163 clatione
2983 1097 3312 1180 processit,
3329 1114 3457 1159 non

1966 1219 2043 1261 ex
2088 1197 2223 1261 zelo
2262 1198 2545 1279 justitiae,
2583 1219 2699 1263 nec
2739 1219 2814 1262 ex
2854 1198 3137 1263 caritate.
3175 1197 3460 1258 Inventi-

1967 1318 2088 1377 que
2129 1308 2284 1357 sunt
2331 1299 2572 1375 viqinti
2611 1301 2896 1377 quinque
2937 1298 3152 1357 millia
3188 1299 3268 1356 de
3295 1297 3460 1357 Ben-

1952 1397 2179 1474 jamin
2211 1399 2622 1457 educentium
2655 1397 2983 1474 yladium,
3005 1405 3246 1474 praeter
3283 1396 3460 1456 habi-

1968 1504 2200 1555 tatores
2231 1498 2452 1556 Gabaa
2480 1498 2597 1574 qui
2615 1496 3002 1572 septinqenti
3019 1503 3204 1554 erant
3231 1501 3458 1575 praeter

1965 1592 2268 1656 mulieres
2300 1601 2362 1655 et
2401 1593 2722 1675 parvuloS,
2759 1595 2893 1653 viri
2931 1594 3305 1670 fortissimi,
3332 1591 3454 1654 hoc

434 1695 761 1772 Stansque
789 1695 1001 1754 omnis
1022 1698 1326 1772 populus,
1347 1703 1409 1754 et
1435 1697 1627 1774 quasi
1657 1696 1854 1754 unius
1965 1699 2061 1754 est
2079 1692 2263 1754 valde
2299 1691 2492 1754 fortes
2527 1692 2590 1755 in
2623 1710 2908 1774 corpore,
2933 1690 3308 1754 fortitudine
3335 1691 3454 1753 vir-

344 1793 641 1852 hominis
674 1811 819 1851 voce
846 1791 1288 1869 respondit,id
1316 1799 1433 1870 est,
1456 1793 1853 1856 concorditer
1969 1799 2173 1852 tutum
2216 1799 2504 1854 carentes
2551 1791 2616 1853 in
2658 1790 2890 1868 anima,
2927 1793 3022 1851 ita
3050 1792 3347 1860 sinistra,
3377 1799 3451 1850 ut

346 1888 987 1953 determinaverunt:
1022 1908 1152 1953 non
1189 1891 1361 1972 quod
1399 1909 1621 1954 omnes
1660 1891 1849 1953 simul
1889 1889 1935 1950 B
1963 1893 2194 1950 dea-cra
2221 1892 2642 1967 proeliantes:
2674 1889 2896 1970 sicque
2942 1889 3139 1951 instar
3178 1888 3311 1952 Aod
3354 1888 3452 1969 ju-
3517 1909 3743 1960 audiam,

348 1987 749 2071 protulerint
778 1987 975 2051 verba
1003 1988 1159 2066 haec,
1195 1989 1306 2051 sed
1337 1989 1539 2071 aliqui
1569 1990 1855 2071 superio-
1965 1987 2125 2050 dicis
2147 1987 2333 2070 quasi
2365 1988 2780 2050 ambidexteri
2803 1995 3091 2062 erant3et
3108 1989 3201 2047 sic
3219 1988 3451 2063 fundis
3481 1973 3547 2015 ¹⁵·

350 2107 502 2149 rum
552 2095 615 2150 et
657 2086 932 2169 judiceS,
967 2105 1241 2168 quorum
1284 2087 1616 2151 sententiae
1660 2089 1854 2152 ceteri
1952 2089 2270 2166 jacientes
2313 2089 2559 2164 lapides
2597 2089 2684 2147 ad
2723 2097 2993 2156 certum,
3023 2096 3096 2146 ut
3135 2087 3452 2164 capillum

346 2185 1241 2249 acclamabant.Credendum
1272 2196 1369 2250 est
1392 2189 1856 2270 quoque,quod
1966 2206 2216 2267 quoque
2251 2197 2505 2262 possent
2544 2196 2897 2263 percutere,
2939 2194 3000 2245 et
3047 2204 3456 2264 nequaquam

348 2283 587 2349 Levita
616 2303 731 2366 per
766 2291 955 2348 testes
988 2283 1286 2366 probavit
1314 2305 1458 2367 quae
1487 2286 1668 2363 dixit,
1702 2306 1859 2368 prae-
1970 2287 2037 2344 in
2086 2288 2362 2344 alteram
2399 2293 2656 2362 partem
2696 2285 2862 2344 ictus
2907 2285 3150 2360 lapidis
3183 2283 3458 2358 deferre-

350 2382 586 2446 sertim
625 2401 743 2464 per
782 2382 1145 2445 ministrum
1188 2403 1376 2446 suum
1413 2404 1603 2466 quem
1636 2385 1861 2448 habuit

351 2500 606 2558 secum,
650 2490 716 2544 et
761 2500 879 2563 per
920 2501 1136 2544 senem
1186 2481 1505 2564 hospitem
1552 2503 1762 2561 suum,
1798 2493 1861 2546 et

354 2581 507 2662 ejus
553 2579 963 2656 domesticOS,
996 2580 1109 2661 qui
1156 2579 1442 2643 fortassis
1487 2583 1571 2646 ob
1618 2589 1861 2645 tantum

355 2677 693 2759 flagitium
726 2678 966 2758 egressi
998 2687 1149 2741 sunt
1176 2678 1407 2756 Gabaa,
1441 2689 1631 2763 atque
1661 2682 1740 2744 ad
1776 2690 1863 2744 te-

350 2777 785 2840 stificandum
817 2777 1073 2841 adducti
1104 2787 1275 2840 sunt.
1298 2781 1449 2840 Non
1480 2784 1859 2853 recedemuS,

350 2877 421 2939 id
460 2883 561 2939 est
594 2893 726 2938 non
758 2885 1173 2952 revertemur,
1200 2879 1273 2937 in
1307 2880 1722 2940 tabernacula
1754 2899 1865 2939 no-

344 2985 519 3046 stra,
538 2995 656 3034 nec
684 2995 875 3035 suam
896 2976 1243 3055 quisquam
1272 2977 1547 3037 intrabit
1576 2979 1861 3046 domum,

1974 2393 2100 2444 tur.
2136 2383 2266 2446 Hoc
2299 2390 2502 2445 totum
2533 2381 2944 2464 hyperbolica
2973 2389 3070 2444 est
3099 2379 3356 2457 locutio,
3393 2379 3458 2441 in

1972 2501 2100 2563 qua
2129 2480 2375 2562 aliquid
2405 2481 2640 2543 dicitur
2671 2499 2785 2562 per
2814 2499 3164 2557 excessum,
3199 2480 3279 2541 ad
3308 2477 3464 2540 insi—

1974 2581 2301 2643 nuandum
2347 2579 2851 2659 magnitudinem
2895 2587 3005 2641 aut
3047 2577 3460 2641 eminentiam

1976 2678 2089 2754 rei,
2120 2697 2263 2760 quae
2305 2678 2491 2741 aliter
2531 2685 2657 2740 tam
2702 2676 3161 2741 convenienter
3190 2675 3462 2758 exprimi

1977 2777 2202 2859 nequit
2235 2795 2248 2838 :
2287 2777 2430 2840 ideo
2465 2776 2530 2838 in
2569 2775 2684 2839 tali
2725 2775 3048 2840 locutione
3093 2793 3221 2838 non
3264 2774 3469 2838 conti-

1975 2884 2163 2939 netur
2219 2874 2645 2952 mendacium,
2693 2873 2848 2956 quia
2894 2883 2956 2936 et
3015 2874 3285 2955 loquens
3345 2873 3463 2936 scit

1974 2993 2311 3056 quousque
2358 2974 2672 3037 credatur.
2714 2971 2931 3054 Itaque
2980 2991 3093 3055 per
3136 2971 3331 3036 verba
3369 2971 3466 3033 in-

346 3075 565 3138 donec
607 3071 951 3136 fecerimus
991 3091 1133 3153 quae
1174 3081 1548 3156 sequuntur.
1583 3077 1714 3137 Sed
1749 3077 1863 3136 hoc:
1899 3081 1942 3145 C
1973 3075 2163 3137 ducta
2194 3090 2321 3137 non
2351 3072 2523 3135 aliud
2555 3071 2944 3152 designatur,
2981 3070 3105 3134 nisi
3142 3070 3315 3152 quod
3353 3069 3465 3133 ha-

350 3183 591 3235 contra
627 3174 847 3234 Gabaa
890 3174 963 3232 in
1004 3192 1338 3233 commune
1372 3175 1712 3251 faciemus.
1744 3177 1861 3236 De-

348 3294 497 3333 cem
540 3272 677 3332 viri
717 3272 1053 3347 eliyantur
1082 3291 1116 3330 e
1152 3282 1409 3333 centum
1446 3292 1528 3331 ea:
1563 3274 1861 3333 omnibus

351 3371 659 3431 tribubus
678 3372 915 3438 Israel,
930 3379 989 3430 et
1017 3379 1279 3430 centum
1298 3372 1379 3430 de
1406 3372 1610 3441 mille,
1627 3380 1686 3430 et
1718 3373 1858 3430 mil-

350 3475 409 3531 le
441 3472 527 3529 de
556 3472 775 3529 decem
805 3470 1125 3538 millibus,
1154 3478 1229 3529 ut
1257 3479 1645 3546 comportent
1682 3491 1859 3529 exer-

348 3569 528 3629 citui
558 3568 841 3635 cibaria,
868 3576 929 3626 et
950 3568 1275 3643 possimus
1294 3586 1597 3644 puynare
1636 3578 1857 3628 contra

353 3668 589 3728 Gabaa
618 3665 1001 3741 Benjamin,
1034 3674 1094 3725 et
1126 3666 1389 3725 reddere
1426 3667 1489 3724 ei
1518 3685 1641 3742 pro
1679 3670 1858 3725 scele-

348 3786 421 3825 re
454 3766 632 3843 quod
664 3772 963 3823 meretur.

440 3862 885 3939 Convenitque
932 3864 1275 3921 universus
1321 3865 1550 3933 Israel,
1598 3882 1713 3945 per
1760 3883 1859 3945 sy-

1974 3172 2278 3235 bitatores
2322 3171 2532 3234 Gabaa
2579 3179 2760 3234 erant
2811 3168 3231 3232 fundibularii
3277 3169 3462 3233 valde

1973 3271 2185 3352 periti,
2208 3289 2334 3333 non
2366 3278 2578 3332 autem
2608 3268 2778 3353 quod
2804 3268 2985 3350 juxta
3009 3266 3346 3331 verborum
3381 3274 3464 3331 te-

1974 3387 2216 3445 norem,
2253 3367 2579 3449 potuerint
2626 3375 2883 3448 tangere
2913 3384 2951 3427 a
2983 3373 3226 3430 remoto
3265 3364 3460 3447 capii-

1972 3468 2129 3545 lum,
2164 3488 2356 3550 quem
2398 3486 2516 3529 nec
2555 3467 2770 3530 videre
2802 3466 2894 3530 sic
2924 3474 3256 3549 poterant:
3291 3466 3458 3529 sicut

1970 3578 2034 3633 et
2050 3570 2292 3631 Pharao
2323 3566 2484 3630 dixit
2515 3567 2592 3628 ad
2611 3565 2864 3648 Joseph,
2886 3565 3035 3628 Sine
3063 3565 3192 3629 oris
3224 3565 3317 3628 tui
3347 3566 3458 3627 im·
3487 3588 3748 3638 canaan.

1972 3667 2149 3750 perio
2181 3682 2369 3729 nemo
2389 3664 2674 3727 movebit
2702 3683 2960 3726 manum
2989 3672 3100 3727 aut
3129 3664 3355 3746 pedem
3387 3662 3455 3725 in
3483 3658 3490 3663 ’

1970 3765 2146 3829 omni
2184 3772 2349 3827 terra
2378 3762 2650 3846 AEgypti.

2042 3867 2344 3925 Virorum
2364 3882 2610 3943 quoque
2624 3864 2849 3933 Israel,
2865 3863 3096 3942 absque
3112 3863 3277 3939 filiis
3296 3865 3462 3924 Ben-

352 3960 739 4024 needochen
770 3960 1081 4023 sumendo
1112 3970 1356 4042 partem
1396 3962 1702 4043 majorem
1744 3982 1857 4044 pro
1956 3966 2208 4043 jamin,
2243 3961 2496 4022 inventi
2536 3970 2689 4021 sunt
2722 3961 3204 4038 quadringenta
3242 3962 3462 4021 millia

352 4068 517 4135 totO,
574 4060 665 4118 ad
710 4060 1043 4119 civitatem
1098 4057 1375 4141 Maspha,
1428 4062 1617 4140 quasi
1674 4062 1858 4121 homo

350 4178 562 4226 unu-5,
581 4158 807 4217 eadem
838 4166 1043 4217 mente
1074 4177 1327 4237 unoque
1355 4160 1648 4229 consili0,
1672 4167 1741 4220 ut
1769 4159 1860 4221 di-

1969 4062 2381 4123 educentium
2416 4060 2696 4136 9ladios,
2732 4068 2792 4119 et
2812 4068 3201 4136 paratorum
3231 4061 3319 4118 ad
3338 4079 3462 4135 pu-

1964 4181 2192 4239 ynam.
2221 4160 2369 4230 Qui,
2397 4156 2642 4220 scilicet
2683 4155 2804 4218 filii
2837 4156 3025 4219 lsrael
3056 4165 3278 4220 contra
3305 4156 3463 4219 Ben-

351 4265 537 4320 ctum
574 4262 712 4328 est3
748 4262 810 4313 et
848 4255 1164 4316 miserunt
1199 4258 1465 4317 nuntios
1493 4260 1581 4317 ad
1609 4279 1859 4319 omnem
1888 4262 1937 4323 D
1970 4258 2172 4340 jamin
2217 4255 2602 4336 congregati,
2639 4265 2989 4333 suryentes,
3035 4266 3347 4317 venerunt
3386 4258 3460 4315 in

354 4356 611 4415 tribum
642 4352 1027 4431 Benjamin,
1057 4352 1303 4417 scilicet
1333 4354 1408 4416 ad
1439 4355 1721 4419 diversas
1758 4376 1860 4417 ui·-

352 4455 473 4517 bes
524 4452 839 4534 ipsorum,
886 4454 1005 4531 qui
1046 4454 1331 4513 dicerent
1368 4475 1389 4513 .·
1436 4459 1565 4517 Cur
1605 4465 1861 4516 tantum

356 4554 549 4631 nefas
580 4553 657 4612 in
690 4552 864 4611 vobis
892 4561 1219 4628 repertum
1247 4562 1359 4624 est,
1394 4552 1458 4615 id
1499 4562 1596 4616 est
1642 4554 1707 4615 in
1752 4554 1862 4616 ali-

354 4648 601 4733 quibus
632 4649 715 4711 de
746 4656 958 4712 vestra
997 4649 1345 4731 progenici
1377 4652 1560 4732 quasi
1603 4651 1857 4715 dicant:

356 4748 493 4812 Hoc
522 4746 709 4811 vobis
752 4746 935 4811 cedet
972 4746 1038 4810 in
1074 4748 1371 4826 dedecuS,
1409 4750 1529 4812 nisi
1569 4750 1864 4815 dissenti-

358 4847 509 4925 atiS,
556 4856 623 4909 et
672 4845 1033 4929 puniendos
1086 4848 1346 4911 tradatis
1394 4849 1857 4914 malefactores,

360 4946 511 5009 Ideo
543 4944 883 5007 subditur:
925 4947 1186 5006 Tradite
1216 4948 1501 5009 homines
1530 4952 1611 5009 de
1642 4954 1864 5013 Gabaa

358 5046 485 5123 qui
532 5043 653 5102 hoc
700 5042 1037 5118 flayitium
1080 5055 1565 5120 perpetrarunt,
1618 5057 1690 5106 ut
1738 5068 1865 5107 mo-

363 5143 663 5211 riantur,
696 5150 757 5200 et
787 5140 1141 5217 auferatur
1172 5144 1421 5202 malum
1450 5146 1529 5203 de
1556 5146 1779 5206 Israel.

437 5240 571 5308 Qui
601 5240 955 5299 noluerunt
972 5238 1263 5315 fratrum
1286 5261 1552 5302 suorum
1571 5244 1865 5319 filiorum

366 5340 583 5401 Israel
630 5338 871 5397 audire
914 5338 1321 5409 mandatum,
1353 5342 1464 5399 sed
1503 5361 1583 5400 ea·
1620 5344 1869 5403 cunctis

1970 4360 2238 4417 domum
2287 4356 2430 4426 Dei,
2484 4356 2599 4414 hoc
2643 4363 2732 4413 cst
2780 4356 2854 4413 in
2902 4355 3064 4415 Silo.
3118 4353 3334 4434 Itaque
3380 4354 3460 4416 de

1973 4453 2232 4535 Maspha
2260 4461 2575 4518 venerunt
2604 4452 2668 4513 in
2711 4450 2862 4528 Silo,
2897 4460 2961 4515 et
2992 4451 3059 4513 in
3091 4452 3462 4515 tabernacu-

1976 4553 2107 4616 lum
2144 4552 2251 4615 Dei
2292 4570 2484 4614 causa
2527 4550 2854 4627 orationiS,
2891 4559 3080 4632 atquc
3119 4559 3189 4614 ut
3229 4549 3318 4613 ibi
3348 4570 3462 4633 per

1974 4670 2298 4715 summum
2355 4649 2746 4711 sacerdotem
2807 4649 3214 4712 consulerent
3253 4648 3464 4712 Domi-

1979 4770 2156 4825 num,
2201 4748 2367 4811 sicut
2397 4756 2547 4809 tunc
2585 4747 2780 4809 moris
2813 4755 2967 4810 erat.
2991 4747 3167 4810 Unde
3197 4747 3465 4828 subjun-

1973 4848 2177 4930 gitur:
2198 4850 2782 4924 consulueruntque
2801 4848 3154 4907 Dominum
3185 4864 3298 4927 per
3325 4845 3464 4907 Phi-

1976 4946 2260 5029 neeS,qui
2281 4965 2394 5028 per
2414 4944 2761 5008 orationem
2786 4952 2848 5005 et
2867 4941 3256 5005 sacrificium
3280 4944 3464 5024 petiit

1976 5046 2100 5108 sibi
2146 5044 2416 5108 revelari
2461 5043 2633 5125 quod
2675 5041 3098 5123 quaercbatur,
3133 5052 3324 5122 atque
3365 5046 3464 5103 di-

1974 5153 2256 5203 sserunt:
2281 5144 2438 5211 Quis
2466 5142 2591 5200 erit
2622 5142 2695 5200 in
2724 5142 3010 5200 exercitu
3040 5148 3252 5200 nostro
3274 5142 3466 5217 prin-

1976 5262 2115 5320 ceps
2136 5241 2511 5301 certaminis
2530 5249 2754 5300 contra
2772 5241 2944 5314 filios
2964 5238 3362 5315 Benjamin?
3376 5238 3465 5303 Ex

1980 5340 2102 5404 hoc
2134 5338 2438 5422 probatur
2467 5355 2617 5399 vera
2646 5355 2784 5399 esse
2813 5334 3032 5418 opinio
3061 5335 3338 5419 Josephi,
3372 5336 3468 5401 af-
