4359 6250
549 776 558 785 '
621 782 719 825 Cor.

557 847 621 887 15.

635 1168 763 1210 Deut.

682 1244 706 1272 '¹
781 1264 791 1275 ·
851 1252 1046 1329 venit,
1083 1261 1145 1315 et
1174 1253 1253 1316 de
1284 1252 1421 1316 Seir
1450 1263 1625 1317 ortus
1656 1264 1752 1318 est
1793 1254 2012 1329 nohis3
2047 1254 2343 1337 apparuit

845 471 962 537 136

1661 492 2007 539 ENARRATIO
2051 493 2110 537 IN
2155 492 2291 537 CAP.
2340 491 2375 534 V
2416 491 2688 538 summm.
2735 511 2815 521 -
2855 492 2998 538 ART.
3044 490 3107 537 lx

846 669 910 723 ta
957 682 994 724 a
1042 662 1332 726 Domino.
1368 664 1582 745 ltaque
1621 682 1844 727 canam
1890 663 2157 727 Domino
2200 680 2331 737 ore,
2366 657 2417 720 A
2446 662 2724 726 rationes
2785 663 3103 743 angelicas
3146 670 3205 725 et
3256 661 3511 723 divinos
3561 657 3925 729 inst-inctuS,

733 795 817 830 m.
848 759 1115 841 psallam
1149 761 1207 824 ei
1240 770 1304 825 et
1334 772 1569 825 mente.

929 861 1222 931 Domine,
1256 880 1461 940 quum
1509 863 1716 921 eaee‘res
1763 866 1842 921 de
1883 862 2058 930 δεῖν,
2095 871 2154 920 et
2198 880 2339 938 per-

853 959 1159 1019 transires
1194 980 1316 1036 per
1359 962 1644 1037 reyimws
1688 962 1924 1029 Edem,
1959 970 2128 1020 terra
2167 969 2340 1020 mota

847 1066 956 1116 esc.
993 1056 1161 1118 Istud
1201 1066 1508 1120 consonat
1545 1058 1626 1134 ei,
1663 1058 1832 1139 quod
1867 1058 1933 1119 in
1968 1058 2341 1121 Deuterono-

849 1153 980 1217 mio
1019 1155 1255 1236 Moyses
1299 1156 1584 1238 loquitur
1631 1176 1644 1220 :
1694 1157 1999 1219 Dominus
2044 1157 2122 1219 de
2167 1156 2341 1218 Sinai

851 1348 916 1411 in
951 1360 1164 1414 monte
1192 1352 1655 1416 Pharan.Circa
1682 1353 1850 1434 quod
1887 1352 2108 1416 recitat
2138 1352 2297 1433 Lyra
2323 1370 2337 1413 ε

851 1448 1079 1511 Dicunt
1116 1449 1381 1527 Hebraei,
1417 1452 1588 1531 quod
1632 1450 1936 1513 Dominus
1978 1449 2187 1531 primo
2233 1450 2343 1513 ob-

853 1547 999 1608 tulit
1027 1548 1231 1627 legem
1255 1548 1412 1610 filiis
1435 1550 1597 1611 Esau
1619 1549 2055 1612 habitantibus
2080 1549 2144 1611 in
2168 1567 2344 1611 mon-

851 1654 915 1707 te
946 1645 1102 1723 Scir,
1122 1647 1231 1709 sed
1265 1647 1389 1728 ipsi
1424 1648 1764 1711 noluerunt
1795 1667 1933 1711 eam
1968 1648 2346 1730 recipere,et

853 1754 1006 1808 tunc
1037 1746 1211 1808 dedit
1237 1766 1376 1808 eam
1411 1747 1568 1809 filiis
1591 1748 1775 1811 Israel
1809 1749 1874 1809 in
1907 1756 2121 1811 monte
2145 1747 2339 1811 Sinai.

2445 760 2835 824 exhortando
2862 762 3009 824 illos
3041 759 3309 824 interius
3340 760 3418 822 ad
3460 757 3653 820 fidem
3696 764 3759 818 ct
3796 754 3931 817 cul-

2446 868 2581 923 tum
2622 860 2813 923 unius
2846 861 2978 923 veri
3022 861 3152 924 Dei.
3199 862 3457 941 Propter
3486 858 3653 939 quod
3695 856 3929 917 dicitur

2452 960 2753 1023 transisse
2792 980 2903 1041 per
2946 961 3233 1040 regiones
3276 959 3493 1033 Edom‚
3533 954 3739 1017 taliter
3784 952 3929 1017 visi-

2452 1060 2644 1121 tando
2666 1059 2856 1121 corda
2889 1058 3315 1121 habitantium
3343 1056 3463 1131 ibi;
3490 1054 3597 1117 sed
3619 1052 3769 1134 quia
3800 1070 3925 1114 non

2452 1165 2633 1219 erant
2675 1157 2883 1233 electi,
2920 1166 2989 1218 ut
3036 1155 3159 1217 filii
3205 1155 3415 1231 Israel,
3456 1171 3581 1216 non
3620 1150 3795 1214 dedit
3836 1150 3927 1211 eis

2452 1254 2721 1335 gratiam
2764 1253 3119 1336 recipiendi
3171 1254 3373 1334 legem
3424 1261 3549 1314 tam
3598 1258 3871 1312 sanctam
3910 1265 3925 1308 :

2453 1352 2657 1416 nihilo
2695 1353 2910 1415 minus
2952 1352 3106 1416 fecit
3143 1353 3313 1434 quod
3355 1350 3479 1412 fuit
3516 1348 3581 1411 in
3620 1368 3708 1411 se.
3744 1347 3929 1409 Porro

2453 1449 2587 1513 Seir
2608 1452 2993 1533 quandoque
3023 1461 3116 1514 est
3142 1468 3373 1513 nomen
3404 1448 3639 1511 montis
3669 1445 3737 1507 in
3768 1454 3931 1507 terra

2450 1550 2889 1625 Idumaeorum‚
2924 1549 3309 1630 quandoque
3347 1565 3463 1629 pro
3506 1556 3669 1608 terra
3700 1543 3811 1605 illa
3838 1561 3934 1605 ac-

2453 1647 2708 1729 cipitur.
2746 1646 2943 1711 Edom
2981 1667 3239 1730 quoque
3268 1656 3365 1710 est
3403 1644 3729 1727 proprium
3771 1643 3933 1704 Esau

2456 1764 2729 1819 nomen3
2767 1747 3088 1809 interdum
3122 1764 3236 1828 pro
3272 1745 3539 1807 Idumaea
3571 1740 3929 1822 suscipitur.

853 1843 1083 1925 Sicque
1113 1853 1438 1927 exponunt
1468 1846 1739 1909 litteram
1777 1847 1984 1923 istam,
2010 1846 2215 1920 Quum
2246 1866 2345 1909 ex-
2380 1843 2425 1904 B
2456 1844 2531 1905 Et
2570 1845 2862 1924 quamvis
2905 1845 3175 1907 Idumaea
3213 1844 3339 1905 fuit
3374 1842 3546 1923 regio
3582 1860 3732 1915 una,
3768 1858 3937 1901 nunc

853 1942 979 2005 ires
1028 1943 1106 2005 de
1150 1943 1305 2021 Scir,
1350 1962 1427 2006 eo
1473 1945 1643 2024 quod
1694 1954 2093 2007 recusassent
2136 1945 2341 2025 legem

854 2039 976 2101 sibi
1011 2039 1309 2103 oblatam.
1343 2041 1632 2121 Magister
1661 2061 1917 2123 quoque
1949 2043 2014 2104 in
2055 2041 2342 2103 historiis

856 2146 1069 2199 narrat
1115 2156 1128 2200 :
1179 2139 1461 2201 Tradunt
1504 2140 1772 2217 Hebraei,
1822 2141 1992 2221 quod
2036 2140 2341 2203 Dominus

855 2236 1030 2298 misit
1061 2237 1318 2316 angelos
1351 2256 1500 2300 suos
1530 2240 1608 2300 ad
1642 2239 1948 2302 Idumaeos
1990 2240 2054 2301 in
2087 2239 2243 2315 Scir,
2280 2247 2343 2301 et

855 2336 934 2397 ad
965 2335 1310 2397 Ismaelitas
1340 2336 1406 2397 in
1440 2337 1704 2414 Pharan,
1741 2347 1804 2399 et
1843 2338 2074 2400 obtulit
2115 2339 2208 2401 eis
2249 2338 2340 2400 le-

853 2450 996 2513 gem
1035 2450 1048 2494 :
1085 2452 1274 2514 quam
1305 2453 1502 2516 quum
1537 2435 1781 2498 nollent
1820 2437 2129 2519 accipere,
2167 2438 2343 2501 venit

854 2533 934 2594 ad
976 2531 1223 2595 Judaeos
1273 2532 1338 2594 in
1385 2532 1557 2595 Sinai
1602 2553 1744 2595 cum
1792 2534 2011 2595 multis
2055 2534 2342 2597 millibus

855 2629 1247 2709 angelorum,
1283 2638 1346 2692 et
1376 2630 1580 2710 legem
1612 2632 1883 2694 contulit
1920 2632 2007 2693 ibi
2038 2632 2337 2695 Hebraeis.

856 2728 1028 2790 Istud
1058 2729 1406 2790 secundum
1439 2730 1688 2811 Lyram,
1725 2730 1973 2793 videtur
2004 2750 2142 2794 esse
2175 2730 2345 2793 ficti-

857 2825 1028 2888 cium
1065 2843 1078 2887 :
1114 2827 1264 2906 quia
1309 2828 1656 2889 secundum
1688 2827 1922 2890 veteris
1957 2830 2342 2892 Testamenti

859 2924 1236 3005 ScripturaS,
1274 2925 1546 3006 populus
1591 2925 1995 2989 Hebraeorum
2038 2927 2159 2989 fuit
2205 2947 2345 3010 spe-

2454 1951 2665 2005 tamen
2691 1942 3024 2025 pluraliter
3052 1941 3306 2018 dicitur,
3335 1942 3447 2004 Per
3477 1939 3807 2019 regiones:
3838 1937 3937 1999 vel

2454 2049 2715 2123 propter
2764 2041 3045 2103 diversas
3105 2039 3285 2120 regni
3336 2038 3509 2101 illius
3558 2047 3790 2120 panea,
3837 2036 3935 2097 vel

2454 2138 2606 2220 quia
2637 2139 2883 2220 plurale
2914 2159 3028 2221 pro
3060 2138 3367 2219 singulari
3399 2128 3493 2201 est
3522 2136 3823 2219 positum.

2535 2238 2707 2299 Tunc
2754 2237 2968 2319 itaque
3008 2247 3175 2301 terra
3214 2246 3382 2300 mota
3420 2246 3535 2313 est,
3570 2236 3748 2316 juxta
3776 2233 3933 2296 illud

2454 2335 2521 2396 in
2553 2335 2798 2397 Psalmo
2825 2352 2838 2397 ε
2865 2335 2914 2396 Α
2948 2336 3109 2398 facie
3139 2334 3388 2399 Domini
3420 2342 3591 2397 mota
3620 2340 3715 2395 est
3743 2340 3930 2394 terra.

2454 2433 2655 2508 Quum
2689 2433 2980 2514 equidem
3014 2433 3318 2495 Dominus
3350 2434 3549 2511 l‘egem
3588 2440 3721 2494 erat
3760 2431 3935 2492 datu-

2457 2553 2584 2609 ruS,
2623 2541 2789 2595 totus
2820 2551 3004 2596 mons
3036 2532 3207 2595 Sinai
3241 2530 3365 2593 fuit
3394 2532 3541 2613 igne
3570 2538 3849 2612 opertuS‚
3872 2537 3936 2591 et

2457 2632 2660 2694 nubes
2719 2630 3099 2693 densissima
3146 2631 3398 2713 operuit
3445 2630 3647 2691 illum.
3683 2629 3771 2691 Ex
3810 2648 3935 2709 qua

2454 2729 2716 2810 clangor
2764 2729 3070 2807 buccina),
3122 2728 3377 2810 fulgura
3422 2736 3612 2809 atque
3660 2726 3935 2791 tonitrua

2458 2828 2905 2910 procedebant,
2950 2847 3025 2891 ex
3070 2828 3305 2908 quihus
3347 2845 3531 2890 mons
3576 2826 3747 2889 Sinai
3790 2845 3937 2889 con-

2457 2926 2735 3002 tremuit,
2785 2926 2883 2989 vel
2934 2927 3281 2989 secundum
3332 2924 3789 3008 apparentiam,
3830 2933 3939 2987 aut

857 3022 1103 3087 cialiter
1145 3042 1182 3085 a
1227 3024 1349 3086 Deo
1381 3024 1644 3102 electuS,
1690 3034 1761 3087 ut
1803 3025 2086 3089 Christus
2133 3045 2346 3089 nasce·
2380 3025 2425 3089 C
2456 3045 2605 3089 vere
2634 3025 2908 3088 realiter.
2946 3025 3065 3088 Sed
3096 3034 3159 3087 et
3192 3025 3315 3087 filii
3356 3025 3537 3087 Israel
3573 3024 3638 3087 in
3672 3023 3937 3087 circuitu

858 3129 1033 3186 retur
1062 3141 1138 3185 ex
1167 3141 1243 3186 co
1278 3141 1291 3184 :
1329 3133 1589 3206 propter
1617 3124 1786 3206 quod
1819 3125 2081 3207 speciali
2113 3126 2346 3188 sancti-

857 3229 984 3284 tate
1021 3220 1294 3284 debebat
1336 3222 1598 3305 pollere.
1631 3223 1808 3287 Unde
1843 3244 1880 3286 a
1925 3226 2151 3288 ceteris
2199 3233 2348 3287 sunt

858 3319 1168 3400 segregati
1209 3340 1320 3401 per
1355 3321 1548 3384 fidem
1589 3331 1652 3385 et
1695 3323 1938 3385 cultum
1979 3324 2168 3385 unius
2210 3324 2342 3400 Dei,

857 3418 1090 3480 deinde
1136 3437 1247 3500 per
1290 3418 1842 3483 circumcisionem
1893 3429 1956 3483 et
2006 3421 2164 3501 legis
2214 3442 2350 3484 sus-

857 3516 1239 3598 ceptionem.
1275 3517 1435 3580 Hinc
1473 3518 1862 3601 expositores
1907 3519 2202 3582 catholici
2257 3521 2348 3583 sic

858 3625 1183 3696 exponunt
1217 3635 1230 3678 :
1268 3616 1553 3694 Domine,
1590 3636 1788 3698 quum
1820 3618 2024 3680 exires
2068 3617 2145 3680 de
2188 3618 2343 3695 Seir,

857 3713 1162 3777 Idumaeos
1207 3715 1274 3776 in
1319 3715 1450 3777 suis
1496 3715 1819 3778 erroribus
1858 3735 1930 3777 ac
1971 3715 2349 3779 idololatriis

857 3811 1026 3892 juste
1057 3812 1581 3893 derelinquendo.
1600 3813 2048 3876 Verumtamen
2084 3813 2351 3895 praefato

859 3909 1029 3972 dicto
1060 3909 1462 3972 Hebraeorum
1501 3928 1853 3972 consonare
1892 3911 2147 3974 videtur
2181 3914 2350 3993 quod

859 4008 950 4070 ait
1008 4007 1285 4070 Glossa:
1342 4007 1558 4069 Exisse
1617 4009 1852 4070 dicitur
1909 4010 2215 4072 Dominus
2275 4013 2353 4074 de

862 4106 1019 4182 Scir,
1054 4115 1117 4168 et
1148 4105 1450 4167 transisse
1484 4124 1595 4187 per
1625 4106 1916 4185 regiones
1947 4107 2166 4185 bidom,
2203 4129 2356 4190 quo—

2458 3125 2595 3205 ejus
2628 3133 2888 3200 stanteS,
2930 3122 3337 3186 vehementer
3367 3131 3887 3186 contremuerunt
3919 3141 3933 3185 ε

2459 3223 2678 3304 sicque
2723 3223 2801 3284 de
2843 3222 2935 3285 eis
2987 3230 3197 3304 potest
3238 3220 3534 3301 intelligi,
3569 3222 3736 3301 quod
3778 3231 3941 3283 terra

2458 3321 2694 3384 dicitur
2742 3329 2934 3384 mota.
2992 3324 3271 3400 Coelique
3312 3342 3387 3380 ac
3432 3323 3623 3382 nubes
3664 3323 3940 3380 distilla-

2460 3431 2690 3480 verunt
2732 3423 2921 3500 aquis
2955 3443 2977 3480 .·
3016 3420 3170 3501 quia
3217 3439 3293 3482 ex
3342 3419 3512 3482 nube
3553 3419 3662 3481 illa
3700 3419 3941 3480 densis-

2458 3519 2620 3580 sima
2664 3517 3151 3581 diffundebatur
3198 3526 3345 3580 tunc
3394 3536 3580 3599 aqua,
3624 3536 3748 3597 qua
3794 3516 3939 3579 coeli

2459 3616 2651 3692 aerei,
2696 3616 2758 3678 id
2808 3625 2902 3679 est
2953 3625 3163 3699 partes
3212 3615 3397 3694 aeriS,
3442 3615 3531 3679 ibi
3582 3615 3937 3678 madebant.

2461 3715 2572 3778 Vel
2614 3715 2755 3777 ideo
2796 3715 2905 3792 ait,
2941 3715 3120 3792 Coeli,
3154 3715 3459 3797 quoniam
3490 3715 3567 3776 ad
3596 3713 3943 3794 generatio-

2464 3831 2609 3875 nem
2656 3811 2844 3875 nubis
2890 3812 3086 3889 illius,
3123 3812 3467 3875 influentia
3504 3811 3778 3875 coelestis
3824 3811 3946 3874 for-

2463 3930 2577 3973 san
2608 3910 3068 3992 cooperabatur
3101 3928 3115 3972 :
3153 3913 3281 3973 imo
3301 3911 3479 3988 Coeli,
3506 3911 3569 3972 id
3600 3918 3716 3987 est,
3740 3909 3947 3989 angeli

2466 4010 2666 4072 sancti
2718 4009 3077 4070 habitantes
3125 4009 3191 4071 in
3242 4009 3444 4085 coelis‚
3489 4008 3725 4071 nubem
3774 4007 3947 4070 illam

2467 4107 2841 4191 produxisse
2872 4107 3241 4182 creduntur,
3266 4107 3431 4169 sicut
3462 4115 3523 4169 et
3554 4115 3759 4170 cetera
3792 4107 3953 4168 mira

865 4204 1036 4266 niam
1068 4203 1360 4266 Idumaeis
1402 4203 1604 4284 legem
1647 4205 1928 4286 recipere
1961 4205 2351 4286 nolentibuS‚
2392 4213 2436 4274 D
2465 4225 2609 4288 quae
2642 4205 2730 4268 ihi
2766 4205 3031 4269 fiebant.

866 4301 1042 4364 dedit
1061 4320 1199 4363 eam
1220 4301 1450 4364 Judaeis
1476 4302 1540 4363 in
1563 4311 1780 4364 monte
1802 4302 2123 4365 Sinai.Cur
2143 4315 2357 4368 autem

868 4401 1168 4463 dicuntur
1221 4400 1478 4462 Idumaei
1531 4419 1670 4462 eam
1722 4401 2004 4482 recipere
2051 4404 2354 4483 noluisse,

869 4499 996 4560 nisi
1036 4499 1188 4580 quia
1225 4497 1319 4561 eis
1359 4497 1428 4561 of
1433 4497 1793 4560 ferebatur?
1825 4499 1952 4562 Hoc
1983 4519 2239 4583 quoquc
2272 4504 2359 4564 vi-

869 4599 1054 4661 detur
1094 4597 1305 4659 littera
1333 4596 1454 4658 ista
1486 4598 1900 4679 praetendere,
1929 4598 2198 4663 dicendo
2235 4619 2248 4662 :
2284 4603 2360 4664 Et

871 4696 1170 4758 transires
1231 4715 1345 4778 per
1403 4695 1692 4775 regiones
1748 4697 1967 4758 Edom.
2033 4698 2357 4779 Siquidem

869 4802 1128 4876 propter
1172 4792 1499 4875 praefatam
1548 4793 1964 4872 relictionem,
2003 4813 2128 4858 non
2170 4817 2361 4878 appa-

869 4900 966 4956 ret
993 4893 1166 4974 quod
1205 4891 1524 4954 diceretur
1568 4891 1873 4954 transisse
1915 4912 2028 4975 per
2070 4893 2357 4974 regiones

868 4989 1323 5070 Edom.Itaque
1344 4988 1760 5072 probabiliter
1791 4990 1916 5052 dici
1949 4996 2358 5074 potcst‚quod

2551 4308 2795 4366 Montes
2814 4309 3152 4380 fluoeerunt
3182 4325 3223 4364 a
3251 4306 3422 4382 faeie
3441 4306 3729 4375 Domini,
3748 4303 3812 4365 id
3834 4312 3953 4380 est,

2468 4423 2545 4466 ex
2576 4403 2913 4484 praescntia
2945 4400 3297 4483 majestatis
3329 4401 3585 4478 divinae,
3612 4410 3857 4464 montes
3890 4401 3957 4463 in

2469 4501 2705 4584 quibus
2749 4502 2912 4564 Deus
2959 4500 3279 4564 mirabilia
3327 4500 3502 4578 fecit,
3545 4510 3607 4564 et
3652 4521 3763 4583 per
3807 4520 3959 4563 suos

2469 4599 2743 4663 effectus
2792 4599 3107 4680 apparuit,
3165 4599 3347 4680 quasi
3399 4598 3709 4663 defecisse
3757 4619 3794 4661 a
3844 4619 3958 4662 sua

2472 4697 2745 4761 naturali
2777 4696 2839 4761 vi
2872 4717 2943 4760 ac
2974 4696 3393 4779 dispositione
3427 4698 3744 4775 videntur,
3769 4706 3955 4781 prout

2468 4798 2547 4860 de
2590 4805 2806 4858 monte
2844 4796 3084 4858 Pharan
3134 4805 3197 4858 et
3243 4795 3379 4857 Seir
3420 4804 3784 4876 praetactum
3830 4807 3949 4859 est.

2468 4896 2787 4958 Interdum
2834 4893 3047 4970 etiam,
3082 4895 3207 4956 Deo
3237 4895 3525 4975 jubente,
3564 4895 3847 4956 translati
3890 4905 3953 4958 et

2468 4992 2845 5056 comminuti
2904 5012 2975 5054 ac
3034 4991 3421 5073 complanati
3482 5001 3630 5054 sunt
3680 5001 3948 5069 monteS,

3980 2354 4068 2395 Ρε.
4086 2354 4253 2397 etms.

3992 2547 4249 2591 Eadm.
4325 2594 4326 2599 Ἰ

3968 2616 4145 2661 16·19;
4178 2624 4251 2656 xx.
4325 2632 4326 2643 ¹

3967 2679 4037 2718 13.

867 5089 1032 5151 Deus
1061 5107 1138 5149 ex
1169 5106 1282 5148 sua
1314 5087 1546 5168 pietate
1580 5105 1692 5168 per
1725 5088 1952 5150 merita
1993 5099 2355 5154 sanctorum
2465 5094 2643 5174 juxta
2675 5091 2833 5153 illud
2862 5091 2978 5153 Job
3015 5109 3028 5152 :
3065 5089 3181 5164 Qui
3225 5091 3547 5152 transtulit
3588 5099 3833 5153 montes
3873 5092 3953 5154 dc
3981 5113 4073 5156 ,τοὺ
4096 5119 4257 5159 mss..

870 5184 1368 5267 patriarcharum
1393 5184 1658 5248 Abrahae
1687 5193 1750 5248 et
1770 5187 1956 5263 Isaac,
1972 5186 2207 5250 obtulit
2226 5189 2358 5252 Idu-

870 5282 1046 5345 maeis
1075 5290 1139 5345 et
1167 5281 1500 5344 ismaelitis
1530 5282 1758 5362 legem,
1777 5283 2000 5347 saltem
2026 5305 2139 5367 per
2161 5287 2357 5369 inspi-

2467 5188 2625 5253 locis
2668 5189 2821 5251 suis,
2864 5189 2942 5250 Et
2985 5189 3052 5250 in
3101 5189 3515 5251 Numerorum
3564 5188 3727 5251 libro
3762 5207 3776 5250 ε
3812 5189 3955 5252 Sco-

2467 5288 2601 5372 puli
2651 5287 3025 5351 torrentium
3074 5284 3361 5349 inclinati
3409 5295 3577 5349 sunt.
3628 5291 3711 5349 Et
3754 5290 3954 5350 Sinai

4008 5206 4153 5249 ,Nu-i.
4172 5223 4259 5250 xxi.

3986 5271 4055 5310 15.
