4359 6250
924 461 1042 524 704
1450 479 1797 526 manuue
1839 478 1901 524 ιΝ
1943 479 2080 524 ω.
2126 477 2278 526 xvm
2318 477 2476 524 uam
2514 479 2715 526 ‘maru
2755 479 2979 526 nacuu.
3024 498 3105 509 —
3144 481 3288 527 aar.
3334 481 3479 529 xxv1

921 650 1323 732 legationem,
1356 669 1499 714 mea
1529 647 1948 714 aestimatione
1977 647 2137 710 mihi
2167 647 2413 730 pericu·
2440 643 2492 705 A
2524 649 2921 728 punitionem
2945 677 2959 728 ;
2981 655 3091 712 sed
3122 662 3193 713 tu
3220 663 3279 714 et
3312 655 3539 712 domus
3552 654 3768 729 patris
3788 655 3913 722 tui,
3940 651 4005 712 id

921 748 1142 826 lesam,
1167 757 1238 811 ut.
1269 749 1476 813 dicam
1505 749 1766 812 domino
1799 767 1938 812 meo
1971 747 2186 810 Achab
2215 754 2278 810 te
2309 746 2410 808 ad-

921 851 1103 910 esse?
1145 848 1234 910 Ex
1281 867 1408 931 qua
1455 848 1938 912 denuntiatione
1967 853 2274 928 sequetur
2304 863 2408 908 oc-

919 947 1076 1010 cisio
1109 967 1270 1025 mea,
1297 949 1351 1010 si
1383 947 1595 1010 subito
1625 947 1702 1010 ad
1733 947 1930 1010 alium
1963 945 2171 1008 locum
2207 943 2407 1006 fueris

914 1047 1280 1128 deportatus
1312 1066 1426 1129 per
1469 1046 1788 1126 angelum,
1825 1054 1894 1108 ut
1925 1044 2270 1127 aliquando
2300 1062 2407 1105 ac-

913 1144 1070 1208 cidit
1098 1145 1266 1208 circa
1296 1153 1398 1220 te;
1432 1145 1653 1227 sicque
1679 1152 1740 1208 te
1771 1163 1902 1207 non
1933 1143 2219 1220 invento,
2246 1140 2407 1204 occi-

911 1243 1019 1306 det
1047 1262 1170 1320 me,
1197 1253 1426 1326 putans
1459 1263 1560 1307 me
1590 1243 1714 1306 sibi
1745 1262 1884 1306 esse
1913 1241 2276 1317 mentitum,
2302 1239 2403 1303 vel

910 1342 1057 1424 quia
1077 1362 1206 1408 non
1229 1343 1607 1426 praesentavi
1631 1350 1691 1407 tc
1712 1342 1770 1406 ei
1791 1343 1982 1405 etiam
2005 1341 2105 1404 vel
2128 1339 2401 1402 invitum

913 1449 976 1505 et
1013 1451 1291 1524 captum,
1326 1443 1632 1525 quoniam
1675 1441 1960 1522 undique
2007 1447 2068 1502 te
2114 1438 2266 1502 fecit
2307 1438 2405 1499 in-

913 1540 1084 1622 quiri
1112 1541 1191 1603 ad
1228 1541 1632 1623 capiendum.
1683 1541 1855 1602 Vivit
1883 1541 2204 1601 Dominus
2231 1540 2404 1597 Deus

918 1649 1088 1711 tuus,
1128 1642 1288 1720 quia
1329 1661 1458 1700 non
1503 1650 1594 1701 est
1636 1658 1793 1717 qens
1837 1648 1954 1699 aut
1998 1657 2293 1714 reynum,
2328 1637 2401 1696 in

913 1757 1036 1815 quo
1067 1757 1196 1798 non
1236 1741 1484 1799 miserit
1513 1740 1816 1798 dominus
1858 1757 2032 1798 meus
2089 1745 2145 1796 te
2188 1735 2402 1813 requi-

2520 755 2615 809 est
2644 756 2710 810 tu
2740 756 2803 811 et
2832 750 3289 830 consanguinei
3338 751 3471 814 sive
3502 749 3841 813 domestici
3884 749 4003 824 tui,

2518 847 2631 927 qui
2682 866 2794 929 per
2836 849 3257 912 idololatriam
3300 849 3621 912 meruistis
3654 866 3879 930 poenas
3924 847 4010 910 is-

2519 953 2635 1022 taS,
2660 950 2777 1026 qui
2812 949 3249 1028 dereliquistis
3286 951 3597 1010 mandata
3632 948 3927 1018 Domini,
3946 957 4007 1007 et

2514 1046 2717 1104 secuti
2733 1046 2880 1106 estis
2898 1048 3175 1107 Baalim.
3209 1047 3655 1108 Verumtamen
3674 1065 3855 1106 nunc
3868 1046 4007 1105 mit-

2519 1151 2596 1212 te,
2628 1149 2693 1203 et
2737 1163 3051 1221 conyreqa
3079 1147 3168 1205 ad
3210 1163 3310 1204 me
3358 1145 3739 1204 universum
3774 1146 4003 1211 Israel,

2517 1238 2580 1302 id
2610 1249 2705 1302 est
2736 1241 3009 1324 majores
3042 1241 3654 1325 principalioresque
3683 1260 3762 1304 ex
3796 1239 4003 1303 tribu-

2515 1337 2633 1400 bus
2666 1340 2905 1418 decem,
2941 1348 3006 1403 et
3040 1341 3199 1404 alios
3232 1341 3539 1422 quosdam
3572 1360 3719 1403 cum
3750 1339 3903 1416 illis,
3928 1342 4001 1400 in

2514 1449 2723 1499 monte
2757 1441 3059 1512 Carmeli,
3092 1439 3454 1503 exsistentis
3488 1440 3555 1501 in
3597 1438 3889 1502 funiculo
3922 1439 3999 1500 ls-
4074 1453 4247 1496 emm

2513 1537 2753 1600 sachar.
2767 1537 2997 1621 Sicque
3025 1558 3208 1602 mons
3235 1538 3646 1601 iste‘Carmeli
3674 1537 3842 1601 alius
3874 1535 4000 1599 fuit

4025 1530 4106 1568 nx,
4128 1520 4182 1558 25.
4283 1561 4284 1564 ,

2512 1634 2591 1696 ab
2618 1654 2715 1713 eo,
2738 1636 2918 1718 juxta
2945 1656 3137 1719 quem
3170 1646 3595 1701 commoratus
3636 1644 3733 1700 est
3770 1635 3992 1711 Nabal,
4026 1650 4063 1755 21.
4074 1652 4243 1757 ἓξὲξ.

2511 1741 2575 1795 et
2604 1732 2727 1795 fuit
2753 1733 2823 1797 in
2852 1734 3025 1797 tribu
3053 1735 3231 1799 Juda.
3256 1736 3370 1798 Hic
3400 1743 3610 1798 autem
3641 1734 3990 1809 CarmeluS‚
4025 1781 4091 1819 55.

911 1855 1080 1898 rens.
1121 1837 1209 1897 Et
1253 1838 1777 1914 respondentibus
1823 1836 2093 1906 cunctis,
2128 1835 2278 1896 Non
2309 1841 2399 1892 est
2440 1835 2483 1898 B
2513 1830 2577 1892 in
2626 1851 2755 1914 quo
2805 1833 3157 1899 immolavit
3206 1834 3396 1911 Elias,
3446 1843 3541 1896 est
3588 1834 3656 1896 in
3706 1833 3997 1897 confinio

911 1933 1043 2003 lzie,
1073 1935 1412 2011 adjuravit
1447 1938 1712 2012 singula
1746 1954 1945 2013 reqna
1974 1943 2033 1993 et
2055 1942 2299 2010 yenteS,
2327 1949 2396 1990 eo

905 2035 1078 2110 quod
1124 2035 1391 2094 minime
1435 2034 1827 2111 reperireris,
1873 2041 1941 2094 ut
1991 2029 2397 2110 unumquod-

909 2147 1033 2210 que
1063 2149 1282 2193 eorum
1321 2133 1492 2214 quod
1532 2131 1888 2214 perceperit
1919 2129 2030 2193 ubi
2067 2130 2177 2206 siS,
2204 2127 2399 2208 signi-

908 2227 1062 2292 ficet
1091 2230 1172 2293 ei.
1205 2231 1510 2295 Praeterea
1539 2233 1794 2309 mirum,
1832 2231 2002 2311 quod
2036 2246 2224 2292 nemo
2255 2245 2398 2310 per-

906 2338 1160 2410 ceperat
1207 2329 1320 2392 ubi
1367 2340 1554 2407 esset,
1601 2349 1800 2413 quum
1858 2329 2053 2392 fuerit
2103 2327 2170 2389 in
2226 2334 2394 2388 terra

912 2425 1317 2492 Sidoniorum
1363 2447 1492 2492 non
1521 2439 1762 2493 remote
1792 2449 1830 2492 a
1861 2447 2052 2510 regno
2082 2425 2295 2502 Israel,
2332 2431 2397 2485 et

916 2543 1028 2607 per
1077 2529 1550 2592 suscitationem
1597 2529 1826 2592 mortui
1874 2527 2090 2592 forsan
2137 2523 2261 2587 fuit
2308 2521 2399 2585 ibi

651 2637 783 2680 Prov-
801 2651 884 2689 m.
915 2624 1210 2688 famatus.
1234 2626 1353 2690 Scd
1385 2646 1513 2693 non
1543 2636 1640 2691 est
1670 2625 2014 2690 consilium
2046 2632 2267 2689 contra
2289 2622 2399 2684 Do-

621 2702 690 2744 ³⁰.

914 2725 1183 2788 minum.
1219 2730 1302 2788 Et
1333 2747 1510 2788 nunc
1553 2738 1624 2788 tu
1661 2729 1826 2787 dicis
1869 2727 2058 2797 milii,
2109 2727 2299 2795 Vade,
2340 2733 2399 2784 et

909 2826 1018 2884 dic
1062 2826 1324 2886 domino
1375 2836 1507 2896 tue,
1538 2828 1734 2887 Adest
1775 2827 2009 2888 Elias?
2058 2827 2397 2902 Quumque

908 2943 1210 2984 recessero
1239 2946 1282 2984 a
1315 2934 1395 2994 te,
1425 2927 1717 3002 Spiritus
1746 2926 2016 2985 Domini
2045 2922 2397 3000 asportabit

2509 1931 2854 1994 Palaestinae
2899 1941 3090 2016 atque
3138 1933 3487 1997 PhoeniceS.
3534 1937 3616 1996 Et
3650 1936 3995 2013 prophetas

2504 2033 2680 2092 Baal
2734 2033 3238 2112 quadringentos
3286 2034 3792 2114 quinquaqinta,
3844 2052 3997 2111 pro-

2500 2132 2848 2211 phetasque
2887 2136 3204 2202 lucorum,
3243 2131 3308 2194 id
3358 2140 3453 2195 est
3502 2130 3847 2207 idolorum,
3894 2131 3995 2192 vel

2508 2227 2719 2310 potius
2748 2230 3131 2306 daemonum,
3164 2231 3278 2312 qui
3323 2231 3387 2293 in
3429 2229 3797 2293 nemoribus
3830 2229 3997 2292 col&

2507 2325 2757 2404 bantur,
2792 2331 3320 2408 quadrinyentos,
3362 2330 3479 2409 qui
3521 2331 3862 2390 comedunt
3910 2331 3991 2388 de

2510 2445 2727 2488 mensa
2751 2429 3020 2489 Iezabel.

2593 2527 2776 2588 Misit
2803 2528 3025 2588 Achab
3070 2531 3159 2588 ad
3204 2547 3420 2590 omnes
3456 2529 3628 2606 filios
3666 2528 3898 2600 Israel,
3936 2537 3995 2586 et

2508 2628 2917 2703 congregravit
2938 2629 3283 2704 prophetas
3322 2629 3391 2688 in
3436 2636 3649 2688 monte
3690 2629 3989 2688 Carmeli.

2506 2725 2825 2786 Accedens
2852 2735 3070 2786 autem
3092 2728 3276 2788 Elias
3296 2729 3384 2786 ad
3412 2747 3663 2787 omnem
3674 2728 3993 2803 populum

2507 2823 2736 2894 Israel,
2770 2826 2868 2885 ait
2902 2845 2924 2882 .·
2956 2827 3281 2904 Usquequo
3310 2825 3695 2885 claudicatis
3722 2827 3797 2885 in
3824 2827 3987 2884 duas

2500 2925 2762 2996 partes?
2794 2921 2856 2984 id
2899 2930 3015 3000 est,
3050 2923 3129 2985 ad
3169 2931 3504 3004 utramque
3534 2930 3780 3004 partem
3829 2941 3993 2986 erra-

911 3032 968 3082 te
1010 3025 1082 3084 in
1127 3027 1335 3084 locum
1381 3044 1570 3104 quem
1597 3043 1706 3100 eqo
1747 3026 2014 3100 iynor0,·
2047 3033 2108 3084 et
2157 3025 2398 3100 ingres·
2429 3022 2474 3086 C
2506 3019 2608 3096 tis,
2642 3040 2759 3084 nec
2804 3021 2869 3083 in
2902 3021 3005 3084 via
3034 3021 3144 3085 Dei
3178 3030 3349 3086 recte
3380 3021 3697 3096 inceditiS‚
3732 3029 3797 3084 et
3840 3021 3989 3082 estis

902 3143 1010 3182 sus
1039 3124 1354 3183 nuntiabo
1386 3124 1629 3193 Achab,
1667 3134 1728 3184 et
1769 3144 1899 3185 non
1939 3124 2279 3183 inveniens
2311 3132 2391 3191 te,

901 3222 1247 3299 interficiet
1295 3241 1415 3282 me.
1452 3224 1690 3282 Servus
1741 3232 1959 3283 autem
2010 3231 2157 3282 tuus
2210 3222 2387 3282 timet

901 3320 1257 3380 Dominum
1286 3321 1366 3381 ab
1393 3320 1688 3396 infantia
1717 3340 1859 3381 sua.
1887 3321 2231 3399 Numquid
2258 3338 2389 3380 non

902 3418 1267 3479 indicatum
1309 3426 1398 3478 est
1429 3419 1548 3479 tibi
1583 3420 1845 3479 domino
1885 3438 2016 3479 meo
2047 3420 2212 3499 quid
2236 3419 2393 3495 fece·

902 3508 1059 3585 rim,
1096 3538 1299 3595 quum
1343 3520 1725 3595 interficeret
1760 3520 2017 3579 ,Iezabel
2045 3519 2391 3596 prophetas

902 3616 1191 3688 Domini,
1233 3619 1404 3696 quod
1451 3618 1892 3677 absconderim
1939 3619 2019 3677 de
2061 3616 2391 3695 prophetis

904 3715 1173 3774 Domini
1227 3724 1482 3775 centum
1538 3717 1735 3785 viros,
1794 3716 2279 3795 quinquayenos
2334 3723 2393 3774 et

903 3815 1384 3893 quinquayenos
1413 3816 1486 3874 in
1513 3816 1857 3890 speluncis,
1891 3824 1950 3875 et
1971 3816 2273 3892 paverim
2293 3834 2392 3874 eos

892 3929 1068 3987 pane
1096 3920 1154 3972 et
1184 3932 1358 3990 aqua
1379 3914 1408 3972 ἓ
1437 3914 1524 3973 Et
1556 3932 1731 3973 nunc
1763 3921 1832 3973 tu
1861 3914 2050 3984 dicis,
2103 3915 2296 3982 Vade,
2326 3922 2387 3973 et

897 4010 1008 4069 dic
1047 4012 1308 4073 domino
1353 4019 1484 4082 tu0,
1529 4013 1726 4073 Adest
1771 4012 1976 4084 Elias,
2027 4023 2098 4073 ut
2144 4014 2390 4089 interfi-

897 4108 1029 4169 ciat
1073 4130 1170 4169 me
1191 4113 1221 4169 ?
1253 4112 1336 4170 Et
1376 4111 1554 4170 dixit
1583 4111 1770 4171 Elias
1805 4132 1828 4170 .·
1868 4112 2039 4173 Vivit
2071 4112 2390 4172 Dominus

2500 3119 2582 3183 ab
2632 3119 2907 3184 invicem
2967 3119 3365 3199 differenteS,
3418 3121 3572 3183 dum
3622 3119 3825 3202 aliqui
3879 3140 3985 3183 vc-

2500 3226 2703 3280 strum
2733 3237 2905 3283 nunc
2931 3220 3079 3296 Deo,
3116 3238 3286 3282 nunc
3319 3218 3503 3282 idolis
3536 3218 3896 3293 immolant,
3926 3226 3989 3281 et

2498 3316 2760 3398 quidam
2805 3317 2993 3381 idolis
3034 3326 3300 3395 tantum,
3334 3317 3533 3400 aliqui
3566 3318 3692 3381 Deo
3728 3317 3931 3381 solum
3967 3334 3982 3378 :

2500 3416 2719 3498 sicque
2744 3435 2860 3499 pro
2898 3417 3173 3479 maxima
3215 3425 3393 3498 parte
3425 3436 3463 3479 a
3492 3416 3665 3495 regia
3718 3415 3824 3478 via
3862 3415 3988 3479 vir-

2497 3521 2705 3577 tutum
2738 3514 3052 3591 receditiS‚
3087 3524 3151 3580 et
3192 3516 3271 3577 ad
3301 3524 3641 3598 utrumque
3674 3514 3979 3578 vitiosum

2498 3613 2831 3676 declinatis
2874 3622 3223 3678 extremum
3257 3633 3271 3677 :
3305 3614 3483 3696 juxta
3522 3614 3681 3677 illud
3731 3613 3979 3691 Psalmi,

2498 3710 2642 3773 Filii
2672 3712 2865 3776 alieni
2910 3713 3239 3777 inveterati
3286 3721 3453 3790 sunt,
3487 3721 3549 3776 et
3590 3713 3985 3777 claudicavc-
4010 3732 4147 3775 pan

2502 3820 2651 3873 runt
2688 3832 2725 3875 a
2755 3811 2999 3875 semitis
3030 3811 3186 3874 suis.
3220 3815 3300 3875 Si
3328 3815 3647 3874 Dominus
3673 3823 3763 3873 est
3792 3816 3981 3883 Deus,

2500 3910 2563 3971 id
2594 3919 2711 3987 est,
2750 3911 2803 3973 si
2835 3911 2888 3974 is
2918 3909 3031 3994 qui
3062 3911 3127 3973 in
3170 3910 3307 3991 lege
3338 3919 3402 3975 et
3426 3910 3768 3993 Prophetis
3810 3929 3984 3973 com-

2498 4010 2777 4073 muniter
2808 4018 3065 4073 vocatur
3085 4010 3271 4086 DeuS‚
3293 4018 3389 4072 est
3410 4028 3595 4073 verus
3615 4018 3680 4073 et
3710 4018 3979 4073 aeternus

2500 4114 2560 4169 et
2587 4106 3125 4171 incommutabilis
3146 4110 3333 4187 Deu8‚
3358 4112 3711 4190 sequimini
3727 4132 3896 4183 eum,
3920 4109 3979 4171 id

896 4209 1320 4279 exercituum,
1363 4217 1513 4268 ante
1549 4210 1737 4287 eujus
1781 4214 2036 4271 vultum
2081 4220 2197 4283 sto,
2231 4212 2387 4291 quia
2420 4208 2469 4270 D
2499 4216 2613 4281 est,
2638 4207 3008 4271 adhaereatis
3040 4209 3120 4285 ei,
3146 4218 3211 4272 et
3238 4210 3551 4274 accedatis
3572 4211 3650 4273 ad
3682 4230 3832 4274 eum
3873 4228 3981 4291 per

899 4307 1088 4365 hodie
1115 4308 1430 4383 apparebo
1460 4309 1543 4367 ei.

980 4404 1162 4464 Abiit
1179 4424 1324 4481 erqo
1342 4405 1589 4466 Abdias
1611 4407 1684 4465 in
1713 4425 2048 4467 occursum
2069 4410 2312 4480 Achab,
2330 4420 2389 4469 et

901 4503 1223 4563 indicavit
1250 4504 1332 4564 ei.
1377 4505 1682 4581 Venitque
1701 4505 1920 4565 Achab
1950 4506 2024 4565 in
2052 4525 2388 4568 occursum

900 4602 1090 4663 Etioe.
1120 4604 1201 4664 Ec
1228 4622 1431 4683 quum
1463 4601 1722 4662 vidisset
1759 4622 1930 4674 eum,
1953 4605 2093 4664 ait:
2122 4608 2299 4666 Tune
2326 4626 2391 4665 es

900 4702 1012 4760 ille
1050 4701 1168 4780 qui
1196 4702 1536 4761 conturbas
1565 4702 1796 4770 Israel,
1828 4700 1891 4762 id
1923 4708 2039 4777 est,
2065 4709 2268 4765 totum
2297 4722 2390 4767 re·

897 4816 1093 4880 gnum
1123 4799 1341 4861 decem
1375 4798 1656 4860 tribuum
1681 4798 2045 4881 inquietas?
2075 4799 2261 4881 quasi
2292 4802 2389 4863 di-

893 4905 996 4959 cat
1021 4896 1262 4971 :Quum
1291 4898 1379 4961 sis
1411 4897 1613 4960 hostis
1652 4897 1804 4962 boni
1849 4899 2237 4976 communiS,
2272 4900 2384 4980 qui

893 4995 1291 5059 sterilitatem
1313 4995 1682 5079 procurasti,
1708 4996 1938 5077 dignus
1961 5016 2028 5061 es
2053 5007 2277 5061 morte.
2302 5002 2385 5061 Et

893 5096 1008 5154 ille
1046 5096 1142 5155 ait
1173 5115 1195 5154 .·
1226 5096 1374 5156 Non
1404 5114 1514 5172 eqo
1549 5097 1810 5156 turbavi
1843 5098 2048 5156 Israel
2085 5093 2389 5157 turbatio-

895 5211 976 5256 ne
1007 5192 1267 5274 injusta,
1293 5193 1393 5257 vel
1423 5194 1707 5276 aliquam
1737 5192 1831 5256 eis
1853 5192 2190 5273 irrogando
2225 5193 2388 5276 inju-

894 5290 1076 5370 riam,
1129 5291 1422 5373 quamvis
1471 5291 1948 5373 procuraverim
1992 5292 2084 5355 cis
2141 5291 2376 5373 justam

2499 4306 2695 4369 fidem
2724 4314 2788 4370 et
2816 4307 3101 4370 debitum
3150 4308 3427 4383 cultum;
3474 4311 3535 4368 si
3564 4319 3784 4369 autem
3816 4312 3981 4371 Baal

2498 4412 2595 4467 est
2641 4424 2829 4468 verus
2868 4405 3052 4480 DeuS,
3090 4405 3194 4468 cui
3232 4405 3350 4469 soli
3384 4406 3649 4469 debetur
3690 4405 3974 4469 adoratio

2498 4507 2561 4564 et
2589 4500 2988 4579 sacrificatio,
3012 4504 3364 4583 sequimini
3382 4506 3597 4565 illum.
3628 4507 3713 4566 Et
3733 4525 3863 4565 non
3884 4524 3975 4563 re-

2495 4603 2753 4678 spondit
2780 4603 2843 4661 ei
2864 4605 3145 4679 populus
3176 4604 3458 4673 verbum,
3480 4603 3635 4684 quia
3656 4610 3839 4665 erant
3868 4621 3975 4684 pu-

2498 4699 2649 4777 silli,
2699 4706 3017 4776 nutanteS,
3072 4708 3134 4763 et
3180 4700 3574 4781 ambigentes
3620 4701 3726 4764 cui
3774 4700 3975 4783 potius

2496 4798 2899 4876 assentirent,
2934 4798 3131 4880 impio
3178 4799 3311 4879 regi
3356 4807 3419 4862 et
3466 4800 3795 4882 prophetis
3844 4799 3975 4881 ejus

2498 4896 2978 4979 superstitiosiS,
3010 4916 3092 4959 an
3123 4905 3340 4960 sancto
3370 4898 3696 4979 prophetae
3724 4898 3897 4961 Elias.

2573 4998 2661 5057 Et
2690 4997 2785 5057 ait
2822 5016 3050 5056 rursus
3088 4998 3277 5058 Elias
3318 4998 3406 5056 ad
3436 5000 3757 5074 populum
3787 5018 3812 5057 .·
3838 4998 3972 5074 Eyo

2496 5095 2781 5155 remansi
2790 5097 3105 5171 propheta
3124 5096 3393 5156 Domini
3422 5098 3611 5157 solus.
3644 5094 3781 5158 Jam
3812 5094 3971 5156 Elias

2497 5192 2782 5256 audierat
2823 5191 2904 5255 ab
2945 5192 3168 5269 Abdia,
3202 5194 3373 5273 quod
3418 5202 3675 5256 centum
3726 5192 3977 5256 abscon·

2496 5292 2695 5355 disset
2720 5291 3086 5374 prophetaS,
3104 5293 3423 5374 quomodo
3442 5310 3591 5374 ergo
3623 5292 3857 5356 mansit
3884 5308 3977 5354 so-

4152 3734 4243 3778 nJG.
4283 3728 4284 3799 l
