<?xml version="1.0" encoding="UTF-8"?>
<!DOCTYPE html PUBLIC "-//W3C//DTD XHTML 1.0 Transitional//EN"
    "http://www.w3.org/TR/xhtml1/DTD/xhtml1-transitional.dtd">
<html xmlns="http://www.w3.org/1999/xhtml" xml:lang="en" lang="en">
 <head>
  <title>
</title>
<meta http-equiv="Content-Type" content="text/html;charset=utf-8" />
  <meta name='ocr-system' content='tesseract 3.04.00' />
  <meta name='ocr-capabilities' content='ocr_page ocr_carea ocr_par ocr_line ocrx_word'/>
</head>
<body>
  <div class='ocr_page' id='page_1' title='image "./doctorisecstati02denigoog_0732.png"; bbox 0 0 4359 6250; ppageno 0'>
   <div class='ocr_carea' id='block_1_1' title="bbox 83 1188 334 1295">
    <p class='ocr_par' dir='ltr' id='par_1_1' title="bbox 83 1188 334 1295">
     <span class='ocr_line' id='line_1_1' title="bbox 89 1188 334 1242; baseline 0.004 -10"><span class='ocrx_word' id='word_1_1' title='bbox 89 1188 234 1232; x_wconf 76' lang='lat' dir='ltr'>11Par.</span> <span class='ocrx_word' id='word_1_2' title='bbox 245 1203 334 1242; x_wconf 80' lang='lat' dir='ltr'>xm,</span> 
     </span>
     <span class='ocr_line' id='line_1_2' title="bbox 83 1255 139 1295; baseline 0.018 -1"><span class='ocrx_word' id='word_1_3' title='bbox 83 1255 139 1295; x_wconf 74' lang='lat'>20.</span> 
     </span>
    </p>
   </div>
   <div class='ocr_carea' id='block_1_2' title="bbox 63 4452 324 4511">
    <p class='ocr_par' dir='ltr' id='par_1_2' title="bbox 63 4452 324 4511">
     <span class='ocr_line' id='line_1_3' title="bbox 63 4452 324 4511; baseline 0.004 -15"><span class='ocrx_word' id='word_1_4' title='bbox 63 4452 110 4496; x_wconf 79' lang='grc' dir='ltr'>ΙΙΙ</span> <span class='ocrx_word' id='word_1_5' title='bbox 119 4456 216 4511; x_wconf 71' lang='lat' dir='ltr'>Req</span> <span class='ocrx_word' id='word_1_6' title='bbox 223 4468 324 4507; x_wconf 66' lang='lat' dir='ltr'>‚xm</span> 
     </span>
    </p>
   </div>
   <div class='ocr_carea' id='block_1_3' title="bbox 63 4751 324 4868">
    <p class='ocr_par' dir='ltr' id='par_1_3' title="bbox 63 4751 324 4868">
     <span class='ocr_line' id='line_1_4' title="bbox 73 4751 324 4805; baseline 0.004 -10"><span class='ocrx_word' id='word_1_7' title='bbox 73 4751 324 4805; x_wconf 66' lang='lat' dir='ltr'>n-Parmv,</span> 
     </span>
     <span class='ocr_line' id='line_1_5' title="bbox 63 4818 324 4868; baseline 0 -9"><span class='ocrx_word' id='word_1_8' title='bbox 63 4820 94 4867; x_wconf 72' lang='grc' dir='ltr'>ξ,</span> <span class='ocrx_word' id='word_1_9' title='bbox 106 4820 192 4865; x_wconf 78' lang='grc'>3,5;</span> <span class='ocrx_word' id='word_1_10' title='bbox 207 4818 324 4868; x_wconf 53' lang='lat' dir='ltr'>xma-</span> 
     </span>
    </p>
   </div>
   <div class='ocr_carea' id='block_1_4' title="bbox 949 515 2922 568">
    <p class='ocr_par' dir='ltr' id='par_1_4' title="bbox 949 515 2922 568">
     <span class='ocr_line' id='line_1_6' title="bbox 949 515 2922 568; baseline 0.002 -6"><span class='ocrx_word' id='word_1_11' title='bbox 949 515 1298 563; x_wconf 64' lang='lat' dir='ltr'>mannum</span> <span class='ocrx_word' id='word_1_12' title='bbox 1339 517 1402 562; x_wconf 84' lang='lat' dir='ltr'>IN</span> <span class='ocrx_word' id='word_1_13' title='bbox 1445 515 1582 562; x_wconf 76' lang='lat' dir='ltr'>CAP.</span> <span class='ocrx_word' id='word_1_14' title='bbox 1627 515 1709 562; x_wconf 77' lang='lat' dir='ltr'>XV</span> <span class='ocrx_word' id='word_1_15' title='bbox 1751 516 1910 562; x_wconf 74' lang='lat' dir='ltr'>unm</span> <span class='ocrx_word' id='word_1_16' title='bbox 1949 515 2149 562; x_wconf 68' lang='lat' dir='ltr'>&#39;raum</span> <span class='ocrx_word' id='word_1_17' title='bbox 2190 517 2415 566; x_wconf 65' lang='lat' dir='ltr'>RERUM.</span> <span class='ocrx_word' id='word_1_18' title='bbox 2459 537 2540 549; x_wconf 90' lang='grc'>--</span> <span class='ocrx_word' id='word_1_19' title='bbox 2580 520 2723 566; x_wconf 71' lang='lat' dir='ltr'>ART.</span> <span class='ocrx_word' id='word_1_20' title='bbox 2768 521 2922 568; x_wconf 73' lang='lat' dir='ltr'>111ss</span> 
     </span>
    </p>
   </div>
   <div class='ocr_carea' id='block_1_5' title="bbox 3346 504 3469 568">
    <p class='ocr_par' dir='ltr' id='par_1_5' title="bbox 3346 504 3469 568">
     <span class='ocr_line' id='line_1_7' title="bbox 3346 504 3469 568; baseline 0.008 -1"><span class='ocrx_word' id='word_1_21' title='bbox 3346 504 3469 568; x_wconf 59' lang='lat'>⁶691</span> 
     </span>
    </p>
   </div>
   <div class='ocr_carea' id='block_1_6' title="bbox 353 685 3472 774">
    <p class='ocr_par' dir='ltr' id='par_1_6' title="bbox 353 685 3472 774">
     <span class='ocr_line' id='line_1_8' title="bbox 353 685 3472 774; baseline 0.002 -27"><span class='ocrx_word' id='word_1_22' title='bbox 353 685 908 769; x_wconf 82' lang='lat' dir='ltr'>&#39;Paralipomenon</span> <span class='ocrx_word' id='word_1_23' title='bbox 933 711 948 762; x_wconf 74' lang='grc' dir='ltr'><strong>ς</strong></span> <span class='ocrx_word' id='word_1_24' title='bbox 980 690 1164 749; x_wconf 89' lang='lat' dir='ltr'>omni</span> <span class='ocrx_word' id='word_1_25' title='bbox 1209 699 1485 767; x_wconf 77' lang='lat' dir='ltr'>tempore</span> <span class='ocrx_word' id='word_1_26' title='bbox 1521 690 1671 749; x_wconf 77' lang='lat' dir='ltr'>vitoe</span> <span class='ocrx_word' id='word_1_27' title='bbox 1707 689 1874 766; x_wconf 81' lang='lat' dir='ltr'>ejus,</span> <span class='ocrx_word' id='word_1_28' title='bbox 1903 686 1956 749; x_wconf 77' lang='lat' dir='ltr'>A</span> <span class='ocrx_word' id='word_1_29' title='bbox 1986 690 2051 753; x_wconf 91' lang='lat' dir='ltr'>id</span> <span class='ocrx_word' id='word_1_30' title='bbox 2081 699 2176 754; x_wconf 84' lang='lat' dir='ltr'>est</span> <span class='ocrx_word' id='word_1_31' title='bbox 2204 693 2388 774; x_wconf 90' lang='lat' dir='ltr'>quasi</span> <span class='ocrx_word' id='word_1_32' title='bbox 2419 691 2678 774; x_wconf 82' lang='lat' dir='ltr'>praelata</span> <span class='ocrx_word' id='word_1_33' title='bbox 2708 701 2770 757; x_wconf 91' lang='lat' dir='ltr'>et</span> <span class='ocrx_word' id='word_1_34' title='bbox 2793 693 3135 772; x_wconf 75' lang='lat' dir='ltr'><strong>abbatissa,</strong></span> <span class='ocrx_word' id='word_1_35' title='bbox 3167 696 3241 755; x_wconf 91' lang='lat' dir='ltr'>in</span> <span class='ocrx_word' id='word_1_36' title='bbox 3264 695 3472 756; x_wconf 71' lang='lat' dir='ltr'>‚saeris</span> 
     </span>
    </p>
   </div>
   <div class='ocr_carea' id='block_1_7' title="bbox 353 784 1875 3036">
    <p class='ocr_par' dir='ltr' id='par_1_7' title="bbox 357 784 1875 1950">
     <span class='ocr_line' id='line_1_9' title="bbox 361 784 1874 867; baseline 0 -21"><span class='ocrx_word' id='word_1_37' title='bbox 361 793 530 864; x_wconf 81' lang='lat' dir='ltr'>puta</span> <span class='ocrx_word' id='word_1_38' title='bbox 570 784 783 860; x_wconf 81' lang='lat' dir='ltr'>Abiae;</span> <span class='ocrx_word' id='word_1_39' title='bbox 817 785 905 848; x_wconf 90' lang='lat' dir='ltr'>ita</span> <span class='ocrx_word' id='word_1_40' title='bbox 951 786 1124 867; x_wconf 86' lang='lat' dir='ltr'>quod</span> <span class='ocrx_word' id='word_1_41' title='bbox 1172 785 1513 848; x_wconf 82' lang='lat' dir='ltr'>inimicitia</span> <span class='ocrx_word' id='word_1_42' title='bbox 1543 784 1670 847; x_wconf 85' lang='lat' dir='ltr'>fuit</span> <span class='ocrx_word' id='word_1_43' title='bbox 1708 786 1874 848; x_wconf 88' lang='lat' dir='ltr'>inter</span> 
     </span>
     <span class='ocr_line' id='line_1_10' title="bbox 361 882 1875 966; baseline 0.001 -22"><span class='ocrx_word' id='word_1_44' title='bbox 361 901 506 960; x_wconf 87' lang='grc' dir='ltr'><strong>θοε,</strong></span> <span class='ocrx_word' id='word_1_45' title='bbox 541 891 606 946; x_wconf 89' lang='grc' dir='ltr'>θῖ</span> <span class='ocrx_word' id='word_1_46' title='bbox 645 884 770 946; x_wconf 89' lang='lat' dir='ltr'>sibi</span> <span class='ocrx_word' id='word_1_47' title='bbox 812 884 1089 948; x_wconf 88' lang='lat' dir='ltr'>invicem</span> <span class='ocrx_word' id='word_1_48' title='bbox 1131 882 1600 966; x_wconf 78' lang='lat' dir='ltr'>particulariter</span> <span class='ocrx_word' id='word_1_49' title='bbox 1647 903 1875 948; x_wconf 87' lang='lat' dir='ltr'>nocue-</span> 
     </span>
     <span class='ocr_line' id='line_1_11' title="bbox 363 982 1874 1065; baseline 0.002 -24"><span class='ocrx_word' id='word_1_50' title='bbox 363 990 556 1056; x_wconf 84' lang='lat' dir='ltr'>runt3</span> <span class='ocrx_word' id='word_1_51' title='bbox 593 991 807 1045; x_wconf 88' lang='lat' dir='ltr'>tamen</span> <span class='ocrx_word' id='word_1_52' title='bbox 840 982 1006 1046; x_wconf 89' lang='lat' dir='ltr'>sicut</span> <span class='ocrx_word' id='word_1_53' title='bbox 1037 982 1103 1045; x_wconf 89' lang='lat' dir='ltr'>in</span> <span class='ocrx_word' id='word_1_54' title='bbox 1135 989 1435 1064; x_wconf 83' lang='lat' dir='ltr'>praetacto</span> <span class='ocrx_word' id='word_1_55' title='bbox 1453 982 1874 1065; x_wconf 88' lang='lat' dir='ltr'>Paralipome-</span> 
     </span>
     <span class='ocr_line' id='line_1_12' title="bbox 363 1079 1873 1166; baseline 0 -24"><span class='ocrx_word' id='word_1_56' title='bbox 363 1085 494 1142; x_wconf 78' lang='lat' dir='ltr'>non</span> <span class='ocrx_word' id='word_1_57' title='bbox 515 1079 685 1144; x_wconf 89' lang='lat' dir='ltr'>libro</span> <span class='ocrx_word' id='word_1_58' title='bbox 706 1079 1080 1166; x_wconf 87' lang='lat' dir='ltr'>fertur‚post</span> <span class='ocrx_word' id='word_1_59' title='bbox 1099 1081 1466 1164; x_wconf 83' lang='lat' dir='ltr'>praedictum</span> <span class='ocrx_word' id='word_1_60' title='bbox 1481 1080 1873 1162; x_wconf 87' lang='lat' dir='ltr'>triumphum</span> 
     </span>
     <span class='ocr_line' id='line_1_13' title="bbox 365 1178 1874 1260; baseline -0.001 -20"><span class='ocrx_word' id='word_1_61' title='bbox 365 1178 673 1260; x_wconf 81' lang='lat' dir='ltr'>nequivit</span> <span class='ocrx_word' id='word_1_62' title='bbox 697 1179 1030 1243; x_wconf 83' lang='lat' dir='ltr'>Jeroboam</span> <span class='ocrx_word' id='word_1_63' title='bbox 1064 1180 1216 1243; x_wconf 92' lang='lat' dir='ltr'>huic</span> <span class='ocrx_word' id='word_1_64' title='bbox 1236 1179 1410 1242; x_wconf 81' lang='lat' dir='ltr'>Abiae</span> <span class='ocrx_word' id='word_1_65' title='bbox 1429 1179 1745 1243; x_wconf 90' lang='lat' dir='ltr'>resistere.</span> <span class='ocrx_word' id='word_1_66' title='bbox 1759 1182 1874 1241; x_wconf 84' lang='lat' dir='ltr'>Re-</span> 
     </span>
     <span class='ocr_line' id='line_1_14' title="bbox 365 1279 1872 1358; baseline 0.001 -21"><span class='ocrx_word' id='word_1_67' title='bbox 365 1281 562 1358; x_wconf 81' lang='lat' dir='ltr'>liqua</span> <span class='ocrx_word' id='word_1_68' title='bbox 593 1289 814 1340; x_wconf 82' lang='lat' dir='ltr'>autem</span> <span class='ocrx_word' id='word_1_69' title='bbox 830 1298 1198 1340; x_wconf 79' lang='lat' dir='ltr'>sermonum</span> <span class='ocrx_word' id='word_1_70' title='bbox 1212 1281 1395 1341; x_wconf 79' lang='lat' dir='ltr'>Abioe</span> <span class='ocrx_word' id='word_1_71' title='bbox 1411 1289 1472 1339; x_wconf 76' lang='lat' dir='ltr'>et</span> <span class='ocrx_word' id='word_1_72' title='bbox 1489 1279 1709 1339; x_wconf 79' lang='lat' dir='ltr'>omnia</span> <span class='ocrx_word' id='word_1_73' title='bbox 1730 1298 1872 1358; x_wconf 74' lang='lat' dir='ltr'>quw</span> 
     </span>
     <span class='ocr_line' id='line_1_15' title="bbox 362 1377 1873 1455; baseline -0.001 -19"><span class='ocrx_word' id='word_1_74' title='bbox 362 1377 552 1452; x_wconf 80' lang='lat' dir='ltr'>fecit,</span> <span class='ocrx_word' id='word_1_75' title='bbox 585 1397 804 1438; x_wconf 87' lang='lat' dir='ltr'>nonne</span> <span class='ocrx_word' id='word_1_76' title='bbox 831 1380 964 1439; x_wconf 77' lang='lat' dir='ltr'>hoec</span> <span class='ocrx_word' id='word_1_77' title='bbox 991 1379 1236 1455; x_wconf 79' lang='lat' dir='ltr'>scripta</span> <span class='ocrx_word' id='word_1_78' title='bbox 1255 1385 1411 1438; x_wconf 75' lang='lat' dir='ltr'>sunt</span> <span class='ocrx_word' id='word_1_79' title='bbox 1439 1380 1512 1438; x_wconf 89' lang='lat' dir='ltr'>in</span> <span class='ocrx_word' id='word_1_80' title='bbox 1544 1378 1704 1437; x_wconf 82' lang='lat' dir='ltr'>libro</span> <span class='ocrx_word' id='word_1_81' title='bbox 1735 1378 1873 1438; x_wconf 88' lang='lat' dir='ltr'>Ver-</span> 
     </span>
     <span class='ocr_line' id='line_1_16' title="bbox 365 1476 1872 1555; baseline 0.001 -21"><span class='ocrx_word' id='word_1_82' title='bbox 365 1476 605 1536; x_wconf 85' lang='lat' dir='ltr'><strong><em>borum</em></strong></span> <span class='ocrx_word' id='word_1_83' title='bbox 633 1477 894 1536; x_wconf 82' lang='lat' dir='ltr'>dierum</span> <span class='ocrx_word' id='word_1_84' title='bbox 923 1496 1148 1553; x_wconf 76' lang='lat' dir='ltr'>reyum</span> <span class='ocrx_word' id='word_1_85' title='bbox 1168 1478 1340 1537; x_wconf 78' lang='lat' dir='ltr'>Juda</span> <span class='ocrx_word' id='word_1_86' title='bbox 1358 1478 1388 1536; x_wconf 67' lang='grc' dir='ltr'><em>ἓ</em></span> <span class='ocrx_word' id='word_1_87' title='bbox 1407 1478 1541 1537; x_wconf 86' lang='lat' dir='ltr'>Fui</span> <span class='ocrx_word' id='word_1_88' title='bbox 1545 1485 1688 1555; x_wconf 78' lang='lat' dir='ltr'>tque</span> <span class='ocrx_word' id='word_1_89' title='bbox 1709 1494 1872 1552; x_wconf 80' lang='lat' dir='ltr'>prae-</span> 
     </span>
     <span class='ocr_line' id='line_1_17' title="bbox 363 1575 1869 1636; baseline 0.001 -4"><span class='ocrx_word' id='word_1_90' title='bbox 363 1575 541 1634; x_wconf 75' lang='lat' dir='ltr'>lium</span> <span class='ocrx_word' id='word_1_91' title='bbox 590 1575 767 1635; x_wconf 81' lang='lat' dir='ltr'>inter</span> <span class='ocrx_word' id='word_1_92' title='bbox 807 1576 1048 1636; x_wconf 81' lang='lat' dir='ltr'>Abiam</span> <span class='ocrx_word' id='word_1_93' title='bbox 1087 1584 1147 1636; x_wconf 76' lang='lat' dir='ltr'>ec</span> <span class='ocrx_word' id='word_1_94' title='bbox 1197 1577 1370 1636; x_wconf 76' lang='lat' dir='ltr'>inter</span> <span class='ocrx_word' id='word_1_95' title='bbox 1397 1575 1746 1634; x_wconf 83' lang='lat' dir='ltr'>Jeroboam.</span> <span class='ocrx_word' id='word_1_96' title='bbox 1781 1575 1869 1634; x_wconf 77' lang='lat' dir='ltr'>Ec</span> 
     </span>
     <span class='ocr_line' id='line_1_18' title="bbox 357 1673 1868 1753; baseline -0.001 -21"><span class='ocrx_word' id='word_1_97' title='bbox 357 1673 688 1733; x_wconf 78' lang='lat' dir='ltr'>dormivit</span> <span class='ocrx_word' id='word_1_98' title='bbox 716 1675 888 1734; x_wconf 82' lang='lat' dir='ltr'>Abia</span> <span class='ocrx_word' id='word_1_99' title='bbox 917 1695 1066 1734; x_wconf 86' lang='lat' dir='ltr'>cum</span> <span class='ocrx_word' id='word_1_100' title='bbox 1089 1677 1394 1753; x_wconf 74' lang='lat' dir='ltr'>patribus</span> <span class='ocrx_word' id='word_1_101' title='bbox 1421 1675 1581 1744; x_wconf 82' lang='lat' dir='ltr'>suis,</span> <span class='ocrx_word' id='word_1_102' title='bbox 1613 1682 1673 1733; x_wconf 77' lang='lat' dir='ltr'>ec</span> <span class='ocrx_word' id='word_1_103' title='bbox 1701 1692 1868 1750; x_wconf 80' lang='lat' dir='ltr'>sepe—</span> 
     </span>
     <span class='ocr_line' id='line_1_19' title="bbox 361 1772 1863 1849; baseline 0.001 -19"><span class='ocrx_word' id='word_1_104' title='bbox 361 1773 619 1832; x_wconf 73' lang='lat' dir='ltr'>lierunt</span> <span class='ocrx_word' id='word_1_105' title='bbox 647 1791 796 1832; x_wconf 85' lang='lat' dir='ltr'>eum</span> <span class='ocrx_word' id='word_1_106' title='bbox 831 1774 902 1832; x_wconf 89' lang='lat' dir='ltr'>in</span> <span class='ocrx_word' id='word_1_107' title='bbox 949 1774 1212 1833; x_wconf 74' lang='lat' dir='ltr'>civitate</span> <span class='ocrx_word' id='word_1_108' title='bbox 1245 1773 1464 1834; x_wconf 84' lang='lat' dir='ltr'>David</span> <span class='ocrx_word' id='word_1_109' title='bbox 1477 1795 1506 1843; x_wconf 86' lang='lat'>‚·</span> <span class='ocrx_word' id='word_1_110' title='bbox 1534 1772 1863 1849; x_wconf 75' lang='lat' dir='ltr'>reynavic-</span> 
     </span>
     <span class='ocr_line' id='line_1_20' title="bbox 359 1871 1300 1950; baseline 0.001 -20"><span class='ocrx_word' id='word_1_111' title='bbox 359 1889 489 1950; x_wconf 76' lang='lat' dir='ltr'>que</span> <span class='ocrx_word' id='word_1_112' title='bbox 519 1873 654 1931; x_wconf 83' lang='lat' dir='ltr'>Asa</span> <span class='ocrx_word' id='word_1_113' title='bbox 683 1873 868 1943; x_wconf 73' lang='lat' dir='ltr'>filius</span> <span class='ocrx_word' id='word_1_114' title='bbox 894 1871 1037 1948; x_wconf 61' lang='lat' dir='ltr'>ejus</span> <span class='ocrx_word' id='word_1_115' title='bbox 1059 1891 1180 1948; x_wconf 80' lang='lat' dir='ltr'>pro</span> <span class='ocrx_word' id='word_1_116' title='bbox 1209 1891 1300 1932; x_wconf 82' lang='lat' dir='ltr'>eo,</span> 
     </span>
    </p>

    <p class='ocr_par' dir='ltr' id='par_1_8' title="bbox 353 1968 1864 3036">
     <span class='ocr_line' id='line_1_21' title="bbox 447 1968 1864 2046; baseline -0.003 -16"><span class='ocrx_word' id='word_1_117' title='bbox 447 1971 532 2030; x_wconf 89' lang='lat' dir='ltr'>In</span> <span class='ocrx_word' id='word_1_118' title='bbox 581 1987 758 2029; x_wconf 86' lang='lat' dir='ltr'>anno</span> <span class='ocrx_word' id='word_1_119' title='bbox 793 1989 941 2046; x_wconf 66' lang='lat' dir='ltr'>erqo</span> <span class='ocrx_word' id='word_1_120' title='bbox 991 1971 1289 2030; x_wconf 81' lang='lat' dir='ltr'>vicesimo</span> <span class='ocrx_word' id='word_1_121' title='bbox 1316 1971 1646 2030; x_wconf 79' lang='lat' dir='ltr'>Jeroboam</span> <span class='ocrx_word' id='word_1_122' title='bbox 1694 1968 1864 2045; x_wconf 72' lang='lat' dir='ltr'>reyis</span> 
     </span>
     <span class='ocr_line' id='line_1_22' title="bbox 359 2068 1863 2146; baseline -0.001 -20"><span class='ocrx_word' id='word_1_123' title='bbox 359 2068 602 2136; x_wconf 84' lang='lat' dir='ltr'>Israel,</span> <span class='ocrx_word' id='word_1_124' title='bbox 633 2069 934 2144; x_wconf 72' lang='lat' dir='ltr'>reynavit</span> <span class='ocrx_word' id='word_1_125' title='bbox 962 2069 1098 2128; x_wconf 79' lang='lat' dir='ltr'>Asa</span> <span class='ocrx_word' id='word_1_126' title='bbox 1126 2088 1244 2127; x_wconf 71' lang='lat' dir='ltr'>rex</span> <span class='ocrx_word' id='word_1_127' title='bbox 1269 2070 1474 2137; x_wconf 78' lang='lat' dir='ltr'>Iuda,</span> <span class='ocrx_word' id='word_1_128' title='bbox 1501 2076 1561 2128; x_wconf 77' lang='lat' dir='ltr'>et</span> <span class='ocrx_word' id='word_1_129' title='bbox 1581 2068 1863 2146; x_wconf 82' lang='lat' dir='ltr'>quadra-</span> 
     </span>
     <span class='ocr_line' id='line_1_23' title="bbox 353 2167 1858 2244; baseline 0.001 -20"><span class='ocrx_word' id='word_1_130' title='bbox 353 2167 554 2242; x_wconf 64' lang='lat' dir='ltr'>ginta</span> <span class='ocrx_word' id='word_1_131' title='bbox 585 2175 646 2226; x_wconf 74' lang='lat' dir='ltr'>et</span> <span class='ocrx_word' id='word_1_132' title='bbox 677 2187 807 2227; x_wconf 89' lang='lat' dir='ltr'>uno</span> <span class='ocrx_word' id='word_1_133' title='bbox 837 2187 1012 2228; x_wconf 89' lang='lat' dir='ltr'>anno</span> <span class='ocrx_word' id='word_1_134' title='bbox 1045 2168 1342 2244; x_wconf 73' lang='lat' dir='ltr'>reynavic</span> <span class='ocrx_word' id='word_1_135' title='bbox 1375 2169 1450 2227; x_wconf 89' lang='lat' dir='ltr'>in</span> <span class='ocrx_word' id='word_1_136' title='bbox 1474 2168 1858 2228; x_wconf 77' lang='lat' dir='ltr'>Jerusalem.</span> 
     </span>
     <span class='ocr_line' id='line_1_24' title="bbox 359 2263 1864 2346; baseline 0.001 -21"><span class='ocrx_word' id='word_1_137' title='bbox 359 2263 500 2326; x_wconf 85' lang='lat' dir='ltr'>Jam</span> <span class='ocrx_word' id='word_1_138' title='bbox 548 2263 791 2327; x_wconf 87' lang='lat' dir='ltr'>dictum</span> <span class='ocrx_word' id='word_1_139' title='bbox 831 2273 948 2342; x_wconf 87' lang='lat' dir='ltr'>est,</span> <span class='ocrx_word' id='word_1_140' title='bbox 982 2266 1157 2346; x_wconf 87' lang='lat' dir='ltr'>quod</span> <span class='ocrx_word' id='word_1_141' title='bbox 1184 2264 1346 2327; x_wconf 84' lang='lat' dir='ltr'>Abia</span> <span class='ocrx_word' id='word_1_142' title='bbox 1387 2264 1499 2345; x_wconf 92' lang='lat' dir='ltr'>qui</span> <span class='ocrx_word' id='word_1_143' title='bbox 1543 2263 1739 2346; x_wconf 86' lang='lat' dir='ltr'>coepit</span> <span class='ocrx_word' id='word_1_144' title='bbox 1771 2280 1864 2326; x_wconf 88' lang='lat' dir='ltr'>re-</span> 
     </span>
     <span class='ocr_line' id='line_1_25' title="bbox 361 2361 1858 2445; baseline -0.001 -20"><span class='ocrx_word' id='word_1_145' title='bbox 361 2381 563 2444; x_wconf 80' lang='lat' dir='ltr'>gnare</span> <span class='ocrx_word' id='word_1_146' title='bbox 593 2382 766 2427; x_wconf 88' lang='lat' dir='ltr'>anno</span> <span class='ocrx_word' id='word_1_147' title='bbox 785 2363 1262 2428; x_wconf 82' lang='lat' dir='ltr'>octavodecimo</span> <span class='ocrx_word' id='word_1_148' title='bbox 1283 2363 1486 2445; x_wconf 88' lang='lat' dir='ltr'>ipsius</span> <span class='ocrx_word' id='word_1_149' title='bbox 1505 2361 1858 2437; x_wconf 83' lang='lat' dir='ltr'>Jeroboam,</span> 
     </span>
     <span class='ocr_line' id='line_1_26' title="bbox 362 2458 1862 2541; baseline -0.002 -20"><span class='ocrx_word' id='word_1_150' title='bbox 362 2459 660 2541; x_wconf 81' lang='lat' dir='ltr'>regnavit</span> <span class='ocrx_word' id='word_1_151' title='bbox 719 2459 923 2522; x_wconf 88' lang='lat' dir='ltr'>tribus</span> <span class='ocrx_word' id='word_1_152' title='bbox 979 2459 1166 2522; x_wconf 88' lang='lat' dir='ltr'>annis</span> <span class='ocrx_word' id='word_1_153' title='bbox 1223 2477 1237 2521; x_wconf 74' lang='grc' dir='ltr'>ε</span> <span class='ocrx_word' id='word_1_154' title='bbox 1291 2477 1440 2540; x_wconf 82' lang='lat' dir='ltr'>ergo</span> <span class='ocrx_word' id='word_1_155' title='bbox 1485 2459 1610 2522; x_wconf 87' lang='lat' dir='ltr'>Asa</span> <span class='ocrx_word' id='word_1_156' title='bbox 1667 2458 1862 2541; x_wconf 88' lang='lat' dir='ltr'>coepit</span> 
     </span>
     <span class='ocr_line' id='line_1_27' title="bbox 362 2557 1856 2641; baseline -0.001 -23"><span class='ocrx_word' id='word_1_157' title='bbox 362 2576 634 2638; x_wconf 80' lang='lat' dir='ltr'>regnare</span> <span class='ocrx_word' id='word_1_158' title='bbox 677 2577 848 2622; x_wconf 89' lang='lat' dir='ltr'>anno</span> <span class='ocrx_word' id='word_1_159' title='bbox 895 2559 1202 2624; x_wconf 85' lang='lat' dir='ltr'>vicesimo</span> <span class='ocrx_word' id='word_1_160' title='bbox 1245 2559 1453 2641; x_wconf 92' lang='lat' dir='ltr'>primo</span> <span class='ocrx_word' id='word_1_161' title='bbox 1501 2557 1856 2622; x_wconf 85' lang='lat' dir='ltr'>Jeroboam.</span> 
     </span>
     <span class='ocr_line' id='line_1_28' title="bbox 362 2656 1860 2740; baseline -0.001 -21"><span class='ocrx_word' id='word_1_162' title='bbox 362 2657 806 2740; x_wconf 87' lang='lat' dir='ltr'>Respondetur</span> <span class='ocrx_word' id='word_1_163' title='bbox 840 2666 910 2720; x_wconf 88' lang='lat' dir='ltr'>ut</span> <span class='ocrx_word' id='word_1_164' title='bbox 941 2666 1182 2721; x_wconf 88' lang='lat' dir='ltr'>tactum</span> <span class='ocrx_word' id='word_1_165' title='bbox 1203 2666 1318 2736; x_wconf 90' lang='lat' dir='ltr'>est,</span> <span class='ocrx_word' id='word_1_166' title='bbox 1347 2657 1520 2740; x_wconf 89' lang='lat' dir='ltr'>quod</span> <span class='ocrx_word' id='word_1_167' title='bbox 1540 2656 1701 2720; x_wconf 83' lang='lat' dir='ltr'>Abia</span> <span class='ocrx_word' id='word_1_168' title='bbox 1732 2674 1860 2719; x_wconf 89' lang='lat' dir='ltr'>non</span> 
     </span>
     <span class='ocr_line' id='line_1_29' title="bbox 361 2756 1862 2837; baseline -0.001 -19"><span class='ocrx_word' id='word_1_169' title='bbox 361 2756 658 2836; x_wconf 82' lang='lat' dir='ltr'>regnavit</span> <span class='ocrx_word' id='word_1_170' title='bbox 688 2775 765 2819; x_wconf 86' lang='lat' dir='ltr'>ex</span> <span class='ocrx_word' id='word_1_171' title='bbox 795 2756 1043 2837; x_wconf 84' lang='lat' dir='ltr'>integro</span> <span class='ocrx_word' id='word_1_172' title='bbox 1081 2756 1283 2819; x_wconf 90' lang='lat' dir='ltr'>tribus</span> <span class='ocrx_word' id='word_1_173' title='bbox 1315 2757 1500 2820; x_wconf 89' lang='lat' dir='ltr'>annis</span> <span class='ocrx_word' id='word_1_174' title='bbox 1528 2773 1542 2817; x_wconf 91' lang='lat'><strong>:</strong></span> <span class='ocrx_word' id='word_1_175' title='bbox 1567 2756 1711 2819; x_wconf 92' lang='lat' dir='ltr'>ideo</span> <span class='ocrx_word' id='word_1_176' title='bbox 1745 2763 1862 2818; x_wconf 88' lang='lat' dir='ltr'>ter-</span> 
     </span>
     <span class='ocr_line' id='line_1_30' title="bbox 365 2855 1864 2937; baseline -0.001 -21"><span class='ocrx_word' id='word_1_177' title='bbox 365 2855 492 2917; x_wconf 91' lang='lat' dir='ltr'>tius</span> <span class='ocrx_word' id='word_1_178' title='bbox 526 2855 636 2918; x_wconf 87' lang='lat' dir='ltr'>ille</span> <span class='ocrx_word' id='word_1_179' title='bbox 675 2874 880 2917; x_wconf 89' lang='lat' dir='ltr'>annus</span> <span class='ocrx_word' id='word_1_180' title='bbox 919 2873 1035 2937; x_wconf 91' lang='lat' dir='ltr'>per</span> <span class='ocrx_word' id='word_1_181' title='bbox 1065 2855 1526 2937; x_wconf 79' lang='lat' dir='ltr'>synecdochen,</span> <span class='ocrx_word' id='word_1_182' title='bbox 1565 2873 1736 2917; x_wconf 91' lang='lat' dir='ltr'>nunc</span> <span class='ocrx_word' id='word_1_183' title='bbox 1767 2872 1864 2915; x_wconf 92' lang='lat' dir='ltr'>re-</span> 
     </span>
     <span class='ocr_line' id='line_1_31' title="bbox 363 2952 1864 3036; baseline -0.001 -21"><span class='ocrx_word' id='word_1_184' title='bbox 363 2971 492 3036; x_wconf 86' lang='lat' dir='ltr'>gno</span> <span class='ocrx_word' id='word_1_185' title='bbox 537 2952 738 3032; x_wconf 82' lang='lat' dir='ltr'>Abiae,</span> <span class='ocrx_word' id='word_1_186' title='bbox 775 2973 946 3017; x_wconf 88' lang='lat' dir='ltr'>nunc</span> <span class='ocrx_word' id='word_1_187' title='bbox 992 2972 1186 3034; x_wconf 82' lang='lat' dir='ltr'>regno</span> <span class='ocrx_word' id='word_1_188' title='bbox 1227 2953 1351 3017; x_wconf 83' lang='lat' dir='ltr'>filii</span> <span class='ocrx_word' id='word_1_189' title='bbox 1406 2954 1546 3035; x_wconf 89' lang='lat' dir='ltr'>ejus</span> <span class='ocrx_word' id='word_1_190' title='bbox 1586 2952 1709 3016; x_wconf 86' lang='lat' dir='ltr'>Asa</span> <span class='ocrx_word' id='word_1_191' title='bbox 1753 2952 1864 3015; x_wconf 89' lang='lat' dir='ltr'>ad-</span> 
     </span>
    </p>
   </div>
   <div class='ocr_carea' id='block_1_8' title="bbox 363 3049 1940 3133">
    <p class='ocr_par' dir='ltr' id='par_1_9' title="bbox 363 3049 1940 3133">
     <span class='ocr_line' id='line_1_32' title="bbox 363 3049 1940 3133; baseline -0.001 -19"><span class='ocrx_word' id='word_1_192' title='bbox 363 3052 692 3116; x_wconf 83' lang='lat' dir='ltr'>scribitur.</span> <span class='ocrx_word' id='word_1_193' title='bbox 719 3057 968 3116; x_wconf 81' lang='lat' dir='ltr'>Nomen</span> <span class='ocrx_word' id='word_1_194' title='bbox 989 3056 1220 3115; x_wconf 78' lang='lat' dir='ltr'>macris</span> <span class='ocrx_word' id='word_1_195' title='bbox 1249 3055 1388 3133; x_wconf 83' lang='lat' dir='ltr'>ejus</span> <span class='ocrx_word' id='word_1_196' title='bbox 1410 3054 1687 3116; x_wconf 81' lang='lat' dir='ltr'>Maaclza</span> <span class='ocrx_word' id='word_1_197' title='bbox 1714 3053 1862 3131; x_wconf 82' lang='lat' dir='ltr'>filia</span> <span class='ocrx_word' id='word_1_198' title='bbox 1897 3049 1940 3113; x_wconf 91' lang='lat' dir='ltr'>C</span> 
     </span>
    </p>
   </div>
   <div class='ocr_carea' id='block_1_9' title="bbox 357 3151 1863 4219">
    <p class='ocr_par' dir='ltr' id='par_1_10' title="bbox 359 3151 1863 4025">
     <span class='ocr_line' id='line_1_33' title="bbox 361 3151 1862 3235; baseline -0.001 -20"><span class='ocrx_word' id='word_1_199' title='bbox 361 3156 669 3215; x_wconf 83' lang='lat' dir='ltr'>Absalon.</span> <span class='ocrx_word' id='word_1_200' title='bbox 685 3154 821 3215; x_wconf 87' lang='lat' dir='ltr'>Jam</span> <span class='ocrx_word' id='word_1_201' title='bbox 847 3152 1090 3216; x_wconf 86' lang='lat' dir='ltr'>dictum</span> <span class='ocrx_word' id='word_1_202' title='bbox 1121 3162 1237 3231; x_wconf 83' lang='lat' dir='ltr'>est,</span> <span class='ocrx_word' id='word_1_203' title='bbox 1262 3154 1436 3235; x_wconf 88' lang='lat' dir='ltr'>quod</span> <span class='ocrx_word' id='word_1_204' title='bbox 1465 3161 1667 3215; x_wconf 87' lang='lat' dir='ltr'>mater</span> <span class='ocrx_word' id='word_1_205' title='bbox 1686 3151 1862 3214; x_wconf 84' lang='lat' dir='ltr'>Abiae</span> 
     </span>
     <span class='ocr_line' id='line_1_34' title="bbox 363 3250 1862 3333; baseline -0.001 -19"><span class='ocrx_word' id='word_1_206' title='bbox 363 3251 570 3333; x_wconf 88' lang='lat' dir='ltr'>patris</span> <span class='ocrx_word' id='word_1_207' title='bbox 587 3252 733 3331; x_wconf 86' lang='lat' dir='ltr'>Asa,</span> <span class='ocrx_word' id='word_1_208' title='bbox 758 3251 884 3315; x_wconf 80' lang='lat' dir='ltr'>fuit</span> <span class='ocrx_word' id='word_1_209' title='bbox 903 3252 1158 3315; x_wconf 82' lang='lat' dir='ltr'>Maacha</span> <span class='ocrx_word' id='word_1_210' title='bbox 1186 3251 1327 3314; x_wconf 80' lang='lat' dir='ltr'>filia</span> <span class='ocrx_word' id='word_1_211' title='bbox 1351 3250 1628 3315; x_wconf 88' lang='lat' dir='ltr'>Absalon</span> <span class='ocrx_word' id='word_1_212' title='bbox 1657 3268 1672 3313; x_wconf 75' lang='grc' dir='ltr'>ε</span> <span class='ocrx_word' id='word_1_213' title='bbox 1707 3268 1862 3333; x_wconf 85' lang='lat' dir='ltr'>quo-</span> 
     </span>
     <span class='ocr_line' id='line_1_35' title="bbox 361 3349 1860 3431; baseline 0 -20"><span class='ocrx_word' id='word_1_214' title='bbox 361 3350 557 3413; x_wconf 90' lang='lat' dir='ltr'>modo</span> <span class='ocrx_word' id='word_1_215' title='bbox 599 3350 796 3431; x_wconf 85' lang='lat' dir='ltr'>igitur</span> <span class='ocrx_word' id='word_1_216' title='bbox 830 3350 1083 3414; x_wconf 86' lang='lat' dir='ltr'>Maacha</span> <span class='ocrx_word' id='word_1_217' title='bbox 1122 3350 1235 3413; x_wconf 90' lang='lat' dir='ltr'>illa</span> <span class='ocrx_word' id='word_1_218' title='bbox 1275 3351 1398 3413; x_wconf 83' lang='lat' dir='ltr'>suit</span> <span class='ocrx_word' id='word_1_219' title='bbox 1433 3358 1635 3413; x_wconf 88' lang='lat' dir='ltr'>mater</span> <span class='ocrx_word' id='word_1_220' title='bbox 1674 3349 1860 3411; x_wconf 89' lang='lat' dir='ltr'>istius</span> 
     </span>
     <span class='ocr_line' id='line_1_36' title="bbox 361 3448 1860 3532; baseline 0.001 -22"><span class='ocrx_word' id='word_1_221' title='bbox 361 3448 525 3511; x_wconf 60' lang='lat' dir='ltr'>Asa?</span> <span class='ocrx_word' id='word_1_222' title='bbox 537 3449 634 3511; x_wconf 84' lang='lat' dir='ltr'>Ad</span> <span class='ocrx_word' id='word_1_223' title='bbox 654 3449 774 3513; x_wconf 91' lang='lat' dir='ltr'>hoc</span> <span class='ocrx_word' id='word_1_224' title='bbox 796 3449 1221 3513; x_wconf 87' lang='lat' dir='ltr'>communiter</span> <span class='ocrx_word' id='word_1_225' title='bbox 1241 3449 1671 3532; x_wconf 88' lang='lat' dir='ltr'>respondetur,</span> <span class='ocrx_word' id='word_1_226' title='bbox 1687 3448 1860 3530; x_wconf 86' lang='lat' dir='ltr'>quod</span> 
     </span>
     <span class='ocr_line' id='line_1_37' title="bbox 361 3546 1862 3630; baseline 0 -21"><span class='ocrx_word' id='word_1_227' title='bbox 361 3556 570 3611; x_wconf 88' lang='lat' dir='ltr'>mater</span> <span class='ocrx_word' id='word_1_228' title='bbox 588 3548 694 3611; x_wconf 87' lang='lat' dir='ltr'>hic</span> <span class='ocrx_word' id='word_1_229' title='bbox 725 3566 842 3630; x_wconf 89' lang='lat' dir='ltr'>pro</span> <span class='ocrx_word' id='word_1_230' title='bbox 872 3548 1016 3611; x_wconf 87' lang='lat' dir='ltr'>avia</span> <span class='ocrx_word' id='word_1_231' title='bbox 1045 3546 1320 3630; x_wconf 87' lang='lat' dir='ltr'>ponitur.</span> <span class='ocrx_word' id='word_1_232' title='bbox 1342 3547 1468 3609; x_wconf 92' lang='lat' dir='ltr'>Alii</span> <span class='ocrx_word' id='word_1_233' title='bbox 1497 3548 1862 3630; x_wconf 84' lang='lat' dir='ltr'>opinantur,</span> 
     </span>
     <span class='ocr_line' id='line_1_38' title="bbox 359 3645 1863 3728; baseline 0 -19"><span class='ocrx_word' id='word_1_234' title='bbox 359 3647 536 3728; x_wconf 88' lang='lat' dir='ltr'>quod</span> <span class='ocrx_word' id='word_1_235' title='bbox 568 3647 711 3710; x_wconf 83' lang='lat' dir='ltr'>duae</span> <span class='ocrx_word' id='word_1_236' title='bbox 745 3645 1008 3710; x_wconf 81' lang='lat' dir='ltr'>fuerunt</span> <span class='ocrx_word' id='word_1_237' title='bbox 1045 3646 1269 3710; x_wconf 89' lang='lat' dir='ltr'>eodem</span> <span class='ocrx_word' id='word_1_238' title='bbox 1315 3645 1574 3709; x_wconf 90' lang='lat' dir='ltr'>nomine</span> <span class='ocrx_word' id='word_1_239' title='bbox 1617 3666 1863 3709; x_wconf 87' lang='lat' dir='ltr'>nuncu-</span> 
     </span>
     <span class='ocr_line' id='line_1_39' title="bbox 359 3743 1860 3828; baseline -0.001 -19"><span class='ocrx_word' id='word_1_240' title='bbox 359 3755 530 3828; x_wconf 67' lang='lat' dir='ltr'>patae</span> <span class='ocrx_word' id='word_1_241' title='bbox 573 3755 636 3808; x_wconf 86' lang='lat' dir='ltr'>ct</span> <span class='ocrx_word' id='word_1_242' title='bbox 681 3764 950 3822; x_wconf 82' lang='lat' dir='ltr'>sororeS,</span> <span class='ocrx_word' id='word_1_243' title='bbox 985 3764 1255 3827; x_wconf 89' lang='lat' dir='ltr'>quarum</span> <span class='ocrx_word' id='word_1_244' title='bbox 1296 3764 1424 3807; x_wconf 90' lang='lat' dir='ltr'>una</span> <span class='ocrx_word' id='word_1_245' title='bbox 1464 3743 1660 3808; x_wconf 86' lang='lat' dir='ltr'>fuerit</span> <span class='ocrx_word' id='word_1_246' title='bbox 1703 3762 1860 3809; x_wconf 87' lang='lat' dir='ltr'>uxor</span> 
     </span>
     <span class='ocr_line' id='line_1_40' title="bbox 359 3844 1861 3927; baseline 0.001 -19"><span class='ocrx_word' id='word_1_247' title='bbox 359 3845 645 3908; x_wconf 84' lang='lat' dir='ltr'>Roboam</span> <span class='ocrx_word' id='word_1_248' title='bbox 675 3844 876 3927; x_wconf 88' lang='lat' dir='ltr'>patris</span> <span class='ocrx_word' id='word_1_249' title='bbox 904 3844 1101 3922; x_wconf 84' lang='lat' dir='ltr'>Abiae,</span> <span class='ocrx_word' id='word_1_250' title='bbox 1135 3864 1280 3926; x_wconf 82' lang='lat' dir='ltr'>quae</span> <span class='ocrx_word' id='word_1_251' title='bbox 1317 3852 1518 3907; x_wconf 84' lang='lat' dir='ltr'>mater</span> <span class='ocrx_word' id='word_1_252' title='bbox 1547 3844 1724 3908; x_wconf 84' lang='lat' dir='ltr'>Abiae</span> <span class='ocrx_word' id='word_1_253' title='bbox 1752 3862 1861 3909; x_wconf 90' lang='lat' dir='ltr'>vo-</span> 
     </span>
     <span class='ocr_line' id='line_1_41' title="bbox 359 3942 1694 4025; baseline -0.001 -18"><span class='ocrx_word' id='word_1_254' title='bbox 359 3953 583 4019; x_wconf 77' lang='lat' dir='ltr'>catur-3</span> <span class='ocrx_word' id='word_1_255' title='bbox 617 3943 744 4005; x_wconf 87' lang='lat' dir='ltr'>alia</span> <span class='ocrx_word' id='word_1_256' title='bbox 775 3962 934 4007; x_wconf 88' lang='lat' dir='ltr'>uxor</span> <span class='ocrx_word' id='word_1_257' title='bbox 961 3943 1157 4020; x_wconf 84' lang='lat' dir='ltr'>Abiae,</span> <span class='ocrx_word' id='word_1_258' title='bbox 1193 3952 1521 4025; x_wconf 86' lang='lat' dir='ltr'>materque</span> <span class='ocrx_word' id='word_1_259' title='bbox 1550 3942 1694 4005; x_wconf 85' lang='lat' dir='ltr'>Asa.</span> 
     </span>
    </p>

    <p class='ocr_par' dir='ltr' id='par_1_11' title="bbox 357 4044 1860 4219">
     <span class='ocr_line' id='line_1_42' title="bbox 441 4044 1859 4122; baseline -0.001 -18"><span class='ocrx_word' id='word_1_260' title='bbox 441 4045 530 4104; x_wconf 77' lang='lat' dir='ltr'>Ec</span> <span class='ocrx_word' id='word_1_261' title='bbox 579 4044 736 4122; x_wconf 64' lang='lat' dir='ltr'>fec-ic</span> <span class='ocrx_word' id='word_1_262' title='bbox 785 4046 920 4104; x_wconf 86' lang='lat' dir='ltr'>Asa</span> <span class='ocrx_word' id='word_1_263' title='bbox 968 4052 1214 4103; x_wconf 75' lang='lat' dir='ltr'>rectum</span> <span class='ocrx_word' id='word_1_264' title='bbox 1260 4053 1410 4104; x_wconf 80' lang='lat' dir='ltr'>ante</span> <span class='ocrx_word' id='word_1_265' title='bbox 1455 4052 1859 4121; x_wconf 79' lang='lat' dir='ltr'>conspectum</span> 
     </span>
     <span class='ocr_line' id='line_1_43' title="bbox 357 4143 1860 4219; baseline -0.001 -16"><span class='ocrx_word' id='word_1_266' title='bbox 357 4143 658 4211; x_wconf 82' lang='lat' dir='ltr'>Domini,</span> <span class='ocrx_word' id='word_1_267' title='bbox 683 4143 852 4203; x_wconf 74' lang='lat' dir='ltr'>siout</span> <span class='ocrx_word' id='word_1_268' title='bbox 880 4144 1100 4203; x_wconf 84' lang='lat' dir='ltr'>David</span> <span class='ocrx_word' id='word_1_269' title='bbox 1122 4151 1312 4219; x_wconf 78' lang='lat' dir='ltr'>pater</span> <span class='ocrx_word' id='word_1_270' title='bbox 1339 4144 1501 4218; x_wconf 80' lang='lat' dir='ltr'>ejus,</span> <span class='ocrx_word' id='word_1_271' title='bbox 1537 4145 1624 4204; x_wconf 77' lang='lat' dir='ltr'>Ec</span> <span class='ocrx_word' id='word_1_272' title='bbox 1653 4144 1860 4202; x_wconf 84' lang='lat' dir='ltr'>abstu-</span> 
     </span>
    </p>
   </div>
   <div class='ocr_carea' id='block_1_10' title="bbox 1975 792 3472 1861">
    <p class='ocr_par' dir='ltr' id='par_1_12' title="bbox 1975 792 3472 1861">
     <span class='ocr_line' id='line_1_44' title="bbox 1987 792 3472 873; baseline 0.001 -21"><span class='ocrx_word' id='word_1_273' title='bbox 1987 793 2227 869; x_wconf 80' lang='lat' dir='ltr'>Priapi</span> <span class='ocrx_word' id='word_1_274' title='bbox 2264 813 2287 852; x_wconf 91' lang='lat'>.·</span> <span class='ocrx_word' id='word_1_275' title='bbox 2325 792 2437 873; x_wconf 90' lang='lat' dir='ltr'>qui</span> <span class='ocrx_word' id='word_1_276' title='bbox 2488 801 2751 856; x_wconf 87' lang='lat' dir='ltr'>vocatur</span> <span class='ocrx_word' id='word_1_277' title='bbox 2798 793 2953 866; x_wconf 88' lang='lat' dir='ltr'>deus</span> <span class='ocrx_word' id='word_1_278' title='bbox 3003 794 3353 868; x_wconf 87' lang='lat' dir='ltr'>hortorum,</span> <span class='ocrx_word' id='word_1_279' title='bbox 3406 798 3472 855; x_wconf 88' lang='lat' dir='ltr'>et</span> 
     </span>
     <span class='ocr_line' id='line_1_45' title="bbox 1983 890 3471 974; baseline 0.003 -25"><span class='ocrx_word' id='word_1_280' title='bbox 1983 896 2119 951; x_wconf 89' lang='lat' dir='ltr'>erat</span> <span class='ocrx_word' id='word_1_281' title='bbox 2144 890 2423 970; x_wconf 83' lang='lat' dir='ltr'>juveniS,</span> <span class='ocrx_word' id='word_1_282' title='bbox 2459 911 2647 972; x_wconf 88' lang='lat' dir='ltr'>quem</span> <span class='ocrx_word' id='word_1_283' title='bbox 2687 900 2945 974; x_wconf 87' lang='lat' dir='ltr'>propter</span> <span class='ocrx_word' id='word_1_284' title='bbox 2985 892 3308 956; x_wconf 80' lang='lat' dir='ltr'>insolitam</span> <span class='ocrx_word' id='word_1_285' title='bbox 3340 910 3471 953; x_wconf 89' lang='lat' dir='ltr'>ma-</span> 
     </span>
     <span class='ocr_line' id='line_1_46' title="bbox 1982 987 3472 1070; baseline 0.003 -21"><span class='ocrx_word' id='word_1_286' title='bbox 1982 987 2383 1068; x_wconf 83' lang='lat' dir='ltr'>gnitudinem</span> <span class='ocrx_word' id='word_1_287' title='bbox 2414 991 2687 1053; x_wconf 86' lang='lat' dir='ltr'>membri</span> <span class='ocrx_word' id='word_1_288' title='bbox 2717 991 2944 1070; x_wconf 82' lang='lat' dir='ltr'>viriliS‚</span> <span class='ocrx_word' id='word_1_289' title='bbox 2978 991 3279 1055; x_wconf 90' lang='lat' dir='ltr'>mulieres</span> <span class='ocrx_word' id='word_1_290' title='bbox 3310 990 3472 1054; x_wconf 90' lang='lat' dir='ltr'>cole-</span> 
     </span>
     <span class='ocr_line' id='line_1_47' title="bbox 1983 1086 3471 1171; baseline 0.001 -23"><span class='ocrx_word' id='word_1_291' title='bbox 1983 1086 2136 1150; x_wconf 86' lang='lat' dir='ltr'>bant</span> <span class='ocrx_word' id='word_1_292' title='bbox 2168 1107 2284 1170; x_wconf 90' lang='lat' dir='ltr'>pro</span> <span class='ocrx_word' id='word_1_293' title='bbox 2315 1089 2439 1152; x_wconf 83' lang='lat' dir='ltr'>Deo</span> <span class='ocrx_word' id='word_1_294' title='bbox 2464 1114 2479 1165; x_wconf 87' lang='lat'><strong>;</strong></span> <span class='ocrx_word' id='word_1_295' title='bbox 2512 1101 2572 1152; x_wconf 76' lang='lat' dir='ltr'>et</span> <span class='ocrx_word' id='word_1_296' title='bbox 2602 1092 2674 1152; x_wconf 89' lang='lat' dir='ltr'>in</span> <span class='ocrx_word' id='word_1_297' title='bbox 2708 1095 2847 1152; x_wconf 82' lang='lat' dir='ltr'>luco</span> <span class='ocrx_word' id='word_1_298' title='bbox 2874 1092 3016 1168; x_wconf 82' lang='lat' dir='ltr'>ejus</span> <span class='ocrx_word' id='word_1_299' title='bbox 3044 1111 3233 1171; x_wconf 83' lang='lat' dir='ltr'>quem</span> <span class='ocrx_word' id='word_1_300' title='bbox 3261 1111 3471 1151; x_wconf 84' lang='lat' dir='ltr'>conse-</span> 
     </span>
     <span class='ocr_line' id='line_1_48' title="bbox 1981 1188 3469 1270; baseline 0.005 -24"><span class='ocrx_word' id='word_1_301' title='bbox 1981 1199 2301 1258; x_wconf 73' lang='lat' dir='ltr'>craverat,</span> <span class='ocrx_word' id='word_1_302' title='bbox 2332 1189 2396 1250; x_wconf 90' lang='lat' dir='ltr'>id</span> <span class='ocrx_word' id='word_1_303' title='bbox 2436 1197 2552 1265; x_wconf 90' lang='lat' dir='ltr'>est,</span> <span class='ocrx_word' id='word_1_304' title='bbox 2588 1209 2667 1252; x_wconf 93' lang='lat' dir='ltr'>ne</span> <span class='ocrx_word' id='word_1_305' title='bbox 2699 1189 2767 1251; x_wconf 90' lang='lat' dir='ltr'>in</span> <span class='ocrx_word' id='word_1_306' title='bbox 2808 1207 3067 1253; x_wconf 90' lang='lat' dir='ltr'>nemore</span> <span class='ocrx_word' id='word_1_307' title='bbox 3101 1189 3214 1253; x_wconf 93' lang='lat' dir='ltr'>illo</span> <span class='ocrx_word' id='word_1_308' title='bbox 3245 1188 3311 1252; x_wconf 91' lang='lat' dir='ltr'>in</span> <span class='ocrx_word' id='word_1_309' title='bbox 3341 1207 3469 1270; x_wconf 90' lang='lat' dir='ltr'>quo</span> 
     </span>
     <span class='ocr_line' id='line_1_49' title="bbox 1981 1285 3471 1370; baseline 0.003 -24"><span class='ocrx_word' id='word_1_310' title='bbox 1981 1285 2434 1348; x_wconf 83' lang='lat' dir='ltr'>exercebantur</span> <span class='ocrx_word' id='word_1_311' title='bbox 2452 1286 2772 1351; x_wconf 82' lang='lat' dir='ltr'>sacrificia</span> <span class='ocrx_word' id='word_1_312' title='bbox 2790 1288 3011 1370; x_wconf 85' lang='lat' dir='ltr'>Priapi,</span> <span class='ocrx_word' id='word_1_313' title='bbox 3026 1288 3301 1370; x_wconf 89' lang='lat' dir='ltr'>amplius</span> <span class='ocrx_word' id='word_1_314' title='bbox 3321 1307 3471 1370; x_wconf 69' lang='lat' dir='ltr'>prze-</span> 
     </span>
     <span class='ocr_line' id='line_1_50' title="bbox 1981 1381 3469 1467; baseline 0.003 -25"><span class='ocrx_word' id='word_1_315' title='bbox 1981 1381 2216 1446; x_wconf 88' lang='lat' dir='ltr'>sideret</span> <span class='ocrx_word' id='word_1_316' title='bbox 2234 1383 2440 1467; x_wconf 86' lang='lat' dir='ltr'>Priapi</span> <span class='ocrx_word' id='word_1_317' title='bbox 2464 1385 2851 1449; x_wconf 87' lang='lat' dir='ltr'>cultricibus.</span> <span class='ocrx_word' id='word_1_318' title='bbox 2864 1389 3321 1466; x_wconf 77' lang='lat' dir='ltr'>Subvercicque</span> <span class='ocrx_word' id='word_1_319' title='bbox 3336 1407 3469 1464; x_wconf 76' lang='lat' dir='ltr'>spe-</span> 
     </span>
     <span class='ocr_line' id='line_1_51' title="bbox 1979 1482 3468 1566; baseline 0.003 -24"><span class='ocrx_word' id='word_1_320' title='bbox 1979 1501 2125 1543; x_wconf 86' lang='lat' dir='ltr'>cum</span> <span class='ocrx_word' id='word_1_321' title='bbox 2144 1483 2303 1560; x_wconf 85' lang='lat' dir='ltr'>ejus,</span> <span class='ocrx_word' id='word_1_322' title='bbox 2316 1482 2379 1545; x_wconf 91' lang='lat' dir='ltr'>id</span> <span class='ocrx_word' id='word_1_323' title='bbox 2402 1492 2497 1546; x_wconf 90' lang='lat' dir='ltr'>est</span> <span class='ocrx_word' id='word_1_324' title='bbox 2526 1483 2909 1565; x_wconf 88' lang='lat' dir='ltr'>speluncam,</span> <span class='ocrx_word' id='word_1_325' title='bbox 2940 1483 3007 1546; x_wconf 90' lang='lat' dir='ltr'>in</span> <span class='ocrx_word' id='word_1_326' title='bbox 3026 1503 3153 1565; x_wconf 89' lang='lat' dir='ltr'>qua</span> <span class='ocrx_word' id='word_1_327' title='bbox 3182 1491 3468 1566; x_wconf 90' lang='lat' dir='ltr'>tempore</span> 
     </span>
     <span class='ocr_line' id='line_1_52' title="bbox 1979 1581 3467 1659; baseline 0.003 -19"><span class='ocrx_word' id='word_1_328' title='bbox 1979 1599 2303 1644; x_wconf 89' lang='lat' dir='ltr'>sacrorum</span> <span class='ocrx_word' id='word_1_329' title='bbox 2334 1581 2591 1646; x_wconf 90' lang='lat' dir='ltr'>illorum</span> <span class='ocrx_word' id='word_1_330' title='bbox 2612 1582 3065 1646; x_wconf 84' lang='lat' dir='ltr'>exercebantur</span> <span class='ocrx_word' id='word_1_331' title='bbox 3085 1582 3375 1659; x_wconf 84' lang='lat' dir='ltr'>luxuriae,</span> <span class='ocrx_word' id='word_1_332' title='bbox 3407 1593 3467 1644; x_wconf 81' lang='lat' dir='ltr'>et</span> 
     </span>
     <span class='ocr_line' id='line_1_53' title="bbox 1977 1680 3466 1763; baseline 0.004 -25"><span class='ocrx_word' id='word_1_333' title='bbox 1977 1680 2295 1758; x_wconf 72' lang='lat' dir='ltr'>confreyit</span> <span class='ocrx_word' id='word_1_334' title='bbox 2322 1683 2752 1743; x_wconf 79' lang='lat' dir='ltr'>simulacrum</span> <span class='ocrx_word' id='word_1_335' title='bbox 2784 1683 3233 1758; x_wconf 77' lang='lat' dir='ltr'>turpissimum</span> <span class='ocrx_word' id='word_1_336' title='bbox 3262 1681 3466 1763; x_wconf 89' lang='lat' dir='ltr'>ipsius</span> 
     </span>
     <span class='ocr_line' id='line_1_54' title="bbox 1975 1777 3469 1861; baseline 0.002 -22"><span class='ocrx_word' id='word_1_337' title='bbox 1975 1777 2206 1861; x_wconf 89' lang='lat' dir='ltr'>Priapi,</span> <span class='ocrx_word' id='word_1_338' title='bbox 2242 1779 2427 1861; x_wconf 89' lang='lat' dir='ltr'>cujus</span> <span class='ocrx_word' id='word_1_339' title='bbox 2472 1779 2713 1842; x_wconf 91' lang='lat' dir='ltr'>idolum</span> <span class='ocrx_word' id='word_1_340' title='bbox 2756 1779 2997 1842; x_wconf 83' lang='lat' dir='ltr'>factum</span> <span class='ocrx_word' id='word_1_341' title='bbox 3029 1788 3165 1844; x_wconf 89' lang='lat' dir='ltr'>erat</span> <span class='ocrx_word' id='word_1_342' title='bbox 3206 1799 3353 1843; x_wconf 91' lang='lat' dir='ltr'>cum</span> <span class='ocrx_word' id='word_1_343' title='bbox 3384 1780 3469 1842; x_wconf 87' lang='lat' dir='ltr'>si·-</span> 
     </span>
    </p>
   </div>
   <div class='ocr_carea' id='block_1_11' title="bbox 1904 1871 3460 1959">
    <p class='ocr_par' dir='ltr' id='par_1_13' title="bbox 1904 1871 3460 1959">
     <span class='ocr_line' id='line_1_55' title="bbox 1904 1871 3460 1959; baseline 0 -19"><span class='ocrx_word' id='word_1_344' title='bbox 1904 1871 1949 1932; x_wconf 87' lang='lat' dir='ltr'>B</span> <span class='ocrx_word' id='word_1_345' title='bbox 1975 1878 2339 1941; x_wconf 90' lang='lat' dir='ltr'>militudine</span> <span class='ocrx_word' id='word_1_346' title='bbox 2382 1879 2651 1941; x_wconf 91' lang='lat' dir='ltr'>membri</span> <span class='ocrx_word' id='word_1_347' title='bbox 2686 1879 2891 1942; x_wconf 83' lang='lat' dir='ltr'>virilis</span> <span class='ocrx_word' id='word_1_348' title='bbox 2941 1879 3216 1942; x_wconf 89' lang='lat' dir='ltr'>nimium</span> <span class='ocrx_word' id='word_1_349' title='bbox 3247 1878 3460 1959; x_wconf 81' lang='lat' dir='ltr'>magni</span> 
     </span>
    </p>
   </div>
   <div class='ocr_carea' id='block_1_12' title="bbox 1970 1976 3465 2748">
    <p class='ocr_par' dir='ltr' id='par_1_14' title="bbox 1970 1976 3465 2748">
     <span class='ocr_line' id='line_1_56' title="bbox 1975 1976 3459 2060; baseline 0 -22"><span class='ocrx_word' id='word_1_350' title='bbox 1975 1983 2038 2038; x_wconf 86' lang='lat' dir='ltr'>et</span> <span class='ocrx_word' id='word_1_351' title='bbox 2067 1976 2223 2039; x_wconf 89' lang='lat' dir='ltr'>nudi</span> <span class='ocrx_word' id='word_1_352' title='bbox 2244 1994 2257 2038; x_wconf 92' lang='lat'>:</span> <span class='ocrx_word' id='word_1_353' title='bbox 2280 1976 2515 2040; x_wconf 89' lang='lat' dir='ltr'>idcirco</span> <span class='ocrx_word' id='word_1_354' title='bbox 2536 1985 2797 2040; x_wconf 87' lang='lat' dir='ltr'>vocatur</span> <span class='ocrx_word' id='word_1_355' title='bbox 2816 1977 3282 2060; x_wconf 88' lang='lat' dir='ltr'>turpissimum.</span> <span class='ocrx_word' id='word_1_356' title='bbox 3302 1976 3459 2039; x_wconf 88' lang='lat' dir='ltr'>Nam</span> 
     </span>
     <span class='ocr_line' id='line_1_57' title="bbox 1973 2073 3464 2158; baseline 0.001 -22"><span class='ocrx_word' id='word_1_357' title='bbox 1973 2082 2036 2136; x_wconf 89' lang='lat' dir='ltr'>et</span> <span class='ocrx_word' id='word_1_358' title='bbox 2067 2073 2133 2136; x_wconf 91' lang='lat' dir='ltr'>in</span> <span class='ocrx_word' id='word_1_359' title='bbox 2178 2075 2374 2137; x_wconf 89' lang='lat' dir='ltr'>sacris</span> <span class='ocrx_word' id='word_1_360' title='bbox 2403 2074 2613 2158; x_wconf 88' lang='lat' dir='ltr'>Priapi</span> <span class='ocrx_word' id='word_1_361' title='bbox 2645 2074 2765 2139; x_wconf 85' lang='lat' dir='ltr'>viri</span> <span class='ocrx_word' id='word_1_362' title='bbox 2802 2094 2877 2138; x_wconf 90' lang='lat' dir='ltr'>ac</span> <span class='ocrx_word' id='word_1_363' title='bbox 2916 2076 3173 2138; x_wconf 79' lang='lat' dir='ltr'>feminae</span> <span class='ocrx_word' id='word_1_364' title='bbox 3218 2074 3464 2138; x_wconf 89' lang='lat' dir='ltr'>incede-</span> 
     </span>
     <span class='ocr_line' id='line_1_58' title="bbox 1973 2171 3464 2235; baseline -0.001 -1"><span class='ocrx_word' id='word_1_365' title='bbox 1973 2171 2128 2234; x_wconf 89' lang='lat' dir='ltr'>bant</span> <span class='ocrx_word' id='word_1_366' title='bbox 2173 2171 2450 2235; x_wconf 87' lang='lat' dir='ltr'>totaliter</span> <span class='ocrx_word' id='word_1_367' title='bbox 2489 2172 2667 2235; x_wconf 90' lang='lat' dir='ltr'>nudi.</span> <span class='ocrx_word' id='word_1_368' title='bbox 2702 2175 2789 2234; x_wconf 76' lang='lat' dir='ltr'>Et</span> <span class='ocrx_word' id='word_1_369' title='bbox 2832 2175 3168 2235; x_wconf 73' lang='lat' dir='ltr'>combussit</span> <span class='ocrx_word' id='word_1_370' title='bbox 3216 2176 3291 2234; x_wconf 85' lang='lat' dir='ltr'>in</span> <span class='ocrx_word' id='word_1_371' title='bbox 3338 2182 3464 2234; x_wconf 80' lang='lat' dir='ltr'>tor-</span> 
     </span>
     <span class='ocr_line' id='line_1_59' title="bbox 1973 2270 3465 2356; baseline 0.001 -25"><span class='ocrx_word' id='word_1_372' title='bbox 1973 2282 2148 2332; x_wconf 76' lang='lat' dir='ltr'>rente</span> <span class='ocrx_word' id='word_1_373' title='bbox 2180 2274 2447 2343; x_wconf 82' lang='lat' dir='ltr'>Cedron,</span> <span class='ocrx_word' id='word_1_374' title='bbox 2483 2270 2547 2333; x_wconf 91' lang='lat' dir='ltr'>id</span> <span class='ocrx_word' id='word_1_375' title='bbox 2592 2280 2686 2334; x_wconf 91' lang='lat' dir='ltr'>est</span> <span class='ocrx_word' id='word_1_376' title='bbox 2727 2272 2908 2354; x_wconf 84' lang='lat' dir='ltr'>juxta</span> <span class='ocrx_word' id='word_1_377' title='bbox 2942 2272 3049 2335; x_wconf 87' lang='lat' dir='ltr'>·vel</span> <span class='ocrx_word' id='word_1_378' title='bbox 3102 2291 3295 2356; x_wconf 89' lang='lat' dir='ltr'>supra</span> <span class='ocrx_word' id='word_1_379' title='bbox 3346 2281 3465 2334; x_wconf 87' lang='lat' dir='ltr'>tor-</span> 
     </span>
     <span class='ocr_line' id='line_1_60' title="bbox 1974 2369 3455 2454; baseline 0.001 -22"><span class='ocrx_word' id='word_1_380' title='bbox 1974 2379 2219 2432; x_wconf 82' lang='lat' dir='ltr'>rentem</span> <span class='ocrx_word' id='word_1_381' title='bbox 2272 2369 2479 2444; x_wconf 91' lang='lat' dir='ltr'>illum,</span> <span class='ocrx_word' id='word_1_382' title='bbox 2530 2377 2705 2432; x_wconf 88' lang='lat' dir='ltr'>extra</span> <span class='ocrx_word' id='word_1_383' title='bbox 2752 2379 2815 2433; x_wconf 87' lang='lat' dir='ltr'>et</span> <span class='ocrx_word' id='word_1_384' title='bbox 2863 2389 3061 2454; x_wconf 90' lang='lat' dir='ltr'>prope</span> <span class='ocrx_word' id='word_1_385' title='bbox 3107 2372 3455 2436; x_wconf 88' lang='lat' dir='ltr'>Jerusalem</span> 
     </span>
     <span class='ocr_line' id='line_1_61' title="bbox 1972 2468 3461 2552; baseline 0.002 -21"><span class='ocrx_word' id='word_1_386' title='bbox 1972 2468 2164 2532; x_wconf 90' lang='lat' dir='ltr'>situm</span> <span class='ocrx_word' id='word_1_387' title='bbox 2199 2488 2213 2532; x_wconf 73' lang='grc' dir='ltr'><strong>ε</strong></span> <span class='ocrx_word' id='word_1_388' title='bbox 2248 2469 2314 2530; x_wconf 88' lang='lat' dir='ltr'>in</span> <span class='ocrx_word' id='word_1_389' title='bbox 2346 2469 2530 2552; x_wconf 84' lang='lat' dir='ltr'>cujus</span> <span class='ocrx_word' id='word_1_390' title='bbox 2562 2468 2701 2552; x_wconf 89' lang='lat' dir='ltr'>ripa</span> <span class='ocrx_word' id='word_1_391' title='bbox 2730 2479 3080 2533; x_wconf 89' lang='lat' dir='ltr'>nascuntur</span> <span class='ocrx_word' id='word_1_392' title='bbox 3112 2470 3311 2546; x_wconf 90' lang='lat' dir='ltr'>cedri,</span> <span class='ocrx_word' id='word_1_393' title='bbox 3340 2471 3461 2534; x_wconf 90' lang='lat' dir='ltr'>sic-</span> 
     </span>
     <span class='ocr_line' id='line_1_62' title="bbox 1970 2568 3461 2649; baseline 0.002 -19"><span class='ocrx_word' id='word_1_394' title='bbox 1970 2587 2096 2649; x_wconf 90' lang='lat' dir='ltr'>que</span> <span class='ocrx_word' id='word_1_395' title='bbox 2143 2577 2405 2631; x_wconf 87' lang='lat' dir='ltr'>vocatur</span> <span class='ocrx_word' id='word_1_396' title='bbox 2456 2577 2704 2631; x_wconf 88' lang='lat' dir='ltr'>torrens</span> <span class='ocrx_word' id='word_1_397' title='bbox 2752 2568 2994 2632; x_wconf 89' lang='lat' dir='ltr'>Cedron</span> <span class='ocrx_word' id='word_1_398' title='bbox 3046 2568 3184 2632; x_wconf 91' lang='lat' dir='ltr'>sive</span> <span class='ocrx_word' id='word_1_399' title='bbox 3232 2569 3461 2633; x_wconf 91' lang='lat' dir='ltr'>Cedro-</span> 
     </span>
     <span class='ocr_line' id='line_1_63' title="bbox 1971 2666 3460 2748; baseline 0 -18"><span class='ocrx_word' id='word_1_400' title='bbox 1971 2686 2134 2730; x_wconf 92' lang='lat' dir='ltr'>rum.</span> <span class='ocrx_word' id='word_1_401' title='bbox 2165 2666 2463 2730; x_wconf 90' lang='lat' dir='ltr'>Pulveres</span> <span class='ocrx_word' id='word_1_402' title='bbox 2491 2685 2749 2748; x_wconf 85' lang='lat' dir='ltr'>quoque</span> <span class='ocrx_word' id='word_1_403' title='bbox 2780 2668 3094 2731; x_wconf 87' lang='lat' dir='ltr'>combusti</span> <span class='ocrx_word' id='word_1_404' title='bbox 3136 2668 3460 2732; x_wconf 88' lang='lat' dir='ltr'>simulacri</span> 
     </span>
    </p>
   </div>
   <div class='ocr_carea' id='block_1_13' title="bbox 1969 2765 3461 2848">
    <p class='ocr_par' dir='ltr' id='par_1_15' title="bbox 1969 2765 3461 2848">
     <span class='ocr_line' id='line_1_64' title="bbox 1969 2765 3461 2848; baseline 0.001 -20"><span class='ocrx_word' id='word_1_405' title='bbox 1969 2765 2201 2848; x_wconf 86' lang='lat' dir='ltr'>sparsit</span> <span class='ocrx_word' id='word_1_406' title='bbox 2234 2766 2300 2828; x_wconf 92' lang='lat' dir='ltr'>in</span> <span class='ocrx_word' id='word_1_407' title='bbox 2338 2784 2570 2846; x_wconf 84' lang='lat' dir='ltr'>aquam</span> <span class='ocrx_word' id='word_1_408' title='bbox 2610 2766 2809 2842; x_wconf 92' lang='lat' dir='ltr'>illam,</span> <span class='ocrx_word' id='word_1_409' title='bbox 2846 2785 2927 2830; x_wconf 89' lang='lat' dir='ltr'>ne</span> <span class='ocrx_word' id='word_1_410' title='bbox 2966 2774 3167 2829; x_wconf 88' lang='lat' dir='ltr'>mater</span> <span class='ocrx_word' id='word_1_411' title='bbox 3209 2786 3324 2829; x_wconf 91' lang='lat' dir='ltr'>sua</span> <span class='ocrx_word' id='word_1_412' title='bbox 3352 2775 3461 2830; x_wconf 89' lang='lat' dir='ltr'>aut</span> 
     </span>
    </p>
   </div>
   <div class='ocr_carea' id='block_1_14' title="bbox 1967 2862 3462 4227">
    <p class='ocr_par' dir='ltr' id='par_1_16' title="bbox 1969 2862 3462 3636">
     <span class='ocr_line' id='line_1_65' title="bbox 1971 2862 3462 2946; baseline 0.001 -20"><span class='ocrx_word' id='word_1_413' title='bbox 1971 2865 2112 2927; x_wconf 81' lang='lat' dir='ltr'>aliae</span> <span class='ocrx_word' id='word_1_414' title='bbox 2143 2862 2401 2928; x_wconf 78' lang='lat' dir='ltr'>leminae</span> <span class='ocrx_word' id='word_1_415' title='bbox 2431 2864 2673 2946; x_wconf 90' lang='lat' dir='ltr'>aliquid</span> <span class='ocrx_word' id='word_1_416' title='bbox 2706 2865 2785 2927; x_wconf 91' lang='lat' dir='ltr'>de</span> <span class='ocrx_word' id='word_1_417' title='bbox 2816 2863 3104 2944; x_wconf 85' lang='lat' dir='ltr'>reliquiis</span> <span class='ocrx_word' id='word_1_418' title='bbox 3136 2864 3313 2927; x_wconf 88' lang='lat' dir='ltr'>illius</span> <span class='ocrx_word' id='word_1_419' title='bbox 3346 2873 3462 2928; x_wconf 91' lang='lat' dir='ltr'>sta-</span> 
     </span>
     <span class='ocr_line' id='line_1_66' title="bbox 1971 2962 3462 3044; baseline 0.001 -19"><span class='ocrx_word' id='word_1_420' title='bbox 1971 2971 2096 3025; x_wconf 84' lang='lat' dir='ltr'>tuae</span> <span class='ocrx_word' id='word_1_421' title='bbox 2125 2971 2387 3044; x_wconf 87' lang='lat' dir='ltr'>possent</span> <span class='ocrx_word' id='word_1_422' title='bbox 2417 2962 2714 3043; x_wconf 85' lang='lat' dir='ltr'>colligere</span> <span class='ocrx_word' id='word_1_423' title='bbox 2739 2986 2755 3037; x_wconf 84' lang='lat'>3</span> <span class='ocrx_word' id='word_1_424' title='bbox 2790 2970 2982 3044; x_wconf 89' lang='lat' dir='ltr'>atquc</span> <span class='ocrx_word' id='word_1_425' title='bbox 3010 2970 3080 3025; x_wconf 90' lang='lat' dir='ltr'>ut</span> <span class='ocrx_word' id='word_1_426' title='bbox 3111 2963 3177 3024; x_wconf 89' lang='lat' dir='ltr'>in</span> <span class='ocrx_word' id='word_1_427' title='bbox 3210 2963 3462 3027; x_wconf 89' lang='lat' dir='ltr'>Schola-</span> 
     </span>
     <span class='ocr_line' id='line_1_67' title="bbox 1972 3059 3462 3141; baseline 0.002 -19"><span class='ocrx_word' id='word_1_428' title='bbox 1972 3061 2130 3125; x_wconf 89' lang='lat' dir='ltr'>stica</span> <span class='ocrx_word' id='word_1_429' title='bbox 2176 3059 2377 3125; x_wconf 84' lang='lat' dir='ltr'>l&#39;ertur</span> <span class='ocrx_word' id='word_1_430' title='bbox 2421 3060 2709 3137; x_wconf 90' lang='lat' dir='ltr'>historia,</span> <span class='ocrx_word' id='word_1_431' title='bbox 2758 3060 2987 3124; x_wconf 86' lang='lat' dir='ltr'>Dicunt</span> <span class='ocrx_word' id='word_1_432' title='bbox 3026 3061 3291 3141; x_wconf 83' lang='lat' dir='ltr'>Hebraei,</span> <span class='ocrx_word' id='word_1_433' title='bbox 3338 3063 3462 3125; x_wconf 86' lang='lat' dir='ltr'>Asa</span> 
     </span>
     <span class='ocr_line' id='line_1_68' title="bbox 1971 3159 3460 3243; baseline 0.002 -21"><span class='ocrx_word' id='word_1_434' title='bbox 1971 3178 2186 3242; x_wconf 87' lang='lat' dir='ltr'>regem</span> <span class='ocrx_word' id='word_1_435' title='bbox 2206 3159 2659 3223; x_wconf 89' lang='lat' dir='ltr'>comminuisse</span> <span class='ocrx_word' id='word_1_436' title='bbox 2692 3159 2933 3223; x_wconf 92' lang='lat' dir='ltr'>idolum</span> <span class='ocrx_word' id='word_1_437' title='bbox 2963 3159 3120 3223; x_wconf 89' lang='lat' dir='ltr'>illud</span> <span class='ocrx_word' id='word_1_438' title='bbox 3152 3161 3219 3224; x_wconf 89' lang='lat' dir='ltr'>in</span> <span class='ocrx_word' id='word_1_439' title='bbox 3240 3161 3460 3243; x_wconf 86' lang='lat' dir='ltr'>pulve-</span> 
     </span>
     <span class='ocr_line' id='line_1_69' title="bbox 1972 3258 3460 3340; baseline 0.002 -20"><span class='ocrx_word' id='word_1_440' title='bbox 1972 3277 2123 3336; x_wconf 90' lang='lat' dir='ltr'>rem,</span> <span class='ocrx_word' id='word_1_441' title='bbox 2159 3259 2453 3340; x_wconf 91' lang='lat' dir='ltr'>clamque</span> <span class='ocrx_word' id='word_1_442' title='bbox 2496 3258 2805 3340; x_wconf 83' lang='lat' dir='ltr'>sparsisse</span> <span class='ocrx_word' id='word_1_443' title='bbox 2849 3259 3177 3340; x_wconf 87' lang='lat' dir='ltr'>pulverem</span> <span class='ocrx_word' id='word_1_444' title='bbox 3220 3260 3289 3322; x_wconf 89' lang='lat' dir='ltr'>in</span> <span class='ocrx_word' id='word_1_445' title='bbox 3332 3268 3460 3323; x_wconf 87' lang='lat' dir='ltr'>tor-</span> 
     </span>
     <span class='ocr_line' id='line_1_70' title="bbox 1969 3356 3459 3441; baseline 0.002 -22"><span class='ocrx_word' id='word_1_446' title='bbox 1969 3366 2237 3435; x_wconf 86' lang='lat' dir='ltr'>rentem,</span> <span class='ocrx_word' id='word_1_447' title='bbox 2272 3357 2445 3439; x_wconf 88' lang='lat' dir='ltr'>quod</span> <span class='ocrx_word' id='word_1_448' title='bbox 2476 3364 2546 3419; x_wconf 93' lang='lat' dir='ltr'>ut</span> <span class='ocrx_word' id='word_1_449' title='bbox 2584 3356 2793 3439; x_wconf 87' lang='lat' dir='ltr'>palam</span> <span class='ocrx_word' id='word_1_450' title='bbox 2819 3356 3025 3433; x_wconf 82' lang='lat' dir='ltr'>fieret,</span> <span class='ocrx_word' id='word_1_451' title='bbox 3063 3357 3275 3437; x_wconf 84' lang='lat' dir='ltr'>ignem</span> <span class='ocrx_word' id='word_1_452' title='bbox 3314 3366 3459 3441; x_wconf 79' lang='lat' dir='ltr'>p&#39;ro-</span> 
     </span>
     <span class='ocr_line' id='line_1_71' title="bbox 1969 3454 3455 3536; baseline 0.002 -19"><span class='ocrx_word' id='word_1_453' title='bbox 1969 3455 2237 3519; x_wconf 90' lang='lat' dir='ltr'>cessisse</span> <span class='ocrx_word' id='word_1_454' title='bbox 2296 3475 2373 3517; x_wconf 83' lang='lat' dir='ltr'>ex</span> <span class='ocrx_word' id='word_1_455' title='bbox 2430 3473 2593 3536; x_wconf 89' lang='lat' dir='ltr'>aqua</span> <span class='ocrx_word' id='word_1_456' title='bbox 2640 3455 2751 3518; x_wconf 90' lang='lat' dir='ltr'>illa</span> <span class='ocrx_word' id='word_1_457' title='bbox 2799 3454 3033 3519; x_wconf 88' lang='lat' dir='ltr'>virtute</span> <span class='ocrx_word' id='word_1_458' title='bbox 3056 3500 3061 3505; x_wconf 74' lang='lat'><strong><em>‚</em></strong></span> <span class='ocrx_word' id='word_1_459' title='bbox 3086 3455 3328 3534; x_wconf 87' lang='lat' dir='ltr'>divina,</span> <span class='ocrx_word' id='word_1_460' title='bbox 3390 3457 3455 3520; x_wconf 90' lang='lat' dir='ltr'>in</span> 
     </span>
     <span class='ocr_line' id='line_1_72' title="bbox 1969 3553 2865 3636; baseline -0.002 -19"><span class='ocrx_word' id='word_1_461' title='bbox 1969 3554 2225 3636; x_wconf 86' lang='lat' dir='ltr'>signum</span> <span class='ocrx_word' id='word_1_462' title='bbox 2247 3554 2415 3635; x_wconf 90' lang='lat' dir='ltr'>quod</span> <span class='ocrx_word' id='word_1_463' title='bbox 2448 3553 2689 3635; x_wconf 89' lang='lat' dir='ltr'>placuit</span> <span class='ocrx_word' id='word_1_464' title='bbox 2718 3554 2865 3617; x_wconf 90' lang='lat' dir='ltr'>Dec.</span> 
     </span>
    </p>

    <p class='ocr_par' dir='ltr' id='par_1_17' title="bbox 1967 3652 3458 4227">
     <span class='ocr_line' id='line_1_73' title="bbox 2047 3652 3456 3731; baseline 0.004 -18"><span class='ocrx_word' id='word_1_465' title='bbox 2047 3656 2321 3714; x_wconf 73' lang='lat' dir='ltr'>Excelsa</span> <span class='ocrx_word' id='word_1_466' title='bbox 2348 3662 2567 3713; x_wconf 76' lang='lat' dir='ltr'>autem</span> <span class='ocrx_word' id='word_1_467' title='bbox 2596 3671 2726 3713; x_wconf 87' lang='lat' dir='ltr'>non</span> <span class='ocrx_word' id='word_1_468' title='bbox 2753 3654 3043 3725; x_wconf 71' lang='lat' dir='ltr'>abstulit,</span> <span class='ocrx_word' id='word_1_469' title='bbox 3068 3652 3135 3715; x_wconf 90' lang='lat' dir='ltr'>id</span> <span class='ocrx_word' id='word_1_470' title='bbox 3164 3663 3281 3731; x_wconf 86' lang='lat' dir='ltr'>est,</span> <span class='ocrx_word' id='word_1_471' title='bbox 3318 3654 3456 3719; x_wconf 81' lang='lat' dir='ltr'>loca</span> 
     </span>
     <span class='ocr_line' id='line_1_74' title="bbox 1968 3749 3453 3817; baseline 0.002 -4"><span class='ocrx_word' id='word_1_472' title='bbox 1968 3751 2081 3813; x_wconf 90' lang='lat' dir='ltr'>illa</span> <span class='ocrx_word' id='word_1_473' title='bbox 2117 3750 2416 3813; x_wconf 88' lang='lat' dir='ltr'>sublimia</span> <span class='ocrx_word' id='word_1_474' title='bbox 2460 3768 2571 3813; x_wconf 91' lang='lat' dir='ltr'>seu</span> <span class='ocrx_word' id='word_1_475' title='bbox 2616 3749 2838 3812; x_wconf 86' lang='lat' dir='ltr'>altaria</span> <span class='ocrx_word' id='word_1_476' title='bbox 2878 3750 2944 3812; x_wconf 90' lang='lat' dir='ltr'>in</span> <span class='ocrx_word' id='word_1_477' title='bbox 2981 3750 3074 3815; x_wconf 90' lang='lat' dir='ltr'>eis</span> <span class='ocrx_word' id='word_1_478' title='bbox 3120 3750 3287 3815; x_wconf 87' lang='lat' dir='ltr'>facta</span> <span class='ocrx_word' id='word_1_479' title='bbox 3324 3772 3453 3817; x_wconf 89' lang='lat' dir='ltr'>non</span> 
     </span>
     <span class='ocr_line' id='line_1_75' title="bbox 1967 3847 3458 3931; baseline 0.001 -20"><span class='ocrx_word' id='word_1_480' title='bbox 1967 3848 2329 3931; x_wconf 89' lang='lat' dir='ltr'>dissipavit,</span> <span class='ocrx_word' id='word_1_481' title='bbox 2362 3848 2429 3910; x_wconf 91' lang='lat' dir='ltr'>in</span> <span class='ocrx_word' id='word_1_482' title='bbox 2459 3847 2693 3930; x_wconf 84' lang='lat' dir='ltr'>quibus</span> <span class='ocrx_word' id='word_1_483' title='bbox 2725 3847 2851 3911; x_wconf 81' lang='lat' dir='ltr'>filii</span> <span class='ocrx_word' id='word_1_484' title='bbox 2884 3848 3072 3912; x_wconf 90' lang='lat' dir='ltr'>lsrael</span> <span class='ocrx_word' id='word_1_485' title='bbox 3101 3850 3228 3913; x_wconf 89' lang='lat' dir='ltr'>Deo</span> <span class='ocrx_word' id='word_1_486' title='bbox 3266 3852 3458 3914; x_wconf 84' lang='lat' dir='ltr'>sacri·</span> 
     </span>
     <span class='ocr_line' id='line_1_76' title="bbox 1969 3946 3455 4031; baseline 0.003 -22"><span class='ocrx_word' id='word_1_487' title='bbox 1969 3948 2251 4011; x_wconf 83' lang='lat' dir='ltr'>ficabant</span> <span class='ocrx_word' id='word_1_488' title='bbox 2279 3955 2426 4011; x_wconf 86' lang='lat' dir='ltr'>ante</span> <span class='ocrx_word' id='word_1_489' title='bbox 2466 3946 2687 4030; x_wconf 88' lang='lat' dir='ltr'>templi</span> <span class='ocrx_word' id='word_1_490' title='bbox 2731 3946 3249 4026; x_wconf 81' lang='lat' dir='ltr'>aedificationem,</span> <span class='ocrx_word' id='word_1_491' title='bbox 3284 3950 3455 4031; x_wconf 92' lang='lat' dir='ltr'>quod</span> 
     </span>
     <span class='ocr_line' id='line_1_77' title="bbox 1967 4044 3453 4128; baseline 0.001 -19"><span class='ocrx_word' id='word_1_492' title='bbox 1967 4055 2118 4109; x_wconf 92' lang='lat' dir='ltr'>tunc</span> <span class='ocrx_word' id='word_1_493' title='bbox 2157 4045 2339 4109; x_wconf 91' lang='lat' dir='ltr'>licuit</span> <span class='ocrx_word' id='word_1_494' title='bbox 2374 4062 2389 4107; x_wconf 77' lang='lat' dir='ltr'><strong><em>z</em></strong></span> <span class='ocrx_word' id='word_1_495' title='bbox 2424 4054 2487 4109; x_wconf 87' lang='lat' dir='ltr'>et</span> <span class='ocrx_word' id='word_1_496' title='bbox 2524 4044 2717 4108; x_wconf 88' lang='lat' dir='ltr'>etiam</span> <span class='ocrx_word' id='word_1_497' title='bbox 2756 4054 2975 4128; x_wconf 88' lang='lat' dir='ltr'>postea</span> <span class='ocrx_word' id='word_1_498' title='bbox 3019 4047 3277 4128; x_wconf 86' lang='lat' dir='ltr'>quando</span> <span class='ocrx_word' id='word_1_499' title='bbox 3326 4067 3453 4112; x_wconf 87' lang='lat' dir='ltr'>non</span> 
     </span>
     <span class='ocr_line' id='line_1_78' title="bbox 1967 4143 3455 4227; baseline 0.001 -20"><span class='ocrx_word' id='word_1_500' title='bbox 1967 4144 2178 4217; x_wconf 84' lang='lat' dir='ltr'>licuit3</span> <span class='ocrx_word' id='word_1_501' title='bbox 2214 4163 2342 4208; x_wconf 88' lang='lat' dir='ltr'>non</span> <span class='ocrx_word' id='word_1_502' title='bbox 2370 4152 2581 4207; x_wconf 83' lang='lat' dir='ltr'>tamen</span> <span class='ocrx_word' id='word_1_503' title='bbox 2614 4144 2864 4207; x_wconf 86' lang='lat' dir='ltr'>videtur</span> <span class='ocrx_word' id='word_1_504' title='bbox 2897 4143 3094 4208; x_wconf 87' lang='lat' dir='ltr'>fuisse</span> <span class='ocrx_word' id='word_1_505' title='bbox 3124 4154 3455 4227; x_wconf 85' lang='lat' dir='ltr'>peccatum</span> 
     </span>
    </p>
   </div>
   <div class='ocr_carea' id='block_1_15' title="bbox 361 4239 3457 4325">
    <p class='ocr_par' dir='ltr' id='par_1_18' title="bbox 361 4239 3457 4325">
     <span class='ocr_line' id='line_1_79' title="bbox 361 4239 3457 4325; baseline 0.002 -24"><span class='ocrx_word' id='word_1_506' title='bbox 361 4242 444 4301; x_wconf 79' lang='lat' dir='ltr'>lit</span> <span class='ocrx_word' id='word_1_507' title='bbox 487 4240 888 4319; x_wconf 75' lang='lat' dir='ltr'>effeminatos</span> <span class='ocrx_word' id='word_1_508' title='bbox 926 4242 1008 4301; x_wconf 86' lang='lat' dir='ltr'>de</span> <span class='ocrx_word' id='word_1_509' title='bbox 1047 4250 1242 4311; x_wconf 76' lang='lat' dir='ltr'>terra,</span> <span class='ocrx_word' id='word_1_510' title='bbox 1277 4239 1342 4302; x_wconf 90' lang='lat' dir='ltr'>id</span> <span class='ocrx_word' id='word_1_511' title='bbox 1393 4248 1490 4303; x_wconf 89' lang='lat' dir='ltr'>est</span> <span class='ocrx_word' id='word_1_512' title='bbox 1533 4260 1570 4301; x_wconf 88' lang='lat' dir='ltr'>a</span> <span class='ocrx_word' id='word_1_513' title='bbox 1619 4240 1856 4323; x_wconf 89' lang='lat' dir='ltr'>populo</span> <span class='ocrx_word' id='word_1_514' title='bbox 1890 4239 1941 4300; x_wconf 94' lang='lat' dir='ltr'>D</span> <span class='ocrx_word' id='word_1_515' title='bbox 1967 4243 2255 4319; x_wconf 88' lang='lat' dir='ltr'>mortale,</span> <span class='ocrx_word' id='word_1_516' title='bbox 2280 4243 2407 4306; x_wconf 90' lang='lat' dir='ltr'>Deo</span> <span class='ocrx_word' id='word_1_517' title='bbox 2428 4261 2619 4324; x_wconf 92' lang='lat' dir='ltr'>super</span> <span class='ocrx_word' id='word_1_518' title='bbox 2649 4242 2771 4305; x_wconf 89' lang='lat' dir='ltr'>hoc</span> <span class='ocrx_word' id='word_1_519' title='bbox 2792 4243 3160 4306; x_wconf 84' lang='lat' dir='ltr'>moderante</span> <span class='ocrx_word' id='word_1_520' title='bbox 3180 4244 3457 4325; x_wconf 81' lang='lat' dir='ltr'>rigorem</span> 
     </span>
    </p>
   </div>
   <div class='ocr_carea' id='block_1_16' title="bbox 354 4338 1857 5410">
    <p class='ocr_par' dir='ltr' id='par_1_19' title="bbox 354 4338 1857 5410">
     <span class='ocr_line' id='line_1_80' title="bbox 359 4338 1857 4421; baseline 0 -20"><span class='ocrx_word' id='word_1_521' title='bbox 359 4339 546 4421; x_wconf 78' lang='lat' dir='ltr'>regni</span> <span class='ocrx_word' id='word_1_522' title='bbox 576 4347 641 4404; x_wconf 83' lang='lat' dir='ltr'>et</span> <span class='ocrx_word' id='word_1_523' title='bbox 671 4338 977 4405; x_wconf 88' lang='lat' dir='ltr'>territorii</span> <span class='ocrx_word' id='word_1_524' title='bbox 1005 4339 1128 4402; x_wconf 91' lang='lat' dir='ltr'>sui.</span> <span class='ocrx_word' id='word_1_525' title='bbox 1162 4338 1278 4413; x_wconf 85' lang='lat' dir='ltr'>Qui</span> <span class='ocrx_word' id='word_1_526' title='bbox 1320 4348 1530 4403; x_wconf 86' lang='lat' dir='ltr'>autem</span> <span class='ocrx_word' id='word_1_527' title='bbox 1563 4339 1857 4403; x_wconf 89' lang='lat' dir='ltr'>dicantur</span> 
     </span>
     <span class='ocr_line' id='line_1_81' title="bbox 357 4436 1852 4522; baseline -0.001 -20"><span class='ocrx_word' id='word_1_528' title='bbox 357 4436 746 4516; x_wconf 78' lang='lat' dir='ltr'>effeminati,</span> <span class='ocrx_word' id='word_1_529' title='bbox 807 4438 1191 4522; x_wconf 75' lang='lat' dir='ltr'>praecedenti</span> <span class='ocrx_word' id='word_1_530' title='bbox 1243 4448 1341 4501; x_wconf 91' lang='lat' dir='ltr'>est</span> <span class='ocrx_word' id='word_1_531' title='bbox 1403 4440 1646 4503; x_wconf 88' lang='lat' dir='ltr'>dictum</span> <span class='ocrx_word' id='word_1_532' title='bbox 1705 4439 1852 4502; x_wconf 85' lang='lat' dir='ltr'>arti-</span> 
     </span>
     <span class='ocr_line' id='line_1_82' title="bbox 359 4537 1851 4618; baseline -0.002 -17"><span class='ocrx_word' id='word_1_533' title='bbox 359 4537 530 4601; x_wconf 80' lang='lat' dir='ltr'>culo.</span> <span class='ocrx_word' id='word_1_534' title='bbox 557 4539 858 4615; x_wconf 71' lang='lat' dir='ltr'>Puryavi</span> <span class='ocrx_word' id='word_1_535' title='bbox 862 4548 1006 4618; x_wconf 78' lang='lat' dir='ltr'>tque</span> <span class='ocrx_word' id='word_1_536' title='bbox 1032 4538 1373 4598; x_wconf 79' lang='lat' dir='ltr'>universas</span> <span class='ocrx_word' id='word_1_537' title='bbox 1409 4542 1622 4599; x_wconf 79' lang='lat' dir='ltr'>sordes</span> <span class='ocrx_word' id='word_1_538' title='bbox 1651 4539 1851 4600; x_wconf 84' lang='lat' dir='ltr'>idolo-</span> 
     </span>
     <span class='ocr_line' id='line_1_83' title="bbox 358 4636 1855 4718; baseline 0.003 -22"><span class='ocrx_word' id='word_1_539' title='bbox 358 4658 512 4699; x_wconf 86' lang='lat' dir='ltr'>rum</span> <span class='ocrx_word' id='word_1_540' title='bbox 542 4656 686 4718; x_wconf 80' lang='lat' dir='ltr'>quae</span> <span class='ocrx_word' id='word_1_541' title='bbox 717 4638 1010 4714; x_wconf 76' lang='lat' dir='ltr'>fecerunt</span> <span class='ocrx_word' id='word_1_542' title='bbox 1031 4647 1252 4715; x_wconf 82' lang='lat' dir='ltr'>patres</span> <span class='ocrx_word' id='word_1_543' title='bbox 1273 4638 1441 4714; x_wconf 81' lang='lat' dir='ltr'>ejus,</span> <span class='ocrx_word' id='word_1_544' title='bbox 1471 4636 1538 4699; x_wconf 93' lang='lat' dir='ltr'>id</span> <span class='ocrx_word' id='word_1_545' title='bbox 1568 4645 1685 4715; x_wconf 88' lang='lat' dir='ltr'>est,</span> <span class='ocrx_word' id='word_1_546' title='bbox 1721 4637 1855 4701; x_wconf 89' lang='lat' dir='ltr'>ido-</span> 
     </span>
     <span class='ocr_line' id='line_1_84' title="bbox 359 4734 1856 4801; baseline 0.003 -4"><span class='ocrx_word' id='word_1_547' title='bbox 359 4734 648 4799; x_wconf 87' lang='lat' dir='ltr'>lolatrias</span> <span class='ocrx_word' id='word_1_548' title='bbox 677 4753 790 4798; x_wconf 90' lang='lat' dir='ltr'>seu</span> <span class='ocrx_word' id='word_1_549' title='bbox 819 4734 1073 4798; x_wconf 89' lang='lat' dir='ltr'>sordida</span> <span class='ocrx_word' id='word_1_550' title='bbox 1093 4735 1264 4798; x_wconf 90' lang='lat' dir='ltr'>idola</span> <span class='ocrx_word' id='word_1_551' title='bbox 1291 4734 1570 4801; x_wconf 88' lang='lat' dir='ltr'>Roboam</span> <span class='ocrx_word' id='word_1_552' title='bbox 1600 4744 1664 4799; x_wconf 90' lang='lat' dir='ltr'>et</span> <span class='ocrx_word' id='word_1_553' title='bbox 1681 4736 1856 4801; x_wconf 83' lang='lat' dir='ltr'>Ahiae</span> 
     </span>
     <span class='ocr_line' id='line_1_85' title="bbox 357 4832 1854 4916; baseline 0.001 -19"><span class='ocrx_word' id='word_1_554' title='bbox 357 4834 693 4910; x_wconf 82' lang='lat' dir='ltr'>destruxit,</span> <span class='ocrx_word' id='word_1_555' title='bbox 730 4842 796 4897; x_wconf 89' lang='lat' dir='ltr'>et</span> <span class='ocrx_word' id='word_1_556' title='bbox 831 4833 914 4896; x_wconf 88' lang='lat' dir='ltr'>ab</span> <span class='ocrx_word' id='word_1_557' title='bbox 960 4832 1053 4896; x_wconf 89' lang='lat' dir='ltr'>eis</span> <span class='ocrx_word' id='word_1_558' title='bbox 1101 4833 1358 4916; x_wconf 86' lang='lat' dir='ltr'>plebem</span> <span class='ocrx_word' id='word_1_559' title='bbox 1403 4853 1583 4897; x_wconf 88' lang='lat' dir='ltr'>suam</span> <span class='ocrx_word' id='word_1_560' title='bbox 1628 4852 1854 4916; x_wconf 88' lang='lat' dir='ltr'>purga-</span> 
     </span>
     <span class='ocr_line' id='line_1_86' title="bbox 356 4931 1851 5014; baseline -0.001 -17"><span class='ocrx_word' id='word_1_561' title='bbox 356 4933 471 5011; x_wconf 88' lang='lat' dir='ltr'>vit,</span> <span class='ocrx_word' id='word_1_562' title='bbox 505 4932 870 4996; x_wconf 86' lang='lat' dir='ltr'>inducendo</span> <span class='ocrx_word' id='word_1_563' title='bbox 909 4950 1052 4996; x_wconf 92' lang='lat' dir='ltr'>eam</span> <span class='ocrx_word' id='word_1_564' title='bbox 1093 4932 1172 4994; x_wconf 89' lang='lat' dir='ltr'>ad</span> <span class='ocrx_word' id='word_1_565' title='bbox 1215 4931 1684 5014; x_wconf 84' lang='lat' dir='ltr'>poenitentiam,</span> <span class='ocrx_word' id='word_1_566' title='bbox 1719 4933 1851 4996; x_wconf 92' lang='lat' dir='ltr'>cul-</span> 
     </span>
     <span class='ocr_line' id='line_1_87' title="bbox 355 5030 1846 5113; baseline 0.001 -20"><span class='ocrx_word' id='word_1_567' title='bbox 355 5038 626 5113; x_wconf 86' lang='lat' dir='ltr'>tumque</span> <span class='ocrx_word' id='word_1_568' title='bbox 655 5030 786 5094; x_wconf 89' lang='lat' dir='ltr'>Dei.</span> <span class='ocrx_word' id='word_1_569' title='bbox 812 5034 1089 5109; x_wconf 77' lang='lat' dir='ltr'>Insuper</span> <span class='ocrx_word' id='word_1_570' title='bbox 1116 5039 1177 5092; x_wconf 77' lang='lat' dir='ltr'>et</span> <span class='ocrx_word' id='word_1_571' title='bbox 1198 5033 1543 5093; x_wconf 76' lang='lat' dir='ltr'>Maacham</span> <span class='ocrx_word' id='word_1_572' title='bbox 1571 5043 1846 5095; x_wconf 78' lang='lat' dir='ltr'>matrem</span> 
     </span>
     <span class='ocr_line' id='line_1_88' title="bbox 354 5128 1852 5212; baseline 0.002 -22"><span class='ocrx_word' id='word_1_573' title='bbox 354 5150 544 5191; x_wconf 79' lang='lat' dir='ltr'>suam</span> <span class='ocrx_word' id='word_1_574' title='bbox 583 5132 826 5191; x_wconf 83' lang='lat' dir='ltr'>amovit</span> <span class='ocrx_word' id='word_1_575' title='bbox 865 5148 902 5193; x_wconf 89' lang='lat' dir='ltr'>a</span> <span class='ocrx_word' id='word_1_576' title='bbox 941 5148 1055 5193; x_wconf 89' lang='lat' dir='ltr'>suo</span> <span class='ocrx_word' id='word_1_577' title='bbox 1089 5128 1454 5212; x_wconf 88' lang='lat' dir='ltr'>principatu</span> <span class='ocrx_word' id='word_1_578' title='bbox 1495 5130 1852 5212; x_wconf 87' lang='lat' dir='ltr'>superstiti-</span> 
     </span>
     <span class='ocr_line' id='line_1_89' title="bbox 355 5226 1850 5310; baseline -0.001 -18"><span class='ocrx_word' id='word_1_579' title='bbox 355 5246 490 5306; x_wconf 90' lang='lat' dir='ltr'>oso,</span> <span class='ocrx_word' id='word_1_580' title='bbox 523 5228 856 5310; x_wconf 81' lang='lat' dir='ltr'>sacrilego,</span> <span class='ocrx_word' id='word_1_581' title='bbox 891 5246 1020 5309; x_wconf 89' lang='lat' dir='ltr'>quo</span> <span class='ocrx_word' id='word_1_582' title='bbox 1056 5226 1318 5310; x_wconf 80' lang='lat' dir='ltr'>praefuit</span> <span class='ocrx_word' id='word_1_583' title='bbox 1357 5227 1424 5290; x_wconf 92' lang='lat' dir='ltr'>in</span> <span class='ocrx_word' id='word_1_584' title='bbox 1463 5228 1850 5292; x_wconf 87' lang='lat' dir='ltr'>idololatriis</span> 
     </span>
     <span class='ocr_line' id='line_1_90' title="bbox 355 5326 1844 5410; baseline 0 -22"><span class='ocrx_word' id='word_1_585' title='bbox 355 5326 586 5410; x_wconf 86' lang='lat' dir='ltr'>Priapi.</span> <span class='ocrx_word' id='word_1_586' title='bbox 632 5326 811 5390; x_wconf 83' lang='lat' dir='ltr'>Unde</span> <span class='ocrx_word' id='word_1_587' title='bbox 855 5326 1174 5404; x_wconf 87' lang='lat' dir='ltr'>subditur,</span> <span class='ocrx_word' id='word_1_588' title='bbox 1207 5346 1288 5388; x_wconf 84' lang='lat' dir='ltr'>ne</span> <span class='ocrx_word' id='word_1_589' title='bbox 1327 5337 1480 5390; x_wconf 74' lang='lat' dir='ltr'>esset</span> <span class='ocrx_word' id='word_1_590' title='bbox 1515 5329 1844 5407; x_wconf 72' lang='lat' dir='ltr'>princepS,</span> 
     </span>
    </p>
   </div>
   <div class='ocr_carea' id='block_1_17' title="bbox 1966 4340 3458 4520">
    <p class='ocr_par' dir='ltr' id='par_1_20' title="bbox 1966 4340 3458 4520">
     <span class='ocr_line' id='line_1_91' title="bbox 1966 4340 3458 4423; baseline 0.001 -19"><span class='ocrx_word' id='word_1_591' title='bbox 1966 4348 2074 4404; x_wconf 87' lang='lat' dir='ltr'>aut</span> <span class='ocrx_word' id='word_1_592' title='bbox 2101 4341 2535 4423; x_wconf 85' lang='lat' dir='ltr'>dispensante.</span> <span class='ocrx_word' id='word_1_593' title='bbox 2570 4340 2647 4403; x_wconf 89' lang='lat' dir='ltr'>Et</span> <span class='ocrx_word' id='word_1_594' title='bbox 2685 4340 2805 4404; x_wconf 90' lang='lat' dir='ltr'>hoc</span> <span class='ocrx_word' id='word_1_595' title='bbox 2852 4340 3163 4404; x_wconf 89' lang='lat' dir='ltr'>insinuari</span> <span class='ocrx_word' id='word_1_596' title='bbox 3203 4343 3458 4407; x_wconf 87' lang='lat' dir='ltr'>videtur</span> 
     </span>
     <span class='ocr_line' id='line_1_92' title="bbox 1966 4438 3457 4520; baseline 0.001 -18"><span class='ocrx_word' id='word_1_597' title='bbox 1966 4458 2041 4502; x_wconf 89' lang='lat' dir='ltr'>ex</span> <span class='ocrx_word' id='word_1_598' title='bbox 2087 4457 2163 4503; x_wconf 88' lang='lat' dir='ltr'>eo</span> <span class='ocrx_word' id='word_1_599' title='bbox 2212 4440 2385 4520; x_wconf 92' lang='lat' dir='ltr'>quod</span> <span class='ocrx_word' id='word_1_600' title='bbox 2434 4438 2729 4502; x_wconf 87' lang='lat' dir='ltr'>subditur</span> <span class='ocrx_word' id='word_1_601' title='bbox 2776 4456 2794 4500; x_wconf 73' lang='grc' dir='ltr'><em>τ</em></span> <span class='ocrx_word' id='word_1_602' title='bbox 2853 4441 3299 4503; x_wconf 75' lang='lat' dir='ltr'>Verumtamen</span> <span class='ocrx_word' id='word_1_603' title='bbox 3350 4462 3457 4503; x_wconf 83' lang='lat' dir='ltr'>cor</span> 
     </span>
    </p>
   </div>
   <div class='ocr_carea' id='block_1_18' title="bbox 1963 4540 3455 4702">
    <p class='ocr_par' dir='ltr' id='par_1_21' title="bbox 1963 4540 3455 4702">
     <span class='ocr_line' id='line_1_93' title="bbox 1963 4540 3455 4617; baseline 0.001 -16"><span class='ocrx_word' id='word_1_604' title='bbox 1963 4542 2097 4601; x_wconf 81' lang='lat' dir='ltr'>Asa</span> <span class='ocrx_word' id='word_1_605' title='bbox 2119 4540 2481 4617; x_wconf 76' lang='lat' dir='ltr'>perfectum</span> <span class='ocrx_word' id='word_1_606' title='bbox 2509 4548 2649 4600; x_wconf 73' lang='lat' dir='ltr'>erat</span> <span class='ocrx_word' id='word_1_607' title='bbox 2688 4559 2838 4600; x_wconf 85' lang='lat' dir='ltr'>oum</span> <span class='ocrx_word' id='word_1_608' title='bbox 2866 4540 3141 4601; x_wconf 88' lang='lat' dir='ltr'>Domino</span> <span class='ocrx_word' id='word_1_609' title='bbox 3170 4543 3302 4601; x_wconf 86' lang='lat' dir='ltr'>Deo</span> <span class='ocrx_word' id='word_1_610' title='bbox 3338 4548 3455 4603; x_wconf 79' lang='lat' dir='ltr'>suo</span> 
     </span>
     <span class='ocr_line' id='line_1_94' title="bbox 1963 4635 3455 4702; baseline 0.002 -3"><span class='ocrx_word' id='word_1_611' title='bbox 1963 4640 2213 4699; x_wconf 78' lang='lat' dir='ltr'>cunctis</span> <span class='ocrx_word' id='word_1_612' title='bbox 2242 4640 2467 4699; x_wconf 74' lang='lat' dir='ltr'>diebus</span> <span class='ocrx_word' id='word_1_613' title='bbox 2492 4638 2651 4698; x_wconf 81' lang='lat' dir='ltr'>suis.</span> <span class='ocrx_word' id='word_1_614' title='bbox 2682 4635 2894 4700; x_wconf 88' lang='lat' dir='ltr'>Nihilo</span> <span class='ocrx_word' id='word_1_615' title='bbox 2924 4636 3139 4700; x_wconf 85' lang='lat' dir='ltr'>minus</span> <span class='ocrx_word' id='word_1_616' title='bbox 3176 4640 3455 4702; x_wconf 88' lang='lat' dir='ltr'>secundo</span> 
     </span>
    </p>
   </div>
   <div class='ocr_carea' id='block_1_19' title="bbox 1965 4734 3455 4820">
    <p class='ocr_par' dir='ltr' id='par_1_22' title="bbox 1965 4734 3455 4820">
     <span class='ocr_line' id='line_1_95' title="bbox 1965 4734 3455 4820; baseline 0.003 -23"><span class='ocrx_word' id='word_1_617' title='bbox 1965 4735 2487 4819; x_wconf 87' lang='lat' dir='ltr'>Paralipomenon</span> <span class='ocrx_word' id='word_1_618' title='bbox 2531 4734 2765 4815; x_wconf 81' lang='lat' dir='ltr'>legitur</span> <span class='ocrx_word' id='word_1_619' title='bbox 2792 4734 2859 4796; x_wconf 91' lang='lat' dir='ltr'>in</span> <span class='ocrx_word' id='word_1_620' title='bbox 2900 4734 3281 4816; x_wconf 86' lang='lat' dir='ltr'>quibusdam</span> <span class='ocrx_word' id='word_1_621' title='bbox 3313 4756 3455 4820; x_wconf 89' lang='lat' dir='ltr'>pec·</span> 
     </span>
    </p>
   </div>
   <div class='ocr_carea' id='block_1_20' title="bbox 1963 4834 3745 4959">
    <p class='ocr_par' dir='ltr' id='par_1_23' title="bbox 1963 4834 3745 4959">
     <span class='ocr_line' id='line_1_96' title="bbox 1963 4834 3745 4959; baseline -0.001 -61"><span class='ocrx_word' id='word_1_622' title='bbox 1963 4854 2164 4911; x_wconf 84' lang='lat' dir='ltr'>casse,</span> <span class='ocrx_word' id='word_1_623' title='bbox 2214 4834 2572 4917; x_wconf 83' lang='lat' dir='ltr'>praesertim</span> <span class='ocrx_word' id='word_1_624' title='bbox 2619 4834 2915 4916; x_wconf 88' lang='lat' dir='ltr'>ponendo</span> <span class='ocrx_word' id='word_1_625' title='bbox 2962 4834 3362 4917; x_wconf 81' lang='lat' dir='ltr'>prophetam,</span> <span class='ocrx_word' id='word_1_626' title='bbox 3417 4855 3454 4899; x_wconf 88' lang='lat' dir='ltr'>a</span> <span class='ocrx_word' id='word_1_627' title='bbox 3485 4851 3745 4959; x_wconf 50' lang='lat' dir='ltr'>grau-an,</span> 
     </span>
    </p>
   </div>
   <div class='ocr_carea' id='block_1_21' title="bbox 1962 4930 3455 5401">
    <p class='ocr_par' dir='ltr' id='par_1_24' title="bbox 1962 4930 3455 5401">
     <span class='ocr_line' id='line_1_97' title="bbox 1963 4930 3455 5017; baseline 0.001 -21"><span class='ocrx_word' id='word_1_628' title='bbox 1963 4951 2093 5015; x_wconf 86' lang='lat' dir='ltr'>quo</span> <span class='ocrx_word' id='word_1_629' title='bbox 2121 4940 2256 4997; x_wconf 89' lang='lat' dir='ltr'>erat</span> <span class='ocrx_word' id='word_1_630' title='bbox 2283 4938 2633 5014; x_wconf 74' lang='lat' dir='ltr'>correptuS,</span> <span class='ocrx_word' id='word_1_631' title='bbox 2660 4930 2728 4994; x_wconf 91' lang='lat' dir='ltr'>in</span> <span class='ocrx_word' id='word_1_632' title='bbox 2757 4950 2986 5007; x_wconf 82' lang='lat' dir='ltr'>nerv03</span> <span class='ocrx_word' id='word_1_633' title='bbox 3012 4933 3123 4997; x_wconf 89' lang='lat' dir='ltr'>sed</span> <span class='ocrx_word' id='word_1_634' title='bbox 3154 4932 3304 4997; x_wconf 88' lang='lat' dir='ltr'>inde</span> <span class='ocrx_word' id='word_1_635' title='bbox 3324 4952 3455 5017; x_wconf 89' lang='lat' dir='ltr'>poe-</span> 
     </span>
     <span class='ocr_line' id='line_1_98' title="bbox 1963 5030 3449 5113; baseline 0.001 -19"><span class='ocrx_word' id='word_1_636' title='bbox 1963 5030 2178 5109; x_wconf 88' lang='lat' dir='ltr'>nituit,</span> <span class='ocrx_word' id='word_1_637' title='bbox 2212 5039 2276 5095; x_wconf 88' lang='lat' dir='ltr'>et</span> <span class='ocrx_word' id='word_1_638' title='bbox 2316 5030 2790 5113; x_wconf 88' lang='lat' dir='ltr'>comparatione</span> <span class='ocrx_word' id='word_1_639' title='bbox 2826 5037 3148 5093; x_wconf 84' lang='lat' dir='ltr'>tantarum</span> <span class='ocrx_word' id='word_1_640' title='bbox 3192 5051 3449 5095; x_wconf 84' lang='lat' dir='ltr'>suarum</span> 
     </span>
     <span class='ocr_line' id='line_1_99' title="bbox 1963 5128 3453 5206; baseline -0.001 -12"><span class='ocrx_word' id='word_1_641' title='bbox 1963 5130 2295 5206; x_wconf 84' lang='lat' dir='ltr'>virtutum,</span> <span class='ocrx_word' id='word_1_642' title='bbox 2330 5148 2624 5193; x_wconf 89' lang='lat' dir='ltr'>excessus</span> <span class='ocrx_word' id='word_1_643' title='bbox 2665 5128 2764 5191; x_wconf 91' lang='lat' dir='ltr'>illi</span> <span class='ocrx_word' id='word_1_644' title='bbox 2794 5128 3202 5193; x_wconf 77' lang='lat' dir='ltr'>defluxerunt</span> <span class='ocrx_word' id='word_1_645' title='bbox 3247 5138 3321 5193; x_wconf 88' lang='lat' dir='ltr'>ut</span> <span class='ocrx_word' id='word_1_646' title='bbox 3351 5129 3453 5193; x_wconf 78' lang='lat' dir='ltr'>fu-</span> 
     </span>
     <span class='ocr_line' id='line_1_100' title="bbox 1962 5229 3455 5309; baseline 0 -18"><span class='ocrx_word' id='word_1_647' title='bbox 1962 5246 2128 5291; x_wconf 89' lang='lat' dir='ltr'>mus.</span> <span class='ocrx_word' id='word_1_648' title='bbox 2155 5230 2240 5290; x_wconf 75' lang='lat' dir='ltr'>Et</span> <span class='ocrx_word' id='word_1_649' title='bbox 2269 5229 2501 5289; x_wconf 77' lang='lat' dir='ltr'>intulit</span> <span class='ocrx_word' id='word_1_650' title='bbox 2527 5249 2604 5289; x_wconf 85' lang='lat' dir='ltr'>ea</span> <span class='ocrx_word' id='word_1_651' title='bbox 2632 5249 2778 5309; x_wconf 81' lang='lat' dir='ltr'>quoe</span> <span class='ocrx_word' id='word_1_652' title='bbox 2804 5230 3323 5307; x_wconf 75' lang='lat' dir='ltr'>sanctificaverat</span> <span class='ocrx_word' id='word_1_653' title='bbox 3341 5249 3455 5307; x_wconf 86' lang='lat' dir='ltr'>pa-</span> 
     </span>
     <span class='ocr_line' id='line_1_101' title="bbox 1965 5329 3452 5401; baseline -0.001 -13"><span class='ocrx_word' id='word_1_654' title='bbox 1965 5338 2060 5389; x_wconf 77' lang='lat' dir='ltr'>ter</span> <span class='ocrx_word' id='word_1_655' title='bbox 2097 5346 2253 5388; x_wconf 74' lang='lat' dir='ltr'>suus</span> <span class='ocrx_word' id='word_1_656' title='bbox 2294 5335 2357 5387; x_wconf 79' lang='lat' dir='ltr'>et</span> <span class='ocrx_word' id='word_1_657' title='bbox 2396 5337 2678 5401; x_wconf 73' lang='lat' dir='ltr'>voverat,</span> <span class='ocrx_word' id='word_1_658' title='bbox 2728 5329 2803 5389; x_wconf 82' lang='lat' dir='ltr'>in</span> <span class='ocrx_word' id='word_1_659' title='bbox 2848 5330 3113 5390; x_wconf 80' lang='lat' dir='ltr'>domum</span> <span class='ocrx_word' id='word_1_660' title='bbox 3156 5330 3452 5399; x_wconf 83' lang='lat' dir='ltr'>Domini,</span> 
     </span>
    </p>
   </div>
  </div>
 </body>
</html>
