4359 6250
915 492 1057 563 1148

1734 518 2081 564 ENAnnaTto
2123 518 2185 563 ΙΝ
2228 519 2365 563 CAP.
2412 517 2471 563 vl
2513 518 2787 565 mmccu,
2830 538 2913 548 —
2954 519 3096 564 ΛΒΤ.
3142 519 3228 563 ΧΠ

917 692 1252 750 Dominus
1271 699 1449 749 nocte
1473 692 1592 749 illa
1621 700 1693 749 uc
1717 694 2186 767 postulaverat,
2207 699 2266 749 et
2286 689 2425 765 fuit
2455 688 2507 749 A
2536 706 2765 751 sermo.
2801 688 2959 751 Hinc
2988 688 3099 750 alii
3130 688 3372 763 dicunt,
3406 686 3576 767 quod
3618 684 3803 767 petiit
3840 683 4016 762 sigua

933 790 1186 847 siccitas
1220 791 1290 847 in
1309 793 1444 847 -solo
1477 792 1730 856 vellere,
1762 798 1820 847 et
1852 808 1954 847 ros
1985 791 2056 847 in
2087 790 2270 847 omni
2300 798 2423 847 ter-

916 905 1034 945 rra.
1068 884 1136 947 In
1166 904 1296 966 quo
1339 894 1510 966 patet
1543 885 1908 964 benignitas
1939 894 2004 946 et
2034 884 2319 965 dignatio
2350 904 2425 947 ac

934 982 1508 1046 condescendentia
1539 983 1671 1045 Dei.

1014 1081 1192 1145 Circa
1223 1082 1342 1144 hoc
1372 1082 1795 1162 quaeritur‚an
1826 1081 2078 1145 Gedeon
2113 1082 2422 1163 peccavit,

935 1181 1070 1243 haec
1111 1179 1294 1261 signa
1334 1181 1702 1261 quaerendO.
1747 1180 2013 1242 Videtur
2056 1181 2227 1261 quod
2271 1180 2419 1257 imo,

933 1279 1086 1359 quia
1112 1278 1436 1341 dubitasse
1466 1278 1721 1343 videtur
1749 1279 1828 1341 de
1859 1278 2124 1341 veritate
2156 1280 2426 1360 promis-

935 1377 1133 1439 sionis
1170 1376 1424 1453 divinae,
1461 1386 1522 1439 et
1553 1395 1668 1459 pro
1699 1376 1924 1459 maJ‘ori
1962 1376 2425 1440 certificatione

935 1475 1115 1554 signa
1165 1474 1420 1557 petisse,
1475 1484 1546 1537 ut
1594 1483 1766 1557 patet
1812 1494 1888 1537 ex
1938 1492 2051 1537 suo
2101 1476 2291 1538 modo
2337 1476 2425 1538 lo-

935 1574 1195 1655 quendi.
1229 1574 1380 1636 Nam
1415 1574 1525 1650 ait,
1562 1574 1625 1635 Si
1667 1574 1911 1636 salvum
1951 1572 2166 1649 facies,
2202 1582 2321 1636 etc.
2349 1575 2425 1636 Et

936 1691 1178 1747 rursuS‚
1235 1672 1298 1736 Si
1349 1673 1469 1735 hoc
1520 1671 1771 1749 seceriS,
1827 1670 2046 1734 sciam.
2100 1672 2193 1734 Ad
2256 1671 2423 1734 istud

931 1770 1234 1850 Origenes
1283 1772 1624 1853 respondet
1674 1770 1742 1831 in
1797 1770 2085 1846 homilia,
2141 1779 2203 1833 et
2255 1771 2423 1833 idem

2540 805 2665 849 non
2697 806 2771 849 ex
2804 786 3193 861 diffidentia,
3221 786 3329 847 sed
3362 804 3435 847 cx
3470 783 3895 846 familiaritate
3926 781 4016 843 di-

2536 885 2687 947 vina
2716 893 2779 948 et
2808 884 3123 947 desiderio
3154 884 3359 947 divini
3390 882 3675 957 honoriS,
3704 890 4017 963 quatenus

2536 984 2780 1046 scilicet
2810 984 2975 1045 Deus
3019 983 3085 1045 in
3128 982 3330 1064 signis
3376 981 3505 1043 illis
3545 980 3745 1059 magis
3774 978 4019 1059 glorifi-

2535 1088 2805 1145 caretur.
2831 1081 3275 1145 Verumtamen
3312 1080 3372 1142 S.
3407 1080 3679 1143 Thomas
3708 1078 3780 1140 in
3800 1096 4017 1141 secun-

2534 1181 2617 1242 da
2658 1181 2976 1257 secundm,
3030 1179 3381 1261 quaestione
3428 1178 3527 1255 97,
3578 1177 3666 1241 ait
3710 1196 3725 1240 :
3768 1176 4015 1239 Gedeon

2534 1299 2609 1342 ex
2642 1278 2970 1343 debilitate
3003 1278 3157 1341 fidei
3192 1278 3443 1358 signum
3476 1277 3712 1359 petisse
3744 1275 4015 1352 videtur,

2534 1379 2704 1441 unde
2753 1397 2868 1441 nec
2908 1386 3265 1453 excusatur,
3320 1376 3485 1439 sicut
3536 1394 3651 1437 nec
3691 1373 4017 1437 Zacharias

2534 1486 2711 1559 pater
2742 1476 3093 1538 beatissimi
3125 1475 3385 1538 Joannis
3415 1473 3820 1556 BaptistaeAEt
3852 1473 4015 1535 istud

2532 1574 2783 1636 videtur
2814 1573 3013 1653 magis
3054 1591 3409 1636 consonum
3452 1570 3823 1653 superficiei
3857 1570 4019 1633 litte-

2532 1692 2617 1735 rae
2650 1672 2863 1753 hujus,
2897 1672 3074 1734 Unde
3105 1690 3221 1754 pro
3254 1669 3703 1735 concordantia
3738 1669 4019 1753 aliquan-

2534 1770 2665 1833 tula
2694 1770 2822 1833 dici
2855 1778 3089 1852 posset,
3108 1770 3281 1852 quod
3312 1770 3379 1831 in
3412 1770 3530 1833 hac
3562 1769 3873 1852 petitione
3892 1788 4015 1833 non

935 1868 1203 1931 habetur
1243 1869 1308 1930 in
1352 1867 1594 1945 Glossa‚
1639 1870 1810 1950 quod
1851 1886 1978 1931 non
2023 1869 2311 1951 peccavit
2358 1870 2423 1931 in
2450 1874 2497 1935 B
2534 1868 2902 1945 mortaliter,
2938 1868 3048 1931 sed
3085 1868 3419 1931 venialiter
3464 1867 3587 1929 fuit
3624 1866 3965 1949 culpabilis
4000 1886 4014 1928 ε

934 1967 1056 2030 isto
1082 1988 1096 2031 :
1120 1969 1291 2049 quod
1322 1968 1528 2031 exitus
1560 1968 1648 2030 rei
1683 1968 1982 2049 probavit
2009 1992 2022 2042 3
2062 1987 2207 2030 nam
2240 1987 2425 2030 exau-

933 2066 1104 2127 ditus
1149 2066 1271 2128 luit
1309 2086 1346 2129 a
1378 2067 1666 2129 Domino.
1701 2066 1826 2129 Nec
1869 2066 2235 2129 exaudisset
2277 2085 2422 2129 eum

933 2162 1236 2225 Dominus
1282 2163 1346 2225 in
1393 2164 1493 2225 his
1537 2163 1760 2244 signiS,
1797 2163 1850 2224 si
1883 2182 1958 2225 ea
1987 2169 2209 2226 contra
2250 2183 2424 2226 man-

932 2262 1150 2324 datum
1197 2262 1356 2342 legis
1399 2261 1682 2343 petisset.
1719 2262 1993 2325 isidorus
2039 2280 2295 2343 quoque
2337 2270 2425 2324 te-

932 2368 1154 2437 statur,
1187 2361 1360 2441 quod
1400 2379 1526 2424 non
1570 2360 1752 2441 quasi
1797 2360 2168 2423 incredulus
2201 2369 2419 2441 postu-

932 2457 1087 2521 lavit
1116 2459 1251 2522 baec
1283 2458 1483 2539 signa,
1521 2460 1630 2521 sed
1653 2468 1914 2541 propter
1945 2460 2249 2541 mysteria
2279 2477 2421 2539 quae

932 2556 1120 2621 scivit
1152 2556 1384 2633 futura,
1419 2557 1539 2620 hoc
1570 2566 1662 2619 est
1695 2575 1771 2620 ex
1803 2556 2109 2619 instinctu
2144 2556 2419 2638 Spiritus

931 2654 1165 2731 Sancti,
1189 2656 1268 2717 ad
1303 2654 1843 2737 praefigurandum
1877 2654 2166 2735 quaedam
2192 2663 2419 2736 myste-

931 2753 1074 2817 ria:
1118 2756 1197 2817 de
1235 2754 1468 2835 quibus
1519 2753 1585 2815 in
1631 2752 1921 2833 sequenti
1976 2753 2097 2815 erit
2144 2752 2416 2817 articulo

2533 1987 2649 2031 nec
2681 1987 2755 2030 ex
2787 1968 3253 2045 incredulitate,
3288 1968 3398 2031 sed
3430 1966 3585 2031 fidei
3618 1966 3884 2048 aliquali
3915 1968 4019 2029 de-

2531 2066 2779 2129 bilitate
2822 2066 3049 2148 petivit
3092 2066 3227 2129 haec
3275 2066 3478 2147 signa,
3526 2066 3680 2147 quia
3730 2064 4018 2128 fortassis

2528 2165 2895 2247 aliqualiter
2940 2166 3298 2241 verebatur,
3337 2183 3417 2227 ne
3460 2172 3718 2246 propter
3767 2173 4021 2245 peccata

2530 2264 2749 2345 populi
2782 2263 2992 2339 Israel,
3026 2283 3221 2345 quem
3268 2262 3453 2327 scivit
3498 2263 3703 2325 adhuc
3749 2282 3867 2344 pro
3897 2282 4021 2325 ma-

2526 2380 2652 2443 gna
2682 2371 2859 2444 parte
2880 2382 3019 2425 esse
3051 2362 3471 2437 idololatram,
3506 2360 3726 2423 divina
3759 2360 4019 2443 promis-

2530 2461 2624 2524 sio
2664 2479 2792 2523 non
2838 2461 3169 2523 sortiretur
3213 2459 3542 2523 effectum.
3566 2458 3820 2523 Gedeon
3862 2476 4019 2541 quo-

2526 2578 2653 2642 que
2682 2559 2933 2622 videtur
2966 2560 3273 2635 timuisse,
3302 2577 3383 2621 ne
3413 2557 3771 2621 offenderet
3793 2558 4011 2633 Deum,

2526 2658 2779 2737 signum
2812 2659 3161 2720 secundum
3197 2657 3470 2739 petendo
3506 2676 3519 2718 :
3558 2664 3815 2737 propter
3846 2658 4017 2737 quod

2527 2756 2707 2834 dixit,
2735 2756 2821 2819 Ne
2852 2755 3159 2820 irascatur
3196 2756 3374 2819 furor
3403 2762 3573 2831 tuuS,
3608 2762 3731 2816 etc.

2018 3179 2668 3266 ARTICULUS
2753 3180 2922 3265 XII

1584 3455 1662 3500 ΒΕ
1715 3455 2050 3501 SPIRITUALI
2107 3455 2370 3502 clusor-:u

2420 3455 2695 3502 CAPITULI
2750 3457 2922 3501 sssxrl
2977 3457 3359 3503 INTELLEGTU.

933 3735 1636 3938 QUEMADMODUM
1655 3735 1955 3815 Origenes
1979 3743 2257 3810 testatur,
2280 3733 2420 3808 Qui·
2455 3734 2498 3797 C
2532 3737 2698 3816 passi
2744 3745 2893 3798 sunt
2936 3746 3244 3818 martyres
3288 3738 3510 3815 sancti,
3546 3746 3610 3800 et
3636 3738 3869 3801 Christi
3912 3738 4026 3802 Ec—

1089 3838 1246 3901 escit
1277 3846 1455 3910 terra,
1483 3835 1634 3896 dum
1665 3833 1938 3915 quiescit
1968 3841 2325 3915 peccatum,
2355 3831 2416 3894 id

928 3947 1046 4014 est,
1070 3935 1457 3999 habitatores
1491 3940 1670 3994 terrae
1699 3932 1779 3993 ab
1802 3930 2323 3994 infestationibus
2357 3937 2418 3991 et

929 4029 1519 4116 impugnationibus
1562 4028 2048 4110 conquiescunt,
2084 4031 2236 4092 dum
2277 4047 2413 4090 ces—

929 4139 1071 4194 sant
1102 4149 1383 4213 peccare.
1419 4128 1647 4192 Moveri
1692 4135 1902 4190 autem
1948 4128 2185 4190 dicitur
2221 4135 2410 4201 terra,

929 4231 994 4293 id
1044 4238 1140 4293 est
1187 4228 1546 4291 habitantes
1597 4227 1662 4288 in
1713 4245 1806 4302 ea,
1861 4226 2118 4306 quando
2167 4225 2417 4288 animas

927 4329 1260 4392 hominum
1292 4344 1548 4390 movere
1579 4324 1889 4405 coeperint
1928 4344 2000 4387 ac
2042 4323 2416 4406 perturbare

929 4436 1206 4510 peccata.
1242 4426 1690 4488 Verumtamen
1723 4423 1888 4485 istud
1929 4422 2413 4503 intelligendum

927 4534 1026 4590 est
1068 4525 1146 4587 de
1176 4542 1250 4587 ea
1288 4522 1621 4586 hominum
1663 4521 2091 4598 tribulatione,
2129 4540 2417 4603 persecu-

929 4623 1101 4687 tione
1139 4631 1204 4686 et
1234 4640 1446 4704 poena,
1479 4639 1622 4702 quae
1651 4620 1744 4682 eis
1777 4629 2034 4701 propter
2065 4638 2284 4682 eorum
2318 4621 2417 4682 de-

928 4721 1154 4784 merita
1194 4719 1514 4800 infligitur
1552 4726 1615 4780 et
1644 4718 1976 4798 contingit.
2013 4717 2172 4779 Sunt
2203 4727 2413 4780 autem

927 4821 1069 4883 aliae
1115 4839 1320 4882 causae
1370 4818 1658 4893 diversae,
1702 4825 1960 4898 propter
2010 4835 2170 4897 quas
2220 4816 2411 4879 etiam

2528 3833 2723 3897 clesia
2762 3855 2799 3896 a
2837 3835 3137 3898 Romanis
3184 3835 3698 3916 imperatoribuS,
3744 3837 4025 3920 aliisque

2528 3934 2813 4014 tyrannis
2856 3934 3183 4014 generales
3224 3943 3286 3997 et
3323 3935 3764 3999 acerbissimas
3810 3956 4023 4019 perse-

2526 4032 2814 4095 cutiones
2848 4031 3213 4114 frequenter
3244 4052 3543 4115 perpessa
3576 4041 3693 4096 est.
3730 4035 4021 4116 Denique

2525 4129 2712 4192 electi
2745 4131 2809 4192 in
2841 4131 2959 4193 hac
2989 4131 3120 4192 vita
3151 4150 3266 4212 pro
3298 4131 3431 4193 suis
3466 4132 3741 4213 peccatis
3772 4130 4016 4215 affligi,

2526 4227 2745 4308 sicque
2774 4227 3027 4310 purgari
3060 4237 3549 4292 consueverunt.
3567 4229 3841 4311 Reprobi
3862 4249 4019 4294 vero

2524 4325 2715 4388 etiam
2760 4325 2828 4386 in
2877 4325 3171 4407 pessimis
3215 4326 3462 4389 actibus
3507 4325 3828 4390 multoties
3872 4345 4021 4409 pro-

2526 4431 2881 4504 sperantur,
2908 4443 3025 4486 nec
3060 4443 3251 4505 super
3281 4443 3388 4488 eos
3420 4433 3515 4487 est
3546 4424 3725 4505 virga
3754 4423 3885 4488 Dei.
3920 4425 4020 4486 ln-

2526 4539 2737 4603 super,
2764 4521 2928 4583 sicut
2959 4520 3084 4582 filii
3116 4522 3306 4585 Israel
3336 4541 3452 4603 pro
3484 4523 3617 4584 suis
3648 4521 4019 4585 excessibus

2526 4621 2591 4682 in
2624 4639 2849 4682 manus
2881 4620 3384 4697 Madianitarum‚
3409 4621 3923 4698 Amalecitarum,
3948 4631 4019 4684 et

2524 4718 2793 4780 aliarum
2826 4718 3233 4780 orientalium
3266 4719 3595 4782 nationum
3620 4728 3767 4781 sunt
3798 4719 4014 4782 traditi

2525 4824 2587 4878 et
2607 4815 3017 4878 vehementer
3046 4815 3128 4878 ab
3161 4816 3291 4878 illis
3320 4815 3556 4878 afflicti
3581 4841 3597 4890 ς
3632 4817 3727 4880 sic
3754 4815 4019 4879 Christi-

925 4919 1082 5002 justi
1112 4919 1432 4980 interdum
1475 4916 1540 4978 in
1575 4915 1705 4978 vita
1734 4915 1849 4977 hac
1889 4912 2296 4994 affliguntur,
2344 4923 2414 4976 ut
2445 4921 2494 4981 D
2525 4913 2753 4977 fideles
2786 4914 2893 4994 qui
2929 4923 3078 4975 sunt
3096 4914 3283 4976 Israel
3316 4913 3448 4990 Dei,
3484 4933 3601 4996 pro
3633 4915 3765 4976 suis
3800 4913 4015 4996 culpis

928 5017 1172 5081 scilicet
1201 5023 1632 5088 exerceantur,
1671 5022 1734 5076 et
1763 5013 1908 5075 aliis
1949 5013 2014 5074 in
2049 5013 2411 5095 exemplum
2524 5012 2843 5074 interdum
2886 5011 2965 5074 ab
3008 5012 3441 5076 invisibilibus
3482 5013 3772 5076 hostibus
3804 5013 4017 5094 impu-

928 5122 1366 5197 proponantur
1397 5113 1726 5188 virtutum,
1758 5120 1821 5174 et
1859 5111 2200 5192 gloriosius
2245 5131 2418 5175 coro-
2524 5109 2706 5192 gnari
2728 5129 2801 5172 ac
2823 5111 3108 5192 superari
3142 5110 3553 5173 sinuntur.Et
3582 5130 3711 5193 quo
3730 5110 4016 5192 amplius

929 5220 1181 5288 nentur,
1215 5229 1512 5292 nuncque
1543 5208 1935 5292 probatiores
1981 5208 2143 5271 fiant
2184 5217 2246 5272 et
2288 5229 2418 5272 cre-
2524 5212 2719 5273 Deum
2765 5207 3129 5284 offendunt,
3183 5227 3257 5272 eo
3308 5209 3613 5291 majorem
3664 5229 3855 5292 super
3902 5228 4019 5274 eos

927 5319 1108 5376 scant
1139 5311 1205 5373 in
1236 5308 1410 5374 omni
1433 5308 1668 5372 virtute
1698 5327 1772 5370 ac
1801 5308 2024 5390 gratia.
2043 5307 2146 5371 Sic
2175 5308 2415 5372 etenim
2524 5315 2899 5391 potestatem
2932 5307 3255 5389 accipiunt
3274 5307 3491 5370 hostes
3510 5307 4021 5390 nequissimi,ita

4066 1388 4285 1434 [1⁸13.th

4077 4453 4165 4496 lob
4176 4454 4281 4494 11:³-

4096 4941 4283 4982 Galus..

4052 5006 4125 5046 16.
