4359 6250
983 523 1332 569 ENARRATIO
1375 524 1436 567 IN
1479 523 1614 569 CAP.
1663 524 1706 567 11
1749 523 1906 567 LIBRI
1948 524 2146 569 'rssn'ru
2190 526 2411 572 REGUM.
2454 546 2535 557 -—
2577 530 2719 574 ΛΒΤ.
2766 532 2826 575 IV
3324 510 3441 574 597

344 688 863 770 jurisdictionem
909 701 1020 754 aut
1062 694 1516 757 correctionem
1558 711 1848 755 exercere
1878 693 1925 754 A
1958 697 2483 774 praestantissima
2511 698 2743 761 Christi
2781 700 2971 762 Mater
3010 698 3298 761 obt-inere
3343 719 3444 762 va-

347 790 414 849 in
465 789 664 865 eler0‚
702 791 827 852 nisi
872 792 1088 855 forsan
1130 793 1221 856 eis
1262 814 1297 855 a
1345 812 1593 855 summo
1642 793 1849 855 Ponti-

348 886 478 951 fice
511 891 914 953 concedatur.
957 897 1262 954 Salomon
1300 903 1516 954 autem
1543 896 1708 953 sedit
1745 914 1850 953 su-

337 1008 460 1065 per
515 992 824 1050 thronum
853 994 1072 1069 patris
1109 994 1240 1063 sui,
1272 1002 1330 1052 ct
1377 997 1716 1070 firmatum
1760 1002 1849 1050 cst

344 1106 626 1163 reqnum
668 1090 812 1166 ejus
850 1092 1072 1151 nimia.
1110 1090 1211 1153 Sic
1241 1090 1490 1153 Christo
1537 1087 1849 1153 crucifixo

347 1193 546 1267 atque
578 1186 646 1249 in
678 1188 913 1250 coelum
945 1189 1214 1265 elevate,
1239 1189 1458 1251 Petrus
1489 1188 1554 1249 in
1583 1187 1852 1271 plenitu-

347 1284 504 1347 dine
561 1286 917 1367 potestatis,
971 1296 1034 1350 et
1095 1287 1468 1351 auctoritate
1529 1286 1848 1369 pontificii

347 1384 589 1445 summi
644 1386 920 1461 resedit3
975 1386 1040 1447 in
1090 1387 1229 1468 ejus
1282 1385 1590 1466 regimine
1639 1386 1854 1453 Eccle-

348 1482 450 1571 sia
499 1482 787 1546 militans
832 1485 1242 1548 vehementer
1288 1483 1561 1567 profecit
1611 1494 1673 1548 et
1721 1504 1854 1548 cre-

70 1602 318 1654 Αεε.ιι,ιι;
348 1581 468 1657 vit,
514 1581 606 1644 ita
649 1584 820 1663 quod
873 1583 1365 1646 innumerabilia
1413 1581 1617 1645 millia
1665 1583 1852 1645 undi-

69 1682 100 1717 ι,
120 1669 156 1709 δ.

350 1700 480 1761 que
509 1681 1053 1744 convertebantur
1079 1683 1155 1745 ad
1176 1682 1763 1755 Christianismum3
1792 1690 1856 1744 et

349 1798 467 1861 per
495 1779 762 1859 gloriosi
793 1780 956 1843 Petri
988 1781 1315 1857 miracula,
1337 1781 1627 1861 exempla
1656 1788 1719 1842 et
1750 1781 1854 1843 do-

1957 791 2043 855 let
2073 795 2365 858 salutem.

2037 893 2299 972 RursuS,
2343 916 2459 977 per
2505 898 2813 961 Adoniam
2864 898 3198 979 signantur
3244 897 3445 961 ambi-

1959 991 2105 1052 tiosi
2136 1000 2199 1055 et
2227 994 2715 1075 conspiratoreS,
2750 997 2863 1078 qui
2894 1016 3006 1080 per
3035 996 3443 1078 interpositas

1960 1108 2285 1171 personas,
2312 1092 2818 1171 subornationes,
2846 1095 3247 1172 calliditateS,
3271 1095 3448 1157 blan-

1959 1189 2241 1252 dimenta
2261 1199 2323 1252 ct
2345 1192 2676 1273 practicaS,
2694 1194 2985 1256 nituntur
3006 1195 3084 1256 ad
3104 1194 3447 1275 primatum

1961 1296 2144 1351 caute
2194 1290 2553 1367 ascendere,
2590 1299 2699 1354 aut
2745 1292 3042 1355 meliores
3088 1294 3447 1369 extrudere,

1963 1385 2050 1448 ita
2071 1395 2141 1448 ut
2171 1387 2516 1469 opinentur
2548 1408 2692 1452 suas
2715 1390 3097 1454 ambitiones
3128 1400 3190 1454 et
3218 1391 3453 1453 machi-

1964 1505 2076 1547 nas
2129 1506 2257 1549 non
2304 1506 2441 1551 esse
2485 1488 3049 1570 deprehendendas
3092 1497 3203 1551 aut
3246 1490 3454 1554 consi-

1963 1584 2275 1646 derandas
2311 1603 2324 1646 :
2359 1605 2503 1667 quae
2548 1595 2757 1650 tamen
2798 1607 2834 1649 a
2870 1607 3019 1651 vere
3056 1588 3451 1670 sapientibus

1963 1692 2027 1744 et
2057 1684 2336 1764 expertis
2376 1684 2503 1747 cito
2542 1704 2615 1748 ac
2657 1684 2932 1748 faciliter
2970 1687 3453 1769 perpenduntur

1964 1790 2027 1843 et
2072 1782 2470 1863 aperiuntur,
2505 1783 2594 1844 ita
2632 1786 2801 1865 quod
2849 1784 3008 1847 tales
3046 1784 3452 1848 confundun-

347 1887 677 1956 cumeum,
717 1878 1138 1943 roborabatur
1175 1880 1359 1944 valde
1401 1879 1700 1942 Ecclesiae
1743 1898 1852 1961 po-
1891 1876 1935 1938 B
1966 1888 2084 1956 tur,
2111 1899 2182 1942 ac
2208 1880 2340 1943 suis
2372 1880 2760 1944 frustrantur
2786 1883 3081 1957 intentis3
3106 1884 3451 1967 complices

346 1978 567 2059 puluS.

433 2079 520 2137 Et
557 2079 886 2152 inyressus
913 2086 1003 2137 esc
1032 2079 1328 2138 Adonias
1368 2080 1456 2137 ad
1485 2080 1846 2139 Bethsabee.

345 2176 468 2237 Per
487 2174 799 2237 Adoniam
835 2175 1095 2237 fratrem
1119 2174 1496 2253 SalomoniS,
1522 2175 1853 2255 designan-

347 2283 457 2335 tur
489 2273 753 2355 quidam
783 2292 858 2335 ex
891 2273 1214 2337 Iudaismo
1246 2275 1322 2336 ad
1354 2274 1672 2338 Christum
1705 2292 1853 2337 con-

348 2372 548 2449 versi,
585 2373 696 2435 sed
729 2372 1030 2435 haeretica
1073 2373 1384 2455 pravitate
1431 2371 1655 2435 insecti
1691 2391 1703 2434 :
1739 2373 1850 2455 qui

347 2470 615 2551 Abisag,
651 2469 774 2533 hoc
821 2478 919 2533 est
962 2470 1377 2553 Synagogam,
1420 2471 1486 2532 in
1532 2471 1850 2535 Christum

347 2590 508 2634 vere
557 2577 620 2632 et
669 2570 858 2651 plene
919 2570 1314 2647 credentem,
1370 2570 1589 2651 sicque
1649 2569 1850 2652 ipsius

345 2688 658 2751 sponsam
690 2677 754 2731 et
795 2668 1156 2750 conjugem,
1194 2670 1516 2751 petierunt
1545 2669 1668 2731 sibi
1713 2670 1851 2731 dari

344 2786 644 2842 uxorem,
679 2766 984 2847 quoniam
1025 2785 1132 2829 eos
1183 2766 1293 2848 qui
1336 2786 1485 2831 vere
1527 2775 1706 2829 erant
1751 2786 1852 2829 ca-

347 2864 602 2942 tholici,
659 2864 1030 2928 nitebantur
1082 2866 1159 2927 ad
1208 2884 1453 2928 errores
1513 2884 1660 2928 suos
1712 2884 1852 2947 per-

347 2965 628 3042 trahere,
672 2973 745 3027 ut
792 2965 1126 3028 crederent
1179 2964 1406 3044 legalia
1463 2966 1651 3027 simul
1704 2984 1849 3027 cum

1961 1996 2221 2060 quoque
2268 1988 2330 2041 et
2369 1978 2650 2043 fautores
2690 1999 2931 2057 eorum,
2966 1982 3077 2063 qui
3127 2002 3240 2064 per
3278 1983 3450 2066 ipsos

1962 2076 2225 2139 exaltari
2260 2078 2621 2159 sperabant,
2655 2079 3096 2142 vehementius
3138 2081 3452 2162 dejiciun-

1963 2182 2086 2252 tur,
2123 2183 2186 2239 et
2218 2176 2311 2239 eis
2352 2195 2495 2258 quae
2543 2176 2884 2254 habebant,
2919 2178 3253 2259 privantur
3299 2177 3453 2241 osri-

1963 2275 2103 2353 ciis,
2138 2275 2673 2357 quemadmodum
2706 2276 2828 2359 ipsi
2857 2277 3012 2341 Joab
3052 2285 3242 2359 atque
3270 2276 3454 2341 Abia-

1965 2375 2108 2436 thar
2142 2374 2487 2455 contigisse
2519 2376 2903 2454 agnoscitur.
2936 2376 3261 2452 Praeterea,
3288 2375 3455 2441 sicut

1961 2472 2115 2537 Joab
2147 2474 2225 2535 ad
2258 2473 2737 2536 tabernaculum
2770 2473 3201 2555 confugiendo
3232 2477 3455 2557 nequi-

1962 2572 2054 2636 vit
2085 2573 2355 2637 evadere
2392 2581 2678 2650 mortem,
2698 2573 2791 2636 sic
2822 2581 2883 2637 et
2924 2593 3093 2636 nunc
3124 2574 3189 2634 in
3211 2574 3452 2656 populo

1961 2671 2315 2734 christiano
2367 2671 2629 2753 quidam
2680 2680 2807 2734 tam
2856 2672 3199 2735 enormiter
3246 2672 3451 2735 crimi-

1961 2770 2101 2831 nosi
2135 2770 2517 2847 consistunt,
2543 2770 2712 2851 quod
2745 2789 2859 2833 nec
2888 2770 2953 2832 in
2984 2770 3270 2833 ecclesiis
3300 2789 3451 2834 con-

1960 2869 2219 2931 secratis
2252 2877 2520 2950 possunt
2548 2867 2782 2931 habere
2810 2867 3153 2950 effugium.

1962 2990 1970 2999 ·
2039 2970 2226 3029 Misit
2256 2988 2504 3048 quoque
2532 2989 2674 3037 rex,
2702 2977 2761 3028 ec
2792 2970 3045 3029 vocavit
3072 2970 3305 3031 Semei.
3338 2969 3453 3032 Per

73 3081 311 3136 stan-‚a
345 3063 702 3145 Evangelio
733 3063 1092 3127 necessario
1121 3063 1851 3145 observanda,quemad-
1883 3066 1926 3131 C
1960 3064 2165 3128 Semei
2200 3064 2645 3146 intelliguntur
2685 3065 2977 3143 rebelleS,
3014 3065 3321 3144 seditiosi,
3358 3065 3455 3129 in-

344 3165 618 3227 modum
651 3164 718 3226 in
747 3163 920 3225 Actis
941 3163 1390 3245 Apostolorum
1421 3165 1499 3226 dc
1519 3163 1848 3226 Pharisaeis

343 3262 766 3327 credentibus
817 3261 1132 3324 haeretieis
1172 3262 1474 3324 recitatur
1507 3279 1520 3323 :
1556 3262 1634 3324 ad
1678 3264 1848 3343 quod

341 3361 830 3445 procurandum
861 3360 1175 3423 miserunt
1194 3360 1540 3422 Bethsabee
1573 3361 1648 3423 ad
1679 3360 1850 3422 Chri-

340 3471 546 3536 stum,
593 3460 712 3524 hoe
758 3468 874 3536 est,
929 3459 1320 3540 Scripturam
1365 3459 1597 3522 veteris
1647 3459 1851 3520 Testa-

341 3559 578 3634 menti,
634 3577 780 3641 quae
833 3557 956 3620 fuit
1003 3557 1187 3639 quasi
1246 3557 1599 3639 spiritualis
1649 3565 1849 3619 mater

341 3659 667 3740 ipsorum,
694 3664 1177 3738 assumpserunt
1209 3664 1271 3718 et
1301 3655 1755 3734 allegaverunt,
1774 3673 1851 3717 ex

340 3777 422 3820 ea
465 3756 854 3839 persuadere
894 3763 1217 3830 conanteS‚
1266 3754 1359 3816 sic
1405 3773 1544 3817 esse
1592 3754 1851 3816 creden-

341 3858 528 3918 dum.
564 3854 853 3917 Christus
884 3871 1036 3916 vero
1069 3853 1272 3935 ipsam
1313 3872 1556 3915 sacram
1587 3851 1852 3915 honora-

343 3955 440 4019 vit
475 3953 894 4035 Scripturam,
919 3953 1028 4014 sed
1052 3951 1384 4014 abutentes
1414 3971 1490 4013 ea
1519 3951 1850 4014 haereticos

341 4051 832 4118 condemnavit.

429 4153 720 4232 Insuper,
753 4169 869 4232 per
897 4149 1018 4212 hoc
1048 4151 1219 4230 quod
1250 4148 1543 4212 Salomon
1585 4157 1850 4212 matrem

1959 3164 2182 3246 quieti,
2233 3173 2435 3227 morte
2472 3165 2651 3245 digni
2702 3183 2715 3227 :
2761 3164 2997 3246 quibus
3038 3173 3248 3229 tamen
3279 3165 3456 3230 Chri-

1960 3272 2094 3325 stus
2141 3263 2640 3327 misericorditer
2694 3264 2897 3345 jubet,
2944 3272 3017 3326 ut
3065 3283 3210 3328 vere
3252 3266 3456 3347 poeni-

1961 3369 2155 3438 teant,
2192 3369 2256 3424 et
2290 3361 2356 3423 in
2400 3361 2747 3424 Jerusalem
2791 3370 3284 3440 commorentur,
3332 3364 3452 3427 hoc

1959 3468 2070 3536 est,
2100 3459 2166 3521 in
2198 3459 2443 3522 unitate
2470 3460 2769 3523 Ecclesiae
2815 3469 3243 3542 perseverent,
3279 3470 3341 3525 et
3372 3462 3449 3524 ad

1960 3557 2192 3620 mentis
2213 3557 2493 3638 quietem
2527 3577 2593 3618 se
2624 3565 3001 3639 praeparent,
3038 3577 3154 3620 nec
3184 3578 3297 3641 per
3327 3559 3451 3641 pri-

1959 3656 2126 3718 stina
2148 3657 2305 3718 vitia
2334 3665 2699 3734 evagentur,
2724 3675 2839 3718 nec
2862 3655 3084 3719 mundi
3114 3658 3289 3721 lucra
3311 3677 3451 3722 ava-

1961 3774 2028 3818 re
2059 3763 2399 3830 sectentur,
2420 3753 2521 3817 vel
2544 3755 2610 3816 in
2632 3774 2811 3818 sacra
2837 3753 3145 3836 religione
3166 3757 3291 3818 Deo
3312 3756 3451 3819 sine

1961 3854 2279 3937 apostasia
2305 3853 2540 3936 jugiter
2561 3851 3013 3935 obsequantur,
3039 3855 3279 3936 alioqui
3312 3874 3451 3938 per-

1963 3954 2180 4028 ibunt3
2224 3954 2333 4016 sed
2375 3952 2637 4035 quidam
2676 3970 2819 4014 cum
2858 3952 3062 4016 Semei
3102 3962 3313 4016 mente
3355 3973 3451 4015 re-

1967 4053 2164 4115 deunt
2196 4052 2273 4114 ad
2304 4051 2648 4127 mundana,
2673 4060 2934 4133 propter
2961 4053 3134 4133 quod
3165 4053 3454 4115 condem-

1965 4151 2100 4212 nari
2135 4158 2481 4212 merentur.
2514 4149 2869 4230 Religiosus
2891 4168 3040 4230 ergo
3072 4149 3137 4213 in
3160 4149 3453 4214 coenobio

345 4269 536 4314 suam
571 4247 917 4312 Bethsabee
947 4257 1076 4309 tam
1099 4239 1460 4311 reverenter
1490 4256 1551 4310 et
1579 4248 1850 4310 maxime
1881 4250 1932 4312 D
1963 4257 2026 4311 et
2055 4248 2401 4311 solitudine
2422 4248 2719 4329 persistat
2751 4265 2877 4310 non
2899 4267 3162 4330 corpore
3188 4258 3449 4326 tantum,

345 4346 718 4420 honoravit,
741 4355 934 4427 atque
956 4346 1021 4407 in
1046 4363 1160 4408 suo
1182 4346 1343 4408 solio
1371 4345 1524 4409 feeit
1549 4345 1847 4421 residere,

347 4467 424 4510 ac
457 4445 692 4508 deinde
723 4445 800 4506 ad
831 4463 1008 4506 suam
1039 4445 1358 4506 dexteram
1393 4443 1744 4520 collocavit,
1769 4445 1854 4507 ei-

344 4564 480 4627 que-
503 4543 682 4618 dixit,
704 4546 874 4612 Pete,
901 4553 1106 4604 mater
1131 4563 1309 4615 mea‚·
1328 4564 1527 4623 neque
1553 4546 1725 4604 enim
1749 4547 1852 4623 fas

342 4654 440 4705 esc
477 4653 548 4704 ut
577 4652 870 4703 avertam
899 4643 1140 4719 faciem
1173 4653 1377 4712 tuam,
1401 4641 1850 4723 praefiguratus

343 4751 448 4806 est
471 4740 677 4804 honor
710 4740 1088 4822 praecipuuS,
1109 4759 1300 4820 quem
1325 4739 1625 4802 Dominus
1647 4749 1711 4803 et
1733 4741 1852 4802 Sal-

346 4848 537 4904 vator
579 4858 712 4901 suae
754 4838 1146 4919 dignissimae
1193 4838 1483 4901 exhibuit
1521 4838 1846 4916 Genitrici,

346 4959 550 5022 quam
593 4957 811 5001 secum
857 4940 921 5000 in
957 4938 1184 5002 throno
1226 4929 1444 5019 glo'riae
1484 4959 1674 5020 super
1713 4939 1852 5000 uni-

347 5057 578 5103 versos
611 5036 1046 5118 angelicorum
1087 5037 1429 5119 spirituum
1471 5038 1724 5100 ordines
1756 5058 1855 5100 cx-

349 5137 584 5201 altavit
615 5156 688 5199 ac
719 5135 956 5218 posuit,
978 5135 1545 5218 copiosissimo-que
1575 5137 1850 5198 exaudit.

349 5235 654 5298 Attamen
701 5235 868 5296 sicut
908 5233 1254 5296 Bethsabee
1302 5253 1416 5316 pro
1446 5235 1689 5297 Adonia
1728 5254 1854 5296 non

353 5333 486 5397 fuit
514 5332 836 5408 exaudita,
859 5332 952 5395 sic
981 5332 1144 5394 nulli
1176 5333 1467 5414 praescito
1492 5353 1564 5396 ac
1587 5334 1856 5416 reprobo

1961 4348 2072 4410 sed
2103 4356 2164 4409 et
2196 4346 2426 4408 mentis
2462 4346 2911 4410 recollectione
2940 4356 3002 4408 et
3044 4347 3252 4409 cordis
3296 4345 3457 4410 affe·

1962 4455 2068 4508 ctu
2095 4468 2110 4520 3
2147 4465 2263 4508 nec
2294 4444 2603 4507 mundum
2632 4445 2763 4524 (cui
2797 4444 3214 4531 renuntiavit)
3244 4453 3455 4509 teneat

1963 4545 2030 4606 in
2061 4564 2128 4605 se
2157 4545 2466 4619 clausum,
2502 4561 2614 4624 per
2644 4543 2973 4606 saecularia
3015 4551 3205 4626 atque
3238 4544 3455 4607 inania

1961 4643 2398 4718 discurrendO,
2430 4661 2501 4704 ac
2525 4640 2757 4704 frivola
2780 4651 2843 4704 et
2866 4643 3087 4723 iniqua
3108 4643 3451 4723 imaginan-

1963 4743 2042 4805 do
2069 4767 2083 4816 ;
2119 4740 2228 4803 sed
2260 4740 2324 4802 in
2356 4740 2535 4802 coelis
2556 4739 2641 4802 sit
2671 4741 3068 4805 conversatio
3089 4740 3250 4823 ejuS,
3275 4749 3450 4805 aeter-
3478 4765 3741 4821 Philippan,

1964 4841 2133 4904 nalia
2171 4848 2235 4902 et
2274 4839 2495 4902 divina
2537 4839 3050 4921 contemplando,
3086 4841 3281 4903 Deum
3320 4840 3451 4903 lau-
3476 4831 3547 4874 ²⁰·

1963 4940 2192 5015 dand0,
2222 4937 2503 5001 salubria
2531 4937 2917 5016 meditando,
2940 4940 3165 5002 devote
3184 4940 3447 5016 orando,

1962 5046 2025 5101 et
2054 5037 2307 5118 semper
2335 5036 2703 5117 occupando
2727 5055 2795 5098 se
2826 5035 3169 5114 fructuose,
3194 5037 3349 5118 quia
3375 5038 3455 5101 ad

1963 5137 2097 5199 haec
2126 5136 2371 5216 agenda
2398 5134 2658 5216 reliquit
2689 5134 3012 5212 sacculum,
3048 5143 3110 5197 et
3130 5134 3453 5215 ingressus

1965 5243 2058 5297 est
2089 5232 2475 5296 coenobium.
2509 5232 2683 5306 Quod
2716 5231 2769 5293 si
2802 5233 2890 5294 ita
2929 5251 3054 5295 non
3094 5233 3314 5313 egerit,
3351 5234 3457 5296 du-

1965 5333 2112 5414 plex
2141 5330 2267 5393 sibi
2301 5331 2493 5392 instat
2524 5329 2841 5394 confusio.
