4359 6250
654 897 804 941 Exod.

591 975 732 1015 xxvm,
751 963 767 1003 l
777 964 816 1003 7.

603 4353 638 4398 11
652 4353 766 4398 Par.
785 4365 842 4404 iu,

579 4417 644 4460 ¹5.

883 492 1002 559 630

1486 513 1829 560 manuario
1872 514 1930 558 ΙΝ
1975 513 2112 558 CAP.
2159 513 2244 558 vu
2286 512 2444 557 mim
2483 511 2682 557 TEBTH
2724 512 2949 558 REGUH.
2993 531 3074 542 -
3115 513 3255 558 ART.
3300 512 3365 558 xl

885 702 957 746 ac
990 683 1186 747 latere
1229 684 1757 766 conscriptorum.
1793 683 1950 745 Hinc
1984 682 2092 745 alii
2124 682 2370 757 dieunt,
2400 678 2451 741 A
2562 682 2648 741 Et
2686 700 2952 741 rursum
2980 683 3117 741 alia
3154 682 3458 759 capitella
3496 683 3567 741 in
3594 685 3965 742 summitate

885 783 1054 863 quod
1088 802 1307 845 versus
1339 783 1614 845 sumitur
1643 782 1748 845 hie
1778 799 1893 863 pro
1929 782 2176 857 ordine,
2210 781 2375 842 sieut

887 889 950 944 et
981 880 1048 942 in
1079 880 1316 956 Exod0,
1351 880 1461 943 ubi
1494 880 1814 956 scribitur,
1849 880 1916 942 ln
1945 880 2153 961 primo
2186 898 2373 942 versu

886 978 1008 1043 erit
1055 979 1355 1041 sardius:
1401 988 1471 1041 ut
1517 980 1600 1041 sit
1648 998 1893 1054 sensuS,
1939 978 2189 1059 Septem
2236 996 2376 1040 ver-

884 1096 1067 1139 suum
1121 1077 1447 1155 retiacula,
1490 1078 1554 1139 id
1604 1085 1722 1154 est,
1777 1085 2018 1158 septem
2068 1074 2375 1138 retiacula

881 1184 1064 1239 erant
1094 1176 1160 1238 in
1189 1175 1478 1258 quolibet
1509 1177 1779 1238 duorum
1819 1176 2115 1238 ordinum
2147 1173 2375 1256 praesa--

883 1283 1114 1338 torum.
1155 1275 1350 1337 Erant
1389 1275 1625 1338 etenim
1679 1274 1766 1335 ibi
1815 1275 1943 1336 duo
1975 1273 2230 1336 ordines
2283 1293 2375 1335 re-

881 1373 1282 1448 tiaculorum,
1318 1392 1484 1435 unus
1517 1391 1706 1454 super
1749 1373 2178 1451 malogranata
2210 1370 2373 1433 infe-

877 1472 1067 1549 riora,
1102 1480 1166 1534 et
1212 1472 1372 1534 alter
1420 1492 1613 1554 super
1655 1470 2022 1552 superiora3
2061 1478 2257 1552 atque
2304 1471 2369 1532 in

877 1570 1167 1651 quolibet
1193 1570 1414 1633 ordine
1446 1569 1558 1633 illo
1592 1569 1842 1631 fuerant
1875 1578 2115 1650 septem
2158 1577 2369 1650 partes

877 1666 1235 1749 perforatae,
1253 1686 1395 1749 quae
1419 1666 1724 1729 retiacula
1745 1666 1848 1728 hic
1869 1674 2194 1728 vocantur.
2215 1665 2371 1728 Reti-

876 1765 1058 1829 acula
1079 1784 1230 1829 vero
1253 1766 1510 1848 proprie
1535 1765 1944 1827 nominantur
1967 1764 2124 1826 retia
2146 1783 2363 1846 parva.

2481 784 2933 840 colunmarum
2962 783 3233 857 desuper
3248 781 3457 857 juxta
3490 801 3857 841 mensuram
3876 802 3967 841 co-

2484 883 2725 939 lumnoe
2753 887 2974 939 contra
3006 880 3345 939 retiacula.
3379 877 3561 941 Circa
3588 877 3710 941 hoc
3750 879 3970 941 scribit

2484 976 2743 1058 quidam
2781 992 2795 1037 ε
2829 976 3139 1056 Loquitur
3180 976 3261 1039 de
3299 976 3617 1057 praedictis
3656 977 3971 1059 capitellis

2482 1094 2626 1156 quae
2654 1082 2835 1137 erant
2872 1094 3063 1156 super
3106 1075 3315 1157 capita
3354 1076 3819 1139 columnarum.
3854 1077 3973 1141 Sed

2482 1172 2602 1237 hoe
2642 1173 2895 1237 videtur
2948 1174 3142 1235 textui
3194 1191 3569 1256 repugnare,
3604 1175 3869 1249 dicenti,
3900 1176 3977 1238 Et

2482 1291 2701 1334 rursus
2761 1272 2886 1334 alia
2943 1272 3263 1354 capitella.
3322 1272 3541 1335 Melius
3590 1291 3743 1353 ergo
3807 1274 3973 1337 istud

2481 1371 2884 1433 referendum
2914 1380 3211 1433 censetur
3254 1372 3332 1433 ad
3368 1371 3665 1453 capitella
3704 1372 3969 1435 aliarum

2480 1469 2920 1533 columnarum
2961 1469 3201 1551 templi,
3240 1471 3319 1532 de
3358 1468 3592 1551 quibus
3641 1471 3971 1553 hucusque

2480 1568 2821 1661 specialem
2868 1568 3259 1631 mentionem
3308 1588 3435 1631 non
3487 1568 3661 1632 fecit.
3696 1570 3859 1633 Hine
3908 1572 3971 1633 in

2480 1666 2866 1730 Scholastica
2898 1666 3099 1729 fertur
3130 1667 3431 1730 historia:
3460 1668 3849 1750 DQr-eliquis
3878 1688 3975 1733 co-

2479 1765 2713 1827 lumnis
2745 1764 3068 1837 vestibuli,
3104 1766 3163 1828 id
3194 1774 3291 1829 est
3319 1766 3621 1848 porticus,
3646 1768 3969 1831 modicum

956 1868 1041 1926 Ει
1062 1866 1338 1943 perfecit
1356 1868 1688 1925 columnas
1710 1864 1865 1926 duas
1901 1863 2231 1945 praedictas
2258 1882 2271 1925 :
2300 1861 2365 1925 in
2404 1863 2450 1926 B
2476 1864 2607 1943 agit
2638 1864 2983 1946 Scriptura,
3016 1865 3259 1941 dieenS,
3294 1864 3371 1926 Et
3403 1884 3618 1928 rursus
3649 1867 3781 1929 alia
3808 1868 3974 1949 capi-

871 1962 1109 2044 quibus
1129 1962 1498 2045 epistylium
1531 1960 1655 2023 fuit
1679 1980 1891 2043 supra,
1920 1961 2119 2043 stylus
2152 1970 2363 2023 autem

873 2080 985 2122 seu
1017 2060 1213 2142 stipes
1257 2061 1322 2121 in
1368 2060 1599 2137 medio,
1633 2068 1696 2123 et
1740 2058 1912 2121 basis
1957 2058 2271 2134 inferius3
2306 2069 2365 2119 et

869 2163 1031 2219 duos
1060 2162 1318 2220 ordines
1335 2162 1748 2236 sinyulorum
1768 2160 2233 2219 retiaculorum
2246 2180 2367 2237 per

872 2259 1224 2319 circuitum
1256 2278 1278 2317 .·
1309 2257 1480 2339 quod
1511 2257 1591 2319 de
1621 2257 1869 2320 duobus
1910 2256 2363 2319 retiaculorum

872 2354 1209 2418 ordinibus
1241 2354 1650 2437 praeinductis
1695 2354 2073 2436 exponitur3
2105 2365 2178 2415 ut
2212 2364 2365 2432 leye-

870 2463 1015 2513 rent
1059 2454 1362 2531 capitella
1393 2474 1534 2533 quoe
1571 2464 1758 2514 erant
1795 2474 1988 2531 super
2025 2454 2363 2514 summita-

873 2561 996 2611 tem
1044 2555 1668 2629 malogranatorum,
1717 2570 1860 2632 quae
1918 2551 2364 2633 dependebant

869 2666 984 2730 pro
1018 2658 1194 2731 parte
1225 2649 1345 2712 sub
1384 2649 1722 2731 capitelliS,
1759 2658 1828 2712 ut
1872 2648 2044 2713 inl'ra
2092 2651 2358 2731 patebit.

868 2750 1112 2809 Eodem
1144 2752 1326 2809 modo
1356 2751 1511 2827 fec-it
1540 2760 1600 2810 et
1628 2750 1925 2826 capit-ello
1954 2752 2251 2811 secando,

954 2850 1270 2928 Capicella
1292 2857 1508 2909 autem
1537 2868 1679 2928 quae
1709 2858 1896 2908 erant
1923 2867 2117 2925 super
2145 2850 2362 2925 capita

868 2953 1346 3017 columnarum,
1401 2948 1591 3027 quasi
1627 2966 1810 3023 opere
1849 2948 1985 3005 lilii
2033 2948 2361 3023 fabric-ata

2476 1963 2627 2025 tella
2657 1962 2721 2023 in
2750 1963 3113 2026 summitate
3142 1963 3606 2028 columnarum.
3628 1965 3803 2028 Fecit
3822 1985 3973 2047 ergo

2476 2062 2603 2123 alia
2630 2061 2929 2143 capitella
2970 2062 3037 2123 in
3078 2062 3462 2139 summitate,
3500 2063 3563 2126 id
3609 2073 3707 2127 est
3748 2066 3975 2147 capiti-

2474 2159 2617 2236 buS,
2668 2179 2779 2222 seu
2832 2178 3025 2241 super
3068 2159 3365 2242 epistylia
3414 2161 3858 2225 columnarum
3898 2164 3974 2226 il-

2475 2258 2679 2321 larum
2737 2259 2915 2339 juxta
2971 2277 3332 2321 mensuram
3374 2259 3717 2337 columnae,
3768 2262 3833 2324 id
3876 2272 3973 2325 est

2475 2358 2825 2420 secundum
2856 2357 3235 2437 exigentiam
3260 2359 3693 2440 proportionis
3714 2362 3973 2441 quanti-

2477 2456 2621 2519 tatis
2668 2456 3179 2537 uniuscujusque
3218 2457 3659 2519 columnarum
3713 2459 3971 2523 illarum

2471 2555 2793 2617 minorum
2826 2572 2839 2615 ε
2872 2574 3015 2636 quae
3045 2562 3285 2635 quanto
3306 2554 3585 2619 minores
3608 2554 3869 2620 fuerunt
3904 2558 3971 2621 in

2473 2654 2690 2734 stipite
2718 2672 2907 2734 quam
2932 2652 3247 2716 columnae
3272 2653 3399 2715 illae
3424 2654 3564 2716 duae
3584 2655 3875 2737 maiores,
3892 2676 3969 2721 eo

2464 2761 2534 2815 'et
2564 2771 2781 2815 earum
2814 2752 3113 2833 eapite-lla
3144 2751 3403 2815 fuerunt
3432 2753 3715 2829 minora3
3747 2766 3969 2818 contra

2472 2850 2798 2927 retiacula,
2835 2850 2899 2912 id
2934 2859 3026 2913 est
3058 2868 3093 2913 e
3125 2850 3382 2932 regione
3414 2870 3524 2914 seu
3562 2872 3639 2915 ex
3668 2855 3967 2935 opposito

2472 2948 2817 3012 lateraliter
2862 2958 2971 3011 aut
3013 2947 3251 3012 directe
3298 2949 3579 3031 ipsorum
3627 2953 3968 3017 retiaculo-

867 3056 1080 3116 eranc,
1103 3046 1167 3108 id
1200 3053 1316 3121 est,
1339 3044 1404 3106 in
1438 3062 1734 3127 suprema
1765 3064 1878 3106 sua
1897 3054 2076 3127 parte
2108 3042 2362 3107 fuerant
2392 3047 2436 3111 C
2472 3068 2635 3125 rum,
2669 3067 2813 3130 quae
2844 3056 3025 3111 erant
3051 3047 3119 3109 in
3151 3048 3468 3111 columnis
3502 3050 3880 3131 maJ'oribus.

867 3145 1085 3221 liliata,
1105 3145 1225 3208 hoc
1255 3152 1351 3207 est
1382 3143 1502 3206 lilii
1535 3143 1809 3224 figuram
1833 3143 2159 3219 habentia'3
2181 3153 2361 3207 erant

869 3245 1102 3308 situata
1141 3246 1213 3305 in
1249 3246 1508 3321 porticu
1542 3242 1788 3325 templi,
1827 3251 1896 3304 ut
1930 3244 2168 3324 patuit3
2202 3265 2361 3324 qua-

871 3355 1017 3405 tuor
1043 3345 1426 3404 cubitorum.
1459 3341 1595 3404 Jam
1625 3341 1864 3404 dictum
1911 3351 2025 3418 est,
2063 3343 2232 3423 quod
2264 3362 2361 3405 ca-

868 3442 1159 3527 pitellum
1220 3440 1551 3523 quodlibet
1601 3439 1726 3502 fuit
1775 3440 2063 3521 quinque
2120 3441 2362 3505 cubito-

868 3562 1008 3605 rum
1045 3559 1058 3604 :
1095 3539 1367 3622 qualiter
1397 3559 1546 3619 ergo
1592 3559 1762 3602 nune
1793 3539 2049 3616 dicitur,
2083 3539 2361 3614 Quatuor

867 3639 1272 3704 cubitorum?
1305 3638 1396 3700 Ad
1428 3638 1596 3700 istud
1642 3637 1901 3719 quidam
1946 3640 2355 3720 respondent,

870 3740 990 3802 hoc
1032 3737 1204 3820 quod
1243 3737 1480 3818 dicitur
1519 3735 1624 3798 hic
1655 3735 1932 3810 Quatuor
1969 3736 2356 3814 cubitorum,

867 3857 1006 3902 csse
1057 3836 1464 3900 referendum
1515 3835 1592 3897 ad
1637 3835 1845 3916 capita
1889 3834 2355 3914 columnarum,

866 3957 1010 4019 quae
1056 3936 1280 3999 dicunt
1329 3934 1528 3997 fuisse
1571 3943 1846 4014 quatuor
1887 3933 2249 3997 cubitorum
2292 3936 2359 3997 in

867 4036 1017 4100 alto.
1046 4034 1164 4097 Sed
1194 4033 1317 4096 hoc
1337 4033 1588 4097 videtur
1617 4032 1896 4094 alienum
1930 4052 1967 4094 a
2000 4034 2362 4115 textu‚quia

869 4132 1296 4216 praemittitur,
1331 4131 1639 4213 Capitella
1667 4139 1900 4208 autem,
1935 4139 2054 4194 etc.
2087 4157 2101 4208 3
2137 4141 2201 4194 et
2230 4153 2361 4194 rur-

2550 3147 3151 3221 Maloyran-atorum
3198 3154 3435 3216 aunem,
3486 3144 3550 3207 id
3599 3155 3698 3207 est
3746 3164 3967 3228 pomo-

2470 3263 2612 3305 rum
2659 3243 2749 3304 sie
2790 3243 3128 3319 dictorum,
3161 3245 3429 3304 ducenti
3470 3247 3729 3305 ordines
3776 3257 3965 3307 eram

2470 3345 2539 3403 in
2565 3344 2847 3402 circuitu
2868 3345 3157 3419 capitelli
3175 3346 3464 3404 secundi.
3483 3343 3687 3406 Locus
3718 3345 3837 3408 iste
3866 3355 3965 3408 est

2469 3441 2742 3504 multum
2776 3439 3095 3517 diffini-lis,
3119 3459 3245 3503 non
3277 3450 3535 3523 propter
3562 3442 3965 3524 profundita-

2469 3550 2593 3603 tem
2626 3540 2929 3616 materiae,
2954 3541 3061 3603 scd
3094 3559 3170 3602 ex
3202 3540 3675 3620 imaginationis
3706 3541 3963 3606 defectu

2469 3640 2548 3703 de
2578 3659 2647 3701 re
2679 3657 2805 3702 non
2837 3639 2993 3710 visa,
3030 3647 3093 3700 et
3122 3638 3391 3701 obscure
3420 3639 3761 3721 descripta.
3784 3641 3963 3704 Unde

2470 3740 2819 3802 secundum
2871 3738 3235 3818 Magistrum
3290 3739 3355 3800 in
3406 3738 3715 3816 historiiS‚
3760 3741 3961 3803 ambi—-

2468 3857 2663 3919 guum
2715 3846 2811 3900 est
2858 3856 2937 3899 an
2990 3837 3160 3899 istud
3216 3837 3463 3900 dicatur
3512 3838 3591 3900 de
3642 3839 3959 3921 capitellis

2471 3937 2813 4019 prioribus.
2862 3935 3036 3998 Multi
3077 3955 3335 4017 quoque
3382 3937 3773 4020 expositores
3820 3957 3961 4020 per-

2472 4043 2801 4098 transeunt
2834 4035 3043 4097 locum
3086 4034 3301 4112 istum,
3334 4034 3499 4098 sicut
3530 4044 3593 4098 et
3634 4036 3762 4099 alia
3791 4057 3961 4118 quae-

2469 4136 2613 4197 dam
2646 4133 2909 4216 capituli
2942 4133 3131 4215 hujus
3162 4132 3453 4195 obscura.

870 4252 1002 4309 suS,
1035 4231 1186 4314 quia
1217 4239 1286 4292 ut
1324 4230 1666 4311 allegatum
1711 4238 1827 4306 est,
1865 4231 2144 4293 secundo
2173 4230 2357 4294 Para·
2394 4237 2443 4299 D
2548 4231 2740 4294 Porro
2771 4232 2929 4313 Lyra
2959 4231 3129 4294 circa
3160 4231 3293 4293 haec
3326 4231 3549 4294 scribit
3583 4250 3598 4293 ε
3631 4233 3835 4316 Prope
3862 4234 3961 4296 in-

873 4331 1240 4413 lipomenon
1271 4329 1503 4410 legitur
1529 4345 1542 4391 τ
1567 4329 1786 4410 Capita
1811 4348 2052 4406 earum,
2070 4330 2359 4412 quinque

871 4429 1254 4492 cubitorum.
1298 4429 1439 4492 ldeo
1481 4429 1993 4510 respondendum
2027 4448 2102 4490 ex
2147 4430 2359 4492 verbis

868 4528 1049 4592 Bedae
1079 4527 1376 4602 dleentiS,
1407 4526 1610 4600 Quum
1641 4544 1800 4608 opus
1842 4526 1964 4588 lilii
1999 4527 2061 4588 in
2095 4528 2358 4609 capitel-

867 4627 946 4689 lis
968 4633 1242 4708 quatuor
1262 4624 1622 4688 cubitorum
1653 4643 1790 4688 esse
1813 4634 2219 4702 memoratur,
2242 4645 2357 4690 nec

867 4725 1122 4789 additur
1168 4723 1584 4804 longitudinis
1619 4723 1720 4786 vel
1753 4724 2128 4802 latitudinis,
2166 4725 2359 4788 relin-

865 4825 1084 4908 quitur
1116 4823 1371 4888 lectoris
1415 4822 1678 4904 judicio,
1713 4831 1926 4884 utrum
1971 4823 2034 4884 in
2089 4823 2358 4904 longitu—

863 4925 1014 4988 dine
1043 4923 1144 4986 vel
1190 4921 1527 4984 latitudine
1569 4920 1838 5000 intelligi
1870 4921 2116 4984 debeat.
2150 4921 2353 4995 Quum

864 5041 1014 5102 ergo
1053 5021 1347 5103 superius
1388 5019 1628 5082 dictum
1675 5018 1777 5095 sit,
1812 5019 2212 5083 altitudinem
2256 5040 2357 5083 ca-

863 5121 1229 5204 pitellorum
1277 5117 1476 5181 fuisse
1514 5118 1801 5199 quinque
1841 5117 2227 5196 cubitorum,
2262 5139 2358 5182 re-

861 5228 1006 5296 stat,
1049 5238 1412 5283 mensuram
1452 5219 1616 5281 hanc
1655 5227 1928 5299 quatuor
1966 5216 2349 5294 cubitorum,

861 5318 940 5380 ad
970 5317 1373 5381 latitudinem
1405 5336 1591 5400 posse
1631 5315 1878 5380 referri.

2471 4329 2769 4392 seriorem
2822 4337 3061 4410 partem
3113 4329 3417 4411 capitelli,
3471 4339 3650 4393 erant
3701 4339 3955 4395 centum

2470 4428 2900 4507 malogranata
2930 4428 3345 4510 superposita,
3362 4437 3424 4491 et
3448 4429 3709 4492 totidem
3732 4431 3961 4513 depen-

2467 4527 2686 4590 dentia
2714 4527 2806 4590 eis
2851 4527 3451 4609 correspondentia3
3494 4527 3715 4610 sicque
3757 4549 3956 4592 unum

2469 4626 2972 4706 malogranatum
3003 4625 3498 4708 superpositum,
3524 4635 3587 4688 et
3618 4645 3817 4690 unum
3850 4629 3958 4691 de-

2467 4725 2749 4806 pendens
2782 4723 2837 4786 ei
2862 4724 3384 4806 correspondenS,
3412 4723 3727 4788 faciebant
3757 4745 3953 4788 unum

2465 4824 2755 4885 ordinem
2792 4821 2982 4884 :ideo
3030 4831 3210 4885 erant
3258 4823 3348 4887 ibi
3393 4833 3645 4887 centum
3696 4824 3955 4888 ordines

2465 4922 3067 5001 malogranatorum,
3102 4931 3163 4984 et
3191 4923 3465 4984 ducenta
3494 4922 3950 5004 malogranata.

2465 5021 2539 5082 Et
2568 5021 2788 5083 eodem
2820 5020 3007 5083 modo
3043 5021 3106 5081 in
3138 5020 3589 5103 malogranatis
3620 5022 3957 5105 superiori-

2464 5119 2582 5180 bus
2616 5119 2773 5180 tales
2794 5126 2856 5180 et
2882 5127 2974 5180 tot
3002 5119 3258 5182 ordines
3279 5128 3458 5182 erant
3484 5137 3499 5180 ε
3524 5120 3746 5202 sicque
3776 5130 3955 5183 erant

2464 5217 2553 5279 ibi
2575 5216 2833 5280 ducenti
2855 5217 3109 5280 ordines
3133 5218 3705 5299 malogranatorum
3732 5220 3797 5281 in
3822 5220 3954 5282 uni·

2462 5335 2647 5380 verso
2696 5315 2761 5377 in
2806 5335 2935 5379 uno
2984 5316 3303 5399 capitello.
3339 5317 3480 5380 Ideo
3530 5317 3849 5396 subditur,
3882 5319 3949 5380 ln
