4359 6250
917 480 1038 547 648

1479 500 1828 547 muniano
1867 500 1928 545 m
1971 500 2107 546 cAP.
2155 499 2262 545 vm
2304 498 2463 544 unm
2502 498 2701 544 ‘raum
2741 498 2967 545 uzant.
3011 519 3095 530 —-
3132 500 3277 545 ΛΒΤ.
3320 499 3433 545 1111

918 672 1101 749 dixit,
1135 672 1273 735 Fiat
1299 674 1596 737 voluntas
1625 680 1755 734 tua.
1789 670 1980 732 Multa
2007 669 2244 733 etenim
2275 688 2413 752 pos·
2438 668 2490 730 A
2521 672 2708 729 corde
2736 690 2873 741 suo,
2897 670 2960 732 id
2992 678 3109 746 est,
3126 670 3305 751 juxta
3327 669 3803 751 beneplacitum
3828 676 3997 731 tuum

922 789 1143 832 sumus
1171 770 1498 833 meritorie
1519 769 1866 850 velle,quae
1890 768 2054 831 Deus
2085 786 2212 831 non
2238 766 2403 831 vult:

921 868 1087 932 sicut
1114 867 1264 932 volo
1293 878 1355 931 et
1385 868 1577 951 cupio
1605 868 1882 949 aliquem
1914 868 2124 929 virum
2159 886 2271 929 seu
2304 886 2413 948 pa-

921 976 1081 1031 trem
1139 985 1352 1030 meum
1404 987 1531 1029 non
1579 967 1765 1044 mori,
1816 986 2008 1048 quem
2057 966 2221 1029 Deus
2272 966 2411 1030 vult

919 1066 1082 1129 mori
1105 1093 1118 1144 ;
1152 1085 1263 1129 seu
1295 1065 1634 1148 reprobum
1656 1074 1720 1129 et
1738 1065 2100 1148 praescitum
2122 1064 2409 1129 converti

920 1173 1114 1246 atque
1141 1164 1396 1241 salvari,
1431 1184 1624 1246 quem
1655 1165 1818 1226 Deus
1847 1164 2138 1226 absoluta
2181 1163 2409 1228 volun-

2522 786 2669 829 cum
2700 769 2875 830 omni
2908 769 3115 831 cordis
3145 770 3245 831 sui
3276 769 3609 850 diligentia
3634 786 4001 832 conversan-

2522 874 2625 927 tur
2654 875 2718 929 et
2748 868 2814 928 in
2846 876 3193 950 conspectu
3214 876 3325 931 tuo
3351 868 3589 949 jugiter
3620 868 3912 930 timorate
3936 888 3999 930 se

2521 964 2781 1041 habent,
2816 965 3251 1029 indesinenter
3284 976 3623 1048 pensantes
3662 975 3837 1029 tuam
3863 966 4003 1027 ado-

2522 1064 2785 1125 randam
2820 1083 2891 1127 ac
2923 1066 3329 1127 metuendam
3362 1065 3767 1146 praesentiam
3795 1063 4001 1127 omnia

2524 1161 2878 1225 intuentem
2906 1182 2980 1225 ac
2998 1161 3423 1244 judicantem:
3450 1164 3663 1245 itaque
3690 1182 3837 1225 cum
3866 1162 4001 1225 Pm-

2524 1260 2716 1343 pheta
2744 1260 2958 1323 dicere
2985 1271 3255 1342 queunt,
3288 1262 3546 1325 Servavi
3576 1262 3876 1324 mandata
3900 1270 4001 1323 tua
4046 1283 4234 1329 amem.

2521 1367 2587 1422 et
2616 1358 2981 1422 testimonia
3010 1367 3139 1435 tua,
3172 1360 3325 1442 quia
3355 1378 3575 1423 omnes
3605 1360 3727 1423 viae
3756 1379 3912 1423 meae
3938 1360 3999 1421 in
4026 1350 4103 1389 ¹⁶⁵·
4275 1362 4276 1373 ¹

2522 1466 2869 1539 conspectu
2917 1466 3049 1522 tuo.
3084 1458 3253 1521 Talis
3300 1458 3425 1521 fuit
3460 1468 3719 1523 sanctus
3745 1459 3885 1535 lob,
3915 1459 4002 1521 di·

800 1294 810 1301 ·
919 1272 1049 1329 tate
1079 1265 1218 1330 vult
1247 1265 1682 1328 condemnari.
1717 1265 1894 1327 Unde
1925 1264 2276 1326 secundum
2308 1266 2413 1328 do-

919 1373 1148 1440 ctoreS,
1185 1382 1310 1427 non
1357 1372 1651 1426 tenemur
1689 1364 2084 1428 voluntatem
2129 1372 2411 1426 nostram

919 1481 1172 1544 semper
1199 1460 1599 1525 conformare
1629 1462 1942 1525 voluntati
1985 1461 2218 1524 divinae
2248 1462 2313 1523 in
2345 1480 2413 1524 re
4275 1514 4276 1543 ξ

919 1560 1138 1636 volita,
1171 1560 1526 1642 praesertim
1566 1560 1825 1642 quando
1858 1561 2225 1640 ignoramus
2256 1560 2413 1641 quid
2522 1574 2674 1619 cens
2701 1556 2959 1619 :Nonne
2979 1557 3143 1620 Deus
3173 1558 3533 1619 considerat
3562 1558 3700 1621 vias
3729 1577 3923 1632 meaS,
3944 1567 4003 1619 et
4025 1582 4233 1626 samm.

923 1659 1078 1723 velit
1105 1659 1289 1722 Deus.
1315 1659 1650 1740 Nunquam
1684 1666 1895 1721 tamen
1927 1678 2267 1741 possumus
2289 1678 2415 1721 me-
2523 1662 2788 1716 cunctos
2816 1672 3071 1733 gressus
3101 1674 3275 1719 meos
3314 1655 3715 1719 dinumerat?
3748 1659 3880 1725 Qui
3902 1678 4005 1716 cn-

922 1757 1142 1821 ritorie
1171 1758 1359 1835 velle,
1393 1757 1518 1819 nisi
1561 1758 1731 1838 quod
1767 1757 1927 1819 Deus
1970 1756 2109 1820 vult
2141 1775 2255 1819 nos
2285 1758 2415 1820 vel·
2522 1756 2777 1813 stodisti
2818 1773 2996 1814 servo
3042 1764 3151 1814 tuo
3194 1756 3414 1816 David
3455 1758 3643 1833 patri
3680 1776 3839 1825 meo,
3870 1777 4003 1835 quoe

924 1857 983 1919 le
1009 1882 1023 1933 3
1057 1874 1267 1937 neque
1296 1855 1686 1919 contrarium
1717 1855 1879 1935 ejuS‚
1905 1855 2076 1936 quod
2101 1874 2217 1918 nos
2248 1856 2413 1920 velle
2447 1853 2494 1916 B
2528 1855 2772 1912 locutus
2800 1872 2863 1911 es
2892 1855 2954 1911 ei
2984 1869 3008 1911 .·
3037 1873 3144 1912 ore
3177 1856 3422 1913 locutus
3458 1874 3547 1924 es,
3580 1854 4002 1935 promittendo

921 1955 1062 2019 vult
1091 1953 1293 2017 Deus:
1330 1962 1518 2035 prout
1545 1954 1624 2016 de
1665 1953 1783 2016 hac
1815 1972 1882 2016 re
1911 1953 2166 2035 plenius
2210 1954 2415 2035 loqui-
2523 1950 2658 2030 regi
2708 1950 2929 2026 David,
2970 1951 3143 2031 quod
3194 1950 3372 2013 filius
3420 1971 3571 2013 suus
3614 1962 4004 2016 construeret
4048 1965 4233 2019 une-m·
4275 1992 4276 2025 t

920 2060 1026 2115 tur
1069 2052 1134 2115 in
1180 2052 1549 2115 Enchiridio
1579 2052 1990 2132 AugustinuS,
2025 2062 2088 2115 et
2125 2052 2415 2134 Magister
2527 2048 2641 2111 tibi
2666 2050 2999 2131 templum,
3022 2060 3082 2111 et
3102 2052 3777 2129 manibmpers‘ecisti,
3800 2051 3861 2114 id
3890 2062 4001 2129 est,
4032 2032 4089 2071 ¹³·

707 3744 857 3788 Exod.

639 3821 781 3858 xxxiv,
800 3809 866 3852 2⁷.

924 2151 1392 2215 Sententiarum
1414 2150 1622 2232 primo
1653 2151 1838 2227 libro,
1865 2159 1928 2213 et
1949 2150 2187 2214 ibidem
2207 2152 2417 2215 docto-

923 2269 1024 2313 res
1069 2248 1454 2312 scholastici.
1489 2249 1742 2311 Etenim
1790 2250 2086 2313 voluntas
2136 2250 2418 2312 humana

924 2357 988 2411 et
1039 2348 1333 2410 voluntas
1380 2347 1599 2410 divina
1657 2346 2030 2429 frequenter
2071 2349 2148 2410 ad
2210 2348 2418 2411 diver-

925 2465 995 2508 sa
1025 2445 1400 2526 respiciunt,
1434 2454 1500 2509 et
1542 2464 1619 2507 ex
1667 2446 1937 2509 diversis
1986 2446 2245 2511 motivis
2292 2464 2419 2509 mo-

925 2552 1176 2609 ventur.

1029 2646 1472 2705 Verumtamen
1525 2653 1594 2705 tu
1653 2664 1784 2704 non
1842 2646 2197 2721 (edificabis
2252 2646 2419 2705 mihi

923 2746 1217 2812 domum,
1244 2744 1356 2802 sed
1383 2744 1566 2819 filius
1613 2753 1761 2803 tuus
1789 2743 1907 2822 qui
1936 2746 2303 2819 eyredietur
2340 2747 2419 2803 de

926 2842 1187 2902 renibus
1221 2842 1372 2913 tuis,
1396 2843 1530 2917 ipse
1558 2842 1909 2917 aedificabit
1929 2844 2194 2901 domum
2220 2843 2421 2901 nomi-

925 2940 1003 2999 ni
1047 2957 1204 2999 me0.
1244 2940 1668 3014 Confirmavit
1709 2940 2028 2999 Dominus
2067 2960 2420 3001 sermonem

2526 2147 2827 2230 operibus
2856 2148 3218 2229 adimplesti
3249 2148 3370 2211 hoc
3401 2149 3610 2231 ipsum
3640 2169 3759 2232 per
3786 2170 3909 2227 me,
3938 2162 4005 2211 ut

2526 2250 2659 2309 hoec
2686 2250 2824 2307 dies
2845 2234 3098 2326 probat,
3126 2247 3191 2309 id
3212 2255 3329 2324 est,
3354 2257 3541 2330 prout
3561 2248 3685 2311 hoc
3712 2249 3821 2312 die
3845 2269 4009 2313 mon-

2526 2352 2763 2407 stratur
2791 2364 2908 2427 per
2949 2344 3253 2408 effectum
3286 2346 3546 2409 aedifieii
3588 2350 4007 2411 consummati

2527 2463 2601 2506 ac
2632 2443 2927 2505 dedicati.

2608 2544 2805 2603 Nune
2834 2544 3065 2619 iyitur,
3106 2545 3380 2604 Domine
3408 2546 3581 2605 Deus
3608 2548 3845 2615 Israel,
3874 2566 4011 2607 eon-

2526 2662 2709 2701 serva
2738 2643 2991 2718 famulo
3017 2652 3123 2702 tuo
3144 2644 3365 2703 David
3386 2644 3571 2719 patri
3602 2662 3735 2703 meo
3754 2664 3899 2723 quae
3930 2648 4011 2705 lo—

2527 2750 2714 2801 cutus
2742 2760 2805 2799 es
2824 2742 2907 2811 ei,
2932 2740 2996 2801 id
3028 2748 3145 2816 est,
3170 2740 3253 2803 da
3270 2739 3430 2801 mihi
3462 2760 3533 2802 ac
3565 2742 3841 2823 posteris
3860 2743 4011 2805 meis

2530 2858 2607 2901 ex
2634 2838 2879 2901 semine
2906 2838 3105 2901 David
3139 2838 3303 2901 natis
3332 2846 3443 2900 aut
3487 2840 3852 2917 nascituriS‚
3886 2860 4013 2923 gra-

2532 2936 2684 2998 tiam
2714 2935 2879 2999 bene
2910 2936 3189 3013 vivendi,
3228 2956 3307 2999 ne
3348 2938 3667 3019 peccando
3710 2958 4013 3020 ponamus

926 3057 1118 3097 suum
1146 3057 1334 3117 quem
1355 3040 1611 3096 locutus
1637 3046 1750 3109 est,
1769 3037 2038 3115 stetique
2057 3057 2180 3114 pro
2202 3039 2422 3099 David
2455 3032 2501 3095 C
2531 3034 2930 3098 obstaculum
2980 3035 3425 3117 adimpletioni
3476 3044 3597 3097 tuae
3654 3037 4015 3118 promissio-

919 3145 1112 3214 patre
1149 3156 1310 3206 mee,
1338 3146 1398 3196 et
1441 3137 1579 3195 sedi
1619 3155 1812 3213 super
1853 3139 2158 3198 thronum
2191 3140 2419 3210 Israel,

927 3235 1096 3294 siout
1147 3237 1394 3294 loeutus
1441 3244 1532 3295 est
1577 3236 1914 3295 Dominus.
1963 3237 2049 3296 Et
2095 3237 2423 3312 (edificavi

929 3335 1194 3392 domum
1223 3333 1480 3392 nomini
1499 3333 1769 3392 Domini
1788 3334 1911 3392 Dei
1938 3336 2167 3405 Israel,
2190 3343 2251 3393 et
2278 3354 2424 3394 eon-

929 3431 1120 3490 stitui
1148 3431 1242 3489 ibi
1261 3434 1469 3490 locum
1499 3451 1692 3500 arcce,
1715 3433 1783 3490 in
1819 3451 1948 3510 qua
1976 3433 2189 3509 foedus
2208 3434 2424 3493 Domi-

931 3529 1009 3588 ni
1044 3537 1156 3600 est,
1198 3531 1371 3606 quod
1409 3531 1729 3606 percussit
1770 3549 1918 3590 cum
1961 3532 2265 3606 patribus
2314 3551 2425 3591 no-

931 3628 1110 3697 stris,
1128 3629 1386 3706 quando
1411 3629 1642 3704 eqressi
1659 3637 1814 3688 sunt
1831 3631 1911 3687 cle
1935 3638 2104 3690 terra
2119 3631 2419 3706 AEqypti,

935 3723 999 3786 id
1033 3731 1130 3786 est
1159 3724 1390 3787 tabulae
1432 3724 1795 3787 testamenti
1827 3745 1899 3788 ac
1934 3724 2215 3802 soedcriS,
2251 3727 2419 3807 quod

934 3823 1096 3886 Deus
1127 3840 1272 3886 cum
1307 3821 1464 3884 filiis
1496 3822 1683 3885 lsrael
1717 3823 1862 3885 iniit
1891 3832 1954 3887 et
1983 3825 2317 3906 percussit.

1013 3922 1206 3981 Stetit
1251 3929 1468 3980 autem
1511 3923 1820 3982 Salomon
1865 3931 2014 3982 ante
2053 3925 2263 3982 altare
2304 3926 2425 3982 Do-

934 4019 1103 4078 mini
1158 4016 1511 4080 holocausti
1562 4017 1627 4079 in
1677 4018 1861 4092 atrio,
1916 4036 2042 4081 non
2094 4019 2160 4080 in
2219 4020 2425 4101 prima

933 4123 1114 4198 parte
1144 4116 1387 4197 templi,
1425 4116 1492 4178 in
1536 4136 1666 4198 qua
1707 4117 1881 4179 stetit
1921 4117 2118 4180 altare
2159 4119 2426 4201 thymia-

931 4413 1166 4480 Israel,
1182 4421 1241 4471 et
1271 4414 1587 4487 eoepandit
1617 4433 1851 4472 manus
1882 4433 2032 4472 suas
2063 4416 2136 4472 in
2165 4417 2422 4484 Ocelum,

929 4517 990 4568 et
1018 4509 1116 4568 ait
1145 4529 1168 4568 .·
1199 4510 1473 4569 Domine
1501 4512 1670 4569 Deus
1699 4512 1933 4579 Israel,
1965 4530 2095 4570 non
2125 4521 2216 4571 est
2244 4513 2425 4572 simi-

933 4609 1014 4668 lis
1047 4610 1148 4668 tui
1174 4611 1347 4669 Deus
1376 4611 1450 4668 in
1481 4612 1632 4669 eoelo
1661 4613 1956 4686 desuper,
1985 4619 2044 4670 et
2075 4631 2270 4688 super
2300 4622 2422 4671 ter-

929 4727 1075 4766 ram
1104 4709 1423 4779 deorsum,
1459 4706 1522 4768 id
1552 4713 1669 4783 est,
1704 4725 1920 4788 parem
1966 4726 2078 4770 seu
2110 4709 2420 4790 aequalem

930 4823 1058 4866 non
1090 4803 1308 4881 habeS,
1333 4805 1445 4886 qui
1468 4804 1970 4868 substantialiter
1990 4805 2421 4887 distinguatur

928 4911 1078 4965 ate.
1113 4902 1328 4984 Itaque
1369 4921 1482 4984 per
1521 4903 1656 4966 haec
1703 4922 1830 4966 non
1874 4904 2234 4968 excluditur
2284 4907 2420 4988 plu-

2533 3133 2673 3195 nis:
2707 3152 2850 3215 quae
2880 3134 3000 3196 sub
3041 3134 3409 3198 conditione
3436 3143 3533 3198 est
3561 3136 4011 3218 intelligenda3

2530 3235 2748 3293 dicens
2769 3254 2791 3292 .·
2815 3235 2963 3294 Non
2984 3235 3327 3310 auferetur
3352 3238 3433 3295 de
3457 3244 3515 3295 te
3538 3237 3643 3295 vir
3660 3255 3878 3296 coram
3900 3259 4014 3305 me,

2533 3333 2649 3411 qui
2676 3335 2887 3392 sedeat
2921 3352 3120 3411 super
3163 3335 3465 3394 thronum
3496 3336 3707 3395 Israel
3735 3353 3759 3396 .·
3792 3337 3887 3396 ita
3928 3347 4014 3396 ta-

2536 3449 2706 3499 men,
2736 3431 2795 3488 si
2832 3431 3259 3490 custodierint
3288 3433 3423 3508 filii
3465 3434 3564 3492 tui
3602 3434 3783 3494 viam
3810 3454 4012 3504 suam,

2533 3538 2605 3588 ut
2636 3529 2963 3588 ambulent
2992 3548 3210 3589 eoram
3241 3550 3365 3600 me,
3382 3530 3551 3590 sicut
3573 3541 3644 3590 tu
3672 3533 4016 3592 ambulasti

2534 3631 2607 3685 in
2637 3636 2971 3704 conspeetu
3016 3646 3174 3688 me0.
3208 3630 3295 3688 Et
3322 3648 3523 3698 nune,
3553 3632 3829 3690 Domine
3856 3634 4013 3691 Deus

2531 3729 2762 3795 Israel,
2792 3728 3135 3801 firmentur
3183 3729 3375 3786 verba
3428 3737 3565 3796 tua,
3594 3748 3740 3805 quoe
3778 3732 4015 3788 locutus·

2531 3844 2593 3882 es
2622 3845 2799 3884 servo
2824 3833 2929 3884 tuo
2951 3826 3169 3884 David
3194 3827 3378 3902 patri
3400 3846 3556 3896 meO,
3582 3825 3647 3888 id
3666 3835 3786 3902 est,
3810 3826 4015 3907 hujus-

2534 3922 2705 3984 modi
2757 3931 2867 3984 tua
2907 3923 3221 4004 promissa
3264 3941 3455 4004 opere
3499 3925 3907 4006 impleantur,
3940 3946 4015 3988 ne

2534 4039 2648 4103 per
2680 4029 2895 4082 nostra
2926 4031 3181 4102 peccata
3210 4021 3484 4085 salubris
3513 4043 3587 4085 ac
3626 4023 3771 4105 pius
3804 4043 4015 4088 eorum

2536 4119 2919 4201 impediatur
2950 4119 3244 4183 effectus,

639 4229 780 4274 neor.
802 4233 903 4282 mo.
933 4213 1122 4276 matis
1155 4233 1266 4276 seu
1298 4214 1566 4290 incensi,
1603 4216 1681 4277 ad
1711 4235 1902 4296 quem
1935 4216 2143 4278 locum
2177 4217 2296 4280 soli
2327 4237 2425 4280 sa-
2454 4217 2505 4280 D
2614 4221 2869 4296 Eryone
2891 4223 3267 4296 putandum
3296 4231 3409 4290 est,
3430 4224 3601 4300 quod
3622 4242 3768 4282 vere
3786 4225 4019 4284 habitet

933 4312 1220 4374 cerdotes
1275 4311 1617 4390 intrabant,
1653 4316 1726 4374 in
1774 4325 2106 4392 conspectu
2151 4319 2457 4408 ecc-lesim-

2534 4322 2705 4380 Deus
2750 4339 2943 4396 super
2976 4329 3214 4379 terram
3238 4324 3269 4380 ἓ
3298 4327 3598 4401 tanquam
3632 4321 3805 4384 dicat
3840 4340 3857 4384 :
3890 4323 4019 4386 Non

2535 4416 2678 4479 ideo
2709 4416 2851 4479 dico
2882 4417 3037 4493 haec,
3064 4426 3172 4479 aut
3216 4419 3473 4481 domum
3518 4419 3701 4482 istam
3738 4431 4021 4484 constru-

2532 4515 2617 4587 xi,
2653 4515 2834 4595 quasi
2882 4524 3097 4596 putem
3147 4525 3257 4578 aut
3308 4516 3749 4581 aestimandum
3804 4521 4020 4583 docue—

2533 4612 2677 4689 rim,
2729 4613 2899 4694 quod
2949 4615 3113 4676 Deus
3172 4614 3628 4692 immaterialiS‚
3680 4617 4017 4681 incircum-

2532 4710 2931 4793 scriptibiliS,
2978 4712 3491 4793 simplicissimus
3538 4722 3600 4777 et
3644 4715 4013 4788 immensus,

2531 4810 2773 4873 habitet
2805 4811 2871 4872 in
2916 4811 3131 4893 aliquo
3161 4811 3300 4874 loco
3332 4821 3437 4875 aut
3468 4814 3674 4895 spatio
3705 4816 4017 4898 corporali

2534 4917 2783 4972 terreno
2804 4909 3351 4991 circumscriptive
3372 4919 3563 4992 atque
3592 4912 3895 4976 localiter.
3914 4915 4014 4977 Cu·

929 5000 1146 5062 ralitas
1189 5001 1606 5063 Personarum
1648 5001 1713 5062 in
1745 5003 2417 5084 super-simplicissimo
2528 5007 2633 5087 jus
2692 5007 3103 5088 subjungitur
3161 5009 3321 5072 ratio
3370 5026 3384 5071 τ
3434 5013 3515 5072 Si
3560 5013 3757 5082 enim,
3814 5012 3878 5074 id
3926 5021 4017 5075 est

926 5100 1076 5163 Deo.
1125 5102 1253 5170 Qui
1300 5103 1578 5161 custodis
1613 5112 1902 5178 pactum,
1939 5102 2001 5164 id
2051 5111 2168 5180 est,
2208 5102 2415 5167 soedus
2528 5105 2947 5187 quia,c00zum
2968 5125 3333 5189 empyreum
3358 5117 3421 5170 et
3439 5111 4013 5192 supremum,quod

928 5218 1039 5262 scu
1061 5199 1445 5281 promissum
1465 5199 2416 5280 adimpleS,etmisericorcliam
2528 5212 2624 5265 est
2662 5204 3058 5267 continentia
3102 5205 3452 5269 visibilium
3484 5213 3549 5270 et
3592 5206 4010 5270 invisibilium

631 5316 897 5372 menan.
925 5299 1124 5359 servis
1154 5301 1308 5369 tuis,
1325 5299 1445 5378 qui
1474 5299 1812 5359 ambulant
1841 5319 2058 5360 coram
2097 5311 2154 5361 te
2184 5303 2257 5361 in
2289 5311 2409 5362 toto
2525 5301 2769 5364 entium
2801 5311 3180 5380 creatorum,
3204 5313 3264 5364 et
3298 5305 3443 5366 ooeli
3469 5309 3795 5379 coelorum,
3824 5307 3891 5370 id
3920 5315 4011 5370 est
