4359 6250
901 487 1016 550 174
1680 500 2029 547 amanum
2070 500 2135 545 m
2174 501 2312 546 m.
2359 500 2424 546 xi
2463 501 2736 548 mummi.
2787 521 2868 530 —
2909 503 3050 548 Αιιτ.
3099 503 3206 550 xix

894 681 1103 756 sicque
1123 681 1202 740 ab
1222 681 1428 738 Aroer
1448 695 1645 755 usque
1671 677 1833 734 dum
1862 674 2083 733 venias
2115 674 2188 732 in
2210 675 2384 732 Men·
2414 670 2464 732 Α
2497 695 2725 747 meam,
2751 675 2816 738 id
2845 684 2961 753 est,
2987 695 3089 738 me
3121 678 3324 759 ipsam
3357 676 3694 758 virginem,
3715 695 3828 740 seu
3863 676 3989 738 vir-

896 778 1067 844 m'tlz,
1102 777 1342 852 viyintz‘
1382 776 1695 842 civitate&
1730 782 1787 831 et
1834 791 2031 848 usque
2070 774 2159 830 ad
2198 771 2377 844 Abel,

893 896 1037 954 quw
1082 885 1171 934 est
1216 876 1425 933 vineis
1465 874 1731 940 consita,
1760 873 1961 948 playa
2004 889 2243 944 mayna
2287 869 2383 927 ni-

892 975 1038 1033 mia.
1094 972 1577 1050 Humiliatt’que
1626 979 1781 1029 sunt
1827 969 1963 1045 filii
2010 971 2290 1028 Ammon
2340 988 2380 1026 a

888 1075 1055 1151 filiis
1086 1073 1308 1133 Israel.

982 1172 1354 1233 Revertenci
1400 1178 1613 1228 autem
1663 1167 1929 1244 Jeplethe
1978 1167 2049 1224 in
2102 1166 2376 1241 Maspha

885 1273 1149 1330 domum
1167 1289 1372 1335 suam,
1390 1268 1669 1327 occurrit
1700 1265 2041 1341 uniyenita
2060 1265 2206 1339 filia
2229 1284 2378 1322 cum

887 1370 1215 1445 tympanis
1244 1377 1302 1427 e!
1332 1367 1565 1436 chori-3,
1603 1363 1665 1426 id
1708 1371 1803 1425 est
1844 1360 2107 1423 musicis
2144 1361 2378 1422 instru-

886 1465 1140 1541 mentiS,
1175 1473 1239 1527 et
1287 1463 1601 1528 sodalium
1654 1481 1911 1524 suarum
1962 1459 2237 1535 choreiS‚
2274 1479 2380 1525 vo-

889 1564 1028 1626 lens
1060 1583 1174 1627 suo
1207 1563 1392 1645 patri,
1430 1581 1617 1643 quem
1658 1559 2067 1643 praevaluisse
2106 1558 2372 1635 audivit,

890 1661 1349 1741 congratulari;
1378 1682 1505 1721 non
1536 1663 1708 1720 enim
1739 1660 2007 1719 habebat
2037 1659 2200 1717 alios
2234 1660 2380 1717 libe-

890 1783 1013 1823 ros,
1051 1766 1189 1831 Qua
1236 1763 1397 1831 visa,
1430 1761 1623 1819 scidit
1669 1759 2043 1818 vestimenta
2086 1777 2207 1817 sua
2247 1774 2378 1837 prae

2493 771 2778 850 ginitatis
2836 794 2992 838 meae
3052 775 3448 838 sterilitatem
3509 784 3702 858 atque
3749 793 3986 856 oppro-

2491 868 2701 933 brium
2745 871 3043 950 defleam,
3079 893 3154 937 eo
3199 875 3368 955 quod
3412 893 3628 937 semen
3677 874 3744 936 in
3787 873 3980 936 lsrael

2493 987 2620 1030 non
2653 970 2965 1052 relinquo,
3002 982 3065 1035 et
3099 981 3203 1035 tua
3233 974 3300 1036 in
3333 992 3436 1036 me
3466 972 3804 1056 posteritas
3839 991 3984 1053 per-

2487 1076 2589 1128 eat
2623 1092 2637 1141 ;
2681 1091 2828 1132 cum
2855 1075 3182 1134 sodalibus
3215 1076 3392 1144 meis,
3413 1092 3554 1153 quae
3583 1091 3662 1135 ex
3693 1090 3980 1152 compas-

2489 1164 2667 1230 sione
2697 1187 2948 1232 mecum
2980 1171 3363 1253 plorabunt:
3398 1190 3664 1252 quarum
3696 1189 3980 1252 eompas—

2487 1263 2582 1327 sio
2603 1267 2725 1329 erit
2750 1269 3030 1348 ploratus
3054 1269 3179 1332 mei
3212 1270 3487 1351 aliquale
3507 1269 3828 1334 solatium.
3845 1267 3976 1331 lllis

2486 1365 2726 1447 quippe
2756 1366 2982 1430 diebus
3012 1370 3501 1452 opprobriosum
3535 1389 3602 1433 ei
3603 1379 3668 1432 at
3709 1368 3849 1432 sine
3877 1387 3975 1430 so-

2487 1461 2632 1526 bole
2665 1466 2847 1542 mori,
2882 1486 3078 1548 quum
3113 1468 3416 1551 seriptum
3449 1468 3570 1530 sit:
3605 1467 3972 1530 Maledictus
4023 1491 4150 1532 [me
4167 1506 4250 1534 m.

2487 1561 2598 1641 qui
2630 1581 2756 1626 non
2791 1565 3120 1646 reliquerit
3151 1585 3367 1630 semen
3400 1567 3464 1628 in
3497 1567 3705 1629 lsrael.
3745 1568 3870 1626 Cui
3899 1568 3974 1624 il·
4002 1557 4086 1599 ⁶
4093 1559 4158 1598 ⁹·

2491 1662 2547 1718 le
2576 1665 3526 1739 respomlit:1ade.Etdt'misit
3554 1687 3696 1724 cam
3725 1667 3972 1724 duobus

2487 1763 2828 1821 mensibus,
2853 1767 3191 1842 Quumque
3217 1765 3472 1824 abiisset
3501 1785 3650 1824 cum
3677 1764 3868 1823 sociis
3895 1783 3972 1822 ac

891 1860 1149 1923 tristitia
1197 1869 1261 1924 et
1303 1860 1641 1934 dolote-et
1684 1860 1779 1918 ait
1812 1874 1837 1916 .·
1878 1859 2022 1916 Heu
2071 1875 2190 1925 me,
2228 1858 2376 1932 filia
2407 1859 2452 1920 Β
2485 1862 2811 1928 sodalibus
2857 1864 3014 1932 suis,
3045 1865 3238 1938 flebat
3290 1864 3733 1939 viryinicacem
3779 1883 3966 1922 suam

888 1962 1006 2032 mi,
1037 1961 1340 2037 decepisti
1386 1979 1505 2028 me,
1535 1969 1594 2018 ec
1633 1959 1772 2034 ipsa
1812 1959 2069 2032 decepta
2098 1974 2180 2012 es.
2219 1949 2377 2012 Filia

887 2059 1008 2122 ista
1038 2078 1165 2123 non
1198 2056 1449 2139 decepit
1479 2064 1723 2138 patrem
1764 2073 1949 2116 suum
1993 2050 2368 2124 formaliter,

884 2159 1036 2240 quia
1080 2158 1171 2220 nil
1217 2157 1344 2236 egit
1386 2157 1462 2218 ad
1506 2155 1689 2216 illum
1730 2151 2181 2233 decipiendum
2211 2173 2226 2223 ς
2261 2147 2372 2211 sed

883 2256 1126 2338 aliquid
1162 2255 1310 2318 fecit
1344 2253 1449 2336 pia
1480 2251 1949 2326 intentione‚ex
1970 2249 2154 2328 cujus
2187 2265 2374 2310 even-

883 2365 953 2418 tu
1005 2365 1183 2438 pater
1230 2353 1370 2434 ejus
1422 2350 1833 2415 materialiter
1881 2356 1979 2410 est
2036 2347 2367 2427 deceptuS,

884 2455 1036 2536 quia
1064 2463 1284 2517 eontra
1314 2470 1499 2514 suum
1533 2449 1927 2532 propositum
1960 2454 2022 2509 et
2054 2446 2370 2507 intentum

884 2553 1147 2617 victoria
1187 2570 1299 2614 sua
1339 2568 1520 2612 versa
1560 2557 1655 2610 est
1694 2547 1753 2610 ei
1787 2546 1852 2607 in
1886 2545 2150 2620 luctum,
2189 2553 2250 2604 et
2300 2540 2373 2602 fi·

886 2652 1035 2715 liam
1087 2670 1277 2732 quam
1330 2646 1674 2728 magnifice
1726 2663 1839 2727 per
1890 2642 2370 2705 matrimonium

884 2750 1159 2814 exaltare
1188 2746 1488 2831 speravit,
1512 2744 1840 2808 immolare
1864 2751 2117 2806 coaetus
2139 2748 2234 2803 est
2261 2759 2372 2802 seu

886 2850 1205 2924 inductuS,
1264 2865 1381 2910 nec
1440 2843 1873 2928 posteritatem
1938 2840 2196 2921 reliquit
2259 2857 2372 2920 per

881 2965 1065 3011 eam:
1102 2947 1209 3008 sed
1250 2953 1313 3011 et
1341 2953 1557 3007 votum
1600 2960 1785 3004 suum
1828 2940 1998 3022 quod
2040 2957 2188 3001 eum
2225 2957 2372 3018 gau—

2487 1957 2555 2016 ·ιή
2611 1961 2952 2020 montibus.
2999 1963 3288 2036 Expletis
3328 1963 3576 2020 duobus
3621 1961 3966 2030 mensibus,

2484 2077 2736 2117 reversa
2779 2068 2867 2118 esc
2905 2061 2993 2118 ad
3023 2070 3280 2136 patrem
3315 2080 3527 2131 suum,
3563 2076 3964 2139 nequaquam

2485 2153 2738 2234 fugiens
2787 2157 3009 2219 mortis
3059 2155 3424 2234 formidine,
3473 2176 3554 2220 ne
3599 2166 3778 2239 pater
3827 2158 3967 2238 ejus

2481 2255 2664 2335 quasi
2711 2255 2841 2317 voti
2887 2264 3333 2337 transgressor,
3368 2275 3579 2320 eoram
3621 2257 3748 2318 Deo
3780 2254 3968 2320 fieret

2485 2370 2650 2415 reus,
2685 2355 2771 2414 Ec
2798 2356 2952 2432 fecit
2981 2357 3042 2414 ei
3068 2358 3235 2415 sicut
3266 2366 3566 2416 voverat:
3599 2354 3664 2416 in
3694 2373 3828 2436 quo
3863 2373 3969 2436 pa·-

2480 2458 2589 2527 tet,
2611 2461 2922 2532 quantum
2944 2453 3042 2516 vir
3073 2452 3183 2517 ille
3204 2454 3540 2517 Dominum
3575 2452 3964 2523 formidavit,

2479 2549 2816 2631 justusque
2858 2559 3010 2628 erat,
3045 2551 3156 2633 qui
3201 2551 3453 2614 unicam
3496 2551 3697 2614 filiam
3741 2551 3970 2614 maluit

2483 2648 2568 2709 ita
2599 2647 2856 2726 offerre,
2878 2669 3068 2731 quam
3101 2651 3224 2714 Deo
3255 2658 3468 2713 votum
3503 2669 3628 2714 non
3661 2650 3967 2732 adimple-

2483 2766 2570 2808 re.
2595 2750 2862 2809 ,Ele-inde
2889 2771 3022 2810 mos
3053 2751 3327 2810 increvit
3367 2752 3440 2809 in
3473 2752 3698 2820 Israel,
3729 2759 3788 2810 et
3827 2769 3970 2810 cou-

2479 2850 2747 2906 suetudo
2775 2858 3052 2917 servata,
3079 2858 3148 2909 ut
3174 2859 3314 2925 post
3342 2850 3510 2909 anni
3528 2851 3871 2918 circulum,
3901 2848 3964 2910 id

2480 2952 2599 3022 est,
2649 2964 2818 3008 anno
2876 2965 3003 3009 uno
3062 2946 3402 3028 completo,
3453 2949 3842 3008 conveniant
3891 2950 3964 3006 in

882 3047 989 3110 dio
1036 3043 1375 3108 aestimavit
1424 3041 1710 3124 implere,
1758 3058 1900 3102 cum
1952 3037 2204 3100 interno
2249 3037 2368 3097 im·-
2405 3045 2448 3108 C
2483 3064 2686 3104 unu-m
2706 3046 2842 3120 filii
2861 3047 3088 3116 Israel,
3119 3055 3178 3105 et
3195 3049 3520 3122 planyant
3543 3047 3764 3122 filiam
3783 3048 3967 3124 Ieph-

882 3146 1083 3229 plevit
1122 3163 1412 3209 moerore.
1442 3144 1693 3219 Aperui
1729 3142 1905 3200 enim
1936 3160 2001 3199 os
2032 3159 2246 3199 meum
2278 3140 2365 3197 ad

878 3248 1257 3315 Dominum,
1293 3241 1721 3325 promittendo
1769 3238 1941 3320 quod
1986 3237 2045 3300 ei
2090 3235 2364 3299 offeram

881 3344 1039 3406 mihi
1085 3343 1379 3426 primitus
1424 3347 1862 3403 occurrentem
1894 3362 1908 3412 3
1941 3348 2001 3397 et
2043 3339 2236 3397 aliud
2264 3337 2367 3413 fa-

876 3465 1013 3503 cere
1041 3464 1170 3504 non
1194 3452 1433 3519 potero.
1465 3441 1586 3499 Cui
1617 3441 1737 3499 illa
1767 3437 2141 3513 respondit:
2162 3437 2364 3496 Pater

878 3544 1069 3611 mi,si
1088 3540 1405 3619 aperuisti
1433 3560 1498 3599 os
1531 3549 1714 3598 tuum
1745 3538 1835 3597 ad
1860 3536 2234 3602 Dominum,
2255 3533 2363 3610 fac

879 3643 1047 3703 milei
1094 3643 1535 3720 quodcumque
1574 3637 1909 3715 pollicitus
1952 3654 2037 3704 ee,
2078 3652 2365 3692 concessa

880 3742 997 3801 tibi
1025 3742 1272 3801 ultione
1293 3748 1484 3817 atque
1519 3736 1784 3795 victoria
1802 3736 1882 3793 de
1902 3733 2184 3793 leo-stibus
2211 3733 2362 3792 cuia.

877 3838 1065 3913 Quasi
1100 3838 1268 3900 dieat
1304 3853 1318 3897 ε
1353 3835 1496 3897 Plus
1536 3833 1779 3913 gaudeo
1817 3832 1896 3893 de
1935 3838 2043 3892 tua
2073 3828 2360 3905 victoria,

877 3955 1065 4019 quam
1099 3936 1439 3999 contrister
1470 3934 1547 3995 de
1578 3939 1781 3994 morte
1812 3949 1971 4001 mea,
1993 3937 2053 3991 et
2086 3928 2205 3990 hoc
2231 3946 2368 4009 pro-

878 4044 1018 4119 pter
1053 4037 1289 4098 bonum
1332 4050 1691 4107 commune,
1726 4028 1826 4093 cui
1869 4026 2050 4109 [non]
2093 4025 2365 4108 praefero

878 4138 1113 4199 bonum
1141 4131 1543 4215 particulare.
1560 4129 1821 4191 Videtur
1846 4127 2003 4189 mihi
2031 4127 2153 4189 ista
2176 4144 2360 4188 vene-

2481 3142 2581 3203 the
2610 3145 2834 3202 diebu-s·
2859 3154 3162 3223 quatuor,
3197 3142 3485 3224 quolibet
3516 3143 3760 3206 seilicet
3795 3163 3966 3207 anno

2478 3259 2590 3322 per
2632 3250 2905 3322 quatuor
2947 3242 3106 3318 die5‚
3141 3241 3356 3324 aliqua
3401 3242 3556 3305 hora
3598 3251 3964 3324 opportuna

2474 3340 2783 3420 quotidie,
2819 3359 2895 3404 eo
2923 3342 3094 3421 quod
3135 3359 3319 3423 passa
3359 3341 3442 3402 sit
3481 3340 3650 3403 istud
3695 3350 3820 3403 tam
3863 3342 3962 3403 in-

2477 3446 2778 3501 nocenter
2805 3457 2878 3501 ae
2909 3448 3136 3520 sponte
3164 3448 3226 3501 et
3255 3439 3651 3516 obedienter,
3687 3440 3963 3503 occasio-

2477 3554 2557 3598 ne
2584 3536 2942 3599 eommunis
2963 3537 3246 3601 victoriae
3280 3536 3438 3599 filiis
3467 3538 3655 3601 lsrael
3684 3539 3963 3622 desuper

2476 3635 2869 3698 condonatae.

2555 3732 2732 3796 Circa
2763 3734 2897 3796 haee
2931 3733 3207 3797 occurrit
3244 3734 3506 3816 antiqua
3549 3743 3740 3816 atque
3779 3735 3964 3798 ditri-

2475 3830 2616 3893 eilis
2655 3832 2923 3912 quaestio
2963 3832 3042 3895 de
3087 3832 3206 3894 ista
3250 3833 3553 3895 materia:
3587 3853 3671 3895 an
3713 3833 3962 3898 scilicet

2476 3939 2690 3993 votum
2738 3930 3008 4013 Iephthe
3059 3930 3178 3993 fuit
3233 3932 3575 4010 laudabile,
3629 3942 3692 3995 et
3743 3942 3956 3995 utrum

2476 4029 2603 4091 voti
2649 4029 2788 4109 ejus
2833 4028 3122 4110 impletio
3161 4030 3400 4093 exstitit
3439 4031 3564 4094 Deo
3603 4041 3862 4113 accepta
3893 4041 3956 4095 et

2474 4126 2669 4190 licita.
2723 4126 3026 4201 Quocirca
3075 4128 3468 4209 Augustinus
3515 4129 3756 4194 diffuse
3803 4149 3954 4193 con-

877 4233 1096 4297 rabilis
1117 4232 1295 4311 virgo
1327 4229 1525 4291 fuisse
1556 4228 1623 4289 in
1653 4226 1935 4289 bonitate
1968 4234 2031 4288 et
2060 4224 2359 4287 obedien·
2393 4226 2442 4288 D
2474 4226 2768 4308 scripsit:
2805 4227 2988 4307 cujus
3031 4228 3224 4291 verba
3261 4227 3574 4291 habentur
3615 4228 3681 4290 in
3709 4229 3952 4291 Glossa.

878 4332 963 4395 tia
991 4328 1461 4414 quodammodo
1494 4326 1724 4389 similis
1754 4327 1920 4388 Isaac
1952 4324 2351 4407 patriarchae,

874 4431 985 4513 qui
1019 4438 1159 4512 post
1191 4428 1385 4512 patris
1422 4425 1519 4489 sui
1555 4423 2073 4489 informationem
2107 4422 2361 4503 acquie-

874 4531 987 4607 vit,
1023 4538 1092 4592 ut
1120 4530 1247 4592 Deo
1277 4527 1345 4588 in
1377 4526 1815 4589 holocaustum
1850 4522 2308 4585 immolaretur.

951 4630 1268 4707 Dicitque
1296 4629 1384 4685 ad
1404 4632 1660 4701 patrem
1680 4642 1703 4683 .·
1727 4626 1862 4683 Hoc
1887 4625 2095 4680 solum
2120 4631 2358 4698 proesta

873 4729 1039 4789 milei
1087 4728 1257 4805 quod
1304 4727 1627 4801 deprecor,
1670 4719 2032 4782 differendo
2082 4718 2215 4781 voti
2271 4718 2357 4780 tui

872 4826 1309 4909 impletionem
1338 4841 1351 4886 :
1386 4823 1556 4904 quod
1599 4819 1736 4882 sine
1774 4818 2134 4881 rationabili
2167 4837 2357 4879 eausa

872 4945 1001 4989 non
1046 4934 1142 4987 est
1184 4921 1641 4996 differendum,
1676 4937 1874 4999 quum
1920 4918 2229 4999 seriptum
2278 4916 2361 4978 sit

576 5044 840 5096 Ecele.v,³.
873 5025 939 5087 in
974 5022 1370 5096 Ecclesiaste,
1405 5018 1467 5081 Si
1499 5018 1652 5099 quid
1680 5015 1909 5079 vovisti
1941 5017 2087 5091 Deo,
2116 5035 2195 5077 ne
2229 5034 2361 5077 mo-

876 5124 1032 5187 reris
1064 5122 1345 5185 reddere.
1366 5120 1638 5181 Dimitte
1670 5138 1791 5185 me,
1815 5126 1887 5175 ut
1915 5117 2159 5176 duobus
2194 5135 2360 5175 men—

869 5225 1043 5283 sibus
1072 5224 1463 5281 circumeam
1482 5225 1758 5278 montes:
1783 5223 1947 5277 terra
1976 5213 2214 5277 etenim
2249 5213 2358 5276 illa

871 5330 966 5383 est
1014 5326 1397 5393 montuosa3
1436 5327 1495 5378 et
1536 5320 1853 5393 planqam
1904 5315 2352 5392 virqinicatem

2473 4325 2546 4386 Et
2576 4325 2740 4388 inter
2759 4334 2968 4387 cetera
2987 4326 3106 4387 ait:
3127 4326 3396 4407 Jepht-he
3416 4345 3542 4389 non
3563 4325 3956 4401 dixit,Quod-

2470 4442 2743 4504 cumque
2787 4424 3032 4499 exierit,
3073 4426 3205 4501 sed,
3246 4424 3640 4506 Quicumque
3684 4426 3950 4489 exierit:

2471 4521 2578 4584 ubi
2606 4522 2930 4585 hominem
2960 4530 3202 4584 tantum
3225 4524 3559 4601 cogitavi13
3587 4544 3712 4587 non
3743 4533 3950 4589 tamen

2471 4620 2738 4684 fortasse.
2781 4622 3034 4683 unicam
3077 4620 3304 4697 filiam,
3338 4624 3630 4702 quamvis
3671 4622 3844 4685 illam
3885 4624 3951 4685 in

2471 4728 2642 4782 tanta
2671 4720 2866 4801 patris
2897 4720 3098 4800 gloria
3117 4719 3261 4800 quis
3292 4728 3505 4801 posset
3535 4722 3799 4797 anteire,
3821 4724 3946 4784 nisi

2471 4817 2734 4880 forsitan
2783 4818 2918 4899 ejus
2969 4822 3177 4881 uxor?
3221 4817 3692 4901 Quemcumque
3738 4830 3948 4883 autem

2468 4917 2839 4997 cogitaverit
2885 4916 3152 4998 Jophthe
3213 4918 3278 4978 in
3335 4916 3447 4980 illa
3505 4919 3946 4999 promissione,

2471 5035 2596 5079 non
2646 5016 2895 5079 videtur
2945 5015 3148 5077 filiam
3196 5015 3556 5097 cogitasse:
3601 5036 3725 5080 non
3776 5018 3946 5081 enim

2467 5116 2727 5191 diecret,
2776 5115 2904 5176 Heu
2955 5134 3079 5188 me,
3127 5113 3267 5176 filia
3312 5115 3425 5189 mi,
3470 5115 3791 5197 impedisti
3845 5138 3948 5181 me

2466 5214 2586 5294 (sie
2607 5214 2780 5276 enim
2801 5212 2990 5275 habet
3014 5214 3340 5277 translatio
3361 5214 3816 5296 Septuaginta):
3839 5236 3956 5297 per

2467 5313 2636 5395 quod
2665 5311 2904 5375 indicat
2935 5332 3001 5375 se
3033 5313 3431 5395 impeditum,
3465 5333 3545 5377 ne
3589 5314 3748 5376 illud
3776 5316 3952 5397 quod
