4359 6250
878 497 996 564 300

1442 520 1790 566 ENARRATlo
1832 520 1894 565 IN
1936 520 2072 565 GAP.
2120 517 2268 562 xxiv
2311 515 2465 560 unm
2507 516 2676 561 Pmm
2719 515 2942 562 nEGuu.
2993 534 3074 544 —
3115 514 3256 560 ΛΒΤ.
3304 513 3403 559 xm

876 690 1147 750 Domini
1173 699 1283 750 esc.
1309 691 1481 758 Quin
1504 691 1752 766 pocius,
1760 699 1949 767 pater
1978 691 2097 758 mi,
2130 690 2277 748 vide
2305 697 2364 748 ec
2397 686 2444 748 A
2475 685 2826 762 dicebatur,
2861 686 3120 767 quando
3167 684 3473 746 Dominus
3522 702 3638 765 per
3683 681 3984 762 aliquem

875 807 1170 865 coynosce
1218 809 1399 848 oram
1447 791 1813 865 chlamydis
1862 798 1987 848 tuce
2036 789 2109 846 in
2161 806 2365 846 manu

876 908 1040 959 mea,
1062 891 1374 968 quomodo
1420 908 1619 967 quum
1654 890 2151 966 prce-scinderem
2194 905 2366 945 sum-

876 988 1169 1046 mitatem
1207 988 1573 1064 chlamydis
1614 996 1766 1056 tuae,
1805 988 1993 1046 nolui
2029 987 2366 1045 eoetendere

876 1107 1149 1147 manum
1179 1107 1387 1147 meam
1418 1089 1490 1147 in
1524 1098 1599 1147 te.

958 1186 1424 1244 Animadverte
1456 1195 1513 1246 et
1559 1187 1725 1256 vide,
1750 1187 2059 1264 quoniam
2107 1204 2234 1244 non
2277 1192 2366 1243 esc

880 1285 953 1343 in
986 1304 1190 1343 manu
1222 1305 1363 1345 mea
1395 1288 1647 1345 malum
1677 1305 1881 1363 neque
1912 1286 2260 1362 iniquita-e,
2301 1282 2366 1343 id

2475 786 2714 846 malum
2747 784 3094 848 vindict-am
3129 782 3404 865 sumpsit
3437 783 3518 844 de
3557 780 3683 843 alio
3720 780 3980 862 pejore,

2475 883 2577 945 vel
2617 901 2799 963 aeque
2838 882 3026 945 malo.
3063 882 3140 943 Et
3182 881 3488 963 quoniam
3532 879 3726 942 David
3765 877 3982 940 sensit

2477 1000 2544 1043 se
2575 981 3006 1057 innocentem,
3033 979 3238 1043 noluit
3275 979 3447 1060 quod
3477 978 3623 1041 talis
3663 977 3822 1040 ultio
3853 996 3980 1058 per

2477 1099 2545 1142 se
2594 1079 2804 1162 ipsum
2859 1079 3049 1142 ficret
3096 1081 3174 1142 de
3216 1078 3423 1141 Saule.
3461 1076 3703 1140 Hebraei
3750 1084 3974 1138 autem

2478 1178 2720 1254 dicunt,
2755 1179 2927 1258 quod
2967 1176 3375 1259 proverbium
3417 1175 3586 1238 istud
3625 1175 3969 1256 antiquum

2477 1284 2572 1339 est
2614 1276 2713 1338 lex
2743 1277 2890 1338 data
2918 1295 2956 1338 a
2984 1277 3131 1352 De0,
3155 1276 3268 1357 qui
3299 1275 3468 1358 apud
3503 1274 3822 1336 Danielem
3852 1291 3968 1335 vo—

878 1388 996 1458 est,
1034 1381 1157 1445 tale
1195 1391 1525 1464 peccatum
1566 1382 1633 1444 in
1664 1383 1859 1445 Deum
1901 1391 2011 1444 aut
2054 1382 2119 1443 in
2165 1381 2368 1463 proxi·

878 1499 1077 1556 mum,
1115 1498 1242 1543 non
1276 1489 1373 1542 est
1413 1481 1478 1542 in
1510 1500 1653 1544 mea
1681 1480 2053 1562 operatione
2082 1499 2194 1542 seu
2229 1498 2371 1560 pra-

880 1578 1045 1640 ctica
1075 1586 1405 1658 potestate,
1431 1578 1620 1659 quale
1642 1587 1709 1640 tu
1731 1578 1889 1640 mihi
1913 1577 2213 1660 imponiS.
2235 1577 2368 1639 Non

2477 1384 2657 1438 catur
2687 1375 3004 1456 Antiquus
3036 1375 3305 1438 dierum.
3329 1375 3408 1436 Et
3437 1373 3760 1456 accipiunt.
3789 1373 3962 1436 istud
4017 1391 4294 1435 mma

2479 1492 2555 1536 ex
2586 1473 2724 1554 lege
2765 1473 2829 1535 in
2863 1474 3097 1549 Exodo,
3141 1473 3250 1535 ubi
3292 1473 3528 1536 dicitur
3563 1473 3643 1535 de
3679 1472 3886 1535 occiso
3921 1491 3968 1534 a

2481 1590 2652 1648 casu,
2687 1572 2858 1653 quod
2895 1572 3199 1635 Dominus
3246 1572 3506 1634 tradidit
3546 1589 3693 1634 eum
3732 1571 3796 1633 in
3833 1590 3970 1632 ma-
4033 1589 4272 1632 emam

880 1685 1091 1738 tamen
1142 1676 1344 1740 voluit
1386 1676 1581 1740 David
1632 1695 1910 1740 asserere
1959 1696 2027 1738 se
2064 1695 2204 1738 esse
2255 1675 2371 1737 im-
2483 1689 2636 1732 num
2668 1669 3018 1733 occidentis
3045 1671 3250 1752 :quod
3273 1670 3493 1732 dicunt
3525 1669 3807 1733 accidere
3827 1687 3970 1751 pro-
4005 1655 4084 1695 ¹³·

882 1793 1141 1838 munem
1183 1775 1263 1837 ab
1294 1775 1467 1838 omni
1500 1775 1711 1856 culpa.
1754 1777 1975 1855 Neque
1996 1777 2262 1852 pecc-avi
2297 1777 2368 1834 in
2483 1776 2622 1850 pter
2655 1777 2985 1850 peccatum
3015 1769 3340 1830 occultum
3373 1767 3575 1850 ipsius
3606 1767 3820 1844 occisi,
3846 1785 3967 1849 pro

886 1884 955 1934 te.
982 1874 1118 1935 Jam
1146 1873 1388 1936 dictum
1419 1881 1515 1936 est
1543 1874 1714 1955 quod
1745 1873 2059 1954 percussit
2088 1892 2236 1935 eum
2263 1860 2455 1950 coi-‘B
2483 1886 2611 1948 quo
2642 1867 2873 1948 dignus
2917 1865 2945 1928 f
2950 1867 3042 1928 uit
3081 1866 3308 1944 occidi,
3345 1876 3408 1930 et
3447 1867 3636 1929 etiam
3677 1885 3791 1949 pro
3823 1885 3970 1948 pec-

884 1990 1095 2048 suum,
1132 1990 1206 2035 eo
1238 1973 1409 2054 quod
1440 1970 1792 2053 chlamydis
1824 1990 1998 2034 oram
2039 1971 2375 2052 praescide-
2484 1972 2625 2028 cato
2677 1965 2927 2028 occulto
2975 1966 3347 2042 occidentiS,
3400 1984 3514 2049 pro
3562 1984 3690 2047 quo
3735 1965 3974 2045 dignus

885 2071 989 2146 rit,
1016 2088 1165 2150 ergo
1188 2071 1474 2152 peccavit
1504 2071 1569 2131 in
1604 2070 1773 2133 Saul.
1792 2069 2097 2132 Similiter
2128 2070 2373 2151 primus

888 2168 997 2231 ille
1040 2177 1249 2231 motus
1288 2168 1619 2231 occidendi
1676 2185 1909 2247 regem,
1954 2186 2083 2231 non
2122 2168 2375 2231 videtur

887 2266 1123 2332 veniali
1174 2267 1455 2330 caruisse
1514 2275 1796 2349 peccato.
1848 2267 1924 2328 Et
1984 2266 2372 2347 responden-

888 2366 1063 2441 dum,
1107 2366 1277 2446 quod
1324 2383 1451 2428 non
1503 2364 1627 2426 nisi
1668 2365 1949 2428 veniales
1988 2363 2196 2446 culpae
2241 2363 2378 2426 fue-

889 2471 1060 2526 runt.
1096 2462 1290 2527 David
1322 2481 1471 2526 vero
1502 2482 1672 2526 nunc
1704 2463 1783 2526 de
1810 2462 2063 2524 mortali
2096 2462 2378 2544 loquitur

890 2560 1102 2643 culpa.
1145 2566 1239 2623 Tu
1284 2572 1500 2622 autem
1548 2563 1897 2622 insidiaris
1946 2563 2186 2622 animae
2227 2582 2379 2622 meae

892 2671 965 2721 uc
996 2662 1260 2737 auferas
1278 2677 1443 2722 eam.
1465 2661 1721 2720 Judicet
1740 2662 2059 2720 Dominus
2089 2661 2262 2720 incer
2283 2680 2382 2719 me

890 2770 950 2820 et
984 2770 1060 2830 te,
1080 2759 1399 2821 reddendo
1428 2758 1779 2839 unicuique
1808 2758 1979 2839 quod
2010 2766 2381 2835 meretur-,ec

893 2859 1251 2918 ulciscatur
1281 2859 1596 2918 Dominus
1639 2877 1734 2917 me
1774 2877 1854 2916 eoe
1897 2866 1975 2928 te,
2008 2856 2218 2918 dando
2265 2855 2380 2917 tibi

896 2955 962 3017 in
1004 2954 1137 3018 vita
1182 2953 1301 3016 hac
1345 2953 1802 3016 correctionem
1854 2972 1970 3035 pro
2018 2953 2382 3017 excessibus

2488 2063 2612 2126 fuit
2643 2064 2873 2145 expelli
2907 2065 2987 2127 de
3015 2084 3132 2126 sua
3170 2064 3430 2128 civitate
3468 2084 3670 2146 usque
3699 2064 3775 2126 ad
3801 2080 3976 2126 mor-

2489 2170 2612 2224 tem
2647 2161 2997 2243 pontificiS.
3031 2163 3108 2224 Et
3137 2163 3291 2244 quia
3321 2171 3578 2245 peccata
3609 2163 3727 2225 ista
3765 2161 3976 2225 occul-

2490 2268 2553 2321 ta
2601 2279 2730 2322 non
2781 2267 3050 2341 possunt
3097 2260 3409 2324 vindicari
3461 2280 3576 2344 per
3619 2261 3972 2323 humanum

2486 2358 2822 2439 judicium,
2840 2359 3247 2423 vindicantur
3267 2361 3360 2423 sic
3394 2379 3504 2442 per
3523 2360 3834 2423 divinum.
3849 2360 3976 2426 Sed

2489 2456 2610 2519 hoc
2648 2457 2892 2520 dictum
2941 2475 3070 2520 non
3113 2477 3366 2540 semper
3409 2467 3504 2521 est
3546 2478 3790 2531 verum,
3823 2460 3976 2522 licet

2491 2555 2835 2637 aliquando
2867 2557 3067 2639 possit
3099 2557 3489 2639 contingere,
3505 2559 3658 2640 quia
3678 2557 3980 2641 frequen-

2494 2664 2587 2717 ter
2611 2655 2940 2736 'contingit
2981 2656 3400 2719 homicidium
3443 2659 3694 2721 casuale
3734 2658 3980 2740 absque

2494 2761 2752 2835 peccato
2783 2754 3132 2817 occidentis
3157 2755 3256 2819 vel
3289 2755 3480 2818 occisi
3511 2756 3630 2819 hoc
3661 2757 3982 2820 demeren-

2493 2861 2554 2914 te
2585 2853 2936 2914 secundum
2965 2853 3206 2934 judicia
3235 2853 3455 2916 divina
3481 2854 3665 2917 nobis
3697 2856 3974 2928 occulta3

2494 2951 2710 3013 omnia
2756 2960 2970 3014 tamen
3019 2953 3096 3014 ad
3145 2953 3385 3015 bonum
3431 2952 3777 3016 electorum
3817 2955 3982 3017 ordi-

896 3052 1022 3114 tuis
1055 3051 1120 3112 in
1152 3069 1277 3128 me,
1312 3069 1393 3114 ne
1424 3070 1645 3134 pereas
1676 3051 1742 3112 in
1775 3059 2105 3114 aeternum.
2149 3051 2276 3114 Hoc
2307 3070 2384 3114 ex
2413 3049 2457 3112 C
2495 3058 2749 3112 nantur.
2797 3050 2938 3112 Haec
2982 3050 3161 3134 Lyra.
3195 3051 3375 3114 Circa
3417 3051 3552 3114 haec
3594 3053 3762 3131 dico,
3809 3055 3979 3135 quod

896 3152 1030 3214 zelo
1055 3150 1342 3232 justitiae,
1370 3150 1497 3213 imo
1527 3159 1591 3214 et
1619 3170 1695 3213 ex
1724 3150 2005 3213 caritatis
2037 3148 2386 3214 affectione

895 3251 1271 3331 deprecatus
1310 3258 1407 3311 est
1446 3249 1663 3313 David.
1698 3252 1939 3311 Manus
1982 3260 2198 3310 autem
2245 3271 2386 3311 mea

896 3370 1027 3410 non
1054 3351 1142 3409 sic
1172 3351 1243 3409 in
1278 3359 1361 3419 te,
1382 3348 1446 3410 id
1485 3356 1602 3425 est,
1636 3347 1801 3411 absit
1830 3357 1900 3409 ut
1930 3366 2047 3428 ego
2082 3348 2219 3430 ipse
2249 3348 2387 3410 vin-

897 3448 1106 3510 dicem
1145 3466 1247 3510 me
1276 3448 1355 3510 de
1388 3456 1469 3523 te,
1496 3447 1649 3529 quia
1678 3466 1795 3510 nec
1834 3446 2091 3528 publica
2120 3448 2390 3510 auctori-

899 3555 1044 3624 tate,
1055 3563 1171 3610 nec
1189 3546 1633 3629 jurisdictione
1652 3554 1928 3627 superte
1953 3544 2389 3625 fungunSicuc

898 3656 958 3707 ec
990 3648 1062 3706 in
1088 3648 1427 3725 proverbio
1446 3648 1719 3724 antiquo
1739 3645 2025 3707 dicitur:
2043 3647 2141 3705 Ab
2165 3646 2389 3722 impiis

898 3747 1264 3822 eqredietur
1311 3746 1632 3822 impieta-3,
1688 3742 1753 3804 id
1802 3750 1920 3819 est,
1969 3740 2151 3823 impii
2203 3752 2390 3823 agent

901 3843 1145 3926 inique.
1192 3844 1317 3906 Hoc
1349 3842 1625 3905 refertur
1654 3844 1733 3904 ad
1775 3842 1837 3904 id
1868 3843 2040 3924 quod
2072 3842 2267 3906 David
2297 3843 2392 3904 di-

901 3942 993 4004 xit
1036 3942 1114 4004 ad
1162 3940 1309 4004 Saul
1345 3958 1359 4002 :
1395 3940 1493 4003 Tu·
1535 3948 1744 4002 autem
1792 3938 2117 4001 insidiaris
2162 3940 2391 4003 animae

900 4057 1079 4116 meae,
1116 4048 1186 4102 ut
1225 4039 1477 4102 auferas
1507 4058 1669 4102 eam.
1705 4037 1893 4112 Qu'asi
1924 4038 2093 4101 dicat
2122 4056 2135 4100 ε
2172 4040 2262 4101 Ita
2289 4058 2390 4102 me

902 4139 1343 4220 persequendo
1391 4137 1483 4199 sic
1530 4145 1594 4200 te
1644 4137 1861 4213 habeS,
1915 4137 2086 4218 quod
2134 4156 2391 4220 prover-

2495 3168 2694 3230 quum
2735 3150 2898 3211 Deus
2939 3150 3022 3211 sit
3061 3146 3350 3231 provisor
3381 3159 3443 3214 et
3481 3152 3842 3215 moderator
3881 3172 3982 3215 ac-

2501 3256 2676 3309 tuum
2719 3247 3166 3325 humanorum,
3201 3242 3340 3311 sine
3384 3249 3751 3312 rationabili
3793 3270 3982 3314 causa

2499 3346 2588 3408 nil
2622 3345 2864 3409 faciens
2895 3356 3003 3408 aut
3035 3345 3180 3409 fieri
3221 3348 3458 3425 sinens,
3495 3367 3635 3411 raro
3675 3358 3786 3410 aut
3823 3369 3984 3411 nun-

2498 3464 2689 3527 quam
2723 3446 3034 3526 permittit
3064 3445 3343 3527 aliquem
3375 3447 3716 3509 casualiter
3745 3449 3984 3511 occide

2499 3564 2566 3607 re
2613 3552 2723 3606 aut
2770 3544 2997 3620 occidi,
3043 3544 3166 3605 nisi
3207 3563 3321 3626 pro
3369 3546 3588 3627 aliquo
3633 3546 3981 3610 occidentis

2500 3643 2598 3705 vel
2645 3642 2838 3705 occisi
2878 3651 3139 3724 peccato
3183 3641 3525 3706 manifesto
3567 3653 3676 3707 aut
3716 3646 3977 3711 abdito:

2498 3741 2740 3822 alioqui
2790 3761 2826 3803 a
2870 3741 2979 3803 tali
3027 3741 3295 3805 articulo
3341 3762 3452 3805 seu
3501 3752 3736 3806 eventu
3785 3764 3980 3807 unum

2499 3840 2709 3921 eripit,
2753 3839 3079 3921 aliumque
3118 3849 3480 3922 praeservat.
3514 3842 3776 3924 Propter
3814 3846 3984 3924 quod

2501 3937 2690 3999 etiam
2733 3956 2846 4019 per
2884 3937 3142 4017 angelos
3181 3946 3432 4000 sanctos
3475 3946 3688 4001 tuetur
3721 3948 3786 4001 et
3826 3942 3983 4021 regit

2498 4036 2830 4098 hominum
2867 4036 3082 4098 vitam.

2582 4138 2820 4196 Manus
2866 4153 3011 4212 erqo
3055 4155 3196 4195 mea
3242 4156 3372 4196 non
3419 4137 3506 4197 sit
3549 4139 3618 4198 in
3674 4147 3751 4198 ie.
3791 4142 3986 4207 Quem

902 4236 1080 4298 bium
1133 4235 1290 4297 illud
1342 4236 1678 4317 antiquum
1728 4234 2033 4317 competit
2082 4234 2221 4296 tibi.
2275 4235 2388 4298 Vel
2429 4239 2472 4301 D
2498 4234 2916 4312 persequeriS,
2943 4252 3058 4292 reo:
3084 4236 3526 4314 Israel?qaem
3550 4238 3990 4315 persequeris?

903 4331 1179 4395 refertur
1211 4334 1289 4396 ad
1333 4333 1515 4410 illud,
1550 4328 1901 4396 Ulciscatur
1940 4333 2245 4395 Dominus
2289 4352 2390 4396 me

904 4450 980 4494 cx
1024 4439 1107 4508 te,
1141 4432 1206 4494 id
1244 4440 1361 4509 est,
1396 4452 1507 4515 per
1547 4431 1705 4494 alios
1749 4430 1866 4493 tibi
1910 4430 2276 4493 consimiles
2325 4431 2390 4493 in

905 4530 1168 4607 malitia,
1196 4532 1420 4612 puniat
1450 4539 1532 4607 te,
1568 4530 1735 4593 sicut
1766 4529 1831 4591 in
1866 4529 2202 4611 proverbio
2233 4538 2394 4592 vete-

906 4628 959 4690 ri
993 4627 1215 4706 fertur,
1236 4629 1332 4692 Ab
1353 4628 1569 4710 impiis
1602 4627 1962 4707 egredietur
1992 4628 2307 4710 impietaS‚
2329 4628 2392 4689 id

905 4735 1022 4805 est,
1073 4746 1238 4790 unus
1289 4727 1550 4809 iniquus
1604 4726 1801 4789 alium
1851 4726 2121 4808 perimet
2164 4743 2178 4787 :
2221 4726 2392 4807 quod

905 4826 1216 4906 contingit
1248 4825 1618 4907 frequenter
1647 4825 1818 4906 justo
1850 4824 1957 4886 Dei
1989 4824 2252 4905 judici0,
2279 4824 2391 4906 qui

906 4932 1165 5006 propter
1194 4924 1450 4986 illorum
1489 4931 1747 5004 peccata
1775 4922 2025 4985 occulta
2054 4930 2161 4984 aut
2193 4922 2394 4984 mani-

909 5022 1091 5099 festa,
1127 5023 1265 5086 vult
1302 5030 1411 5083 aut
1440 5021 1753 5103 permittit
1790 5021 1882 5084 sic
1926 5020 2091 5095 fieri,
2126 5021 2292 5083 sicut
2331 5029 2395 5083 et

909 5139 1105 5183 unum
1137 5138 1401 5201 regnum
1434 5120 1728 5201 iniquum
1762 5118 2129 5201 frequenter
2148 5118 2394 5181 destru-

906 5220 999 5283 xit
1026 5238 1140 5301 per
1160 5219 1333 5281 aliud
1367 5236 1635 5299 regnum
1665 5218 1983 5299 iniquum.

986 5318 1166 5382 Circa
1192 5317 1325 5381 haec
1356 5316 1578 5378 scribit
1607 5317 1801 5401 Lyra:
1826 5314 2240 5379 proverbium
2271 5314 2392 5378 hoc

2501 4331 2683 4412 quasi
2715 4330 2885 4394 dicat
2917 4351 2930 4394 :
2979 4331 3111 4393 Non
3150 4332 3330 4395 decet
3368 4341 3637 4411 tantum,
3671 4334 3766 4397 sic
3805 4352 3990 4397 occu—

2502 4429 2641 4511 pari
2681 4438 2744 4491 et
2785 4427 3036 4509 fatigari
3083 4438 3145 4492 et
3173 4430 3368 4493 variis
3411 4431 3642 4514 exponi
3687 4432 3990 4514 periculis

2504 4536 2760 4610 propter
2803 4528 3147 4590 tantillum.
3182 4529 3324 4592 ldeo
3372 4529 3667 4592 subditur
3703 4548 3717 4593 :
3755 4534 3988 4593 Canem

2505 4636 2832 4686 mortuum
2853 4630 3249 4705 persequeris
3269 4637 3328 4687 et
3351 4631 3638 4706 pulicem
3668 4646 3904 4699 unum,
3923 4630 3988 4691 id

2503 4732 2598 4785 est
2620 4742 2739 4797 me,
2755 4722 2868 4805 qui
2893 4724 3367 4805 comparatione
3387 4726 3782 4790 excellentiae
3799 4736 3990 4809 atque

2504 4822 2806 4903 potentiae
2835 4832 2980 4899 tuae,
3007 4842 3145 4885 sum
3177 4824 3363 4904 quasi
3391 4832 3680 4886 mortuus
3711 4826 3907 4901 caniS,
3928 4836 3990 4888 et

2502 4921 2776 4983 multum
2824 4921 2994 4998 vilis,
3043 4941 3114 4985 ac
3153 4922 3383 4985 similis
3427 4922 3648 5005 pulici,
3684 4924 3796 5005 qui
3838 4924 3992 4988 hinc

2505 5019 2655 5083 inde
2697 5020 2984 5082 saliendo
3028 5020 3241 5083 evadit
3284 5029 3550 5085 mortem
3585 5042 3600 5086 :
3637 5023 3729 5085 sic
3773 5032 3838 5086 et
3875 5041 3990 5103 ego

2506 5120 2583 5181 ad
2613 5118 2865 5182 diversa
2897 5118 3036 5182 loca
3056 5119 3507 5201 confugiendo.
3544 5120 3760 5202 ltaque
3790 5121 3992 5183 humi-

2503 5217 2582 5277 lis
2631 5216 2828 5279 David
2879 5236 2946 5279 se
2996 5217 3206 5299 ipsum
3246 5218 3521 5280 multum
3569 5218 3889 5296 humiliat,
3925 5230 3992 5281 ut

2503 5314 2751 5396 mitiget
2782 5315 2941 5378 iram
2972 5316 3141 5398 regis
3162 5316 3444 5399 superbi,
3471 5334 3599 5399 quo
3631 5316 3697 5379 in
3729 5318 3994 5383 veritate-
