4359 6250
1259 509 1605 556 mannum
1649 510 1711 555 m
1754 511 1890 556 cu.
1936 510 2003 558 m
2043 511 2226 558 num.
2272 529 2354 540 -—
2395 513 2537 558 ΛΒΤ.
2585 513 2623 556 V

3362 493 3483 557 235

394 673 551 738 feeit
580 697 721 740 cam
765 679 874 742 tali
908 681 1014 745 die
1044 689 1106 745 et
1134 683 1292 745 hora
1320 684 1638 760 accedere,
1672 691 1891 766 quate-
1923 682 1968 744 A
2002 704 2214 756 mane,
2254 688 2314 745 si
2360 696 2418 746 te
2465 687 2738 746 voluerii
2779 687 3294 765 propinquitatis
3326 686 3488 762 jure

390 794 516 836 nus
546 777 704 841 Booz
743 787 897 843 tunc
926 781 1187 862 pronior
1224 791 1387 845 essct
1423 783 1500 845 ad
1530 783 1890 865 amplexum

392 873 643 956 ipsius3
687 887 897 942 tamen
930 889 993 942 et
1022 881 1237 944 Noemi
1276 889 1521 964 poterat
1558 890 1893 945 consuetu-

392 974 612 1038 dinem
647 975 825 1040 illam
855 979 1041 1042 scire.

478 1077 564 1136 Et
596 1077 711 1136 ille
724 1097 749 1135 .·
778 1081 1133 1142 Benedicta
1160 1101 1244 1152 es,
1264 1081 1505 1160 inquit,
1528 1101 1571 1140 a
1592 1082 1889 1153 Domin0‚

391 1175 567 1250 filia.
601 1173 851 1252 Mirum,
886 1177 1059 1258 quod
1087 1196 1165 1241 ex
1192 1177 1528 1242 subitanea
1556 1178 1894 1241 conturba-

392 1271 574 1334 tione
616 1291 747 1335 non
787 1276 1198 1356 reprehendit
1236 1297 1373 1340 eam
1406 1297 1481 1340 ex
1512 1277 1893 1357 indignatio-

393 1389 500 1447 ne,
536 1372 711 1452 quod
751 1391 907 1434 ausa
945 1371 1175 1436 fuisset
1212 1373 1367 1436 talia
1404 1382 1736 1438 attentare.
1772 1373 1890 1437 Sed

394 1469 655 1532 videtur
705 1469 909 1534 fuisse
956 1471 1057 1534 vir
1101 1471 1299 1549 mitis,
1332 1481 1396 1535 et
1443 1473 1699 1553 cognita
1738 1490 1893 1536 voce

393 1567 587 1644 Ruth,
623 1588 817 1650 quam
860 1569 1108 1633 sincere
1146 1571 1391 1648 dilexit,
1426 1571 1551 1633 fuit
1581 1572 1888 1654 placatUS,

393 1666 529 1729 imo
577 1675 643 1730 et
690 1667 855 1731 Deus
907 1669 1205 1750 spiritum
1256 1670 1397 1752 ejus
1444 1669 1889 1747 mansuefecit,

394 1766 619 1848 itaque
647 1787 788 1830 cam
820 1768 1214 1832 laudaviLE't
1236 1773 1527 1849 priorem
1551 1772 1897 1831 misericor-

2001 785 2302 854 recinere,
2334 787 2484 846 bene
2513 805 2611 846 res
2640 795 2784 845 acta
2811 794 2922 845 est.
2955 787 3081 846 Sin
3121 793 3339 844 autem
3377 785 3490 842 ille

2001 883 2113 961 qui
2146 883 2571 966 propinquior
2599 902 2701 946 me
2733 891 2849 959 est,
2887 883 2950 945 id
2991 890 3087 946 est
3115 883 3315 962 magis
3343 880 3491 944 affi-

2003 981 2102 1042 nis
2130 980 2271 1058 tibi,
2288 982 2401 1064 qui
2425 991 2488 1044 et
2507 982 2646 1046 viro
2681 989 2787 1044 tuo
2808 981 3133 1061 cognatior
3155 979 3280 1043 fuit
3298 998 3492 1062 quam

2004 1098 2140 1160 ego,
2174 1083 2460 1142 noluerit
2507 1093 2562 1142 te
2605 1083 2911 1158 accipere,
2943 1101 3053 1158 eqo
3091 1083 3324 1158 absque
3352 1082 3494 1140 ulla

2001 1181 2404 1240 dubitatione
2448 1190 2503 1240 te
2549 1182 2890 1258 accipiam.
2933 1181 3107 1240 Vivit
3149 1179 3488 1240 Dominus,

2004 1277 2161 1340 Ecce
2181 1277 2435 1357 juratio.
2457 1277 2563 1340 His
2585 1278 2798 1341 verbis
2818 1278 2976 1341 Booz
3005 1278 3226 1360 pandit
3254 1297 3322 1340 se
3353 1297 3492 1341 eam

2002 1375 2167 1438 velle
2198 1375 2490 1458 accipere
2535 1377 2601 1437 in
2646 1395 2797 1439 casu
2838 1377 2950 1440 illo
2990 1384 3249 1459 propter
3290 1377 3492 1458 ipsius

2006 1471 2171 1534 Ruth
2217 1475 2706 1552 virtuositatem,
2741 1485 2804 1539 et
2845 1484 3103 1558 propter
3140 1475 3298 1556 legis
3337 1495 3494 1558 prae-

2004 1580 2282 1652 ceptum,
2306 1593 2378 1636 ac
2398 1574 2716 1638 desiderio
2745 1575 2944 1656 prolis
2964 1575 3342 1656 deputandae
3369 1594 3494 1637 ma-

2004 1669 2129 1732 rito
2158 1670 2488 1735 defuncto.
2522 1675 2752 1734 Dormi
2785 1693 2981 1754 usque
3009 1694 3220 1734 mane.

2084 1772 2410 1832 Dormivit
2441 1774 2662 1852 itaque
2689 1776 2780 1833 ad
2800 1776 2992 1850 pedes
3021 1773 3159 1851 ejus
3189 1794 3387 1852 usque
3405 1776 3494 1834 ad

388 1869 583 1927 diam
604 1870 957 1944 posteriore
981 1872 1325 1946 superasti.
1349 1869 1628 1932 Priorem
1658 1868 1897 1932 miseri·
1927 1864 1969 1925 B
2003 1871 2206 1929 noctis
2245 1871 2618 1943 abscessum,
2656 1871 2719 1933 id
2765 1881 2861 1934 est
2905 1890 3108 1953 nsque
3151 1872 3227 1933 ad
3271 1871 3490 1934 horam

305 1993 316 2000 -
390 1964 683 2027 cordiam
716 1965 911 2046 hujus
940 1966 1131 2044 Ruth,
1153 1966 1291 2049 ipse
1310 1967 1469 2030 Booz
1498 1976 1701 2044 vocat,
1722 1969 1895 2049 quod

394 2062 543 2144 ipsa
583 2063 753 2125 Ruth
797 2073 929 2126 tam
974 2083 1263 2128 amorose
1302 2073 1365 2128 et
1411 2065 1515 2147 pie
1560 2085 1627 2129 se
1672 2066 1897 2128 habuit

391 2162 573 2225 circa
601 2182 791 2225 suum
822 2162 1123 2225 maritum
1154 2164 1219 2226 in
1251 2164 1391 2245 ejus
1422 2163 1574 2240 vita,
1600 2173 1803 2227 morte
1833 2174 1896 2228 et

392 2247 755 2343 sepultura,
789 2269 853 2324 et
883 2262 1054 2325 circa
1082 2271 1349 2325 matrem
1382 2263 1577 2325 illius.
1598 2263 1897 2328 Posterio-

393 2380 537 2423 rem
582 2367 795 2423 autem
845 2362 985 2443 ejus
1034 2360 1537 2425 misericordiam
1585 2362 1892 2440 nominat,

390 2459 575 2540 quod
620 2459 867 2540 optavit
906 2459 1316 2522 matrimonio
1355 2460 1583 2523 sociari
1629 2470 1897 2541 cognato

392 2557 617 2620 mariti
647 2557 749 2620 sui
780 2557 1095 2634 defuncti,
1131 2576 1257 2621 non
1288 2559 1764 2640 qualicumque,
1786 2560 1896 2622 sed

393 2657 543 2720 viro
578 2657 943 2737 grandaeVO,
978 2665 1043 2720 et
1069 2657 1252 2740 quasi
1286 2657 1445 2732 seni,
1480 2659 1558 2720 ad
1590 2658 1900 2721 suscitan-

390 2758 555 2819 dum
586 2775 807 2819 semen
837 2755 1165 2819 defuncto.
1190 2756 1349 2820 Hinc
1378 2756 1673 2820 subditur
1702 2760 1899 2837 :quia

390 2875 532 2916 non
561 2875 627 2915 es
655 2865 874 2916 secuta
886 2855 1191 2932 juvenes,
1216 2875 1530 2934 pauperes
1556 2857 1690 2916 sive
1728 2857 1900 2916 divi-

393 2965 509 3016 tes.
546 2953 736 3028 Quasi
784 2953 993 3016 dicat:
1025 2954 1160 3016 Non
1198 2973 1273 3017 ex
1302 2953 1573 3016 libidine
1605 2963 1776 3017 mota
1806 2974 1893 3031 eS‚

2006 1966 2432 2049 propinquam
2458 1969 2764 2045 diluculo,
2786 1988 2914 2031 non
2945 1977 3154 2031 tamen
3186 1989 3388 2050 usque
3414 1971 3492 2033 ad

2005 2065 2414 2128 tenebrarum
2447 2087 2792 2130 recessum.
2813 2068 2964 2129 Nam
2990 2068 3284 2130 subditur
3304 2086 3319 2129 :
3339 2071 3496 2130 Sur-

2005 2167 2176 2225 rexit
2219 2167 2439 2244 itaque
2477 2177 2824 2246 antequam
2863 2169 3152 2228 homines
3181 2187 3496 2244 cognosce-

2004 2271 2146 2322 rent
2195 2283 2258 2322 se
2307 2273 2552 2326 mucuO.
2597 2267 2682 2326 Ec
2731 2267 2908 2325 dixit
2949 2269 3118 2326 Booz
3150 2287 3172 2325 .·
3207 2268 3369 2326 Cave
3415 2287 3496 2326 ne

2004 2363 2150 2440 quis
2188 2364 2438 2422 noverit
2469 2366 2641 2442 quod
2668 2366 2793 2423 leuc
2823 2365 3098 2434 veneriS,
3132 2383 3211 2428 ne
3252 2364 3496 2426 scilicet

2007 2458 2242 2541 aliquis
2273 2460 2643 2542 opinaretur
2663 2462 2907 2543 aliquid
2933 2463 3086 2525 mali
3105 2472 3354 2543 gestum
3385 2462 3498 2525 ibi-

2007 2557 2192 2633 dem3
2229 2567 2291 2620 et
2335 2559 2640 2640 quoniam
2686 2561 2914 2624 modus
2960 2561 3070 2624 ille
3112 2561 3391 2645 ponendi
3428 2581 3496 2623 se

2008 2658 2085 2719 ad
2132 2659 2326 2739 pedes
2366 2658 2510 2734 viri,
2548 2678 2659 2722 seu
2701 2660 2949 2724 occulte
2989 2661 3244 2742 petendi
3275 2661 3498 2743 conju-

2006 2755 2206 2836 gium,
2241 2757 2766 2839 reprehensibilis
2792 2758 3148 2821 videbatur.
3170 2759 3497 2842 Completo

2008 2862 2220 2917 autem
2254 2854 2420 2917 inter
2451 2875 2558 2918 eos
2589 2857 2934 2934 connubio,
2970 2877 3068 2920 res
3107 2866 3354 2940 poterat
3383 2878 3498 2941 pu-

2010 2953 2260 3016 blicari.
2295 2954 2511 3036 Itaque
2540 2956 2699 3018 Booz
2730 2957 3076 3037 prudenter
3104 2957 3385 3038 providit
3414 2956 3500 3020 fa-

392 3054 577 3135 quod
629 3051 778 3114 inde
829 3051 1157 3135 probatur,
1208 3053 1379 3135 quod
1436 3071 1565 3116 non
1612 3053 1896 3135 quaesisti
1933 3043 1978 3106 C
2009 3071 2129 3114 mae
2176 3072 2308 3115 suae
2351 3072 2424 3114 ac
2468 3054 2655 3116 Ruth.
2690 3057 2777 3116 Et
2814 3075 3122 3118 rursum:
3155 3059 3498 3136 Eoepande,

394 3152 679 3215 alterum
724 3152 1025 3214 maritum
1066 3152 1533 3215 adolescentem
1573 3173 1685 3215 scu
1723 3152 1903 3234 juve-

395 3271 553 3314 nem
598 3250 963 3332 pulchrum,
998 3270 1145 3313 cum
1179 3269 1308 3331 quo
1340 3258 1592 3331 poteras
1624 3250 1901 3332 amplius

394 3348 733 3426 delectari,
767 3349 877 3411 sed
908 3368 1032 3411 me.
1066 3351 1227 3410 Noli
1253 3368 1399 3427 erqo
1432 3358 1709 3410 metuere
1743 3348 1904 3411 inor-

394 3448 626 3512 dinato
658 3448 908 3523 timore,
931 3450 1042 3508 sed
1070 3450 1400 3528 quidquid
1426 3450 1679 3508 dixeris
1711 3450 1902 3519 mihi,

395 3549 527 3611 hoc
569 3554 691 3623 est,
724 3545 1041 3627 quidquid
1088 3546 1554 3609 rationabiliter
1584 3565 1621 3608 a
1658 3566 1761 3609 me
1802 3565 1904 3628 pe-

398 3644 611 3721 tieriS‚
663 3645 915 3722 faciam
965 3645 1086 3705 tibi
1131 3660 1247 3725 pro
1304 3662 1492 3725 posse
1548 3662 1711 3706 meo.
1765 3646 1903 3705 Scit

394 3745 581 3805 enim
602 3744 817 3804 omnis
839 3745 1117 3821 populus
1138 3744 1254 3821 qui
1281 3746 1531 3804 habitat
1564 3746 1590 3802 i
1594 3753 1745 3803 ntra
1762 3762 1905 3820 por-

398 3852 500 3903 tas
541 3842 727 3902 urbis
766 3862 942 3910 meoe,
974 3839 1219 3903 scilicet
1258 3840 1675 3904 Bethlehem:
1709 3860 1903 3921 quam

396 3940 563 4004 dicit
596 3940 823 4002 urbem
854 3959 1057 4015 suam,
1080 3938 1233 4021 quia
1263 3948 1447 4026 natus
1468 3940 1568 4020 (ut
1598 3940 1906 4019 creditur)

396 4048 463 4103 et
496 4045 933 4101 commoratus
967 4036 1092 4099 fuit
1123 4037 1188 4098 in
1221 4056 1316 4113 ea,
1338 4046 1401 4100 et
1438 4057 1601 4099 unus
1631 4039 1711 4100 de
1740 4038 1907 4120 prin-

398 4136 829 4221 cipalioribus
874 4136 1053 4199 urbis
1104 4144 1259 4213 erat,
1304 4145 1414 4199 aut
1461 4136 1719 4219 praesuit
1769 4138 1901 4211 ibi3

2011 3153 2250 3231 inquit,
2267 3154 2555 3229 pallium
2588 3163 2796 3226 tuum,
2816 3175 2939 3233 quo
2958 3157 3252 3232 operiris,
3272 3166 3332 3217 ec
3363 3166 3500 3217 tene

2008 3261 2285 3330 utraque
2315 3272 2539 3312 manu.
2563 3255 2703 3321 Qua
2732 3257 3042 3314 eattenden
3053 3263 3110 3314 te
3138 3264 3198 3315 et
3231 3264 3498 3325 tenente,

2010 3370 2264 3409 mensus
2283 3358 2372 3409 esc
2399 3351 2461 3409 ei
2488 3370 2599 3410 sea:
2630 3354 2870 3411 modios
2890 3353 3136 3413 hordei.
3156 3352 3272 3426 Qui
3302 3353 3498 3417 modii

2010 3464 2139 3509 non
2193 3446 2455 3509 fuerunt
2503 3456 2632 3510 tam
2681 3449 2918 3530 magni,
2952 3449 3110 3531 quin
3157 3451 3292 3513 sola
3335 3451 3499 3513 Ruth

2011 3546 2221 3626 potuit
2250 3564 2358 3609 eos
2399 3546 2690 3628 expedite
2728 3555 3000 3629 portare.
3033 3553 3185 3618 Quoe
3205 3560 3497 3627 portans,

2011 3646 2303 3721 inyressa
2333 3656 2422 3706 est
2453 3648 2804 3718 civitatem,
2837 3658 2898 3707 et
2927 3650 3104 3708 venit
3134 3652 3222 3709 ad
3249 3669 3501 3710 socrum

2010 3764 2220 3805 suam.
2260 3747 2413 3812 Quae
2448 3747 2626 3805 diarii
2665 3747 2728 3804 ei
2763 3766 2786 3805 .·
2832 3747 3003 3813 Quid
3047 3748 3262 3823 eqisti,
3299 3750 3502 3824 filia?

2016 3844 2459 3922 Narravilque
2477 3844 2564 3911 ei,
2587 3842 2831 3906 scilicet
2862 3844 3071 3907 socrui
3103 3864 3254 3922 suae,
3279 3848 3501 3908 omnia

2012 3961 2156 4020 quoe
2193 3942 2318 4001 sibi
2355 3943 2603 4021 fecisset
2631 3944 2841 4012 homO,
2872 3941 2937 4005 id
2976 3951 3093 4020 est,
3128 3964 3320 4025 quam
3363 3963 3503 4025 gra-

2015 4038 2174 4101 tiose
2208 4037 2465 4101 fecisset
2496 4038 2620 4101 sibi
2652 4039 2756 4103 hic
2788 4041 2946 4104 Booz
2977 4041 3042 4103 in
3073 4043 3288 4105 verbis
3318 4052 3381 4106 et
3411 4043 3504 4106 fa-

2015 4137 2155 4200 ctis,
2182 4140 2268 4199 E'c
2299 4139 2396 4198 ait
2418 4156 2440 4198 .·
2472 4140 2632 4198 Ecce
2658 4159 2771 4198 seoe
2801 4141 3042 4201 modios
3073 4143 3299 4201 hordei
3325 4145 3506 4203 dedit

398 4240 751 4299 mulierem
784 4246 841 4297 te
861 4256 986 4297 esse
1006 4234 1377 4305 virtutis-,id
1400 4244 1496 4299 est
1517 4236 1901 4299 virtuosam:
1936 4230 1985 4291 D
2016 4237 2210 4305 mihi,
2239 4246 2299 4297 ec
2337 4238 2434 4297 ait
2465 4254 2488 4297 .·
2527 4238 2690 4297 Nolo
2741 4258 3014 4299 vacuam
3063 4250 3120 4300 ie
3169 4243 3382 4301 redire
3419 4245 3507 4302 ad

398 4336 579 4418 quod
609 4333 1035 4417 probabiliter
1067 4341 1506 4414 cognoverunt
1535 4353 1609 4396 cx
1642 4333 1815 4397 fama
1843 4344 1906 4398 et

401 4433 811 4517 inspectione
832 4442 897 4495 et
917 4432 1377 4514 protestatione
1396 4432 1907 4496 multorum.Nec

398 4536 621 4595 abnuo
670 4553 773 4594 me
810 4534 1284 4611 propinquum,
1315 4534 1425 4591 sed
1464 4541 1554 4591 esc
1594 4534 1769 4593 alius
1808 4553 1907 4593 me

398 4632 861 4712 propinquior.
910 4631 1168 4700 Quiesce
1214 4631 1336 4690 bac
1382 4640 1584 4699 nocte,
1626 4640 1685 4691 et
1735 4634 1906 4711 facto

2014 4354 2268 4395 socrum
2300 4344 2502 4395 cuam.
2527 4337 2842 4415 Dimicque
2868 4339 3099 4399 Noemi
3119 4359 3141 4399 :
3165 4342 3503 4418 Eccspecca,

2014 4434 2185 4509 filia,
2200 4434 2396 4493 donec
2428 4434 2762 4495 videamus
2782 4456 2970 4514 quem
3002 4457 3099 4496 res
3127 4439 3376 4498 emitum
3399 4440 3509 4498 ha-

2019 4532 2159 4591 beat
2180 4552 2202 4589 :
2225 4551 2426 4611 neque
2453 4534 2631 4591 enim
2659 4535 2923 4595 cessabit
2954 4537 3157 4607 home,
3183 4538 3318 4596 nisi
3345 4556 3508 4597 com-

2008 4630 2289 4705 pleverit
2317 4632 2488 4709 quod
2519 4633 2766 4690 locutus
2793 4642 2906 4693 ese.
