4359 6250
643 2264 703 2308 16.
725 2279 867 2316 xxviii,

605 2329 671 2372 ¹9.

602 3059 738 3106 Joeue
746 3075 783 3104 vi
791 3064 868 3112 ‚⁴26.

603 3261 736 3307 Dent.
748 3274 867 3313 xxvii,

609 3328 656 3367 ¹5
674 3340 684 3377 ;
729 3340 851 3369 xxvm

607 3393 656 3435 15
677 3396 720 3435 et
736 3402 830 3447 seq.

889 477 1010 542 698

1443 497 1790 544 mantnano
1835 497 1896 542 m
1939 499 2074 544 GAP.
2121 497 2251 544 xvu
2292 498 2450 545 unm
2490 500 2689 545 'raum
2729 499 2952 547 amun.
2998 521 3080 532 —
3120 503 3263 548 ΛΒΤ.
3308 502 3431 548 XXV

887 665 1006 730 ctis
1051 686 1120 731 36
1158 667 1384 731 habuit
1422 686 1634 731 coram
1673 668 1821 732 Deo.
1855 670 1935 730 Si
1961 671 2112 739 erit,
2146 667 2208 732 id
2256 677 2373 747 est,
2407 668 2459 730 A
2488 680 2710 731 contra
2738 673 3073 744 orientem,
3102 673 3165 736 id
3198 683 3295 738 est
3324 693 3541 739 versus
3572 676 3823 758 plagam
3852 679 3981 740 ori-

887 785 1016 829 non
1048 767 1402 846 erit,annis
1422 770 1524 828 his
1545 788 1646 828 ros
1675 779 1735 828 et
1756 770 2379 846 pluviamisijuxta

885 869 1016 927 oris
1045 868 1174 926 mei
1205 870 1415 939 verba,
1453 866 1516 928 id
1557 874 1674 943 est,
1711 867 1833 928 nisi
1877 875 2024 928 tunc
2072 876 2135 930 et
2177 885 2379 948 quan-

885 966 966 1029 do
991 965 1340 1048 praedixero
1373 983 1579 1028 rorem
1605 965 2018 1048 pluviamque
2039 974 2374 1040 venturos;

883 1066 984 1130 vel
1019 1064 1144 1126 nisi
1177 1065 1434 1147 quando
1463 1065 1656 1128 verba
1685 1065 1991 1128 orationis
2015 1064 2239 1128 fudero
2260 1083 2377 1146 pro

883 1164 1302 1247 impetrandis
1333 1183 1474 1228 rore
1503 1172 1570 1226 et
1599 1164 1840 1246 pluvia.

961 1265 1102 1327 Haec
1137 1263 1330 1326 totius
1365 1263 1910 1344 magnanimitatis
1941 1283 2014 1327 66
2045 1263 2379 1328 confiden-

885 1363 989 1426 tiae
1021 1363 1214 1426 verba
1259 1361 1419 1425 dixit
1449 1362 1618 1424 Elias
1649 1362 1785 1425 zelo
1825 1362 2112 1444 justitiae,
2147 1383 2223 1426 ex
2255 1363 2379 1444 ple-

887 1462 1152 1524 nissima
1191 1480 1384 1543 quam
1429 1461 1705 1524 habebat
1752 1462 1832 1524 ad
1861 1461 2058 1524 Deum
2111 1461 2374 1538 fiducia,

883 1562 1037 1644 quia
1067 1561 1308 1624 amicus
1337 1561 1446 1623 Dei
1479 1568 1633 1637 erat,
1670 1567 1734 1622 61
1760 1560 1943 1642 quasi
1974 1561 2379 1624 consiliarius

885 1670 949 1724 et
979 1660 1354 1724 secretarius
1388 1659 1526 1741 ejus
1547 1683 1563 1734 ;
1587 1659 1689 1722 vel
1711 1679 1788 1723 ex
1819 1659 2128 1723 instinctu
2157 1659 2379 1723 divino

886 1767 950 1822 et
980 1757 1400 1840 inspiratione
1421 1757 1694 1840 Spiritus
1727 1757 1961 1834 Sancti,
1990 1758 2381 1840 impellentis

2490 771 2788 848 entalem,
2820 782 2880 833 et
2910 775 3285 835 abscondere
3314 777 3387 836 in
3420 786 3695 838 torrente
3727 779 3977 848 Car-ich,

2488 871 2607 950 qui
2650 880 2739 930 est
2787 880 3011 932 contra
3051 876 3425 946 Iordanem,
3474 873 3593 937 hoc
3636 883 3753 952 est,
3800 877 3977 957 juxta

2488 977 2835 1032 torrentem
2880 969 2973 1033 sic
3020 970 3259 1033 dictum
3310 971 3629 1036 absconde
3664 981 3750 1049 te,
3784 984 3846 1034 et
3884 976 3979 1034 ibi

2486 1071 2566 1128 de
2618 1077 2895 1129 torrente
2942 1071 3109 1130 bibes
3121 1095 3150 1142 ,⁰
3192 1073 3523 1152 corvisque
3556 1075 3859 1152 praecepi,
3910 1073 3973 1135 id

2488 1174 2606 1242 est,
2640 1167 2719 1228 ad
2750 1167 2869 1230 hoc
2900 1186 3009 1231 eos
3038 1167 3310 1232 movebo
3350 1170 3707 1235 ministerio
3738 1172 3977 1252 angeli-

2488 1283 2585 1343 66,
2610 1276 2683 1326 ut
2704 1277 2979 1343 pascant
3006 1276 3063 1328 te
3086 1270 3183 1328 ibi
3202 1286 3226 1328 .·
3254 1269 3368 1350 qui
3398 1269 3699 1333 victualia
3728 1270 3846 1332 tibi
3872 1290 3979 1353 ap-

2490 1364 2833 1446 portabunt
2855 1364 3117 1428 ibidem.
3141 1369 3324 1429 Abiit
3342 1388 3516 1446 erqo,
3532 1379 3595 1430 et
3611 1371 3979 1447 feeitjuxta

2490 1466 2753 1524 verbum
2786 1466 3073 1526 Domini.
3122 1468 3457 1546 Quumque
3494 1470 3775 1540 abiisset,
3814 1471 3979 1530 sedit

2488 1564 2563 1621 in
2610 1570 2887 1622 torrente
2930 1565 3154 1624 Caritlz
3196 1566 3315 1644 qui
3360 1575 3448 1626 est
3492 1575 3719 1626 contra
3752 1570 3982 1628 Jorda-

2488 1681 2658 1722 nem.
2706 1663 2896 1722 Corvi
2932 1682 3182 1742 quoque
3218 1666 3587 1741 deferebant
3632 1667 3697 1725 ei
3738 1685 3983 1743 panem

2490 1769 2547 1820 et
2595 1780 2823 1820 earnes
2862 1781 3075 1832 mane,
3108 1762 3227 1825 hoc
3266 1771 3365 1826 est
3402 1763 3555 1826 hora
3586 1763 3862 1846 prandii,
3894 1767 3984 1825 si-

887 1865 1178 1920 sanctum
1209 1855 1420 1920 virum
1460 1857 1538 1919 ad
1583 1856 1704 1920 ista
1741 1856 2032 1920 dicenda.
2067 1857 2180 1921 Vel
2211 1857 2381 1922 Elias
2418 1858 2463 1921 B
2492 1861 2739 1919 militer
2776 1878 3018 1935 panem
3068 1870 3131 1921 et
3171 1881 3397 1923 earnes
3442 1865 3713 1941 vesperi,
3768 1863 3837 1926 id
3883 1872 3985 1926 est

891 1956 1100 2040 primo
1131 1955 1470 2019 Dominum
1500 1955 1807 2034 exoravit,
1825 1965 1894 2019 111
1925 1956 2379 2040 impiissimum

890 2075 1102 2138 regem
1135 2074 1208 2118 ac
1239 2055 1548 2138 populum
1590 2055 1962 2137 pessimum,
2000 2075 2114 2138 per
2144 2056 2385 2120 subtra-

892 2155 1168 2218 ctionem
1203 2155 1362 2217 roris
1393 2173 1465 2216 ac
1495 2152 1730 2236 pluviae
1760 2154 2170 2236 paternaliter
2200 2156 2387 2218 casti-

895 2262 1091 2334 garet,
1117 2262 1189 2316 ut
1208 2253 1310 2316 vel
1341 2253 1433 2316 sic
1463 2253 1796 2316 vexatione
1817 2253 2215 2316 intellectum
2236 2273 2387 2337 prae-

897 2361 1124 2429 stante,
1171 2360 1693 2416 converterentur
1730 2353 1810 2414 ad
1855 2371 2078 2416 verum
2107 2353 2305 2416 Deum
2349 2373 2386 2416 a

896 2451 1074 2516 cultu
1105 2451 1441 2528 idolorum,
1461 2471 1498 2514 a
1517 2450 1751 2533 quibus
1773 2450 1943 2514 infra
1967 2461 2211 2514 tantum
2236 2461 2388 2516 tem-

898 2571 1035 2635 puS‚
1058 2570 1173 2614 1166
1195 2569 1426 2628 1616111,
1446 2570 1562 2614 1166
1585 2551 1868 2633 pluviam
1892 2551 2235 2634 impetrare
2254 2552 2388 2633 qui-

895 2659 1147 2714 verunt.
1169 2649 1501 2732 Quumque
1533 2650 1832 2714 Dominus
1864 2651 2207 2715 revelasset
2233 2651 2387 2714 Elia>

895 2771 963 2814 se
993 2769 1131 2814 esse
1159 2751 1434 2832 desuper
1454 2750 1842 2826 exauditum,
1869 2750 2116 2813 locutus
2137 2758 2234 2812 est
2254 2769 2389 2813 vcr-

895 2849 978 2912 ba
1015 2849 1363 2932 praehabita
1403 2849 1558 2930 regi.
1593 2849 1821 2911 Dicunt
1867 2857 2080 2911 autem
2125 2849 2386 2930 quidam

899 2948 1164 3026 Hebraei,
1183 2949 1593 3032 quod.Achab
1621 2949 1849 3011 videns
1871 2947 2387 3010 maledictionem

2495 1956 2650 2019 hora
2697 1973 2895 2020 coenae
2941 1975 2957 2019 ε
3008 1967 3073 2023 61
3122 1969 3301 2022 616111
3350 1979 3571 2024 6611163
3618 1961 3848 2040 allatae,
3900 1963 3981 2025 ad

2495 2056 2813 2118 edendum
2864 2066 3117 2138 paratae.
3172 2057 3449 2138 Angelus
3504 2069 3719 2123 autern
3772 2061 3983 2125 corvis

2495 2155 2708 2217 attulit
2742 2155 2873 2217 illa.
2918 2159 3003 2218 Et
3040 2159 3283 2220 bibebat
3314 2162 3393 2219 de
3438 2169 3733 2222 torrente.
3766 2159 3983 2225 Voluit

2496 2262 2709 2316 autem
2738 2253 3143 2337 omnipotens
3165 2256 3329 2320 Deus
3360 2257 3887 2340 omnipotentiam
3908 2279 3983 2322 ac

2497 2352 2962 2434 providentiam
3002 2373 3182 2416 suam
3220 2365 3594 2435 monstrare,
3636 2357 3831 2420 etiam
3872 2377 3984 2440 per

2497 2451 2897 2515 irrationales
2927 2461 3246 2516 creaturas
3273 2471 3288 2516 ε
3315 2454 3455 2518 ideo
3493 2474 3621 2518 11611
3652 2473 3769 2538 per
3796 2475 3986 2537 ange-

2499 2550 2654 2627 lum,
2688 2551 2797 2613 sed
2846 2570 2959 2632 per
2990 2569 3215 2616 corvos
3255 2551 3410 2616 fecit
3450 2553 3563 2616 illa
3600 2553 3849 2618 afferri.
3884 2554 3985 2618 Sic

2497 2658 2561 2712 61
2593 2649 2658 2711 111
2691 2668 2856 2714 novo
2885 2650 3307 2730 Testamento‚
3332 2671 3558 2716 corvus
3586 2653 3804 2716 attulit
3831 2673 3985 2736 quo-

2501 2748 2655 2810 tidie
2692 2767 2921 2830 panem
2965 2747 3335 2814 beatissimo
3370 2750 3561 2814 Paulo
3602 2752 3814 2834 primo
3854 2769 3986 2816 ere-

2500 2848 2692 2910 mitae.
2718 2847 2877 2910 Hinc
2909 2866 3166 2930 quoque
3188 2851 3624 2932 perpenditur,
3648 2852 3823 2933 quod
3851 2852 3985 2933 jux-

2500 2956 2564 3010 ta
2592 2947 3111 3010 consuetudinem
3141 2967 3217 3011 ac
3246 2949 3727 3030 congruentiam
3759 2949 3882 3013 loci
3914 2969 3983 3013 ac

899 3048 1100 3132 ipsius
1129 3048 1314 3111 Josue
1344 3048 1754 3132 adimpletam
1789 3047 1854 3109 in
1886 3067 1982 3126 eo,
2017 3047 2132 3130 qui
2163 3047 2385 3110 urbem
2419 3056 2463 3120 C
2502 3046 2806 3129 temporis
2849 3046 3225 3110 nutriendus
3266 3048 3348 3110 sit
3396 3048 3607 3112 homo.
3642 3049 3797 3112 Nam
3835 3048 3985 3112 Eliae

896 3149 1145 3213 Iericho
1174 3147 1539 3225 aedificavit,
1575 3167 1702 3212 non
1736 3155 1948 3211 autem
1995 3147 2389 3212 maledictio·

899 3268 1042 3312 nem
1076 3247 1322 3331 MoysiS,
1355 3248 1466 3330 qui
1511 3245 1934 3311 idololatriam
1979 3246 2098 3309 sub
2137 3248 2382 3325 eadem,

857 3358 868 3376 '
897 3348 1027 3411 imo
1059 3347 1178 3409 sub
1208 3346 1482 3408 multum
1513 3347 1738 3429 majori
1770 3346 2217 3410 maledictione
2248 3365 2391 3428 pro-

897 3446 1126 3520 hibuit,
1174 3466 1372 3527 quum
1414 3454 1626 3509 tamen
1674 3445 1912 3528 Moyses
1965 3445 2158 3508 fuerit
2208 3454 2387 3528 pater

894 3546 1322 3627 magisterque
1351 3546 1558 3621 Josue‚
1585 3544 1745 3607 dixit
1775 3545 1926 3608 Eliae
1947 3564 1984 3607 a
2003 3562 2132 3627 quo
2163 3546 2243 3608 de
2274 3562 2388 3607 sua

897 3645 1256 3709 idololatria
1293 3642 1677 3725 arguebatur
1709 3660 1723 3706 ε
1758 3642 1966 3706 Potest
1997 3642 2285 3706 accidere
2318 3651 2388 3705 ut

893 3744 1158 3809 verbum
1191 3743 1515 3825 discipuli,
1539 3742 1784 3805 scilicet
1802 3741 2005 3817 Josue,
2025 3742 2381 3823 impleatur,

893 3862 1090 3925 quum
1123 3850 1334 3905 tamen
1357 3841 1622 3905 verbum
1655 3840 1962 3919 magistri,
1988 3847 2210 3922 utpote
2229 3841 2389 3922 Moy-

894 3941 1009 4017 313,
1063 3938 1391 4019 contingat
1449 3957 1577 4002 non
1637 3937 1972 4020 adimpleri
2027 3956 2040 3999 :
2096 3939 2268 4019 quod
2321 3939 2387 4002 in

897 4038 1454 4123 parvipensionem
1505 4037 2073 4102 comminationum
2103 4037 2387 4101 Δ1163616111

894 4140 1052 4219 legis
1079 4138 1260 4201 dixit.
1298 4136 1431 4212 Quo
1462 4136 1700 4212 audito,
1727 4136 1894 4198 Elias
1925 4135 2149 4213 oravit,
2170 4144 2243 4198 ut
2270 4155 2388 4199 nec

2500 3146 2621 3209 sub
2650 3146 2914 3209 Mosaica
2946 3146 3083 3227 lege
3126 3147 3301 3211 allati
3334 3157 3483 3211 sunt
3518 3168 3715 3231 panes
3754 3168 3831 3212 66
3859 3169 3985 3212 car-

2502 3264 2615 3309 nes
2664 3244 2763 3307 bis
2806 3245 3096 3327 quolibet
3144 3246 3270 3325 die,
3317 3247 3469 3329 quia
3506 3256 3659 3310 tunc
3704 3249 3983 3311 nondum

2500 3351 2761 3407 venerat
2790 3344 3173 3425 evangelicae
3204 3345 3361 3426 legis
3382 3343 3714 3427 perfectio,
3738 3348 3819 3410 de
3848 3346 3987 3408 abs-

2502 3444 2773 3507 tinentia
2799 3464 2837 3507 a
2868 3443 3167 3507 carnibus
3212 3453 3275 3508 et
3303 3446 3676 3528 quotidiano
3714 3447 3981 3529 jejunio.

2499 3543 2643 3607 Ideo
2672 3542 2866 3607 Paulo
2912 3544 3307 3608 anachoreta,
3352 3563 3477 3608 non
3526 3546 3649 3607 nisi
3692 3547 3887 3609 semel
3920 3546 3985 3607 in

2500 3642 2605 3705 die
2644 3642 2874 3705 allatus
2914 3650 3009 3706 est
3056 3643 3240 3724 panis
3290 3644 3633 3707 dumtaxat.
3677 3644 3981 3726 Denique,

2502 3751 2571 3803 ut
2610 3760 2803 3823 super
2845 3740 3151 3804 Joannem
3192 3742 3284 3804 ait
3308 3742 3815 3825 ChrysoswmuS,
3848 3760 3985 3824 quae

2504 3840 2663 3903 Deus
2694 3840 3264 3921 supernaturaliter
3290 3848 3610 3923 operatur,
3645 3850 3798 3903 sunt
3826 3841 3985 3924 opti-

2500 3958 2623 4015 ma,
2678 3938 2842 4001 sicut
2891 3938 3111 4003 vinum
3161 3939 3333 4021 quod
3363 3939 3649 4002 Christus
3698 3959 3775 4003 ex
3825 3959 3985 4021 aqua

2501 4036 2656 4099 fecit
2684 4036 2750 4098 in
2782 4036 3043 4119 nuptiiS.
3066 4036 3167 4101 Sic
3196 4038 3275 4101 dc
3306 4037 3577 4120 panibus
3596 4046 3660 4101 et
3689 4038 3986 4101 carnibus

2499 4136 2653 4198 Eliae
2673 4136 3240 4218 supernaturaliter
3260 4138 3629 4219 apportatiS,
3648 4137 3987 4201 dicendum

898 4257 1022 4313 163,
1071 4255 1189 4300 1166
1235 4236 1453 4318 pluvia
1503 4236 1580 4298 ad
1631 4244 1884 4317 tempus
1933 4235 2385 4310 descenderetf.
2418 4246 2467 4307 D
2502 4236 2774 4313 videtur,
2823 4236 2995 4317 quod
3040 4243 3221 4297 erant
3268 4234 3452 4299 valde
3498 4234 3651 4299 boni
3690 4237 3985 4318 saporis:

895 4354 1091 4418 seque
1137 4335 1504 4405 exauditum
1549 4333 1939 4415 intelligenS,
1995 4334 2245 4397 locutus
2294 4342 2391 4397 est

895 4434 1092 4500 verba
1122 4434 1518 4516 praeinducta
1545 4434 1622 4497 ad
1652 4433 1890 4496 Achab.

967 4538 1051 4597 Et
1070 4536 1322 4611 factum
1340 4544 1430 4595 est
1451 4536 1714 4595 verbu-m
1728 4533 1998 4593 Domini
2016 4534 2104 4593 ad
2121 4553 2285 4602 eum.
2305 4532 2393 4596 vi-

897 4634 1130 4698 delicet
1161 4635 1236 4696 ad
1269 4634 1472 4697 Eliam
1517 4652 1631 4715 per
1663 4632 2392 4712 angelum,dioens:Re-

899 4738 1045 4795 cede
1075 4736 1254 4807 hino,
1290 4733 1674 4797 discedendo
1705 4731 1786 4794 ab
1817 4731 2016 4813 impio
2045 4730 2285 4809 Achab,
2313 4751 2394 4795 116

897 4835 1170 4896 durante
1201 4832 1456 4895 defectu
1502 4831 1662 4894 roris
1691 4850 1765 4893 66
1800 4830 2054 4913 pluviem,
2089 4840 2151 4893 16
2188 4850 2397 4914 perse-

895 4940 1152 5015 quatur.
1177 4931 1330 4993 Nam
1356 4930 1505 4994 licet
1523 4929 1708 4994 bonis
1735 4929 2102 4992 hominibus
2123 4929 2397 5011 propriae

901 5049 1191 5115 personae
1233 5028 1454 5109 fugere
1495 5029 2026 5112 persecutionem,
2070 5029 2225 5091 dum
2260 5028 2399 5092 sine

908 5129 1207 5195 scandalo
1259 5127 1407 5192 fieri
1458 5136 1684 5211 potest,
1731 5126 1896 5190 sicut
1945 5128 2010 5189 in
2054 5127 2402 5207 Evangelio

2500 4335 3031 4417 quemadmodum
3062 4335 3256 4397 etiam
3286 4335 3353 4397 in
3385 4334 3594 4417 primo
3624 4334 3791 4399 libro
3820 4336 3990 4399 Vita-

2503 4452 2643 4495 rum
2695 4434 2945 4495 Patrum
2992 4432 3186 4496 refert
3232 4433 3650 4516 Hieronymus
3699 4435 3778 4496 de
3828 4453 3989 4517 pane

2503 4531 2791 4614 quotidie
2812 4532 3121 4596 divinitus
3142 4531 3425 4596 exhibito
3453 4532 3706 4595 cuidam
3738 4534 3990 4596 sanctis

2504 4631 2669 4694 simo
2707 4631 3041 4707 monacho,
3093 4632 3263 4712 quod
3310 4640 3444 4694 erat
3476 4631 3983 4703 candidissimuS‚

2506 4730 2863 4813 optimique
2892 4730 3135 4812 saporis
3158 4730 3363 4812 :quod
3392 4738 3455 4793 et
3484 4730 3551 4791 in
3572 4732 3795 4794 eodem
3828 4731 3987 4795 libro

2508 4839 2720 4892 narrat
2752 4829 2830 4892 de
2858 4827 3241 4893 victualibus
3281 4828 3851 4911 supernaturaliter
3890 4848 3989 4911 ap-

2511 4928 2777 5012 portatis
2806 4926 3175 4991 beatissimo
3214 4928 3379 5011 patri
3408 4927 3747 5011 Apollonio
3774 4936 3840 4992 et
3869 4946 3989 4992 mo-

2510 5026 2733 5090 nachis
2762 5028 2924 5109 ejus,

2589 5131 2743 5189 Post
2771 5128 2909 5187 dies
2950 5136 3167 5187 autem
3198 5126 3568 5205 aliquanto-s·
3592 5128 3867 5187 siccatus
3906 5134 3988 5185 est

643 5246 810 5291 11661.
827 5262 870 5300 1,
905 5231 994 5294 ait
1028 5229 1316 5294 Salvator
1352 5246 1366 5290 :
1400 5225 1604 5300 Quum
1648 5225 1964 5310 persecuti
2004 5246 2115 5290 vos
2161 5226 2405 5289 suerint
2516 5237 2779 5289 torrens.
2817 5228 2965 5289 Non
2996 5227 3171 5285 enim
3206 5228 3469 5302 pluerat
3508 5246 3704 5304 super
3736 5234 3983 5287 terram.

899 5330 967 5393 in
1027 5347 1158 5392 una
1200 5327 1480 5404 civitate,
1515 5324 1717 5407 fugite
1759 5326 1824 5418 in
1865 5324 2078 5388 aliam.
2115 5328 2200 5389 Ec
2246 5329 2407 5387 vade
2513 5325 2763 5389 Poterat
2818 5324 2982 5387 Deus
3032 5321 3338 5386 facillime
3394 5342 3625 5405 aquam
3666 5340 3987 5387 conserva·

4040 3967 4191 4010 Ιο-ευινι.
4214 3979 4246 4008 a.

4012 4032 4075 4073 ³-l
4088 4032 4125 4073 ί.
