4359 6250
901 520 1248 568 mannum
1291 520 1354 566 ιΝ
1395 519 1531 566 ω.
1579 519 1686 564 xix
1727 519 1885 564 unm
1932 520 2182 566 saeuum
2225 521 2448 569 nauum.
2494 542 2575 554 —
2614 524 2758 570 aar.
2803 524 2957 572 xxix
3350 510 3469 572 545

365 689 432 752 la
477 690 592 754 illa
641 692 834 754 simul
885 698 1166 774 accepta,
1189 692 1312 755 'vel
1363 689 1868 772 unumquodque
1895 690 1946 750 A
1975 707 2168 770 quam
2199 690 2259 753 ei
2290 691 2738 756 exhibuerunt.
2772 693 3007 756 Eadem
3046 693 3291 758 ratione
3321 715 3465 758 san-

361 807 592 852 eorum
627 809 914 854 seorsum
954 791 1426 854 consideratum
1464 807 1478 851 :
1512 798 1575 853 et
1614 790 1733 853 hoc
1773 807 1868 851 se-
1974 797 2114 850 ctus
2152 788 2349 854 David
2393 791 2701 872 praevenit
2738 791 3031 854 Amasam
3073 792 3287 855 silium
3331 813 3462 856 suae

358 890 582 952 cundo
621 891 812 954 modo
850 891 1066 973 potius
1107 889 1552 972 accipiendum
1586 889 1860 950 videtur.
1975 887 2209 950 sororis
2260 907 2375 970 per
2422 888 2875 966 humilitatem,
2928 891 3041 972 qui
3093 899 3267 954 tanto
3317 891 3461 973 plus

358 987 824 1052 Verumtamen
872 990 1074 1052 multa
1121 989 1290 1051 mala
1335 988 1562 1070 eulpae,
1617 987 1864 1050 accide-
1974 1003 2118 1046 reus
2164 984 2292 1047 fuit
2340 987 2404 1048 in
2458 1005 2691 1067 regem,
2728 996 2968 1069 quanto
3012 990 3152 1070 ejus
3198 989 3461 1053 inimico

355 1095 516 1149 runt
549 1087 671 1170 ipsi
707 1089 923 1165 David,
950 1087 1172 1170 pejora
1203 1088 1303 1151 his
1334 1087 1520 1149 malis
1550 1105 1776 1168 poenae.
1970 1081 2273 1147 Absaloni
2323 1083 2703 1148 familiarior
2755 1085 2961 1149 sactus
3012 1095 3165 1150 erat.
3208 1087 3457 1151 Etenim

440 1189 759 1248 Surreoeic
787 1207 934 1265 erqo
965 1209 1082 1248 rea:
1101 1186 1321 1263 David,
1342 1196 1401 1247 cc
1422 1187 1588 1246 sedit
1617 1187 1690 1244 in
1717 1204 1862 1261 por·
1971 1179 2177 1243 factus
2207 1181 2332 1244 fuit
2360 1186 2659 1265 princeps
2692 1184 2938 1247 militiae
2968 1186 3130 1266 ejuS,
3167 1186 3460 1267 speciali-
3489 1197 3749 1253 luico-xvv.

355 1295 450 1355 tta,
487 1303 828 1367 quousque
871 1284 1186 1348 exereitus
1229 1285 1408 1349 venit
1451 1283 1527 1346 ad
1571 1302 1740 1345 eum.
1773 1285 1860 1343 Et
1968 1286 2190 1361 terque
2220 1281 2531 1344 sollicitus
2561 1290 2624 1344 et
2651 1282 2945 1346 laborans
2978 1302 3093 1366 pro
3123 1283 3326 1366 ipsius
3346 1285 3457 1348 Da·
3486 1263 3553 1302 ²⁵·

350 1384 546 1442 omm'
568 1388 812 1462 populo
841 1386 1225 1445 nuntiatum
1261 1393 1374 1455 est,
1408 1383 1580 1462 quod
1615 1401 1732 1440 reae
1769 1400 1862 1439 se-
1968 1377 2075 1439 vid
2106 1379 2445 1442 deletione.
2480 1384 2704 1442 Sermo
2743 1392 2963 1442 autem
3000 1385 3211 1444 omnis
3250 1385 3459 1444 Israel

351 1484 539 1542 deret
579 1484 654 1542 in
690 1492 904 1560 porta.
939 1484 1244 1562 Venitque
1289 1483 1590 1541 universa
1643 1481 1861 1540 multi·
1959 1490 2343 1554 pervenerat
2381 1485 2469 1541 ad
2506 1501 2739 1557 regem,
2784 1491 2858 1542 ut
2898 1485 3273 1544 reducerent
3311 1505 3459 1546 eum

355 1583 542 1650 eudo,
595 1579 660 1641 id
710 1588 808 1644 est
855 1580 1154 1662 populuS,
1207 1599 1426 1640 coram
1471 1598 1617 1655 reye
1661 1597 1684 1638 .·
1727 1593 1856 1658 quo
1969 1577 2042 1634 in
2086 1579 2350 1639 domum
2386 1581 2549 1654 eju-3,
2583 1583 2742 1660 quia
2782 1584 2959 1642 dixit
2992 1586 3084 1643 eis
3113 1604 3135 1642 .·
3168 1586 3323 1644 Hoec
3362 1587 3461 1644 di-

353 1677 687 1756 veniente,
723 1678 1090 1754 assurrexit,
1124 1685 1188 1741 et
1217 1696 1324 1740 eos
1353 1683 1676 1757 gratanter
1703 1673 1862 1736 hila·
1968 1675 2120 1734 cetis
2148 1678 2238 1735 ad
2258 1681 2583 1752 populum
2610 1681 2787 1740 Juda
2820 1701 2843 1740 .·
2876 1683 3137 1742 Fratres
3170 1683 3297 1742 mei
3326 1702 3458 1754 υοε,

354 1776 648 1859 riterque
699 1778 1000 1860 suscepit.
1044 1779 1252 1838 Israel
1299 1786 1515 1838 autem
1557 1775 1736 1852 fuyit
1785 1775 1858 1834 in
1969 1792 2034 1831 os
2065 1793 2303 1844 meum,
2334 1784 2393 1835 et
2423 1795 2573 1835 caro
2603 1796 2745 1837 mea
2777 1798 2905 1840 vos,
2941 1781 3153 1847 Quare
3190 1781 3461 1840 novissi-

356 1877 784 1936 tabernacula
812 1897 960 1946 sua,
991 1874 1290 1938 videlicet
1319 1872 1414 1935 illi
1454 1872 1860 1954 quitsuerunt
1897 1871 1944 1932 B
1973 1871 2066 1928 mi
2093 1873 2403 1931 reducitis
2436 1893 2645 1949 regem
2666 1875 2697 1933 ?
3084 1892 3087 1894 ’

351 1992 510 2036 eum
529 1972 872 2051 Absalone,
891 1982 954 2037 et
973 1980 1310 2038 evaserunt
1341 1973 1420 2034 de
1452 1971 1694 2054 praelio,
1721 1973 1858 2032 Om-

349 2075 462 2132 m's
502 2093 753 2152 quoque
783 2076 1087 2150 populu-5,
1122 2070 1235 2152 qui
1279 2069 1628 2132 adhaeserat
1667 2068 1859 2131 Absa-

350 2170 518 2248 loni,
551 2173 857 2244 certabat,
892 2171 954 2233 id
1004 2177 1120 2247 est,
1157 2169 1498 2233 verborum
1546 2167 1859 2249 discepta-

351 2270 534 2333 tione
593 2253 925 2333 laborabat
983 2286 1099 2352 pro
1150 2285 1295 2348 rege
1344 2267 1722 2342 revocando,
1775 2268 1854 2328 in

343 2371 608 2430 cunctis
641 2370 934 2430 tribubus
962 2370 1192 2436 Israel,
1222 2369 1440 2427 dicens
1472 2384 1495 2426 .·
1522 2369 1664 2427 Rea:
1708 2367 1857 2424 libe-

343 2469 534 2528 ravit
582 2486 698 2528 nos
743 2469 824 2528 de
873 2485 1078 2527 manu
1131 2466 1558 2525 inimicorum
1607 2473 1852 2524 nostro-

347 2566 769 2648 rum.1taque
795 2563 1116 2627 beneficia
1145 2571 1336 2645 atque
1357 2561 1654 2624 victorias
1687 2560 1854 2642 regis

348 2665 430 2725 ad
465 2663 847 2726 memoriam
887 2661 1292 2737 revocabant,
1329 2661 1550 2742 sicque
1585 2660 1669 2735 ,ad
1707 2677 1855 2721 eum

349 2761 798 2824 rehabendum
829 2759 1364 2824 accendebantur.
1399 2764 1544 2835 Ipse
1571 2759 1854 2818 salvavit

349 2880 472 2921 nos
495 2863 578 2921 de
599 2881 808 2920 manu
829 2859 1361 2928 Philistinorum,
1379 2866 1438 2917 et
1469 2877 1646 2917 nunc
1671 2857 1852 2933 fugit

347 2961 436 3018 de
468 2969 645 3020 terra
677 2968 946 3036 propter
973 2961 1280 3021 Absaton.
1316 2960 1597 3019 Abs-alon
1637 2965 1852 3017 autem

2051 1971 2135 2028 Et
2162 1970 2419 2030 Amasoe
2466 1971 2716 2031 dicite:
2748 1974 2977 2034 Nonne
3025 1995 3091 2035 os
3140 1996 3355 2038 meum
3394 1987 3455 2038 et

1968 2085 2114 2125 caro
2156 2087 2301 2127 mea
2342 2089 2407 2127 cs
2436 2070 2465 2128 ?
2504 2072 2659 2130 Hoec
2702 2071 2872 2130 milzi
2909 2075 3115 2151 faciat
3162 2077 3351 2146 DeuS,
3395 2085 3455 2135 et

1967 2165 2100 2224 lzoec
2126 2167 2350 2237 addat,
2386 2165 2448 2229 id
2472 2174 2588 2243 est,
2613 2186 2728 2249 per
2755 2171 3253 2234 exsecrationem
3283 2173 3451 2254 jur-0,

1965 2263 2024 2320 si
2053 2281 2182 2324 non
2214 2266 2519 2340 magister
2552 2269 2814 2329 militiae
2853 2269 3063 2345 fueris
3101 2289 3318 2331 coram
3359 2292 3459 2332 me

1964 2363 2145 2421 omni
2177 2371 2455 2439 tempore
2474 2384 2595 2442 pro
2625 2367 2784 2425 Joab
2804 2385 2827 2426 .·
2851 2365 2914 2428 id
2948 2374 3065 2443 est,
3091 2385 3219 2431 non
3250 2368 3455 2430 solum

1969 2456 2085 2521 tibi
2115 2457 2437 2522 offensam
2477 2459 2759 2542 ignosc0,
2792 2464 2901 2526 sed
2944 2463 3205 2547 insuper
3242 2485 3457 2529 assero

1965 2557 2135 2637 quod
2196 2555 2427 2620 faciam
2483 2567 2545 2622 te
2596 2560 2955 2643 principem
3016 2563 3264 2626 militiae
3314 2564 3454 2627 loco

1963 2653 2138 2732 Joab,
2159 2655 2413 2738 erisque
2436 2657 2564 2720 vita
2591 2659 2823 2722 comite
2846 2660 3147 2743 princeps
3176 2661 3453 2724 militum

1964 2753 2269 2833 quamdiu
2312 2771 2680 2834 regnaverO.
2706 2757 3153 2822 Verumtamen
3189 2760 3453 2842 quidam

1965 2853 2227 2932 exponit
2256 2853 2369 2930 sic,
2386 2875 2509 2932 pro
2538 2858 2715 2928 Joab,
2745 2856 2807 2918 id
2828 2866 2924 2920 est
2954 2859 3072 2920 sub
3101 2858 3277 2936 Joab,
3298 2861 3456 2942 adji-

1965 2949 2139 3012 ciens
2168 2953 2340 3034 quod
2366 2953 2559 3016 dictio
2591 2952 2658 3015 in
2688 2954 2993 3019 Hebraico
3019 2957 3458 3039 posita‚quan·

348 3078 548 3139 quem
576 3060 897 3118 unct-imus
924 3077 1119 3136 super
1147 3077 1285 3128 7203,
1317 3065 1610 3117 mortuus
1651 3063 1740 3114 est
1779 3056 1853 3112 in
1886 3053 1930 3118 C
1965 3049 2173 3131 doque
2216 3049 2545 3130 significat
2574 3071 2723 3131 pro,
2756 3055 3137 3137 quandoque
3174 3058 3291 3116 sub
3304 3081 3329 3129 ;
3366 3064 3457 3119 ta-

349 3160 543 3218 ὒεῑῑο.
593 3158 918 3237 Usquequo
961 3157 1186 3227 siletis,
1233 3174 1360 3217 non
1409 3154 1730 3236 loquendo
1780 3173 1853 3215 ac

343 3254 750 3318 cohortando
798 3261 869 3315 ut
918 3271 1026 3316 rex
1073 3260 1443 3326 revertatur,
1481 3262 1542 3312 et
1585 3272 1714 3313 non
1759 3271 1852 3310 re-

343 3354 600 3413 ducitis
644 3356 908 3429 reyem?
938 3350 1040 3413 Sic
1089 3350 1517 3432 loquebantur
1563 3350 1640 3411 ad
1693 3348 1852 3413 invi-

345 3468 518 3513 cem.
551 3452 642 3511 E't
683 3452 1030 3510 consilium
1073 3450 1266 3509 totius
1305 3452 1509 3510 Israel
1549 3450 1725 3509 venit
1766 3451 1854 3509 ad

343 3547 775 3629 regem:quia
795 3547 1101 3630 percepit,
1124 3546 1260 3609 sive
1292 3565 1406 3628 per
1435 3544 1672 3624 legatos
1705 3545 1847 3606 mis-

347 3664 458 3707 sos
497 3644 580 3707 ab
620 3643 773 3722 illis,
809 3645 944 3708 sive
983 3663 1097 3726 per
1136 3643 1419 3725 aliquem
1462 3642 1852 3725 praevenien-

348 3752 484 3807 tem
513 3751 581 3806 et
611 3744 742 3824 regi
775 3743 1028 3825 placere
1059 3750 1406 3825 optantem.

433 3846 582 3905 Rem
609 3862 754 3902 vero
783 3844 1004 3903 David
1036 3843 1215 3901 misit
1249 3843 1337 3901 ad
1370 3842 1581 3902 Sadoc
1610 3849 1670 3900 et
1699 3840 1848 3900 Abi-

349 3943 554 4001 athar
593 3943 967 4011 sacerdote-3,
1012 3940 1231 3999 dicens
1271 3959 1294 3997 .·
1339 3939 1722 4017 Loquimini
1765 3939 1852 3996 ad

352 4039 636 4117 majores
663 4047 828 4099 natu
855 4039 1057 4107 Juda,
1091 4036 1156 4097 id
1186 4043 1283 4099 est
1314 4035 1518 4098 tribus
1547 4035 1726 4111 Juda,
1751 4036 1849 4094 di-

345 4146 562 4197 centes
583 4156 606 4195 .·
631 4138 762 4197 Cur
795 4136 1030 4196 venitis
1059 4136 1401 4195 novissimi
1429 4138 1517 4193 ad
1544 4137 1849 4193 reducen-

1964 3166 2109 3210 men
2147 3157 2243 3211 est
2282 3150 2501 3212 eadem
2544 3152 2880 3230 sententia,
2915 3154 3223 3235 quoniam
3252 3155 3453 3218 David

1964 3264 2092 3309 non
2122 3247 2492 3311 intendebat
2522 3267 2815 3314 amovere
2847 3251 3059 3333 ipsum
3088 3252 3241 3316 Joab
3272 3273 3309 3316 a
3337 3272 3453 3317 suo

1961 3344 2209 3423 officio,
2232 3347 2342 3410 sed
2372 3347 2538 3429 quod
2572 3347 2693 3411 iste
2723 3350 3051 3431 suppleret
3081 3351 3253 3415 vices
3285 3353 3447 3434 ejuS‚

1964 3443 2103 3507 loeo
2133 3452 2197 3507 et
2228 3452 2511 3527 tempore
2550 3455 2930 3528 opportuno,
2976 3448 3118 3511 Haec
3158 3448 3290 3511 ille.
3324 3449 3449 3511 Alii

1961 3542 2203 3619 dieunt,
2237 3543 2408 3625 quod
2439 3544 2635 3606 David
2668 3546 3001 3627 proposuit
3045 3547 3255 3629 ipsum
3293 3547 3447 3612 Joab

1960 3641 2040 3703 ab
2069 3639 2296 3703 officio
2326 3660 2440 3704 suo
2468 3643 2808 3723 deponere,
2843 3644 3147 3724 quoniam
3186 3644 3449 3709 Absalo-

1962 3758 2106 3802 nem
2130 3738 2343 3800 filium
2370 3760 2556 3802 suum
2587 3748 2807 3803 contra
2835 3750 3221 3825 praeceptum
3252 3763 3438 3807 suum
3495 3768 3733 3821 mamm.

1961 3837 2195 3900 oceidit
2233 3837 2299 3899 in
2340 3838 2471 3900 suis
2512 3838 2787 3921 peccatis
2824 3856 2838 3900 ε
2872 3840 3043 3920 quod
3084 3840 3307 3922 utique
3339 3860 3448 3905 rex
3479 3834 3633 3883 “⁹³³-

1959 3935 2143 3999 valde
2165 3935 2454 3999 dolenter
2472 3936 2729 4018 accepit.
2746 3937 2825 3998 Et
2842 3936 3053 3999 verius
3085 3947 3259 4020 puto,
3275 3941 3449 4021 quod

1961 4034 2295 4117 proposuit
2332 4054 2479 4097 eum
2518 4034 2598 4097 ab
2635 4034 2858 4098 officio
2899 4053 3245 4113 removere,
3292 4038 3446 4119 quia

1960 4140 2022 4194 et
2048 4132 2358 4214 Josephus
2387 4133 2507 4195 hoc
2538 4132 2811 4196 sensisse
2850 4133 3121 4211 videtur,
3156 4143 3219 4197 et
3260 4134 3449 4217 Magi-—

345 4237 516 4294 dum
533 4252 746 4311 reyem
766 4235 836 4294 in
859 4237 1126 4293 domum
1144 4234 1376 4293 suam?
1395 4250 1468 4293 ae
1488 4231 1542 4292 si
1564 4230 1838 4293 diceret:
1877 4233 1926 4295 D
1959 4238 2087 4293 ster
2109 4230 2174 4292 in
2197 4230 2482 4293 historiis
2511 4231 2601 4294 ait
2630 4232 2921 4313 sequenti
2952 4233 3253 4323 capitum,
3273 4236 3445 4316 quod

343 4331 558 4405 Quum
601 4330 742 4393 sitis
781 4329 1242 4411 consanguinei
1282 4328 1430 4406 mei,
1465 4337 1528 4391 et
1567 4328 1844 4391 detribu

343 4430 572 4492 eadem
620 4429 824 4491 simus
869 4428 1210 4511 progeniti,
1263 4447 1390 4491 non
1441 4429 1622 4491 decet
1667 4428 1840 4509 quod

340 4528 488 4590 aliae
527 4527 735 4589 tribus
773 4527 1034 4590 veniant
1072 4535 1219 4589 ante
1257 4544 1371 4590 vos
1411 4526 1489 4589 ad
1535 4527 1840 4589 reducen-

341 4626 498 4687 dum
545 4644 670 4688 me.
705 4624 811 4687 Isti
852 4625 930 4687 de
968 4625 1142 4688 tribu
1180 4624 1340 4687 Juda
1383 4623 1584 4705 magis
1629 4642 1846 4706 pecca-

343 4732 584 4787 verunt
614 4724 682 4785 in
711 4741 948 4804 regem,
984 4723 1336 4787 recedendo
1365 4742 1402 4785 a
1430 4740 1596 4802 rege,
1633 4731 1695 4785 et
1736 4724 1844 4785 ad-

345 4822 654 4885 haerendo
683 4840 757 4884 ac
787 4822 1151 4884 adsistendo
1180 4820 1542 4883 adversario
1573 4821 1712 4902 ejus
1739 4838 1752 4881 ε
1784 4829 1847 4883 et

348 4930 567 4983 tamen
600 4938 710 4983 rex
740 4938 854 5002 per
892 4920 1318 4982 humilitatem
1363 4919 1672 5001 praevenit
1710 4938 1840 4996 θος,

349 5027 415 5081 et
463 5018 678 5081 reddit
733 5016 898 5079 bona
953 5036 1070 5099 pro
1117 5015 1323 5093 maliS,
1378 5036 1622 5080 memor
1667 5018 1842 5099 quod

73 5128 320 5186 ιιηιςηῃι.
349 5126 538 5180 erant
565 5116 668 5178 sui
699 5116 972 5195 cognati,
991 5124 1055 5179 et
1082 5116 1255 5197 quod
1287 5115 1495 5197 primo
1527 5125 1848 5180 unxerunt

351 5234 503 5279 eum
543 5214 667 5277 sibi
712 5215 778 5277 in
819 5232 1051 5295 regem.
1086 5215 1162 5277 Et
1204 5213 1420 5277 forsan
1460 5233 1673 5303 coram
1703 5234 1850 5296 rege

349 5332 666 5397 apparere
690 5313 1098 5391 erubuerunt,
1116 5321 1376 5396 propter
1397 5313 1848 5378 infidelitatem

613 5446 679 5499 T.
715 5448 764 5498 3.

1957 4329 2155 4391 David
2199 4329 2500 4412 praecepit
2532 4330 2776 4393 Amasae
2816 4339 3118 4413 tanquam
3168 4333 3446 4416 principi

1958 4427 2225 4505 militiae,
2259 4428 2549 4493 Convoca
2592 4428 2748 4491 mihi
2791 4447 3009 4493 omnes
3052 4430 3222 4494 viros
3260 4432 3441 4496 Juda.
3476 4452 3740 4507 utana.

1953 4526 2387 4621 §ommuniter
2409 4546 2663 4609 quoque
2688 4529 3074 4610 expositores
3108 4538 3439 4611 testantur,

1955 4625 2125 4706 quod
2154 4625 2374 4688 eadem
2405 4644 2596 4687 causa
2630 4626 2767 4707 ipse
2795 4626 2947 4689 Joab
2976 4627 3209 4691 occidit
3227 4627 3442 4692 Abner

1956 4731 2018 4786 et
2045 4723 2361 4801 Amasam,
2397 4732 2550 4806 puta
2580 4743 2656 4787 ex
2684 4724 3053 4801 ambitione,
3081 4745 3160 4789 ne
3190 4746 3303 4809 per
3338 4746 3445 4791 eos

1957 4822 2375 4904 impediretur
2415 4842 2452 4885 a
2495 4822 2859 4905 principatu
2902 4824 3169 4888 militiae.
3215 4826 3291 4889 Et
3336 4846 3449 4909 po-

1960 4928 2079 4983 test
2117 4920 2208 4983 sic
2244 4921 2448 5002 argui,
2482 4920 2635 5003 quia
2670 4920 2771 4984 vel
2812 4930 2958 4984 ante
2988 4923 3156 4985 istud
3190 4932 3445 5007 tempus

1957 5038 2085 5101 quo
2107 5018 2303 5081 David
2325 5019 2725 5083 demandavit
2745 5038 2886 5101 quae
2907 5020 3075 5084 dicta
3100 5030 3249 5084 sunt
3269 5022 3450 5086 Ama-

1959 5136 2065 5194 sae,
2101 5117 2327 5179 habuit
2357 5117 2493 5199 ipse
2522 5118 2719 5181 David
2751 5118 3030 5200 aliquem
3063 5120 3247 5202 quasi
3284 5121 3451 5185 vica-

1959 5216 2125 5278 rium
2168 5215 2343 5293 Joab,
2379 5216 2488 5298 qui
2528 5216 2647 5278 sub
2685 5234 2759 5279 eo
2804 5217 3118 5280 militibus
3167 5220 3445 5301 praefuit,

1961 5324 2262 5395 tanquam
2300 5333 2376 5377 ex
2418 5313 2677 5397 speciali
2716 5314 2943 5380 officio
2984 5316 3324 5381 vicariatus
3368 5320 3449 5381 ad

3140 5452 3201 5501 35
