4359 6250
902 490 1022 555 674
1474 506 1820 556 manuario
1861 506 1924 553 m
1966 505 2101 553 car.
2150 506 2213 553 xi
2256 506 2413 552 unni
2454 504 2653 551 ruam
2695 504 2919 553 aucun.
2964 524 3045 535 —
3084 506 3227 552 aar.
3274 502 3423 552 xv111

903 698 1054 742 mon
1087 680 1374 761 regnavit
1400 679 1721 760 octoginta
1748 679 1957 757 anniS,
1992 680 2070 741 ad
2103 680 2272 761 qued
2304 678 2390 742 al·
2416 672 2468 735 A
2494 677 2693 741 aetatis
2724 696 2853 740 suae
2882 696 3071 754 anno,
3097 677 3344 759 accepit
3372 695 3663 758 regnum.
3690 674 3767 737 Et
3799 672 4005 738 solvit

900 778 1070 857 legat
1103 778 1446 859 Josephum
1480 778 1820 854 dicentem,
1857 778 2185 860 Scriptura
2226 786 2391 840 tacet
2496 776 2685 853 istud,
2738 776 3006 839 dicendo
3044 777 3215 857 quod
3260 776 3678 857 Hieronymus
3738 791 3867 836 non
3906 772 4005 835 lo-

902 876 1320 956 quadraginta
1349 895 1550 940 annos
1577 876 1754 956 regni
1787 876 1910 953 sui,
1933 877 2171 958 quibus
2194 875 2391 958 impie
2493 875 2715 955 quitur
2746 874 2833 936 ibi
2865 875 3192 949 assertive,
3228 882 3299 935 ut
3344 872 3679 937 manifeste
3710 879 3887 955 patet
3916 887 4003 933 ex

904 974 1083 1050 vixit,
1121 974 1285 1036 sicut
1330 974 1409 1036 (16
1441 974 1626 1037 Saule
1666 974 1900 1037 dicitur
1949 993 2143 1056 supra
2184 975 2392 1056 primo
2499 972 2635 1035 fine
2665 973 2954 1054 ejusdem
2972 972 3279 1053 epistolae.
3306 971 3424 1035 Sed
3456 971 3793 1053 supposito
3823 969 4002 1051 quod

639 1071 1095 1149 1fleo-111121ibr0,
1123 1072 1293 1153 quod
1332 1071 1579 1136 duobus
1622 1072 1807 1135 annis
1857 1072 2168 1153 regnavit,
2203 1080 2267 1136 et
2307 1080 2393 1134 ta·
2502 1080 2654 1134 tune
2687 1088 2949 1151 regnare
2992 1070 3324 1152 inceperit,
3359 1078 3423 1134 et
3461 1071 3675 1152 ipsum
3716 1069 4003 1132 Roboam

619 1142 659 1185 ¹⁶
907 1179 1128 1235 centur
1157 1171 1376 1232 decem
1407 1178 1471 1233 et
1500 1179 1640 1233 octo
1671 1170 1845 1247 anni,
1872 1170 2106 1251 quibus
2129 1170 2295 1233 male
2326 1188 2393 1233 se
2500 1170 2791 1250 genuerit
2822 1169 2911 1232 ita
2940 1177 3011 1232 ut
3040 1168 3283 1231 dictum
3315 1178 3429 1246 est,
3465 1168 3811 1251 respondet
3843 1185 4007 1249 quo-

906 1268 1151 1331 habuit.
1176 1268 1296 1331 Sed
1329 1268 1497 1331 istud
1529 1268 1826 1351 reprobat
1845 1269 2024 1350 Lyra,
2050 1268 2389 1350 adjiciens:
2503 1269 2691 1331 modo
2740 1268 2859 1331 hoc
2900 1268 2983 1329 sit
3017 1267 3345 1349 possibile,
3380 1267 3707 1330 adducens
3758 1266 3837 1327 ad
3880 1265 4007 1328 boc

907 1369 992 1430 De
1021 1368 1190 1430 dicto
1210 1366 1483 1448 Magistri
1506 1386 1732 1448 parum
1763 1376 1859 1431 est
1886 1367 1992 1429 hic
2013 1368 2391 1444 curandum,
2507 1366 2869 1447 exemplum
2929 1366 3261 1446 cujusdam
3318 1364 3607 1428 mulieris
3656 1363 4006 1426 nutrientis

907 1465 1212 1547 quoniam
1242 1466 1619 1529 contradicit
1639 1466 1762 1528 sibi
1793 1466 1915 1548 ipsi
1947 1474 2012 1527 et
2034 1466 2397 1548 Scripturae.
2508 1464 2869 1547 parvulum,
2900 1465 3016 1545 qui
3046 1463 3112 1526 in
3152 1465 3375 1527 eodem
3418 1483 3565 1527 cum
3596 1482 3673 1525 ea
3716 1463 3885 1525 lecto
3910 1463 4008 1543 ja-

910 1564 1065 1626 Nam
1103 1564 1279 1639 dicit,
1315 1564 1485 1645 quod
1517 1564 1812 1626 Salomon
1859 1564 2155 1627 undecim
2202 1582 2401 1627 anno-
2509 1562 2715 1639 cebat,
2752 1570 2816 1625 et
2844 1581 3045 1643 quum
3092 1562 3413 1625 decimum
3460 1581 3701 1624 annum
3751 1561 4009 1643 imples-

915 1681 1055 1724 rum
1075 1662 1296 1741 genuit
1315 1661 1615 1739 Roboam,
1637 1671 1699 1724 et
1727 1662 1895 1743 quod
1919 1662 2198 1725 Roboam
2224 1672 2401 1744 patre
2512 1670 2627 1738 set,
2662 1669 2725 1725 et
2764 1660 2903 1743 ipsa
2940 1659 3251 1724 calefacta
3290 1659 3515 1724 fuisset
3544 1660 3719 1735 vino,
3756 1659 4008 1721 induxit

915 1780 1030 1823 suo
1062 1768 1330 1837 mortuo,
1353 1759 1476 1821 fuit
1513 1760 1935 1841 quadraginta
1972 1770 2036 1823 et
2071 1761 2263 1823 unius
2296 1780 2403 1823 an·
2514 1772 2782 1841 puerum
2815 1760 2890 1821 ad
2928 1760 3250 1822 carnalem
3294 1759 3609 1841 copulam,
3644 1768 3711 1821 et
3740 1758 3833 1821 sie
3862 1758 4007 1820 aliis

624 1868 887 1923 Hister-nv.
917 1858 1006 1935 ni,
1041 1859 1106 1920 in
1146 1877 1272 1939 qua
1313 1858 1504 1922 etiam
1549 1867 1730 1921 aetate
1769 1859 1964 1940 coepit
2007 1877 2290 1939 regnare,
2332 1868 2403 1921 ut
2440 1858 2486 1923 B
2517 1857 2807 1921 noctibus
2850 1857 3289 1939 sequentibuS,
3338 1876 3479 1941 quae
3522 1858 3601 1921 de
3647 1876 3847 1939 puero
3890 1855 4005 1917 illo

625 1934 693 1974 ²¹·
918 1956 1090 2019 infra
1132 1956 1404 2031 dicitur3
1459 1956 1678 2037 sicque
1736 1956 2075 2020 revertitur
2125 1956 2406 2039 primum
2514 1956 2826 2039 concepit,
2860 1965 2923 2019 et
2955 1955 3123 2018 infra
3152 1958 3316 2019 duos
3336 1974 3585 2019 menses
3617 1966 3836 2019 uterus
3866 1956 4005 2035 ejus

914 2056 1179 2131 dictum,
1216 2055 1512 2118 videlicet
1542 2055 1710 2135 quod
1751 2053 2046 2117 Salomon
2087 2056 2246 2119 vixit
2274 2064 2407 2118 tan·
2513 2055 2838 2117 intumuit.
2864 2054 3283 2136 Hieronymus
3318 2063 3525 2117 tamen
3556 2054 3857 2117 attribuit
3884 2054 4005 2115 hoe

912 2162 1046 2216 tum
1080 2154 1542 2235 quinquaginta
1572 2162 1634 2215 et
1664 2153 1912 2217 duobus
1945 2154 2155 2215 anniS.
2512 2153 2714 2235 magis
2744 2152 2965 2216 virtuti
2999 2153 3255 2229 divinae,
3291 2172 3481 2235 quam
3513 2162 3778 2229 naturae,
3814 2162 3883 2214 ut
3910 2170 4007 2214 oc-

992 2252 1229 2315 Deinde
1271 2252 1612 2334 respondet
1645 2252 1826 2332 juxta
1862 2252 2186 2333 propriam
2230 2272 2404 2315 men·
2512 2251 2757 2315 cultum
2790 2250 3038 2315 facinus
3070 2271 3183 2333 per
3212 2252 3472 2315 evidens
3494 2252 3751 2332 signum
3771 2252 4007 2333 pande—

911 2358 1060 2426 tem,
1105 2350 1392 2412 addendo
1427 2366 1440 2411 :
1475 2349 1661 2413 Salvo
1705 2349 1956 2412 meliori
1997 2351 2265 2432 judicio,
2311 2352 2405 2415 vi-
2512 2358 2706 2413 retur.
2732 2350 2808 2411 Et
2837 2350 2928 2413 sic
2958 2350 3354 2429 arguendum
3385 2358 3481 2415 est
3510 2351 3589 2412 ad
3608 2350 3999 2432 oppositum,

912 2448 1096 2510 detur
1135 2448 1497 2524 dicendum,
1532 2448 1705 2529 quod
1737 2448 2032 2511 Salomon
2065 2458 2401 2530 postquam
2510 2449 2680 2530 quod
2713 2448 3008 2512 Salomon
3052 2449 3286 2512 virtute
3330 2456 3573 2511 naturae
3616 2468 3747 2511 non
3785 2449 4005 2530 genuit

911 2546 1330 2627 quadraginta
1351 2546 1550 2608 annis
1592 2547 1901 2627 regnavit,
1946 2554 2233 2609 mortuus
2280 2556 2396 2625 est,
2511 2548 2790 2611 Roboam
2820 2569 3021 2631 quum
3052 2549 3349 2612 undecim
3386 2556 3555 2611 esset
3582 2567 3920 2612 annorum.

911 2653 976 2707 et
1013 2644 1318 2709 successit
1355 2645 1414 2708 ei
1459 2644 1525 2706 in
1565 2662 1833 2725 regnum
1880 2644 2059 2708 filius
2110 2647 2250 2728 ejus
2286 2648 2404 2710 Ro·
2592 2648 2733 2711 Haec
2769 2648 2947 2729 Lyra.
2980 2648 3046 2709 In
3090 2646 3273 2729 cujus
3306 2647 3519 2710 verbis
3558 2648 3763 2709 multa
3804 2647 4005 2711 conti·

911 2742 1120 2819 boam,
1175 2742 1416 2805 habens
1466 2742 1884 2824 quadraginta
1931 2752 1994 2806 et
2043 2764 2242 2806 unum
2292 2763 2403 2807 an-
2514 2754 2745 2808 nentur
2776 2747 3037 2822 incerta,
3064 2753 3127 2808 et
3148 2746 3435 2827 quaedam
3465 2764 3611 2827 quae
3640 2765 3771 2809 non
3787 2745 4005 2809 viden-

911 2860 1096 2917 num,
1153 2840 1319 2903 sicut
1369 2840 1525 2903 dicit
1575 2840 1920 2923 Scriptura.
1973 2842 2091 2905 Sed
2145 2843 2403 2925 quando
2514 2852 2614 2906 tur
2658 2862 2843 2926 posse
2892 2842 3145 2907 salvari.
3182 2843 3257 2904 Et
3296 2843 3524 2925 primo,
3560 2845 4003 2925 prosequendo

910 2939 1206 3002 Salomon
1237 2938 1431 3021 coepit
1463 2957 1745 3019 regnare,
1775 2959 1902 3003 non
1935 2941 2140 3003 solum
2173 2941 2403 3005 habuit
2514 2941 2577 3004 id
2605 2943 2779 3024 quod
2808 2943 2885 3004 ad
2916 2942 2982 3003 B.
3016 2942 3380 3024 Hieronymi
3412 2942 3606 3005 verba
3636 2944 3999 3023 respondet,

908 3037 1244 3101 duodecim
1293 3056 1515 3113 annOS,
1566 3046 1637 3099 ut
1680 3037 1760 3100 ab
1801 3038 1943 3101 aliis
1990 3040 2247 3117 dicitur,
2289 3042 2398 3103 sed
2438 3037 2481 3100 C
2510 3049 2774 3121 apparet
2815 3041 3179 3116 dicendum,
3213 3040 3384 3121 quod
3430 3041 3568 3122 ipse
3607 3040 3669 3103 S.
3704 3041 4005 3124 Hierony-

912 3156 1040 3201 non
1071 3137 1396 3219 probatur,
1431 3156 1548 3200 nee
1579 3157 1655 3201 ex
1685 3139 1825 3220 ipsa
1855 3138 2180 3221 Scriptura
2210 3139 2403 3204 habe·
2512 3159 2649 3202 mus
2674 3139 2738 3202 in
2762 3140 2873 3202 illa
2892 3140 2968 3202 ad
2988 3139 3260 3202 Vitalem
3280 3140 3549 3222 epistola
3568 3141 4004 3222 praesupponit

912 3242 1036 3312 tur,
1061 3236 1214 3317 quia
1241 3234 1541 3317 exprimit
1561 3255 1764 3298 annos
1795 3237 1972 3317 regni
2003 3237 2100 3300 sui
2136 3247 2399 3315 tantum,
2513 3257 2629 3320 pro
2658 3257 2831 3316 vere,
2868 3240 3039 3321 quod
3082 3239 3379 3303 Salomon
3427 3240 3761 3303 duodecim
3813 3241 4005 3304 exsis-

913 3353 1042 3397 non
1072 3342 1285 3397 autem
1328 3353 1528 3397 annos
1573 3336 1736 3416 ejuS,
1770 3337 2025 3416 quando
2065 3337 2261 3419 coepit
2309 3357 2407 3400 re-
2514 3344 2653 3398 tens
2691 3345 3029 3414 annorum,
3074 3337 3271 3420 coepit
3313 3356 3599 3418 regnare.
3634 3339 3738 3402 Sic
3770 3340 4001 3404 etenim

911 3449 1128 3512 gnare,
1154 3450 1269 3494 nec
1299 3450 1498 3495 annos
1533 3432 1724 3495 totius
1758 3433 1903 3497 vitae
1933 3454 2064 3497 suae
2100 3451 2114 3496 :
2151 3435 2280 3499 imo
2302 3437 2407 3498 ha.-
2514 3435 2603 3496 ait
2644 3451 2659 3496 :
2694 3434 3058 3516 Deprecaris
3110 3444 3180 3497 ut
3230 3454 3540 3517 exponam
3588 3436 3708 3498 tibi
3760 3457 3997 3514 causaS,

913 3529 1056 3593 buit
1085 3529 1312 3612 viginti
1349 3549 1549 3592 annos
1587 3531 1687 3594 vel
1729 3531 1943 3612 plures
1985 3532 2050 3594 in
2084 3533 2404 3615 principio
2513 3551 2709 3614 quare
2758 3532 3055 3596 Salomon
3104 3541 3167 3596 et
3209 3534 3417 3596 Achaz
3468 3535 3767 3598 undecim
3813 3555 4003 3599 anno-

914 3629 1094 3709 regni
1125 3629 1259 3703 sui·,
1281 3637 1343 3692 et
1372 3629 1485 3705 sic,
1509 3630 1766 3710 quando
1797 3639 2086 3692 mortuus
2119 3630 2147 3693 f
2153 3632 2265 3708 uit,
2300 3632 2406 3694 ha·
2514 3649 2678 3707 rum,
2706 3631 2880 3694 filios
2911 3632 3209 3712 genuisse
3230 3632 3542 3696 dicantur.
3563 3633 3626 3696 Si
3657 3635 3833 3697 enim
3862 3637 4007 3698 due-

914 3726 1054 3789 buit
1082 3727 1158 3789 ad
1190 3726 1402 3789 minus
1425 3727 1750 3807 sexaginta
1778 3747 2000 3790 annos.
2027 3729 2102 3790 Et
2135 3729 2224 3791 ita
2254 3748 2404 3793 con·
2514 3729 2761 3792 decimo
2792 3748 2960 3794 anno
2992 3731 3289 3794 Salomon
3322 3751 3513 3813 super
3544 3733 3731 3796 lsrael
3766 3735 4005 3816 accepit

913 3825 1243 3890 venienter
1273 3834 1479 3907 potest
1510 3826 1658 3902 dici,
1693 3827 1864 3907 quod
1906 3835 2048 3908 post
2086 3829 2404 3910 quinqua·
2516 3827 2877 3908 imperium,
2912 3835 2975 3891 et
3014 3828 3439 3910 quadraginta
3472 3829 3658 3893 annis
3691 3833 4000 3912 regnavit,

914 3923 1092 4004 ginta
1121 3941 1320 3986 annos
1351 3923 1554 3985 aetatis
1577 3943 1707 3986 suae
1736 3925 2116 4005 depravatus
2149 3925 2176 3987 f
2181 3927 2274 3988 uit
2296 3945 2408 4008 per
2518 3924 2825 4006 filiusque
2869 3927 3009 4006 ejus
3039 3927 3318 3990 Roboam
3356 3947 3557 4008 quum
3598 3930 4005 4012 quadragesi-

918 4022 1219 4085 mulieres
1256 4039 1270 4084 :
1305 4029 1368 4084 et
1401 4030 1551 4083 tunc
1583 4031 1830 4104 poterat
1860 4023 1986 4086 dici
2019 4044 2408 4106 senex,quo—
2516 4043 2691 4085 mum
2722 4042 2963 4086 annum
2994 4033 3206 4104 ageret
3236 4025 3461 4102 aetatis,
3495 4026 3658 4108 patri
3702 4029 4007 4092 successit

922 4120 1092 4181 niam
1141 4127 1203 4182 et
1233 4119 1468 4183 Levitae
1514 4121 1832 4202 completo
1879 4140 2046 4184 anno
2085 4123 2231 4186 vitae
2279 4143 2409 4187 suae
2518 4121 2586 4183 in
2636 4138 2923 4200 regnum,
2961 4123 3372 4204 perspicuum
3414 4131 3529 4200 est,
3564 4124 3863 4188 undecim
3904 4146 4007 4188 an-

919 4216 1728 4298 quinquagesimo,servire
1759 4220 2090 4282 cessabant
2114 4221 2178 4282 in
2206 4220 2411 4284 taber·
2439 4224 2487 4285 D
2520 4238 2746 4282 norum
2782 4219 2978 4282 fuisse
2997 4220 3397 4284 Salomonem
3420 4221 3519 4286 vel
3551 4223 3795 4300 decem,
3822 4245 4009 4306 quan-

653 4321 891 4373 Num-vm,
921 4314 1170 4390 nacu10,
1195 4323 1498 4396 tanquam
1530 4335 1734 4392 seneS,
1762 4325 1831 4378 ut
1860 4317 2128 4380 habetur
2148 4319 2214 4380 in
2247 4319 2411 4384 libro
2519 4319 2600 4380 do
2648 4317 2945 4382 videlieet
2988 4319 3211 4398 genuit
3238 4320 3540 4383 Roboam.
3592 4321 3744 4394 Quis
3798 4325 4009 4388 crede-

628 4387 696 4428 ²⁵‘
921 4413 1360 4476 Numerorum.
1409 4413 1485 4475 Et
1527 4433 1603 4477 ex
1645 4415 1762 4478 hoc
1813 4424 1986 4496 patet
2025 4419 2197 4498 quod
2241 4419 2413 4481 Salo-
2521 4425 2637 4492 ret,
2666 4423 2733 4477 ut
2783 4416 3077 4478 undecim
3120 4436 3433 4480 annorum
3476 4437 3633 4499 puer
3679 4431 4009 4500 generaret

921 4530 1072 4575 mon
1113 4529 1240 4574 non
1274 4512 1494 4592 genuit
1523 4512 1799 4576 Roboam
1841 4514 2136 4578 undecim
2167 4515 2271 4580 vel
2305 4518 2411 4580 de-
2521 4512 2777 4576 filium?
2808 4514 2998 4576 Multa
3033 4523 3097 4576 et
3134 4513 3261 4576 alia
3304 4515 3369 4576 in
3404 4515 3745 4598 Scripturis
3787 4520 4010 4583 dicun-

919 4627 1058 4673 cem
1105 4627 1441 4686 annorum,
1491 4611 1599 4672 sed
1648 4610 1848 4673 multo
1900 4610 2206 4694 plurium,
2255 4615 2410 4696 quia
2519 4620 2641 4688 tur,
2677 4631 2821 4693 quae
2868 4611 3166 4676 videntur
3215 4612 3638 4691 incredibilia,
3682 4625 3745 4679 et
3792 4626 4005 4681 tamen

919 4709 1233 4772 contraxit
1269 4727 1414 4771 cum
1456 4717 1658 4770 matre
1696 4709 1899 4791 ipsius
1944 4711 2224 4774 Roboam
2264 4721 2411 4794 post
2520 4719 2669 4772 sunt
2698 4729 2867 4774 vera.
2900 4710 3114 4791 Neque
3144 4711 3319 4774 enim
3340 4713 3507 4776 valet
3536 4723 3761 4777 natura
3790 4727 4009 4780 contra

920 4825 1100 4868 suam
1131 4804 1628 4868 coronationem.
2519 4817 2761 4871 naturae
2801 4809 3159 4872 Dominum.
3197 4810 3435 4874 Deinde
3476 4811 3543 4873 in
3589 4813 3701 4875 illa
3738 4815 4009 4897 epistola

1002 4903 1237 4966 Deinde
1256 4904 1415 4984 Lyra
1445 4911 1665 4966 contra
1686 4906 1821 4967 haec
1841 4905 2089 4987 objicit,
2104 4907 2258 4988 quia
2278 4907 2412 4970 Hie·
2518 4905 2960 4988 multipliciter
2990 4908 3348 4989 persuadet,
3386 4908 3544 4972 illud
3576 4929 3694 4974 nec
3724 4911 4009 4995 impossi-

921 5020 1222 5083 ronymus
1259 5001 1322 5062 in
1363 5001 1634 5083 epistola
1671 5003 1749 5064 ad
1779 5002 2048 5066 Vitalem
2089 5006 2411 5088 presbyte-
2521 5004 2671 5082 bile,
2708 5023 2823 5068 nec
2853 5005 3229 5070 incredibile
3270 5009 3551 5088 reputari
3583 5009 3855 5087 debere3
3892 5031 4003 5076 nec

922 5119 1062 5162 rum
1079 5101 1156 5162 de
1183 5099 1516 5163 Salomone
1547 5108 1608 5162 et
1637 5100 1863 5177 Achaz,
1890 5103 2143 5165 videtur
2171 5103 2407 5181 dicere,
2519 5103 2784 5166 dubium
2836 5122 2974 5166 esse
3024 5112 3232 5186 potest
3276 5105 3617 5186 diligenter
3656 5107 3894 5189 legenti
3940 5111 4008 5173 il-

919 5198 1091 5279 quod
1123 5197 1419 5262 Salomon
1460 5199 1756 5261 undecim
1799 5219 2110 5263 annorum
2150 5201 2265 5266 vel.
2294 5203 2411 5263 mi-
2522 5200 2645 5264 lam
2679 5202 3034 5283 epistolam,
3069 5203 3228 5284 quin
3263 5203 3429 5266 istud
3462 5203 3659 5269 fuerit
3688 5207 3769 5270 de
3799 5217 4004 5272 mente

920 5313 1042 5357 nus
1088 5297 1311 5376 genuit
1354 5295 1654 5371 Roboam,
1701 5305 1764 5359 et
1812 5299 1983 5378 quod
2033 5299 2409 5363 duodecimo
2524 5301 2908 5382 Hieronymi,
2944 5301 3296 5382 praesertim
3328 5304 3633 5383 quoniam
3668 5307 3829 5369 etin
3868 5308 4002 5371 aliis
