4359 6250
610 1545 873 1597 ludic.1x‚5.

625 3231 869 3282 Gen,xvi,l,-

603 3297 645 3346 4;
665 3309 762 3347 xxx,
782 3297 865 3346 ³-5;

603 3357 636 3400 ll
651 3359 799 3413 Rev-v,
808 3361 824 3400 ¹
833 3361 865 3400 3,

624 3526 652 3570 1
655 3527 746 3572 bid.
756 3541 814 3579 xi,
825 3529 866 3570 4.

637 5003 780 5048 Hebr.
803 5018 859 5057 xi,

598 5069 664 5111 32.

911 459 1028 523 160

1691 476 2039 523 munuum
2082 476 2142 525 m
2186 476 2322 522 CAP.
2369 475 2475 522 vlu
2515 476 2787 523 sumnum.
2834 496 2913 506 —
2954 476 3097 523 Am.
3142 477 3223 523 XV

906 647 1020 711 illo
1050 666 1165 730 per
1195 648 1337 725 hoc,
1373 648 1544 730 quod
1591 655 2056 711 consenserunt
2097 646 2221 723 his,
2254 664 2399 728 quae
2430 646 2481 709 A
2512 647 2681 709 infra
2738 649 2817 711 de
2880 648 3181 711 Samsone
3243 647 3489 711 dicetur
3544 647 3714 728 quod
3784 644 3991 707 filiam
4048 663 4249 709 mem-1.

905 745 1158 809 Gedeon
1189 754 1410 808 contra
1441 745 1644 825 legem
1679 745 1851 823 fecit,
1878 754 1940 807 et
1971 742 2403 807 communica-

905 852 1136 907 verunt
1165 845 1223 907 ei
1259 845 1324 906 in
1356 844 1566 927 culpa.
1606 844 1964 908 Fornicatio
1987 844 2310 924 equidem,
2332 843 2399 903 in

909 943 1252 1025 Scripturis
1285 962 1401 1025 pro
1430 963 1832 1025 quacumque
1873 942 2126 1007 mortali
2167 942 2402 1023 accipi-

907 1051 1011 1104 tur
1039 1042 1250 1124 culpa,
1287 1062 1414 1107 non
1447 1043 1656 1106 solum
1689 1062 1805 1123 pro
1835 1040 2078 1106 carnali
2124 1041 2403 1104 fornica-

908 1141 1082 1205 tione
1106 1150 1168 1204 et
1199 1141 1582 1204 idololatria.
1610 1143 1694 1202 Et
1723 1143 1974 1218 factum
2003 1150 2093 1201 est
2120 1140 2401 1201 Gedeoni

905 1250 964 1301 et
1003 1244 1182 1302 omni
1211 1242 1436 1301 domui
1475 1242 1616 1317 ejus
1647 1242 1720 1299 in
1760 1242 2074 1301 ruinam:
2107 1238 2259 1320 quia
2289 1237 2401 1299 Ge-

905 1340 1068 1402 deon
1103 1338 1390 1419 peccavit
1421 1337 1486 1399 in
1521 1338 1726 1414 hiS,et
1758 1336 1883 1398 filii
1917 1337 2015 1398 sui
2047 1335 2399 1399 communi-

904 1445 1211 1500 caverunt
1258 1436 1314 1499 ei
1368 1436 1434 1498 in
1485 1436 1674 1517 culpa
1723 1435 1862 1498 hac.
1915 1434 2176 1517 Propter
2224 1434 2397 1515 quod

907 1535 1072 1598 Deus
1117 1536 1288 1616 justo
1335 1534 1577 1616 judicio
1619 1534 1911 1617 permisit
1953 1552 2173 1597 omnes
2221 1532 2396 1596 filios

904 1634 1044 1715 ejus
1085 1634 1404 1716 legitimos
1442 1635 1598 1714 (uno
1628 1634 1914 1714 dempto)
1946 1632 2173 1708 occidi,
2216 1632 2397 1712 juxta

902 1734 1162 1796 modum
1195 1732 1260 1795 in
1294 1732 1584 1814 sequenti
1617 1732 1898 1814 capitulo
1935 1732 2269 1813 scriptum.

2509 746 2987 809 Philistinorum
3036 746 3219 809 duxit
3265 747 3326 808 in
3378 746 3715 826 conjugem
3764 764 3779 807 ;
3824 743 3996 825 quod

2512 846 2860 907 secundum
2904 845 3107 925 legem
3150 846 3210 907 ei
3256 864 3381 908 non
3428 845 3629 907 licuit.
3678 844 3797 905 Sed
3842 842 3997 923 quia

2509 962 2771 1025 peccare
2810 944 3161 1005 humanum
3200 951 3317 1019 est,
3354 944 3407 1005 si
3448 942 3679 1005 mulier
3718 940 3829 1003 illa
3866 960 3998 1003 non

2514 1040 2638 1102 luit
2683 1041 2995 1105 Gedeonis
3042 1060 3201 1105 uxor
3249 1041 3553 1121 legitima,
3606 1038 3993 1103 credendum

2510 1139 2761 1201 videtur
2800 1140 2970 1220 quod
3012 1158 3139 1203 non
3180 1140 3291 1202 diu
3332 1138 3563 1202 mansit
3604 1138 3670 1200 in
3713 1137 3825 1201 illo
3856 1156 3999 1219 pec-

2508 1246 2671 1315 cato,
2706 1237 2759 1299 si
2794 1238 3016 1301 illicite
3046 1238 3272 1301 habuit
3300 1257 3473 1303 eam:
3510 1256 3637 1319 quo
3666 1238 3837 1313 dato,
3862 1254 3997 1299 cer-

2514 1345 2644 1399 tum
2694 1345 2791 1399 cst
2837 1338 3008 1420 quod
3061 1357 3208 1401 vere
3260 1338 3407 1400 inde
3461 1336 3785 1418 poenituit.
3838 1335 3993 1397 Nam

2510 1435 2824 1513 subditur,
2862 1438 3282 1516 Mortuus-que
3312 1446 3401 1496 est
3435 1438 3683 1495 Gedeon
3719 1436 3791 1495 in
3820 1454 3993 1493 sene-

2506 1544 2674 1594 ctute
2704 1536 2863 1595 bona
2904 1557 2927 1595 .·
2967 1534 3136 1615 quod
3177 1535 3257 1597 (16
3289 1534 3466 1596 nullo
3497 1532 3987 1616 praecedentium

2504 1631 2792 1712 judicum
2834 1633 3139 1715 scriptum
3174 1642 3289 1709 est,
3326 1652 3407 1696 ne
3437 1630 3601 1695 forte
3631 1632 3711 1693 dc
3746 1630 3994 1693 salvati-

2505 1747 2626 1792 one
2664 1738 2727 1793 et
2766 1731 3098 1794 sanctitate
3140 1730 3451 1793 Gedeonis
3494 1729 3639 1811 quis
3682 1728 3983 1807 ambigat,

983 1835 1069 1893 Ει
1107 1835 1496 1893 humiliatus
1539 1842 1627 1891 est
1661 1833 1938 1893 Madian
1974 1851 2193 1891 coram
2229 1832 2393 1907 filiis
2430 1832 2477 1893 B
2504 1829 2805 1909 quoniam
2856 1829 3384 1912 reprehensibilia
3434 1828 3727 1910 quaedam
3778 1828 3857 1889 de
3906 1845 3983 1889 eo

898 1934 1126 2003 Israel,
1162 1930 1225 1993 id
1265 1938 1382 2008 est,
1419 1930 1642 1993 dlvina
1673 1928 1910 1992 virtute
1949 1929 2100 1991 victi
2141 1936 2291 1990 sunt
2329 1936 2393 1990 et

896 2029 1128 2111 dejecti
1170 2048 1282 2112 per
1313 2028 1649 2107 IsraelitaS,
1689 2049 1802 2089 nec
1823 2037 2178 2105 potuerunt
2210 2030 2389 2087 ultra

895 2130 1164 2189 cervices
1193 2132 1437 2189 elevare
1451 2152 1477 2199 ,·
1495 2131 1606 2187 sed
1635 2129 1883 2207 quievit
1909 2137 2084 2187 terra
2099 2146 2218 2203 per
2238 2145 2393 2205 qua-

895 2229 1210 2305 drayinta
1261 2246 1484 2297 anno-5,
1519 2227 1751 2306 quibus
1785 2226 2064 2303 praefuit
2113 2227 2387 2294 Gedeon,

897 2323 1017 2386 sub
1047 2324 1232 2405 cujus
1271 2323 1678 2405 praesidentia
1710 2342 1838 2387 non
1874 2332 2026 2385 sunt
2060 2321 2385 2404 inquinati

901 2422 1281 2486 idololatria.

979 2524 1204 2584 Habui
1209 2532 1352 2602 tque
1371 2521 1782 2598 septuaqinta
1801 2524 1999 2599 filios,
2019 2522 2136 2602 qui
2157 2521 2391 2597 eyressi

895 2630 1050 2681 sunt
1073 2623 1152 2680 de
1179 2621 1420 2697 femore
1448 2620 1612 2695 eJ'uS,
1625 2626 1688 2680 et
1719 2616 1884 2681 forte
1913 2618 2158 2699 aliquas
2194 2618 2386 2696 filias,

2498 1928 2629 2009 jam
2662 1928 2899 2010 scripta
2929 1936 3105 2003 sunt3
3139 1939 3199 1989 et
3227 1932 3512 2006 sepultus
3540 1937 3631 1987 est
3663 1929 3735 1987 in
3774 1930 3983 2003 sepul-

2499 2046 2604 2087 cro
2640 2031 2790 2089 Joas
2826 2030 3039 2105 patris
3080 2029 3187 2089 sui
3226 2029 3299 2087 in
3338 2029 3567 2103 Epkra
3604 2029 3685 2086 de
3720 2028 3985 2107 familia

2502 2127 2688 2187 Εενί.

2582 2227 2932 2306 Postquam
2981 2236 3201 2286 autem
3244 2234 3535 2285 mortuus
3577 2232 3668 2283 est
3715 2226 3985 2294 Gedeon,

2499 2326 2711 2384 aversi
2746 2335 2897 2385 sunt
2927 2326 3061 2401 filii
3099 2326 3304 2385 Israel
3342 2330 3554 2385 mente
3584 2340 3623 2383 a
3664 2322 3813 2395 Deo,
3846 2330 3983 2383 tan-

2498 2440 2690 2503 quam
2741 2422 3159 2503 ingratiss1mi
3207 2440 3281 2484 ac
3331 2420 3614 2504 pessimi,
3662 2428 3855 2502 atque
3901 2420 3981 2481 ad

2500 2539 2688 2583 omne
2709 2519 2944 2583 malum
2978 2519 3371 2602 pronissimi,
3386 2519 3736 2602 praesertim
3758 2519 3834 2581 ad
3856 2518 3987 2581 ido-

2501 2618 2853 2693 lolatriam3
2886 2629 2945 2680 et
2965 2621 3282 2696 fornicati
3299 2629 3450 2680 sunt
3477 2637 3589 2701 per
3612 2617 3986 2681 idololatrias

897 2740 966 2779 eo
997 2722 1168 2799 quod
1189 2723 1411 2795 plures
1442 2720 1696 2778 haberet
1738 2738 1988 2777 uxores.
2020 2720 2391 2779 Concubina
2499 2718 2740 2781 crimen
2761 2739 2908 2779 cum
2930 2721 3211 2779 Baalim.
3230 2720 3815 2796 Percusseruntque
3832 2738 3979 2777 cum

897 2827 1114 2878 autem
1138 2818 1322 2876 illius
1345 2817 1576 2893 yenuit
1603 2818 1664 2875 ei
1692 2817 1912 2893 filium
1943 2818 2207 2877 nomine
2225 2818 2385 2878 Abi·
2498 2821 2669 2878 Βααῑ
2711 2819 2943 2895 foeduS,
2990 2828 3061 2877 ut
3102 2826 3255 2877 esset
3282 2819 3373 2875 eis
3416 2818 3487 2877 in
3530 2820 3723 2878 deum
3769 2838 3793 2875 .·
3838 2832 3991 2897 quo-

897 2919 1154 2977 meleclz.
1204 2915 1513 2989 Quaeritur
1560 2935 1642 2978 an
1688 2914 2049 2979 concubina
2105 2916 2217 2977 illa
2264 2915 2385 2978 fuit
2502 2915 2671 2978 niam
2704 2914 2977 2978 firmiter
3007 2915 3987 2997 statuerunt,promiserunt,seu

897 3034 1054 3079 uxor
1101 3015 1239 3097 ejus
1284 3013 1590 3095 legitima,
1641 3034 1722 3077 an
1773 3016 2080 3078 adultera.
2118 3016 2386 3079 Videtur
2425 3022 2468 3086 C
2495 3014 2891 3095 juraverunt,
2927 3015 3007 3077 de
3043 3023 3251 3078 cetero
3283 3013 3349 3075 in
3390 3013 3533 3094 ejus
3572 3013 3753 3075 cultu
3782 3032 3991 3095 perse-

896 3114 1069 3196 quod
1121 3112 1312 3178 fuerit
1360 3133 1516 3178 uxor
1565 3114 1728 3196 ejuS‚
1776 3114 1929 3195 quia
1981 3114 2079 3176 vir
2130 3124 2387 3178 sanctus
2498 3132 2749 3191 verare,
2803 3114 3155 3178 secundum
3212 3112 3383 3195 quod
3442 3111 3629 3176 electi
3690 3111 3989 3176 Israelita

899 3212 1041 3289 luit,
1077 3232 1205 3277 non
1244 3213 1512 3276 adulter.
1548 3213 1711 3293 Ergo
1751 3232 1878 3294 qua
1917 3215 2161 3277 ratione
2194 3214 2388 3277 Abra-
2497 3214 2881 3294 quandoque
2930 3221 3381 3295 percusserunt
3427 3211 3635 3274 foedus
3684 3232 3830 3275 cum
3872 3213 3988 3276 Do-

896 3311 1068 3388 ham,
1090 3310 1280 3375 Jacob
1309 3321 1372 3376 et
1402 3311 1597 3374 David
1627 3321 2009 3374 excusantur
2037 3312 2118 3374 ab
2147 3313 2389 3376 adulte-
2496 3311 2695 3388 mino,
2727 3312 2897 3393 quod
2928 3319 3093 3374 esset
3131 3311 3224 3374 eis
3267 3309 3331 3373 in
3365 3310 3581 3374 Deum.
3620 3313 3755 3374 Nec
3783 3331 3986 3372 recor-

900 3409 1016 3486 rio,
1063 3409 1353 3491 quamvis
1403 3409 1792 3473 concubinas
1832 3410 2130 3473 habuisse
2174 3411 2387 3474 dican-

900 3516 1023 3586 tur,
1055 3509 1348 3590 quamvis
1378 3508 1456 3571 de
1487 3509 1831 3572 concubitu
1863 3529 2009 3572 cum
2043 3509 2386 3573 Bethsabee

896 3607 1091 3672 David
1125 3626 1253 3671 non
1284 3615 1616 3671 excusetur
1651 3625 1664 3669 :
1699 3607 1813 3689 qui
1844 3616 2056 3670 tamen
2089 3608 2386 3672 concubi-

895 3724 1008 3767 nas
1031 3705 1329 3768 habuisse
1350 3704 1666 3784 leguntur,
1682 3703 2384 3787 quoniam-concubium

897 3804 962 3866 in
1009 3803 1351 3885 Scripturis
1397 3803 1764 3884 frequenter
1808 3812 2117 3867 vocantur
2157 3822 2385 3867 uxores

895 3902 1108 3963 minus
1140 3900 1560 3982 principales3
1597 3900 1689 3963 sic
1714 3901 2111 3964 excusandus
2136 3901 2386 3965 videtur

893 3999 1334 4062 ctGedeon.In
1366 3999 1728 4082 oppositum
1759 3999 1937 4078 argui
1971 4008 2195 4081 potest,
2211 4001 2379 4081 quod

891 4096 1250 4161 concubina
1270 4097 1402 4159 haec
1417 4096 1728 4160 Gedeonis
1755 4116 1883 4161 non
1906 4097 2215 4161 habitavit
2236 4119 2381 4162 cum

2493 3413 2639 3472 daci
2674 3421 2828 3472 sunt
2866 3412 3133 3471 Domini
3178 3411 3297 3472 Dei
3338 3413 3471 3479 sui,
3516 3412 3632 3489 qui
3682 3409 3867 3472 toties
3918 3419 3983 3472 et

2498 3515 2625 3570 tam
2660 3509 2765 3590 pie
2793 3513 2965 3570 eruit
2994 3529 3093 3569 eos
3120 3511 3200 3568 de
3230 3509 3526 3570 manibus
3557 3510 3979 3570 inimicorum

2492 3627 2759 3666 suorum
2788 3607 3083 3666 omnium
3105 3626 3226 3682 per
3254 3606 3645 3676 circuitum;
3675 3625 3788 3664 nec
3816 3606 3981 3681 fece-

2495 3715 2652 3765 runt
2693 3706 3201 3766 misericordiam
3230 3723 3377 3764 cum
3412 3706 3599 3763 domo
3630 3705 3927 3763 Jerobaac
3958 3725 3983 3762 .-

2496 3802 2560 3864 id
2590 3811 2707 3880 est,
2728 3801 3063 3866 beneficiis
3094 3803 3235 3882 ejus
3266 3801 3525 3864 luerunt
3558 3801 3788 3881 ingrati
3811 3802 3985 3864 circa

2500 3900 2673 3965 filios
2705 3902 2847 3983 ejus
2890 3901 3206 3983 legitimos
3254 3899 3661 3982 principaleS‚
3706 3919 3979 3982 quorum

2496 3999 2745 4063 nullum
2774 4008 3257 4082 assumpserunt
3290 3999 3354 4061 iu
3382 3999 3818 4081 judicem,nec
3840 4019 3985 4062 cru-

2492 4099 2883 4162 delissimam
2943 4117 3163 4162 eorum
3213 4097 3599 4162 occisionem
3658 4117 3805 4162 mox
3856 4098 3981 4161 ulti

891 4215 965 4259 eo
999 4197 1066 4258 in
1097 4195 1329 4277 Ephra,
1363 4197 1472 4258 sed
1505 4203 1743 4258 remote
1771 4196 1853 4258 ab
1885 4215 1957 4259 eo
1999 4196 2066 4259 in
2099 4196 2374 4260 Sichem.
2415 4195 2463 4256 D
2494 4207 2662 4261 sunt.
2700 4197 3005 4262 Praeterca
3041 4198 3393 4276 Augustino
3442 4205 3730 4274 testante,
3764 4206 3827 4261 et
3870 4198 3989 4260 ha-

889 4295 983 4357 Ad
1031 4294 1198 4357 istud
1242 4294 1501 4376 quidam
1548 4295 1790 4372 dicunt,
1840 4296 2012 4376 quod
2058 4295 2181 4358 fuit
2224 4315 2382 4360 uxor

885 4393 1030 4474 ejus
1069 4393 1441 4455 secundaria
1481 4401 1541 4456 et
1584 4393 1904 4474 adjuncta.
1940 4393 2065 4456 Alii
2106 4396 2374 4476 opinan-

892 4500 992 4554 tur
1013 4491 1408 4574 oppositum3
1434 4491 1524 4554 sic
1557 4500 1790 4569 tamen,
1817 4494 1986 4573 quod
2017 4493 2377 4557 concubina

893 4590 1002 4653 illa
1031 4609 1158 4653 non
1199 4591 1324 4652 fuit
1364 4609 1477 4672 pro
1519 4599 1668 4653 tunc
1706 4591 1966 4654 alterius
2006 4611 2186 4657 uxor.
2222 4593 2375 4655 Nam

892 4698 954 4752 ct
985 4688 1052 4752 in
1075 4688 1460 4752 Scholastica
1495 4688 1694 4752 fertur
1725 4689 2013 4768 historia,
2032 4692 2205 4773 quod
2242 4691 2381 4757 Abi-

893 4788 1137 4852 melech
1160 4786 1282 4850 fuit
1302 4787 1609 4850 naturalis
1633 4787 1809 4850 filius
1823 4788 2136 4853 Gedeonis
2157 4799 2222 4854 et
2242 4811 2381 4874 spu·

894 4886 1044 4949 rius.
1080 4887 1200 4949 Sed
1231 4886 1486 4963 mirum,
1517 4887 1569 4949 si
1605 4895 1815 4950 tantus
1848 4888 1946 4950 vir
1974 4889 2088 4970 qui
2121 4891 2379 4972 praefuit

892 4985 1129 5068 populo
1167 4985 1300 5062 Dei,
1352 4994 1414 5048 et
1455 4984 1621 5048 inter
1661 4986 1921 5050 Sanctos
1961 4987 2041 5050 ab
2071 4988 2377 5070 Apostolo

893 5093 1274 5158 numeratur,
1312 5084 1950 5162 fuit‚concubinarius
1982 5095 2044 5149 et
2073 5087 2323 5150 adulter
2358 5109 2373 5154 τ

893 5183 1018 5246 nisi
1057 5183 1217 5247 forte
1248 5183 1393 5265 quis
1433 5192 1632 5266 putet,
1665 5187 1837 5268 quod
1877 5205 1952 5248 cx
1995 5187 2379 5268 dispensati-

891 5301 1012 5346 onc
1044 5281 1261 5346 divina
1293 5281 1584 5348 habuerit
1619 5303 1778 5363 eam,
1815 5286 2164 5351 secundum
2201 5287 2376 5368 quod

2492 4299 2679 4362 betur
2728 4297 2795 4360 in
2838 4297 3083 4374 Glossa,
3132 4305 3277 4378 post
3325 4305 3591 4359 mortem
3640 4295 3979 4374 GedeoniS‚

2490 4397 2744 4477 gravius
2789 4395 3162 4474 transgressi
3201 4415 3275 4458 ac
3318 4394 3610 4458 fornicati
3652 4403 3801 4458 sunt
3851 4394 3983 4457 tilii

2490 4497 2700 4573 lsrael,
2748 4514 2941 4577 quam
2984 4503 3131 4557 ante
3182 4501 3437 4576 propter
3486 4494 3694 4575 ephod
3748 4493 3983 4576 praefa-

2494 4604 2651 4672 tum,
2684 4613 2811 4676 quo
2856 4592 2923 4654 in
2970 4592 3328 4656 idololatria
3370 4592 3467 4654 usi
3500 4592 3818 4656 dicuntur.
3852 4593 3981 4656 Sed

2489 4693 2724 4755 mirum
2755 4693 3027 4770 videtur,
3054 4692 3108 4753 si
3146 4691 3396 4755 Gedeon
3429 4691 3716 4773 peccavit
3756 4690 3821 4753 in
3855 4712 3981 4756 usu

2490 4793 2697 4875 ephod
2730 4799 2921 4872 atque
2950 4789 3174 4854 officio
3205 4791 3623 4866 sacerdotum,
3642 4791 3814 4871 quod
3844 4809 3981 4854 non

2491 4890 2614 4953 fuit
2656 4890 2918 4973 punitus
2962 4909 2997 4952 a
3036 4890 3183 4965 Deo,
3217 4889 3751 4970 quemadmodum
3802 4889 3982 4952 Ozias

2492 5009 2599 5053 rex
2618 4987 2805 5051 lsrael
2832 4989 2976 5070 :qui
3007 5007 3207 5070 quum
3242 4986 3610 5050 thurificare
3640 4988 3977 5070 coepisset,

2490 5107 2637 5151 mox
2657 5106 2995 5169 percussus
3017 5094 3113 5149 est
3134 5086 3324 5168 lepra,
3345 5105 3539 5168 quum
3566 5095 3774 5149 tamen
3795 5087 3982 5150 Ozias

2488 5186 2692 5250 multo
2720 5186 2935 5248 minus
2966 5204 3034 5248 se
3074 5185 3489 5248 intromiserit
3515 5186 3590 5248 de
3619 5184 3845 5249 officio
3880 5205 3983 5250 sa-

2488 5285 2813 5362 cerdotali,
2838 5303 3029 5367 quam
3062 5283 3313 5348 Gedeon
3340 5307 3355 5358 ς
3392 5303 3506 5348 nec
3537 5283 3909 5366 increpatus
3940 5305 3981 5348 a

4028 728 4113 767 ¹4.

4066 5009 4101 5052 ll
4132 5009 4222 5050 ΙΨ.

4012 5086 4121 5121 nn,
4141 5074 4197 5112 ¹9.
