4359 6250
872 505 991 568 262

1568 527 1914 574 muliano
1956 527 2017 572 IN
2060 526 2198 573 cAP.
2244 525 2288 571 11
2330 524 2487 570 LIBRI
2527 525 2696 573 mum
2739 526 2963 572 numm.
3009 546 3088 556 —
3130 527 3272 574 ΛΒΤ.
3317 527 3384 573 111

876 695 1219 758 Phenenna
1252 697 1331 759 (16
1362 706 1565 760 morte
1596 699 1866 762 duorum
1902 695 2190 758 filiorum
2223 713 2366 758 suo·
2393 694 2443 756 A
2477 695 2614 777 prie
2645 714 2773 759 non
2807 696 3174 777 significent
3205 697 3328 760 nisi
3372 716 3593 774 unum,
3629 697 3752 760 hoc
3793 698 3967 760 dem-

878 810 1021 857 rum
1072 795 1508 876 superstitum,
1534 796 1863 859 humiliter
1907 797 2155 858 Annam
2193 811 2366 874 roga-

877 893 993 970 vit,
1030 901 1099 955 ut
1128 881 1338 957 oraret
1359 913 1473 976 pro
1504 895 1634 957 vita
1665 905 1728 958 et
1767 893 2249 958 conservatione
2291 891 2316 953 f
2321 893 2369 953 i-

878 990 1111 1053 liorum
1160 1010 1419 1055 suorum
1473 994 1885 1075 superstitum
1924 1011 1939 1055 t
1974 993 2143 1075 quod
2188 992 2370 1053 Anna

880 1088 1055 1152 fecit.
1083 1089 1225 1152 Ideo
1258 1091 1383 1153 duo
1418 1090 1539 1153 filii
1574 1091 1668 1153 illi
1698 1091 2077 1169 Phenennae,
2102 1091 2181 1152 de
2212 1097 2370 1152 cete-

881 1205 953 1250 ro
984 1187 1258 1269 reputati
1291 1197 1438 1250 sunt
1478 1188 1603 1251 filii
1642 1189 1861 1266 Annae,
1891 1189 2198 1271 quoniam
2229 1187 2367 1269 ejus

883 1285 1183 1367 precibus
1222 1295 1372 1348 sunt
1413 1288 1771 1351 conservati
1817 1287 1883 1349 in
1925 1287 2058 1350 vita
2091 1308 2104 1351 ε
2151 1286 2370 1368 sicque

881 1383 1115 1446 dicitur
1136 1392 1376 1466 septem
1410 1386 1756 1468 peperisse.
1778 1387 1854 1449 Et
1877 1385 1981 1448 isti
2016 1384 2258 1448 Hebraei
2282 1385 2371 1447 di-

881 1491 1037 1546 cunt
1055 1483 1457 1546 Phenennam
1482 1485 1702 1546 decem
1734 1484 1905 1547 filios
1927 1484 2242 1546 habuisse.
2265 1484 2370 1545 His

882 1580 1105 1662 adjicit
1133 1581 1325 1664 Lyra:
1352 1583 1489 1645 lstae
1517 1582 1945 1665 expositiones
1977 1601 2105 1645 non
2140 1583 2372 1645 haben-

886 1687 985 1741 tur
1015 1681 1095 1743 de
1126 1688 1321 1758 textu,
1357 1682 1467 1744 sed
1497 1681 1577 1743 ab
1616 1681 1895 1744 Hebraeis
1926 1690 2253 1764 ponuntur
2293 1683 2371 1744 ad

885 1777 1351 1842 verificandum
1384 1779 1503 1842 hoc
1534 1778 1797 1852 dictum,
1823 1779 2070 1861 Peperit
2100 1787 2368 1861 septem.

2476 802 2608 875 pt0,
2641 796 2810 875 quod
2842 795 2997 858 dicit
3027 797 3366 859 modernos
3397 795 3691 859 Hebraeos
3729 796 3838 860 hic
3871 797 3967 859 dia

2478 911 2622 955 cere
2641 893 2916 975 Septem,
2944 894 3128 975 quasi
3159 894 3409 976 antiqui
3439 895 3684 959 Hebraei
3716 896 3806 960 ita
3837 915 3966 962 non

2478 989 2756 1053 dixerint
2790 1009 2803 1052 :
2839 993 3008 1073 quod
3043 1001 3253 1055 tamen
3285 993 3441 1055 dicit
3469 994 3800 1077 opinative
3837 1015 3967 1058 ma-

2479 1088 2577 1169 gis
2607 1108 2800 1171 quam
2843 1091 3169 1154 assertive.
3203 1091 3543 1155 Sciendum
3587 1111 3760 1173 ergo,
3795 1097 3964 1176 quod

2480 1187 2670 1251 etiam
2711 1189 2957 1271 antiqui
2995 1190 3238 1252 Hebraei
3282 1190 3368 1253 ita
3408 1191 3741 1268 dixerunt3
3777 1194 3966 1276 siqui-

2479 1288 2622 1350 dem
2647 1287 3056 1370 Septuaginta
3085 1289 3176 1352 sic
3201 1289 3694 1354 transtulerunt:
3719 1291 3968 1356 Sterilis

2482 1385 2730 1467 peperit
2767 1393 3032 1467 septem,
3067 1394 3130 1448 et
3159 1385 3364 1450 fetosa
3395 1387 3462 1448 in
3493 1387 3651 1450 filiis
3684 1389 3970 1453 infirma-

2482 1490 2544 1544 ta
2575 1491 2690 1546 est.
2711 1484 2942 1546 Textus
2971 1503 3227 1565 quoque
3256 1503 3383 1566 quo
3415 1486 3612 1548 utitur
3639 1487 3964 1568 Origenes,

2483 1581 2575 1644 sic
2623 1583 2908 1645 continet
2959 1599 2974 1645 :
3025 1582 3446 1666 Quoadusque
3493 1585 3730 1648 sterilis
3781 1604 3972 1670 pepe-

2481 1679 2566 1741 rit
2596 1678 2930 1761 plurimOS.
2962 1681 3296 1744 Praetaetas
3322 1691 3530 1745 autem
3562 1683 3968 1748 Hebraeorum

2484 1778 2880 1841 narrationes
2912 1797 3024 1840 seu
3053 1780 3504 1861 expositioneS,
3538 1780 3844 1862 Origenes
3883 1805 3972 1848 re-

884 1878 1027 1941 Ideo
1056 1877 1271 1940 verius
1301 1877 1554 1941 videtur
1584 1877 1947 1955 dicendum,
1972 1879 2142 1958 quod
2174 1886 2374 1940 trans·
2409 1875 2456 1938 B
2486 1874 2969 1957 putat-fabulas,
2989 1877 3115 1940 Hoc
3144 1886 3357 1941 tamen
3393 1877 3566 1955 facit,
3590 1881 3670 1942 ad
3703 1881 3973 1946 innuen-

885 1976 1037 2039 latio
1084 1983 1298 2039 nostra
1346 1984 1443 2039 est
1493 1977 1740 2053 melior,
1787 1975 2005 2040 dicens
2059 1993 2072 2037 :
2123 1976 2374 2058 Peperit

887 2074 1221 2158 plurimos
1256 2074 1410 2136 Nam
1450 2074 1644 2138 dictio
1685 2075 2011 2152 Hebraica‚
2048 2083 2202 2157 puta
2246 2075 2375 2137 Sci-

886 2173 1071 2250 beah,
1129 2171 1232 2235 hic
1278 2171 1506 2253 posita,
1551 2173 1876 2254 aequivoca
1918 2181 2015 2236 est
2059 2174 2136 2236 ad
2178 2173 2375 2255 signi-

888 2272 1217 2336 ficandum
1268 2279 1533 2352 septem,
1588 2291 1780 2352 quam
1830 2272 2374 2352 signi-ficationem

890 2379 1246 2453 sequuntur
1278 2369 1382 2432 hic
1412 2370 1657 2432 Hebraei
1689 2371 1981 2434 moderni
2007 2395 2022 2446 ς
2070 2381 2133 2435 et
2160 2372 2240 2434 ad
2274 2373 2377 2435 de-

890 2469 1272 2549 signandum
1316 2467 1695 2545 satietatem,
1739 2477 1802 2531 et
1845 2469 2009 2533 hanc
2052 2469 2378 2551 significa-

889 2567 1125 2631 tionem
1180 2575 1436 2630 secutus
1486 2576 1584 2629 est
1631 2576 1847 2630 noster
1896 2569 2266 2646 translator,
2316 2578 2379 2632 et

891 2665 1161 2730 forsitan
1211 2674 1362 2729 tunc
1411 2665 1654 2728 Hebraei
1709 2666 2374 2748 hanc,sequebantur.

892 2765 1257 2828 Secundum
1296 2765 1415 2829 hoc
1455 2783 1605 2845 ergo
1635 2764 1817 2826 Anna
1857 2765 2107 2848 peperit
2133 2766 2380 2828 satieta-

891 2871 1043 2940 tem,
1080 2863 1201 2926 hoc
1241 2871 1359 2939 est,
1404 2862 1628 2925 habuit
1658 2882 1891 2946 pueros
1923 2865 2001 2926 ad
2044 2863 2381 2927 sufficien-

892 2961 1047 3022 tiam
1086 2978 1099 3022 ε
1134 2960 1307 3041 quod
1345 2961 1657 3042 expressit
1684 2961 2126 3043 HieronymuS,
2170 2961 2380 3024 dicen-

2483 1975 2634 2036 dum
2666 1975 2835 2055 quod
2870 1975 3224 2038 versiculus
3269 1975 3390 2040 iste
3431 1979 3508 2040 ad
3550 1977 3828 2042 litteram
3869 2001 3975 2044 ex·-

2484 2071 2636 2152 poni
2668 2090 2793 2134 non
2828 2080 3020 2153 queat
3047 2073 3126 2135 de
3157 2074 3358 2152 Anna,
3384 2094 3528 2157 quae
3558 2094 3685 2139 non
3723 2079 3974 2161 peperit

2483 2179 2750 2252 septem,
2785 2171 2896 2233 sed
2923 2171 3232 2253 quinque.

2567 2271 2884 2329 Dominus
2916 2271 3266 2348 mortificat
3293 2281 3354 2332 et
3385 2274 3699 2350 vivificat.
3735 2274 3864 2339 Hoc
3894 2278 3974 2339 ad

2488 2366 2763 2429 litteram
2809 2366 3062 2430 videtur
3101 2369 3282 2430 Anna
3318 2369 3576 2448 dixisse,
3609 2373 3763 2454 quia
3800 2372 3975 2438 filios

2484 2465 2843 2529 Phenennae
2865 2465 3023 2530 vidit
3056 2465 3120 2527 in
3154 2467 3383 2548 spiritu
3408 2469 3790 2535 occidendos
3809 2491 3846 2534 a
3869 2475 3976 2538 Do-

2487 2565 2685 2640 min0,
2713 2563 2872 2627 filiis
2905 2564 3037 2626 suis
3069 2565 3134 2626 in
3168 2564 3364 2628 vitam
3395 2568 3972 2649 progredientibus,

2489 2662 2718 2744 Sicque
2757 2665 3018 2723 deducit
3049 2667 3138 2724 ad
3175 2664 3419 2741 inferos
3461 2666 3705 2730 animas
3749 2669 3979 2732 defun-

2489 2769 2758 2838 ctorum,
2795 2760 3104 2823 sumendo
3144 2759 3471 2825 infernum
3511 2764 3644 2828 sive
3675 2785 3792 2848 pro
3838 2767 3979 2833 loco

2487 2860 2956 2935 damnatorum,
3012 2859 3150 2922 sive
3196 2878 3313 2942 pro
3363 2861 3563 2926 limbo
3605 2880 3974 2946 puerorum,

2491 2957 2628 3020 sive
2657 2975 2772 3040 pro
2804 2957 3004 3020 limbo
3042 2966 3316 3041 patrum,
3353 2959 3490 3025 sive
3528 2980 3644 3043 pro
3689 2974 3982 3045 purgato-

892 3060 997 3137 do,
1048 3058 1383 3122 Plurimos,
1434 3059 1511 3120 Et
1560 3058 1681 3122 hoc
1719 3059 2208 3122 convenientius
2258 3058 2383 3122 fuit
2413 3065 2456 3129 C
2492 3055 2608 3134 rio,
2641 3067 2701 3116 et
2731 3060 2984 3119 reducit
3016 3067 3300 3122 mortuos
3330 3058 3717 3140 suscitando,
3736 3063 3838 3128 vel
3869 3083 3981 3129 eos

894 3159 1129 3236 dicere,
1178 3177 1367 3240 quam
1418 3159 1471 3221 si
1518 3158 1801 3236 dixisset,
1845 3159 2232 3237 Satietatem,
2280 3160 2381 3223 vel

896 3257 1078 3336 Satis,
1105 3258 1454 3320 secundum
1484 3258 1655 3339 quod
1686 3257 1857 3321 idem
1898 3258 2053 3321 dicit
2082 3258 2386 3341 Hierony-

896 3375 1036 3417 mus
1070 3355 1137 3417 in
1167 3354 1439 3437 epistola
1467 3356 1546 3417 ad
1585 3356 2079 3433 Pammachium‚
2115 3357 2192 3419 de
2220 3357 2385 3439 opti-

896 3472 1001 3517 mo
1031 3471 1263 3533 genere
1294 3453 1781 3536 interpretandi,
1821 3455 1992 3535 quod
2032 3454 2259 3518 melior
2290 3455 2386 3517 in—

898 3552 1266 3635 terpretatio
1310 3570 1438 3615 non
1482 3570 1737 3634 semper
1779 3552 2080 3615 transfert
2119 3553 2384 3617 verbum

897 3671 974 3714 ex
1002 3650 1221 3727 verbo,
1255 3650 1365 3713 sed
1407 3649 1727 3713 interdum
1768 3670 2027 3713 sensum
2062 3670 2137 3713 ex
2169 3670 2382 3715 sensu.

978 3750 1212 3812 Verum
1242 3756 1465 3812 contra
1491 3748 1625 3811 haec
1656 3748 1879 3811 scribit
1910 3748 2109 3812 Rabbi
2132 3750 2383 3827 PauluS,

900 3848 1196 3925 dicendo,
1230 3848 1397 3929 quod
1439 3846 1635 3910 dictio
1674 3847 1817 3925 ista,
1856 3846 2143 3925 Scibeah,
2180 3849 2249 3910 in
2279 3848 2390 3911 He-

2491 3156 2602 3237 qui
2654 3157 2927 3220 letaliter
2976 3156 3410 3235 infirmantur,
3455 3162 3757 3225 curando.
3797 3163 3982 3227 Tales

2492 3255 2662 3318 enim
2696 3264 2876 3319 erant
2905 3256 3090 3338 quasi
3124 3257 3189 3318 in
3221 3257 3326 3319 via
3355 3257 3433 3320 ad
3467 3257 3730 3323 inferos.
3763 3265 3986 3323 Domi-

2491 3375 2618 3415 nus
2629 3352 2984 3431 pauperem
3003 3357 3168 3432 facit
3188 3365 3248 3415 et
3267 3358 3458 3417 ditat.
3473 3355 3784 3430 Quosdam
3805 3360 3980 3422 enim

2491 3454 2664 3534 justo
2693 3453 2935 3534 judicio
2967 3453 3176 3534 privat
3207 3454 3474 3516 terrenis
3505 3455 3769 3534 divitiis,
3794 3476 3984 3539 quos-

2495 3551 2638 3612 dam
2671 3548 3111 3631 spiritualibus
3140 3550 3394 3632 opibuS,
3413 3571 3574 3634 quos
3605 3573 3641 3616 a
3670 3554 3980 3619 virtutum

2497 3648 2754 3729 fastigio
2784 3667 2969 3712 ruere
2999 3648 3191 3723 sinit3
3237 3649 3394 3713 alios
3436 3653 3753 3716 contrario
3793 3656 3985 3719 modo

2497 3748 2676 3811 ditat.
2712 3751 3045 3810 Humiliat
3090 3748 3421 3830 superbOS,
3453 3762 3513 3811 et
3549 3754 3838 3814 sublevat
3873 3754 3988 3817 hu-

2497 3847 2704 3909 miles,
2724 3847 3103 3911 Litteraliter
3123 3866 3379 3929 quoque
3409 3848 3692 3913 insinuat
3709 3850 3988 3916 Pheneu-

900 3947 1069 4010 braeo
1102 3964 1229 4008 non
1261 3954 1357 4007 est
1385 3946 1642 4028 proprie
1670 3945 2017 4027 aequivoca,
2054 3956 2244 4028 prout
2285 3947 2390 4010 hic
2501 3964 2645 4007 nam
2696 3944 2916 4007 sobole
2963 3945 3248 4023 divitem,
3303 3964 3443 4010 esse
3492 3948 3986 4031 depauperatam

903 4044 1183 4127 ponitur.
1219 4043 1435 4106 Solum
1466 4042 1639 4105 enim
1670 4042 1999 4123 significat
2028 4052 2294 4125 septem,
2324 4044 2389 4106 in
2500 4062 2613 4125 per
2653 4041 2936 4105 filiorum
2980 4042 3330 4121 interitum,
3367 4053 3430 4107 et
3461 4044 3586 4107 sibi
3619 4047 3984 4129 oppositum

903 4142 1162 4225 propria
1194 4140 1684 4223 significatione,
1703 4140 1854 4204 licet
1877 4142 2270 4205 saturitatem
2295 4143 2394 4205 de·
2501 4141 2866 4221 contigisse.
2891 4144 3179 4203 suscitat
3207 4146 3287 4203 de
3309 4148 3580 4222 pulvere
3604 4164 3899 4223 eyenum,
3927 4159 3988 4209 ee

905 4240 1114 4320 signet
1148 4239 1495 4303 secundum
1533 4238 2001 4321 etymologiam.
2037 4239 2158 4303 Sed
2200 4250 2394 4303 trans·
2422 4242 2472 4303 D
2503 4242 2580 4299 de
2598 4250 2865 4301 stercore
2891 4244 3095 4301 elevat
3111 4260 3491 4318 pauperem,
3509 4253 3580 4303 ut
3607 4246 3820 4304 sedeat
3838 4265 3988 4307 cum

907 4339 1058 4402 latio
1109 4346 1322 4401 nostra
1370 4356 1513 4420 quae
1561 4338 1735 4414 dicit,
1777 4337 2110 4414 Plurimos,
2147 4339 2394 4403 obtinet
2494 4340 2934 4416 principibus,
2957 4349 3015 4400 et
3041 4342 3278 4400 solium
3301 4343 3534 4417 qlorioe
3565 4351 3771 4402 teneat
3793 4342 3990 4425 :quia

906 4438 1237 4501 verit-atem
1268 4454 1344 4499 ex
1373 4435 1499 4498 alia
1538 4436 1804 4499 ratione.
1840 4436 1991 4499 Nam
2035 4436 2100 4498 in
2134 4437 2393 4501 Hebraeo
2505 4436 2872 4517 frequenter
2914 4454 3225 4518 pauperes
3267 4445 3460 4519 atque
3499 4438 3815 4519 ignobiles
3843 4460 3991 4523 pro-

908 4536 1161 4617 Septem
1191 4536 1575 4616 quandoque
1606 4533 1930 4615 significat
1958 4534 2295 4612 PlurimOS,
2325 4544 2396 4598 ut
2505 4542 2717 4598 movet
2739 4534 2817 4597 ad
2850 4533 3278 4616 principatum
3297 4543 3361 4597 et
3380 4535 3662 4617 regimen
3688 4538 3984 4615 aliorum,

908 4632 1303 4713 intelligatur
1334 4651 1635 4695 numerus
1669 4632 2122 4695 determinatus
2155 4652 2272 4714 pro
2304 4634 2396 4696 in-
2505 4633 3038 4714 quemadmodum
3063 4634 3312 4715 Moysen
3336 4653 3488 4698 oves
3511 4645 3990 4717 pascentemto-
4056 4667 4208 4709 Em«,
4231 4682 4284 4711 u„

909 4731 1350 4808 determinato,
1404 4738 1475 4792 ut
1523 4730 1590 4792 in
1640 4729 1797 4792 Isaia
1841 4748 1855 4791 ε
1899 4729 2396 4812 Apprehendent
2505 4732 2553 4793 ti
2592 4731 2935 4794 Israelitico
2977 4732 3258 4813 praetulit
3297 4733 3557 4815 popu10.
3589 4734 3748 4798 Hinc
3785 4735 3852 4797 in
3883 4736 3993 4799 Ec·
4021 4732 4158 4779 '¹¹⁰-

908 4839 1146 4912 septem
1170 4828 1470 4891 mulieres
1491 4828 1700 4890 virum
1724 4828 2181 4910 unum.Sicque
2205 4838 2396 4891 trans·
2508 4830 2863 4892 clesiastico
2923 4830 3231 4912 scriptum
3290 4839 3386 4893 est
3439 4850 3453 4894 :
3509 4832 3699 4895 Sedes
3755 4834 3990 4897 ducum
4019 4864 4282 4908 secem:

906 4929 1068 4992 lator
1102 4935 1317 4990 noster
1357 4927 1462 4990 hic
1499 4926 1822 4989 transtulit
1858 4945 1984 4989 non
2022 4945 2280 4990 sensum
2321 4947 2396 4991 ex
2505 4928 2926 5011 superborum
2949 4929 3260 4991 destruxit
3287 4930 3473 5007 DeuS,
3493 4939 3558 4992 et
3591 4932 3812 4995 sedere
3843 4932 3992 4995 fecit

905 5046 1117 5103 sensu,
1139 5026 1245 5088 sed
1280 5025 1472 5087 etiam
1502 5025 1767 5087 verbum
1795 5044 1830 5087 e
1854 5025 2067 5088 verbo.
2090 5026 2232 5088 Haec
2252 5026 2399 5088 Pau·
2505 5026 2690 5088 mites
2730 5043 2847 5107 pro
2889 5025 3004 5088 eis.
3039 5027 3179 5089 Haec
3214 5026 3278 5088 in
3309 5046 3378 5089 se
3410 5028 3550 5109 ipso
3579 5028 3994 5093 Nabuchodo-

906 5126 1027 5203 luS,
1060 5126 1243 5206 cujus
1275 5125 1470 5187 verba
1502 5123 1761 5205 longum
1794 5131 1889 5185 est
1919 5124 2257 5186 discutere.
2285 5124 2397 5186 Ta-
2505 5142 2696 5187 nosor
2743 5132 3062 5205 expertuS,
3109 5124 3342 5188 fatetur
3375 5143 3389 5186 τ
3423 5126 3568 5188 Post
3617 5126 3816 5190 finem
3861 5129 3996 5191 die
4039 5158 4284 5201 „aff-32,

905 5238 1053 5286 men
1084 5222 1256 5304 quod
1285 5222 1444 5303 Lyra
1475 5221 1584 5297 ait,
1606 5220 1819 5283 verius
1850 5240 2014 5298 reor,
2039 5220 2393 5303 praesertim
2505 5241 2644 5285 rum
2667 5221 2992 5285 Altissimo
3023 5222 3511 5306 benedixi,quia
3540 5234 3820 5307 potestas
3851 5228 3998 5308 ejus
4023 5224 4096 5267 ³²-
4119 5224 4184 5263 ³⁸·

906 5338 1105 5403 quum
1136 5319 1337 5383 multa
1364 5319 1689 5401 aequivoca
1729 5318 1878 5396 sint,
1912 5320 2206 5402 quamvis
2252 5339 2394 5402 pro·
2502 5329 2780 5403 potestas
2813 5320 3220 5401 sempiterna,
3255 5330 3320 5384 et
3349 5340 3568 5385 omnes
3606 5323 3995 5389 habitatores

649 4742 714 4785 Ie.
732 4754 789 4795 iv,
814 4744 852 4784 1.
