4359 6250
963 518 1310 565 manuario
1353 518 1413 564 m
1457 517 1592 562 cu.
1641 514 1747 561 vm
1791 513 1946 560 mam
1987 515 2154 560 rium
2198 515 2421 562 ascum.
2466 535 2547 544 —
2587 515 2729 562 aar.
2776 517 2881 562 xvl
3348 498 3466 562 303

365 709 728 755 servorum.
764 691 904 753 Alia
942 699 1037 753 θεῖ
1078 689 1431 754 dominatio
1465 686 1866 762 innaturaliS,
1899 684 1950 746 A
1982 685 2443 751 instituendum
2474 689 2604 753 duo
2635 689 2933 752 instituit.
2958 689 3263 765 Primum,
3300 695 3369 749 ut
3400 687 3465 747 in

365 790 758 866 inordinata,
795 799 858 853 et
897 789 1368 871 quodammodo
1407 787 1708 864 violenta,
1743 804 1872 867 qua
1979 784 2120 865 ejus
2151 786 2460 851 electione
2500 797 2938 870 exspectarent
2975 787 3285 868 judicium
3329 784 3465 861 Dei,

363 889 518 971 quis
553 888 704 951 aliis
743 888 1044 971 praesidet
1088 887 1297 950 solum
1341 887 1421 949 ad
1463 885 1868 949 commodum
1978 883 2156 963 juxta
2189 885 2348 948 illud
2384 886 2853 950 Deuteronomii
2880 904 2893 947 :
2920 887 3076 948 Eum
3120 883 3469 948 constitues
3522 897 3763 947 Deuaxvn,

363 1007 584 1065 suum,
620 1007 762 1069 quae
807 996 904 1051 est
945 987 1260 1069 tyrannis.
1291 987 1742 1049 Verumtamen
1780 983 1872 1045 in·
1983 1001 2218 1064 regem,
2252 1004 2445 1066 quem
2490 985 2795 1048 Dominus
2838 986 3001 1048 Deus
3050 983 3333 1065 elegerit.
3370 983 3471 1045 Se-
3501 962 3568 1004 ¹⁵·

365 1095 466 1149 ter
499 1087 613 1149 has
633 1088 792 1150 duas
812 1095 908 1149 est
931 1085 1285 1149 dominatio
1314 1085 1605 1166 quaedam
1635 1082 1865 1159 media,
1981 1083 2262 1144 cundum
2310 1083 2451 1161 fuit,
2488 1093 2558 1146 ut
2603 1103 2730 1148 non
2776 1083 3057 1148 facerent
3093 1083 3217 1147 sibi
3260 1100 3471 1162 regem

364 1203 516 1265 quae
534 1185 832 1266 quamvis
863 1183 1195 1248 ordinetur
1225 1185 1306 1246 ad
1337 1183 1742 1247 commodum
1768 1182 1872 1244 do-
1981 1179 2245 1242 alterius
2273 1181 2783 1264 gentiS.Propter
2814 1182 2984 1263 quod
3015 1181 3310 1244 subditur
3343 1178 3469 1241 ibi:

369 1284 707 1361 minantiS,
730 1293 941 1346 tamen
974 1283 1094 1347 hoc
1122 1283 1332 1365 ipsum
1365 1281 1444 1343 fit
1473 1281 1612 1344 sine
1633 1280 1872 1361 injuria
1983 1279 2070 1341 De
2097 1280 2310 1343 medio
2343 1279 2611 1343 fratrum
2645 1290 2921 1344 tuorum.
3556 1291 3736 1334 Ibidem·

371 1382 738 1460 servientiS,
777 1382 906 1446 imo
951 1401 1097 1445 cum
1144 1381 1420 1444 utilitate
1470 1388 1534 1443 et
1583 1380 1874 1442 mercede
2052 1378 2367 1442 Moraliter
2386 1380 2689 1443 docemur
2710 1381 2928 1444 existo
2958 1379 3259 1462 capitulo,
3283 1397 3472 1460 qnam
3554 1403 3717 1446 sensus

371 1483 606 1564 ipsius,
630 1482 846 1563 Itaque
875 1480 1069 1545 etiam
1102 1481 1343 1543 subditi
1378 1478 1546 1561 regis
1577 1477 1870 1554 virtuosi,
1987 1478 2359 1541 detestanda
2389 1479 2472 1540 sit
2505 1479 2569 1540 in
2599 1479 2925 1560 judicibus
2943 1479 3153 1542 omnis
3183 1478 3471 1554 avaritia,
3505 1465 3725 1512 '¹¹⁰¹'⁸¹⁵³··
3824 1513 3839 1525 ·

371 1589 530 1643 sunt
571 1580 740 1644 servi
782 1581 985 1663 ipsius
1025 1581 1330 1644 servitute
1377 1579 1684 1642 ordinatae
1733 1577 1877 1639 sub-
1987 1585 2050 1638 et
2081 1585 2319 1658 quanta
2358 1597 2433 1640 ex
2476 1597 2551 1640 ea
2590 1587 2939 1658 sequantur
2984 1585 3242 1660 peccata
3277 1595 3289 1638 :
3326 1576 3479 1658 quia

370 1679 774 1761 jectionis,et
792 1678 985 1740 etiam
1017 1678 1173 1740 casti
1209 1675 1454 1740 timoris
1478 1685 1672 1757 atque
1691 1693 1880 1758 spon·
1989 1684 2061 1737 ut
2102 1675 2192 1737 ait
2234 1675 2473 1753 Glossa,
2510 1695 2625 1759 pro
2671 1695 2934 1739 munere
2974 1675 3128 1739 facit
3169 1675 3477 1757 Justitiam

375 1788 584 1840 tanea
615 1777 990 1840 voluntatis.
1928 1853 1937 1868 ·
1990 1774 2291 1857 opprimi,
2316 1784 2378 1839 et
2406 1777 2484 1838 ad
2517 1776 2737 1858 epulas
2768 1795 2841 1838 ac
2874 1776 3151 1858 pretiosa
3179 1774 3481 1839 convivia

455 1881 556 1938 Ec
589 1877 959 1937 clamabitis
997 1877 1072 1936 in
1110 1877 1219 1935 die
1257 1877 1381 1934 illa
1421 1897 1462 1934 a
1495 1876 1670 1952 facie
1709 1874 1878 1949 reyis
1913 1873 1958 1934 B
1989 1873 2069 1935 ab
2098 1874 2240 1937 aliis
2272 1884 2622 1957 praeparata
2655 1875 2921 1952 inducit,
2958 1875 3087 1938 imo
3128 1874 3336 1956 gignit
3374 1874 3480 1936 do-

375 1977 604 2046 vestri,
635 1995 828 2055 quem
857 1975 1137 2052 eleyistis
1169 1974 1369 2042 vobi-3,
1401 1971 1521 2034 hoc
1564 1979 1680 2048 est,
1717 1990 1753 2032 a
1785 1989 1880 2033 re-

372 2093 456 2156 ge
501 2074 618 2136 tali
661 2073 922 2136 liberari
966 2073 1221 2154 petetiS,
1257 2080 1517 2154 propter
1551 2088 1880 2152 pressuras

375 2183 440 2236 et
475 2171 778 2255 praefatas
808 2171 1082 2252 injurias
1115 2191 1274 2253 quas
1318 2170 1551 2233 inseret
1581 2169 1786 2245 vobiS,
1821 2179 1882 2230 ec

375 2293 516 2333 non
555 2273 867 2332 eoeaudiet
911 2290 1016 2330 vos
1055 2272 1376 2332 Dominus
1415 2271 1488 2330 in
1527 2271 1634 2329 die
1663 2269 1784 2328 illa
1814 2266 1880 2328 in

377 2379 686 2454 praetacta
718 2369 1048 2451 petitione,
1069 2368 1221 2450 quia
1250 2367 1751 2432 inobedientiam
1784 2385 1884 2429 ve-

377 2479 582 2532 stram
615 2468 865 2551 puniet,
900 2470 1059 2548 quia
1084 2469 1336 2545 petistis
1365 2468 1539 2526 vobis
1570 2487 1800 2543 reyem.

465 2570 704 2632 Noluit
725 2577 944 2628 autem
961 2570 1245 2644 populus
1277 2568 1510 2626 audire
1541 2585 1750 2626 voce-m
1769 2568 1886 2626 Sa-

377 2669 645 2737 muelis,
682 2665 747 2727 id
796 2673 916 2741 est,
954 2662 1376 2726 admonitioni
1423 2680 1551 2743 qua
1599 2661 1884 2725 hortatus

382 2774 481 2828 est
514 2784 648 2841 θοε,
685 2772 757 2826 ut
793 2770 1116 2826 cessarent
1154 2769 1370 2843 petere
1404 2778 1636 2840 regem,
1672 2760 1885 2841 acqui-

383 2883 610 2928 escere
656 2863 1024 2938 noluerunt,
1066 2865 1176 2922 sed
1213 2863 1529 2921 dixerunt
1569 2879 1593 2922 .·
1629 2861 1885 2940 Nequa-

382 2983 610 3044 quam,
645 2962 710 3024 id
751 2969 872 3038 est,
910 2960 1086 3024 nuilo
1132 2959 1323 3022 modo
1363 2959 1659 3021 succedet
1698 2958 1884 3021 nobis

1991 1970 2108 2048 Ιοε,
2157 1973 2509 2051 mendacia,
2545 1973 2848 2055 perjuria,
2884 1973 3477 2048 invisccrositatem,

1994 2071 2357 2134 testimonia
2402 2071 2583 2149 falsa,
2631 2071 3069 2135 innocentium
3120 2070 3481 2154 oppressio-

1994 2189 2160 2247 nem,
2186 2180 2249 2234 et
2280 2171 2775 2235 innumerabilia
2803 2171 2990 2234 mala.
3026 2170 3197 2233 Patet
3228 2189 3483 2252 quoque

1993 2289 2068 2332 ex
2097 2271 2308 2347 dictis,
2328 2290 2519 2352 quam
2551 2269 2981 2353 periculosum
3014 2279 3077 2334 et
3109 2270 3346 2333 malum
3380 2289 3482 2332 ex-

1994 2369 2176 2431 sistat
2220 2369 2285 2432 in
2328 2369 2621 2447 subditis,
2657 2369 2996 2433 immansio
3049 2368 3289 2452 proprii
3342 2388 3485 2432 sen-

1996 2487 2124 2545 suS,
2161 2488 2278 2532 nec
2318 2468 2664 2550 superioris
2698 2469 2794 2531 sui
2831 2468 3004 2531 sanis
3044 2469 3484 2551 obtemperare

1994 2567 2304 2630 consiliiS.
2339 2567 2515 2644 Item,
2541 2569 2714 2650 quod
2746 2567 2914 2632 servi
2945 2567 3054 2631 Dei
3089 2585 3214 2630 non
3249 2566 3484 2630 debent

1995 2665 2158 2728 velle
2188 2665 2529 2728 assimilari
2560 2665 2719 2728 filiis
2740 2674 2803 2729 et
2825 2666 3213 2754 amatoribus
3244 2664 3478 2728 soeculi.

1995 2764 2071 2825 Et
2121 2783 2341 2826 rursus
2384 2783 2461 2826 ex
2502 2763 2869 2847 praehabitis
2916 2764 3276 2840 innotescit,
3312 2763 3483 2845 quod

1995 2864 2159 2926 Deus
2193 2863 2510 2926 interdum
2533 2864 2789 2926 exaudit
2812 2862 3150 2945 petitiones
3173 2862 3483 2925 malorum

1998 2961 2064 3023 in
2095 2979 2352 3044 poenam
2384 2981 2621 3039 eorum,
2641 2960 2984 3024 exaudiens
3010 2980 3117 3024 eos
3143 2962 3220 3023 ad
3244 2969 3480 3036 votum,

383 3070 518 3125 tam
559 3060 729 3124 male
772 3077 919 3122 cum
963 3076 1130 3140 rege,
1167 3064 1238 3118 ut
1275 3055 1708 3120 comminaris·
1742 3056 1879 3135 Vel,
1922 3053 1966 3118 C
1999 3079 2125 3125 non
2168 3062 2247 3125 ad
2288 3061 2580 3125 salutem.
2616 3061 2853 3125 idcirco
2883 3060 2951 3122 in
2983 3059 3105 3139 his,
3142 3061 3220 3122 dc
3250 3058 3484 3141 quibus

1999 3180 2220 3223 sumus
2265 3159 2489 3223 incerti
2535 3180 2615 3223 an
2663 3159 2793 3222 sint
2837 3179 2950 3242 pro
2993 3168 3210 3223 nostra
3252 3159 3479 3235 salute,
3554 3240 3559 3243 ,

381 3160 801 3241 Nequaquam
853 3156 1438 3239 obtemperabimus
1487 3156 1603 3218 tibi
1655 3156 1722 3218 in
1769 3156 1884 3218 hac

383 3270 497 3323 tua
543 3258 983 3342 persuasione.
1017 3256 1154 3333 Vel,
1198 3256 1606 3339 Nequaquam
1655 3257 1889 3319 clama-

381 3360 604 3422 bimus
635 3378 676 3421 a
704 3358 870 3422 facie
901 3357 1068 3437 regis
1101 3356 1324 3434 nostri,
1346 3375 1463 3420 nec
1494 3357 1746 3419 omittet
1779 3357 1887 3420 Do-

385 3458 608 3521 minus
653 3476 772 3521 nos
815 3456 1137 3532 exaudire,
1173 3474 1248 3519 eo
1293 3456 1466 3537 quod
1518 3455 1888 3537 petierimus

385 3560 793 3639 regem.Rex
819 3558 998 3616 euim
1025 3558 1150 3616 eric
1178 3575 1372 3633 super
1399 3574 1538 3625 ηοε,
1557 3565 1617 3616 et
1645 3558 1886 3616 erimus

383 3676 502 3717 nos
543 3674 796 3735 quoque
836 3656 1004 3713 sicut
1045 3673 1259 3713 omnes
1295 3662 1534 3730 yeme-3.
1571 3652 1758 3727 Quasi
1801 3653 1890 3714 di-

386 3764 540 3819 cant
575 3752 966 3815 :Inferiores
1005 3760 1068 3814 et
1107 3751 1365 3814 viliores
1411 3770 1550 3815 esse
1592 3752 1885 3816 videmur

387 3852 624 3916 ceteris
673 3849 996 3932 gentibus,
1041 3848 1349 3930 quoniam
1403 3868 1530 3913 non
1581 3850 1889 3914 habemus

391 3966 608 4033 regem
643 3969 757 4013 seu
799 3948 1157 4031 principem
1205 3956 1392 4011 tantae
1433 3949 1784 4031 dignitatiS‚
1820 3961 1890 4014 ut

387 4051 541 4128 illae,
577 4050 692 4111 sed
737 4047 946 4111 solum
983 4046 1264 4127 judicem
1305 4056 1369 4109 et
1401 4056 1706 4111 rectorem
1739 4068 1890 4113 con-

387 4148 771 4212 siliativum.
809 4148 897 4207 Ec
910 4146 1247 4223 judicabit
1277 4166 1389 4206 nos
1419 4167 1535 4206 rex
1563 4158 1795 4220 noster,
1829 4160 1889 4209 et

1998 3260 2305 3323 debemus
2354 3259 2445 3321 sic
2493 3258 2833 3322 Dominum
2880 3258 3198 3336 invocare,
3234 3266 3303 3321 ut
3347 3258 3487 3339 ejus

1997 3358 2416 3421 moderamini
2448 3357 2921 3439 sapientissimo
2960 3366 3153 3439 atque
3191 3356 3485 3438 piissimo

1996 3457 2467 3520 committamus
2493 3456 2697 3539 ipsam
2720 3476 2979 3538 precum
3013 3463 3368 3518 nostrarum
3391 3475 3488 3518 ex-

1994 3554 2413 3631 auditionem,
2448 3554 2514 3616 in
2556 3562 2869 3636 quantum
2912 3554 3202 3636 expediat
3254 3562 3486 3617 nostrae

1997 3653 2186 3716 saluti
2217 3652 2537 3716 exauditio
2568 3653 2707 3735 ipsa
2741 3670 2755 3714 :
2790 3661 2855 3715 et
2883 3652 3003 3715 hoc
3032 3661 3128 3715 est
3156 3672 3303 3715 cum
3338 3670 3488 3715 con-

1995 3752 2241 3815 ditione
2272 3752 2495 3814 saltem
2528 3751 2838 3833 implicita
2868 3770 3151 3815 exorare.

2075 3850 2255 3914 Circa
2284 3850 2636 3933 capitulum
2667 3849 2786 3914 hoc
2817 3850 3145 3931 quaeritur,
3169 3870 3253 3913 an
3285 3869 3486 3933 popu-

1998 3950 2098 4012 lus
2144 3949 2332 4013 lsrael
2381 3949 2669 4031 peccavit
2712 3949 3094 4031 postulando
3138 3966 3373 4028 regem.
3412 3949 3488 4010 Et

1996 4056 2259 4131 apparet
2302 4049 2473 4129 quod
2520 4065 2669 4123 non,
2703 4046 2855 4127 quia
2894 4048 3246 4110 secundum
3276 4047 3486 4111 Philo-

1999 4147 2272 4229 sophum
2325 4146 2509 4209 tertio
2558 4144 2987 4223 politicorum,
3022 4146 3307 4225 regimen
3354 4164 3490 4209 mo—

385 4249 762 4328 eyredietur
799 4254 948 4307 ante
979 4264 1118 4313 2203,
1148 4254 1208 4305 et
1231 4247 1554 4323 puqnabic
1586 4248 1748 4307 bella
1779 4268 1888 4308 no·
1918 4249 1968 4309 D
2002 4245 2368 4308 narchicum
2410 4263 2522 4307 seu
2556 4243 2787 4323 regale,
2820 4262 2947 4324 quo
2979 4263 3145 4306 unus
3176 4244 3290 4307 toti
3324 4243 3489 4306 mul-

386 4359 526 4409 ,εί-να
549 4366 675 4425 pro
706 4346 912 4406 nobis,
947 4346 1032 4404 Et
1061 4345 1325 4404 audivit
1361 4346 1630 4405 Samuel
1665 4348 1887 4406 omnia

389 4448 585 4509 verba
619 4444 880 4523 populi,
911 4452 970 4501 et
1011 4445 1259 4502 locutus
1287 4450 1376 4501 est
1405 4462 1480 4501 ea
1514 4444 1584 4503 in.
1611 4444 1883 4505 auribus

389 4544 687 4607 Domini.
721 4543 914 4603 Dioeic
943 4548 1161 4601 autem
1183 4542 1500 4599 Dominus
1519 4542 1607 4600 ad
1627 4544 1891 4603 Samue-

393 4646 516 4703 lem
548 4660 573 4703 .·
603 4640 794 4702 Audi
823 4657 1034 4699 voce-m
1059 4657 1307 4706 eorum,
1334 4646 1394 4697 et
1433 4640 1744 4699 constitue
1783 4662 1890 4701 su·-

385 4762 508 4821 per
533 4760 637 4800 eos
663 4758 898 4815 reqem.
933 4738 1020 4798 Ει
1049 4738 1146 4797 ait
1177 4738 1448 4797 Samuel
1477 4740 1565 4796 ad
1594 4740 1766 4798 viros
1799 4743 1892 4801 Is-

391 4842 533 4901 rael
579 4860 604 4899 .·
663 4840 866 4899 Vadat
923 4835 1368 4915 unusquisque
1428 4836 1502 4895 in
1558 4837 1890 4900 civitatem

390 4957 606 5007 suam,
631 4934 754 4998 hoc
784 4942 903 5011 est,
925 4935 1006 4996 ad
1037 4932 1298 5015 propria
1328 4933 1758 5012 revertamini,
1788 4956 1895 5017 pa·

392 5034 820 5113 tientiamque
841 5032 1082 5109 habete,
1097 5049 1434 5113 quousque
1456 5030 1758 5095 Dominus
1783 5036 1894 5097 mi·

393 5132 460 5195 hi
511 5133 756 5195 revelet
802 5150 994 5211 quem
1045 5129 1182 5211 ipse
1229 5128 1386 5193 velit
1435 5128 1618 5193 vobis
1679 5148 1891 5211 regem

393 5228 939 5304 creari;Quamvis
968 5228 1140 5291 enim
1171 5228 1334 5291 Deus
1355 5246 1393 5289 a
1414 5226 1731 5310 principio
1764 5248 1892 5294 non

397 5327 680 5393 instituit
721 5326 816 5390 eis
869 5344 1104 5408 regem,
1139 5333 1417 5389 attamen
1463 5325 1630 5388 circa
1678 5346 1890 5410 regem

2001 4342 2260 4406 titudini
2283 4342 2693 4425 principatur,
2709 4350 2807 4404 est
2825 4341 3167 4423 optimum:
3195 4361 3346 4424 ergo
3368 4343 3489 4406 hoc

2001 4451 2237 4525 petere,
2293 4460 2421 4505 non
2468 4450 2562 4504 est
2610 4442 2820 4524 culpa.
2868 4442 3129 4524 Insuper
3179 4441 3485 4505 Dominus

1999 4542 2174 4604 dedit
2219 4539 2488 4604 formam
2529 4548 2592 4603 et
2627 4542 2889 4604 modum
2939 4542 3195 4623 petendi
3244 4560 3481 4622 regem,

2000 4640 2271 4703 dicendo
2316 4656 2329 4701 ε
2370 4638 2574 4713 Quum
2619 4638 2943 4719 ingressus
2983 4638 3183 4702 fueris
3224 4647 3481 4717 terram,
3538 4662 3781 4714 Deuaxvu,

2001 4748 2064 4802 et
2111 4738 2369 4813 dixeriS‚
2416 4737 2807 4800 Constituam
2855 4756 3049 4819 super
3095 4756 3195 4800 me
3244 4756 3481 4819 regem,

2001 4857 2146 4901 eum
2175 4835 2523 4900 constitues
2543 4854 2732 4916 quem
2754 4835 3057 4898 Dominus
3078 4836 3354 4917 elegerit.
3376 4837 3489 4919 Op-

2001 4935 2281 5017 positum
2310 4941 2523 4996 tamen
2553 4931 2743 5013 hujus
2774 4941 2947 5014 patet
2970 4952 3046 4996 ex
3066 4934 3276 5011 dictis,
3295 4944 3487 5017 atque

2001 5054 2078 5097 ex
2125 5052 2202 5097 eo
2248 5032 2419 5114 quod
2470 5030 2639 5093 infra
2688 5030 2957 5093 habetur
3000 5048 3014 5093 τ

2002 5231 2185 5308 mini,
2219 5236 2505 5312 petentes
2544 5247 2737 5309 super
2776 5247 2888 5291 vos
2930 5246 3161 5309 regem.
3197 5229 3290 5292 Ad
3322 5229 3487 5296 hanc

2001 5329 2419 5413 quaestionem
2462 5328 2621 5409 Lyra
2657 5344 2735 5389 ex
2767 5325 2979 5389 verbis
3008 5326 3070 5390 S.
3104 5326 3360 5393 Thomae
3392 5351 3487 5395 re-

3518 4728 3585 4777 Η,
3608 4729 3674 4768 ¹5.

3064 5032 3287 5095 Scietis
3334 5034 3487 5115 quia
3554 5056 3695 5112 inea.
3710 5070 3783 5113 m,

1999 5134 2239 5214 grande
2282 5131 2521 5193 malum
2563 5129 2842 5193 feceritis
2884 5130 2947 5191 in
2990 5141 3336 5213 conspectu
3370 5134 3485 5196 Do,
3519 5122 3585 5163 ¹7.
