4359 6250
695 3049 711 3094 Ι
722 3051 823 3106 Rea.
830 3064 938 3103 xxm,

677 3116 742 3158 ¹0.

790 4922 889 4967 ‘ee

958 489 1077 555 402

1514 509 1861 557 mannum
1905 511 1965 556 ΙΝ
2010 511 2145 556 CAP.
2193 508 2341 556 xxvl
2383 507 2540 554 unm
2583 508 2750 554 Palm
2793 509 3018 556 REGtJu.
3062 527 3144 540 ··-
3183 508 3326 556 ΛΒΤ.
3373 507 3488 556 xm

959 696 1100 739 rum
1132 697 1304 757 vem,
1339 679 1657 762 spirituali
1696 690 1899 744 morte
1928 689 2439 763 praeoccupatas;
2477 680 2525 741 A
2555 681 2858 745 describit
2895 682 3231 758 CreatoriS,
3264 681 3558 757 dicende,
3593 679 3866 742 animam
3911 676 4024 740 viri

955 777 1163 856 justos
1192 777 1519 854 fasciculo,
1542 779 1845 861 reprobos
1878 779 2077 860 lapidi
2101 778 2318 842 fundae
2347 799 2446 842 as-

958 875 1217 938 similat.
1256 877 1619 940 Fasciculus
1652 896 1929 959 namque
1960 878 2441 958 constringitur,

960 982 1029 1036 ut
1076 984 1408 1048 servetur;
1464 975 1629 1057 lapis
1678 975 1744 1037 in
1796 974 1995 1038 funda
2046 977 2327 1059 ponitur,
2379 983 2449 1037 ut

959 1071 1297 1153 abjiciatur
1335 1093 1350 1137 :
1394 1073 1485 1137 sic
1517 1074 1701 1136 electi
1739 1075 2055 1156 pressuris
2090 1075 2448 1138 tribulatio-

960 1189 1113 1233 num
1156 1173 1700 1252 constringuntur‚
1736 1182 2051 1254 quatenus
2096 1174 2196 1236 his
2234 1175 2450 1237 admo-

960 1269 1113 1347 niti,
1165 1279 1387 1333 mutua
1442 1271 1703 1334 caritate
1762 1271 2086 1335 ardentius
2146 1273 2448 1354 copulen-

962 1374 1105 1442 tur;
1138 1369 1358 1451 sicque
1402 1369 1731 1449 conjuncti
1775 1378 2085 1451 potestate
2116 1379 2179 1434 et
2215 1371 2448 1453 pietate

962 1464 1327 1543 salvatoris,
1382 1476 1689 1549 perpetue
1739 1477 2217 1532 conserventur.
2261 1469 2452 1533 Porro

964 1565 1219 1647 reprobi
1250 1575 1313 1628 et
1337 1566 1542 1647 iniqui
1572 1575 1811 1648 quanto
1843 1567 2115 1648 propriae
2136 1568 2450 1632 voluntati

964 1661 1155 1724 latius
1184 1663 1615 1742 dimittuntur,
1651 1672 1826 1728 tanto
1866 1665 2117 1746 longius
2148 1685 2186 1728 a
2215 1666 2450 1730 divinae

964 1759 1230 1823 visionis
1259 1760 1463 1842 gloria
1491 1763 1868 1844 elongantur
1891 1781 1963 1825 ac
1995 1764 2444 1845 projiciuntur.

964 1857 1115 1921 Mire
1149 1878 1408 1942 quoque
1434 1860 1935 1943 omnipotentem
1979 1861 2448 1942 providentiam

2555 777 2755 840 sancti
2801 798 2940 841 esse
2989 778 3368 842 custoditam
3412 778 3584 860 apud
3627 776 3856 858 ipsum,
3881 793 4027 855 qua-

2559 877 2611 938 si
2645 876 2710 938 in
2751 875 3055 941 fasciculo
3086 876 3463 941 viventium.
3501 873 4026 950 Quemadmodum

2557 976 2726 1037 enim
2751 976 3101 1057 unicuique
3133 975 3322 1038 facile
3351 983 3468 1052 est,
3495 971 3872 1036 fasciculum
3899 971 4026 1031 her·

2559 1074 2654 1136 bae
2691 1074 2792 1138 vel
2835 1073 3080 1138 foenum
3121 1093 3314 1136 manu
3355 1081 3674 1136 retentum
3715 1087 4030 1134 conserva-

2560 1190 2660 1246 re3
2698 1173 2790 1236 sie
2824 1173 3028 1236 virtus
3067 1171 3410 1235 Salvatoris
3449 1170 3651 1234 nostri
3687 1169 3920 1232 electos
3955 1165 4028 1228 ab

2559 1271 2745 1334 initio
2793 1291 2996 1353 usque
3039 1271 3106 1334 in
3161 1271 3358 1334 finem
3408 1269 3707 1343 custodit,
3761 1266 3923 1330 sieut
3965 1265 4026 1326 in

2559 1369 2903 1450 Evangelio
2925 1379 3341 1452 protestatur:
3367 1369 3502 1432 Non
3526 1366 3728 1449 rapiet
3751 1384 3858 1428 eos
3877 1364 4029 1446 quis·
4051 1387 4242 1433 smus.

2560 1487 2752 1550 quam
2783 1470 2862 1532 de
2890 1488 3083 1531 manu
3115 1488 3276 1532 mea.
3313 1466 3450 1530 Sint
3481 1466 3674 1547 igitur
3703 1463 4030 1547 praesideu-

2561 1576 2655 1629 tes
2688 1567 2963 1630 timorati
2987 1577 3049 1630 ct
3077 1566 3378 1631 efficaces
3408 1585 3480 1628 ae
3511 1563 3739 1645 fervidi
3771 1563 3839 1625 in
3868 1561 4030 1624 omni

2561 1675 2706 1728 actu
2737 1666 2834 1727 sui
2862 1665 3096 1743 offleii,
3125 1684 3252 1728 non
3284 1684 3426 1747 quae
3458 1683 3572 1726 sua
3603 1669 3770 1736 sunt,
3793 1661 3900 1723 sed
3929 1658 4028 1722 Dei
4053 1672 4240 1716 tecam.

2563 1763 2868 1826 honorem
2909 1773 2972 1827 et
3015 1764 3416 1827 subditorum
3461 1762 3728 1824 salutem
3770 1759 4030 1822 incessa-

2565 1862 2777 1925 biliter
2805 1863 3233 1944 exquirentes,

2042 2290 2691 2376 ARTICULUS
2767 2289 2986 2375 XLV

1180 2563 1491 2610 Exposlvlo
1535 2563 1813 2609 camum
1856 2563 2116 2608 vlcsssuu
2161 2564 2393 2609 SEX'H':
2443 2564 2515 2608 ΕΤ
2557 2563 2874 2610 VENERUNT
2917 2563 3133 2608 ztpnAEl
3175 2565 3260 2608 Ab
3302 2564 3454 2609 saut.
3497 2564 3558 2609 IN
3603 2565 3832 2610 GABAA.

1107 2845 1357 2908 LTIMA
1388 2843 1766 2927 persecutio,
1786 2863 1977 2925 quam
2009 2844 2205 2909 David
2237 2864 2274 2906 a
2305 2845 2452 2907 Saul
2494 2843 2539 2905 B
2563 2843 2735 2924 quod
2781 2853 3021 2908 vestem
3069 2844 3339 2908 mutavit
3387 2862 3468 2906 ne
3523 2852 4024 2924 cognosceretur,

982 2991 988 2996 .
1125 2943 1449 3018 sustinuit,
1492 2943 1595 3005 hic
1646 2951 1960 3004 narratur.
2010 2947 2093 3005 Et
2141 2953 2454 3004 venerunt

970 3043 1223 3118 Ziplzaei
1264 3044 1352 3100 ad
1389 3043 1556 3101 Saul
1601 3043 1672 3100 in
1709 3042 1927 3102 Gabaa
1972 3040 2152 3102 urbe.
2189 3041 2275 3103 De
2317 3040 2457 3102 istis

969 3140 1237 3222 Ziphaeis
1266 3140 1507 3202 dictum
1538 3148 1633 3201 est
1662 3140 2216 3221 supra.Venerunt
2245 3148 2456 3202 autem

969 3238 1195 3301 iterato
1230 3238 1307 3300 ad
1346 3236 1515 3313 Saul,
1549 3235 1703 3318 quia
1738 3237 1868 3317 jam
1908 3238 2102 3300 semel
2150 3246 2292 3301 tam·
2317 3255 2458 3318 gra-

968 3344 1176 3398 tanter
1204 3334 1469 3416 accepit,
1493 3334 1663 3415 quod
1696 3334 2113 3416 prodiderunt
2140 3336 2199 3399 ei
2222 3336 2451 3409 David3

968 3442 1032 3497 et
1080 3433 1297 3497 forsan
1344 3432 1499 3514 quia
1542 3433 1673 3514 jam
1722 3432 1916 3495 semel
1969 3432 2262 3495 fecerunt
2309 3434 2450 3510 hoc,

969 3531 1339 3609 timuerunt,
1384 3531 1437 3593 si
1484 3531 1680 3593 David
1726 3539 1879 3612 post.
1913 3531 2060 3595 Saul
2104 3532 2347 3595 viveret
2393 3541 2455 3595 et

968 3638 1278 3711 reg-naret,
1313 3629 1727 3693 ulcisceretur
1768 3630 1852 3691 in·
1876 3648 2007 3693 eos.
2035 3631 2179 3694 ldeo
2220 3638 2456 3711 satage-

967 3730 1121 3794 bant
1151 3737 1221 3791 ut
1250 3728 1643 3792 occideretur
1672 3747 1709 3790 a
1742 3727 1911 3790 Saul.
1936 3732 2230 3790 Dic-entes
2250 3751 2272 3789 .·
2295 3732 2456 3791 Ecce

967 3830 1186 3890 David
1232 3829 1640 3889 absconditus
1686 3837 1776 3887 est
1826 3829 1898 3887 in
1946 3830 2101 3887 colle
2145 3831 2451 3901 Hacliila,

967 3948 1110 4005 quoe
1128 3936 1218 3987 est
1234 3947 1317 3987 eoe
1346 3929 1611 3986 adverso
1632 3927 2030 3986 solitudinis.
2056 3928 2136 3987 Et
2164 3930 2454 3988 surremit

2564 2961 2763 3023 quum
2797 2951 3006 3004 tamen
3041 2951 3240 3005 totum
3271 2943 3598 3024 negotium
3627 2942 3743 3005 boc
3775 2941 4028 3006 voluerit

2566 3041 2631 3102 in
2665 3041 2802 3124 ipsa
2835 3050 3020 3105 nocte
3040 3042 3379 3124 complere,
3414 3051 3478 3102 et
3507 3042 3696 3125 paulo
3726 3049 3872 3124 post
3899 3055 4028 3122 pro-

2564 3140 2795 3203 diderit
2826 3142 3363 3223 semetipsum.Et
3385 3144 3560 3203 venit
3589 3146 3676 3203 ad
3709 3145 3908 3203 locum
3929 3143 4028 3201 ubi

2561 3250 2702 3300 erat
2721 3242 2902 3301 Saul.
2929 3243 3266 3320 Quumque
3295 3242 3556 3300 vidisset
3589 3244 3794 3301 locum
3823 3244 3894 3301 in
3919 3259 4026 3319 quo

2563 3341 2918 3399 dormiebat
2946 3342 3136 3411 Saul,
3168 3348 3226 3399 et
3245 3339 3464 3399 Abner
3490 3341 3676 3416 filius
3705 3342 3840 3401 Ner
3859 3342 4025 3417 prin-

2562 3456 2702 3513 ceps
2741 3438 3000 3498 militioe
3027 3438 3192 3514 ejus,
3221 3446 3280 3497 et
3317 3440 3586 3499 Saulem
3624 3441 4023 3499 dormientem

2567 3536 2636 3595 in
2687 3536 2980 3603 tentorio,
3025 3544 3085 3595 et
3132 3536 3458 3614 reliquum
3509 3540 3740 3613 vulqus
3767 3556 3886 3613 per
3921 3537 4028 3595 eir-

2561 3634 2810 3693 cuitum
2837 3634 3000 3709 ejus,
3020 3636 3116 3693 ait
3135 3636 3353 3695 David
3381 3638 3470 3695 ad
3505 3635 3902 3695 Achimelech
3923 3637 4026 3695 He·

2563 3733 2822 3801 tkceum,
2854 3741 2912 3791 et
2942 3733 3172 3793 Abisai
3213 3734 3434 3810 filium
3465 3734 3719 3794 Sarvioe
3757 3733 4016 3810 fratrem

2559 3832 2741 3900 Joab,
2787 3832 3006 3889 dicens
3036 3849 3059 3892 .·
3096 3831 3252 3898 Quis
3295 3833 3626 3891 descendet
3675 3852 3916 3891 mecum
3951 3830 4025 3889 ad

2564 3930 2728 3989 Saul
2771 3930 2844 3987 in
2891 3937 3101 3989 castra
3137 3930 3167 3987 ?
3210 3930 3520 4008 Dixitque
3563 3930 3792 3991 Abisai
3839 3948 3864 3991 .·
3903 3929 4025 4004 Eoo

968 4028 1157 4096 Saul,
1202 4034 1263 4085 et
1302 4025 1629 4084 deseendit
1674 4024 1747 4083 in
1789 4025 2111 4083 desertum
2157 4028 2354 4101 Ziph,
2399 4036 2457 4087 et
2490 4030 2534 4093 C
2561 4029 2938 4087 descendam
2973 4036 3201 4087 tecum.

966 4142 1115 4182 cum
1143 4142 1211 4182 eo
1254 4123 1386 4181 tria
1424 4122 1642 4181 mill-ia
1681 4122 1975 4181 virorum
2011 4124 2091 4180 de
2128 4126 2341 4183 electis
2370 4128 2458 4185 Is-

969 4224 1133 4289 rael,
1166 4230 1235 4281 ut
1273 4228 1581 4299 quaereret
1614 4221 1831 4280 David
1875 4220 1947 4279 in
1986 4222 2230 4280 deserto
2261 4225 2321 4280 Z
2321 4223 2454 4298 z’plz.

970 4321 1055 4379 Et
1092 4327 1581 4378 castrametatus
1616 4326 1707 4377 est
1746 4320 1915 4377 Saul
1954 4319 2029 4379 in
2074 4320 2293 4379 Gabaa
2329 4324 2460 4381 Ha-

968 4418 1159 4485 ehila‚
1178 4416 1238 4479 id
1262 4426 1358 4479 est
1381 4416 1448 4478 in
1470 4416 1633 4478 colle
1653 4414 1930 4497 praefato,
1950 4415 2039 4478 ita
2057 4418 2229 4498 quod
2248 4417 2458 4481 Gabaa

968 4522 1065 4575 est
1095 4514 1198 4577 hic
1219 4532 1447 4577 nomen
1480 4532 1838 4589 commune,
1875 4512 2332 4596 significatque
2363 4535 2460 4578 ex-

968 4610 1231 4687 celsum,
1266 4632 1409 4691 quoe
1454 4622 1592 4672 erat
1639 4632 1719 4670 em
1766 4614 2031 4672 adverso
2080 4615 2459 4675 solitudinis

968 4713 1041 4771 in
1084 4713 1217 4771 via.
1249 4713 1470 4771 David
1508 4719 1725 4770 autem
1765 4712 2095 4771 habitabat
2134 4714 2207 4771 in
2253 4715 2459 4773 deser-

971 4820 1051 4870 to,
1076 4811 1315 4869 Videas
1348 4817 1565 4870 autem
1603 4810 1773 4888 quod
1804 4811 2072 4869 venisset
2112 4814 2282 4871 Saul
2312 4821 2456 4890 post

966 4910 1159 4971 eum*
1192 4910 1265 4968 in
1306 4910 1655 4977 desertum,
1694 4908 1869 4967 misit
1909 4912 2363 4985 exploratores,
2397 4921 2456 4971 et

966 5008 1204 5069 didicit
1250 5008 1421 5084 quod
1466 5006 1627 5065 illuc
1667 5006 1939 5065 venisset·
1977 5009 2344 5069 certissime.
2375 5011 2457 5069 Et

966 5106 1254 5164 surrexit
1274 5105 1494 5164 David
1520 5106 1711 5173 clam,
1742 5100 1807 5162 id
1847 5110 1943 5163 est
1971 5104 2241 5180 occulte,
2279 5105 2457 5185 igno-

2659 4127 2978 4184 Venerunt
3015 4144 3160 4201 eryo
3191 4126 3410 4185 David
3447 4134 3506 4184 et
3536 4127 3768 4185 Abisai
3789 4128 3896 4185 ad
3927 4142 4026 4201 po-

2555 4226 2793 4298 pulum
2825 4233 3022 4291 noete,
3037 4234 3097 4283 et
3132 4226 3712 4284 inveneruntSaul
3727 4226 4024 4302 jacentem

2561 4331 2622 4379 et
2667 4322 3090 4381 dormientem
3135 4321 3209 4380 in
3257 4322 3632 4390 tentorio,et
3675 4322 3920 4383 hastam
3959 4324 4028 4397 ft·

2562 4439 2718 4479 xam
2753 4421 2822 4477 in
2857 4428 3028 4479 terra
3059 4422 3147 4479 ad
3165 4427 3358 4496 caput
3385 4419 3526 4495 ejus
3545 4422 3806 4491 ,·Abner
3831 4430 4026 4480 autem

2561 4526 2620 4576 ct
2653 4520 2974 4593 populum
3017 4518 3405 4577 dormientes
3447 4518 3520 4577 in
3561 4519 3840 4579 circuitu
3877 4518 4022 4593 qus.

2560 4615 2874 4695 Dixitque
2893 4616 3124 4675 Abisai
3141 4617 3230 4675 ad
3250 4616 3504 4675 David:
3525 4616 3844 4677 Conclusit
3865 4619 4018 4677 Deus

2563 4714 2908 4773 inimicum
2932 4723 3116 4773 tuum
3134 4713 3322 4772 hodie
3341 4714 3412 4773 in
3435 4734 3665 4774 manus
3686 4724 3840 4775 tuas.
3853 4715 4024 4775 Nunc

2561 4832 2707 4888 erqo
2719 4812 3094 4890 perfodiam
3111 4830 3284 4879 eum,
3301 4809 3600 4873 videlieet
3621 4811 3887 4886 Saulem,
3905 4816 4025 4871 lan-

2561 4928 2668 4971 cea
2713 4912 2786 4971 in
2833 4919 3070 4970 terram
3113 4912 3328 4978 semel,
3359 4907 3424 4969 id
3473 4916 3568 4971 est
3609 4908 3907 4990 perfecte,
3951 4908 4026 4969 iu

2549 5007 2729 5088 ‘quod
2780 5007 3072 5089 protinus
3121 5006 3448 5083 morietur,
3481 5017 3541 5068 et
3582 5012 3854 5069 seeundo
3881 5026 4018 5085 opus

2565 5126 2690 5165 non
2739 5107 2863 5165 erit
2910 5104 3187 5186 amplius
3239 5104 3464 5167 laedere
3513 5123 3682 5167 eum.
3743 5108 3824 5167 Et
3866 5107 4020 5168 dixit

969 5201 1257 5263 rantibus
1273 5200 1435 5261 viris
1458 5200 1612 5277 suiS,
1632 5218 1711 5262 ne
1741 5199 1934 5261 nimis
1956 5201 2456 5265 sollicitarentur
2488 5205 2535 5267 D
2561 5206 2781 5264 David
2800 5206 2889 5263 ad
2913 5205 3142 5263 Abisai
3161 5222 3184 5264 .·
3207 5204 3303 5266 Ne
3325 5205 3678 5279 interficias
3699 5224 3864 5265 eum.
3885 5203 4022 5273 Quis

970 5308 1031 5369 ct
1063 5298 1576 5379 angustiarentur
1605 5316 1720 5379 pro
1750 5316 1845 5360 eo.
1874 5298 1949 5359 Et
1977 5300 2135 5362 dicit
2162 5301 2448 5381 quidam,

2561 5304 2736 5362 enim
2766 5303 3060 5361 extendet
3090 5321 3358 5361 manum
3395 5316 3584 5361 suam
3613 5302 3696 5362 in
3735 5304 4019 5363 christum
