4359 6250
890 459 1007 524 170
1672 482 2020 529 amaneum
2062 483 2125 528 ιΝ
2166 485 2302 530 GAP.
2351 484 2417 530 11
2454 484 2727 531 mmcuu.
2772 504 2854 514 —
2894 485 3035 531 aar.
3083 486 3190 533 xlx

1967 899 2615 986 ARTICULUS
2687 901 2890 985 XIX

1184 1173 1539 1220 Emeum-‘1¹10
1584 1174 1931 1220 LlTTERALls
1974 1176 2248 1220 mertum
2292 1176 2578 1222 UNnEcun
2625 1175 2637 1219 :
2685 1177 2824 1222 FUIT
2869 1178 3086 1232 {TAQUE
3131 1177 3259 1224 nmo
3303 1179 3363 1223 IN
3405 1179 3680 1224 Tfflponz

2070 1275 2340 1320 JEPHTHE
2381 1275 2783 1321 GALAADITES.

894 1549 1173 1750 QUIN
1182 1553 1303 1616 '1'AE
1355 1554 1787 1617 'tribulationis
1846 1555 2134 1619 filiorum
2187 1554 2374 1618 lsrael
2409 1556 2459 1618 A
2489 1557 2638 1618 dum
2667 1557 2857 1620 David
2881 1564 2944 1619 ct
2961 1555 3083 1619 viri
3104 1557 3246 1637 ejus
3268 1556 3470 1638 primo
3490 1558 3722 1638 Regum
3754 1557 3970 1637 legun-

1033 1653 1397 1730 historiffiin
1425 1656 1801 1736 praecedenti
1824 1655 2104 1737 capitulo
2124 1655 2378 1718 inchoa·
2487 1664 2591 1718 tur
2639 1656 2900 1737 praedati
2935 1655 3314 1719 Amalecitas
3357 1665 3419 1720 et
3457 1656 3618 1720 alios
3659 1658 3964 1737 quosdam
3999 1681 4246 1734 laqus-n.

892 1762 976 1829 ta,
1013 1773 1183 1816 nunc
1229 1753 1654 1816 continuatur.
1692 1759 1849 1818 Fuit
1890 1759 2111 1836 itaque
2148 1758 2264 1815 illo
2303 1758 2374 1815 in
2483 1754 2786 1834 gentiles:
2813 1755 2987 1836 quod
3019 1773 3144 1817 non
3176 1755 3428 1818 videtur
3457 1755 3966 1838 probabilitatem
3997 1746 4042 1784 ὅ·

894 1862 1167 1929 tempore
1193 1855 1459 1930 Jeplztlee
1494 1858 1865 1915 Galaadites
1886 1873 1909 1916 .·
1940 1854 2094 1936 quia
2133 1854 2160 1916 s
2165 1853 2258 1916 uit
2298 1855 2376 1917 de

892 1951 1211 2014 territorio
1252 1952 1509 2016 nomine
1537 1953 1791 2031 Galaad,
1828 1962 1890 2017 et
1930 1954 2079 2016 item
2113 1955 2192 2018 de
2223 1953 2377 2016 civi-

894 2059 1020 2113 tate
1070 2050 1161 2112 sic
1212 2051 1557 2130 nominata,
1600 2059 1791 2134 atque
1838 2054 1917 2116 de
1966 2053 2210 2116 semine
2255 2051 2374 2116 viri

890 2150 1153 2212 nomine
1181 2149 1432 2213 Galaad.
1452 2151 1699 2214 Etenim
1731 2151 1963 2215 Galaad
1994 2153 2379 2234 quandoque

895 2258 990 2311 est
1038 2266 1271 2312 nomen
1318 2259 1499 2312 terrae
1548 2250 1743 2328 illius,
1780 2252 2163 2333 quandoque
2201 2251 2377 2313 urbis

879 2347 1255 2410 exsistentis
1286 2347 1353 2410 in
1385 2368 1479 2427 ea,
1512 2349 1855 2430 aliquando
1886 2351 2031 2428 viri,
2057 2349 2169 2433 qui
2201 2350 2379 2413 habi-

894 2446 1053 2509 tavit
1084 2446 1338 2509 ibidem.
1362 2450 1476 2508 Vir
1494 2450 1891 2526 fortissimus
1911 2468 2194 2532 corpore,
2213 2457 2380 2533 post-

2487 1853 2740 1929 habere,
2776 1852 2928 1934 quia
2957 1861 3020 1916 et
3049 1851 3169 1914 viri
3202 1852 3308 1916 isti
3343 1855 3422 1916 ad
3450 1855 3716 1936 Jephthe
3757 1853 3972 1936 profe-

2486 1951 2598 2028 cti,
2633 1950 2932 2014 infideles
2979 1951 3258 2015 fuerunt.
3295 1952 3368 2013 Et
3395 1952 3664 2034 Jephthe
3697 1961 3834 2016 erat.
3877 1953 3966 2016 ibi

2488 2049 2553 2111 in
2601 2057 2769 2112 terra
2809 2050 3186 2130 gentilium3
3223 2069 3340 2113 nec
3366 2051 3634 2132 Jephthe
3671 2070 3788 2133 pro
3817 2061 3970 2114 tunc

2488 2149 2734 2212 curavit
2764 2149 3078 2212 Israelitas
3107 2148 3472 2226 defendere,
3505 2169 3542 2212 a
3573 2150 3808 2232 quibus
3845 2151 3972 2232 eje-

2489 2257 2628 2310 ctus
2660 2246 2782 2309 fuit
2811 2257 2874 2310 et
2903 2249 3258 2330 despectus

2569 2350 2652 2407 In
2684 2349 2820 2407 illis
2849 2349 3073 2407 diebus
3104 2350 3492 2425 pugnabant
3529 2350 3664 2426 filii
3691 2351 3972 2410 Ammon

2489 2456 2712 2507 contra
2743 2450 2970 2508 Israel.
2999 2449 3241 2516 Quibus
3269 2450 3528 2524 fortiter
3557 2451 3968 2518 instantibus,

894 2565 967 2608 ea
1010 2564 1265 2626 quoque
1306 2545 1691 2610 fortissimus
1732 2548 1797 2610 in
1830 2547 2063 2626 anima,
2099 2549 2252 2630 quia
2283 2549 2380 2612 vir
2483 2557 2913 2624 perrexerant
2958 2547 3230 2622 majores
3275 2557 3438 2608 natu
3477 2551 3556 2608 de
3599 2551 3874 2618 Galaad,
3909 2547 3972 2610 id

896 2652 1173 2720 sanctuS,
1194 2656 1739 2724 atqaeoepuqnator,
1763 2647 1845 2709 ab
1874 2655 2018 2709 actu
2049 2667 2121 2710 ac
2151 2648 2382 2730 peritia
2491 2653 2588 2706 est
2631 2652 2813 2707 terrae
2857 2663 2970 2706 scu
3012 2644 3410 2725 cognationis
3449 2645 3645 2722 illius,
3677 2664 3822 2727 quoe
3853 2645 3974 2707 fuit

897 2742 1250 2823 praeliandi,
1282 2746 1466 2822 filius
1510 2747 1806 2805 mulieris
1850 2748 2224 2819 meretre‘ciS,
2264 2749 2383 2828 qui
2418 2748 2464 2809 B
2490 2761 2568 2805 ex
2601 2742 2768 2804 tribu
2801 2743 3122 2805 Manasse:
3159 2742 3308 2818 im0‚
3343 2752 3410 2804 ut
3453 2743 3518 2805 in
3557 2744 3970 2808 Numerorum

894 2841 1164 2923 Jephthe
1192 2852 1385 2902 natus
1416 2853 1503 2903 est
1530 2847 1607 2902 de
1634 2847 1909 2916 Galaad,
1929 2845 1993 2906 id
2025 2853 2121 2908 est
2145 2846 2224 2908 de
2243 2846 2381 2908 viro
2492 2842 2656 2905 libro
2688 2841 2978 2918 habetur,
3011 2841 3242 2904 Galaad
3275 2840 3398 2903 fuit
3429 2841 3608 2905 filius
3637 2842 3870 2905 Machir
3903 2843 3976 2905 fi·
4001 2865 4250 2907 ava-..ma

898 2939 989 3002 sic
1032 2939 1371 3021 appellato,
1407 2941 1519 3022 qui
1560 2940 1682 3002 fuit
1720 2949 1898 3023 pater
1924 2943 2215 3026 Jephthe.
2253 2949 2382 3006 Ha-

899 3040 1037 3098 buit
1066 3050 1283 3099 autem
1319 3043 1594 3112 Galatici,
1628 3041 1872 3104 scilicet
1911 3042 2008 3106 vir
2050 3043 2377 3125 praefatuS,

900 3159 1188 3210 morem,
1209 3137 1274 3200 id
1305 3146 1399 3201 est
1433 3140 1777 3218 legitimam
1808 3143 2170 3224 conjugem,
2191 3142 2381 3205 aliam

899 3256 938 3298 a
981 3236 1311 3300 meretrice
1360 3238 1683 3319 praedicta,
1716 3243 1794 3299 de
1832 3262 1962 3319 qua
2000 3244 2274 3319 suscepit
2312 3247 2385 3319 fi-

902 3336 1044 3406 lios,
1088 3338 1207 3415 qui
1244 3348 1584 3416 postquam
1636 3350 1966 3400 creverant
2021 3339 2087 3401 in
2137 3348 2384 3403 aelatem

906 3433 1473 3516 fortitudinemque
1520 3436 1795 3515 virilem,
1832 3440 2154 3515 ejecerant
2199 3442 2390 3516 leph-

2492 2941 2562 3003 lii
2595 2942 2934 3016 Manassae3
2969 2951 3042 3002 ut
3073 2945 3364 3003 tollerent
3396 2945 3466 3002 in
3497 2946 3834 3004 att-vilium
3868 2949 3977 3004 sui
4007 2933 4048 2971 ¹·

2490 3043 2754 3120 Jephthe
2775 3065 2801 3112 ,·
2829 3043 3267 3120 diaeerzmtque
3295 3059 3320 3101 .·
3367 3045 3522 3102 Veni
3555 3053 3618 3102 et
3645 3053 3770 3104 oeeo
3791 3046 3977 3122 prin-

2492 3162 2656 3219 ceps‘,
2688 3140 2751 3203 id
2794 3149 2889 3203 est
2927 3141 3119 3221 judex
3158 3151 3390 3211 noster,
3419 3152 3478 3201 et
3501 3162 3726 3221 puqna
3753 3154 3976 3205 eontra

2493 3244 2665 3321 filios
2697 3245 2997 3311 Ammon,
3034 3238 3096 3301 id
3144 3247 3260 3317 est,
3295 3239 3594 3322 princeps
3639 3241 3790 3303 belli
3839 3252 3978 3305 esto

2495 3340 2800 3402 adversus
2832 3337 2998 3399 illos.
3021 3340 3266 3406 Quibus
3296 3341 3406 3398 ille
3427 3342 3787 3416 respondit:
3805 3344 3982 3401 Non-

2499 3459 2578 3498 ne
2623 3458 2725 3497 vos
2764 3439 2911 3497 estis
2942 3438 3060 3515 qui
3096 3440 3322 3497 odistis
3363 3458 3480 3509 me,
3517 3448 3576 3499 et
3605 3440 3876 3516 ejecistis
3901 3442 3984 3499 de

908 3536 1027 3604 the,
1062 3532 1125 3594 id
1176 3541 1291 3609 est,
1326 3552 1467 3595 eum
1511 3554 1547 3596 a
1590 3555 1658 3597 se
1702 3555 1779 3597 cx
1827 3536 2294 3618 aspernatione,
2329 3545 2391 3600 et
2499 3540 2708 3608 donw,
2742 3535 2808 3597 id
2849 3544 2944 3597 est
2983 3534 3346 3599 habitaculo
3379 3543 3442 3598 et
3481 3535 3744 3608 familia,
3772 3541 3990 3616 patris

908 3630 1071 3694 forte
1114 3650 1190 3694 ex
1233 3631 1477 3695 invidia
1522 3634 1917 3715 repulerunt,
1950 3636 2101 3716 quia
2144 3634 2393 3698 virilior
2505 3637 2632 3695 met
2654 3639 2684 3694 Ρ
2711 3634 2888 3696 Unde
2939 3634 3212 3709 videtur,
3253 3635 3423 3715 quod
3473 3634 3670 3717 aliqui
3725 3635 3990 3698 fratrum

908 3750 981 3793 ac
1012 3730 1332 3793 robustior
1351 3730 1445 3794 eis
1480 3730 1622 3793 fuit.
1645 3732 1797 3794 Nam
1833 3732 2002 3795 infra
2032 3734 2396 3797 aitzNonne
2507 3751 2766 3795 suorum
2802 3732 2967 3794 inter
3000 3732 3154 3794 istos
3189 3731 3470 3807 fuerunt,
3505 3734 3602 3795 vel
3639 3733 3862 3796 fratres
3894 3734 3995 3795 sui

909 3848 1023 3892 vos
1064 3829 1215 3892 estis
1246 3829 1357 3911 qui
1391 3830 1614 3893 odistis
1655 3834 1801 3894 me?
1831 3834 2122 3893 Diem-Mes
2143 3854 2165 3891 .·
2199 3837 2396 3893 Heres
2507 3833 2733 3895 horum
2766 3831 3141 3894 auctoritate
3162 3831 3481 3911 ejecerant
3500 3851 3678 3908 eum3
3701 3841 3999 3895 autcom-

912 3931 985 3989 in
1036 3932 1221 3989 domo
1263 3930 1481 4006 patris
1528 3932 1733 3989 nostri
1782 3951 1908 4019 esse
1956 3951 2086 3991 non
2131 3934 2395 4009 poteris,
2432 3935 2476 3998 C
2509 3929 2808 3992 munitati
2857 3929 3148 4011 imputat,
3197 3931 3367 4011 quod
3412 3949 3448 3992 a
3491 3931 3868 4012 quibusdam
3921 3950 4000 3994 ex

912 4029 1068 4107 quia
1112 4030 1192 4086 de
1240 4030 1541 4087 adultera
1591 4038 1792 4087 matre
1834 4039 2029 4089 natus
2072 4050 2155 4100 εδ,
2193 4030 2253 4091 id
2305 4038 2401 4091 est
2509 4048 2582 4093 ea
2626 4035 2975 4110 peractum.
3011 4030 3097 4089 Et
3142 4050 3318 4089 mmo
3362 4032 3594 4090 venitis
3633 4033 3722 4090 ad
3759 4052 3858 4091 me
3899 4052 4004 4090 ne-

914 4143 1168 4187 manzer
1214 4142 1325 4187 seu
1372 4124 1650 4206 spuriu5‚
1688 4125 1925 4189 idcirco
1964 4136 2177 4190 noster
2217 4128 2402 4191 cohe-
2509 4129 2796 4188 cessitate
2823 4127 3159 4202 compulsi.
3193 4124 3381 4198 Quasi
3427 4125 3636 4188 dicat:
3669 4126 3800 4189 Non
3845 4126 4000 4190 faci-

918 4242 1017 4285 res
1069 4240 1194 4285 non
1250 4222 1396 4284 eris,
1432 4222 1621 4286 Porro
1672 4243 1797 4287 non
1850 4225 2058 4289 omnis
2102 4227 2400 4289 meretrix
2513 4228 2657 4289 liter
2701 4223 2884 4287 vobis
2928 4224 3313 4286 credendum
3359 4232 3476 4299 est,
3511 4232 3574 4286 et
3623 4226 4000 4287 necessitate

919 4328 1121 4384 exstat
1170 4320 1474 4397 adultera,
1531 4322 1638 4383 sed
1687 4330 1887 4385 mater
1934 4324 2204 4406 Jephthe
2254 4342 2404 4388 con-
2514 4326 2634 4387 ista
2677 4331 2984 4399 cessante,
3025 4321 3321 4385 infideles
3371 4324 3548 4385 eritis
3591 4324 3770 4385 mihi.
3805 4326 4001 4385 Dia-e-

917 4419 1276 4483 cumbendo
1324 4438 1470 4481 cum
1519 4420 1656 4483 viro
1706 4421 2067 4503 conjugato,
2116 4424 2403 4487 adultera
2513 4433 2838 4502 rumque:
2872 4423 2960 4485 ob
3002 4424 3170 4482 hanc
3209 4442 3354 4497 erqo
3389 4444 3652 4482 causam
3695 4444 3866 4482 nunc
3909 4427 4001 4482 ad

920 4528 1017 4581 est
1047 4516 1555 4581 effecta.Tamen
1576 4520 1673 4598 (ut
1705 4520 1900 4602 aliqui
1934 4521 2184 4601 dicunt)
2208 4521 2272 4583 in
2294 4521 2406 4583 He·
2516 4534 2571 4583 te
2605 4523 2919 4592 venimus,
2956 4530 3026 4580 ut
3047 4521 3486 4597 proficiscaris
3516 4522 4002 4591 nobiscum,sis-

924 4617 1089 4679 braeo
1122 4625 1183 4678 et
1212 4617 1279 4678 in
1313 4615 1495 4678 libris
1534 4620 1833 4681 correctis
1875 4620 2163 4698 habe-tur,
2197 4622 2283 4683 De
2323 4620 2407 4681 al·
2514 4640 2636 4700 que
2664 4623 2806 4678 dua:
2835 4620 3131 4678 omnium
3151 4620 3269 4696 qui
3297 4620 3594 4678 habitant
3627 4621 3696 4677 in
3723 4621 3998 4678 Galaad.

924 4724 1058 4777 tera
1098 4723 1299 4777 matre
1337 4723 1522 4777 natus
1563 4734 1651 4778 eS.
1690 4721 1855 4785 Quos
1884 4721 1995 4778 ille
2025 4720 2288 4797 fugiens
2319 4728 2409 4779 at·
2517 4718 2844 4797 Tanquam
2890 4715 3144 4777 dicant:
3183 4714 3500 4798 Quidquid
3553 4715 3638 4777 sit
3684 4716 3762 4777 de
3812 4715 4006 4777 rebus

926 4836 1048 4895 que
1094 4817 1411 4887 devitans,
1455 4816 1777 4876 habt-'tavit
1823 4820 1897 4877 in
1947 4828 2119 4879 terra
2167 4819 2307 4889 Tob,
2345 4816 2409 4878 id
2522 4814 2881 4899 praeteritiS,
2917 4833 3087 4877 nunc
3121 4834 3198 4876 ex
3235 4832 3449 4876 amore
3487 4823 3552 4877 et
3591 4814 3755 4877 bona
3799 4814 4010 4877 inten-

929 4922 1024 4977 e-st
1054 4913 1127 4983 in
1153 4911 1409 4993 regione
1431 4914 1521 4975 sic
1543 4913 1725 4976 dicta.
1743 4916 2244 4994 Conqreqatique
2261 4926 2413 4977 sunt
2523 4916 2696 4977 tione
2727 4913 3019 4978 venimus
3049 4914 3125 4975 ad
3163 4922 3242 4975 te.
3262 4914 3528 4991 Jeplaethe
3556 4934 3802 4993 quoque
3828 4916 4011 4975 daz-ex

928 5016 1016 5072 ad
1034 5034 1181 5073 eum
1204 5015 1341 5072 viri
1364 5015 1576 5089 inopes
1595 5024 1653 5073 et
1684 5016 2158 5086 latrocinantes,
2185 5025 2242 5075 et
2263 5036 2416 5095 qua·
2521 5015 2612 5073 cis
2634 5030 2657 5073 .·
2682 5014 2760 5074 Si
2791 5011 3238 5080 vere,veritate
3268 5011 3360 5073 rei
3392 5019 3453 5073 et
3485 5009 3817 5086 sermoniS‚
3839 5015 4014 5071 veni-

682 5124 699 5143 ·
731 5121 899 5177 princi·
928 5114 987 5170 si
1013 5114 1239 5171 ducem
1258 5112 1729 5190 *sequebantun
1755 5110 1979 5173 Dicunt
2008 5112 2416 5194 aliqui,-quod
2449 5114 2496 5173 D
2523 5115 2640 5172 stis
2668 5114 2755 5171 ad
2787 5132 2884 5170 me
2913 5128 3029 5191 pro
3060 5128 3250 5172 causa
3281 5118 3598 5191 praetacta‚
3629 5120 3700 5169 ut
3723 5128 4012 5186 puynem

633 5200 734 5243 pem
934 5227 1059 5271 non
1100 5206 1478 5271 exercebant
1519 5209 1763 5291 praedas
1798 5217 1861 5271 et
1900 5209 2256 5287 latrocinia,
2292 5211 2416 5273 nisi
2518 5232 2640 5288 pro
2673 5210 2844 5269 vobis
2873 5218 3096 5269 contra
3125 5211 3299 5286 filios
3319 5212 3620 5278 Ammon,
3641 5209 4014 5268 tradiderit-

933 5306 999 5367 in
1048 5306 1443 5369 adversarios
1500 5307 1946 5385 israelitarum,
2000 5310 2416 5389 quemadmo·
2527 5330 2649 5389 que
2681 5308 2992 5369 Dominus
3021 5327 3140 5379 eos,
3172 5305 3468 5369 videlicet
3495 5304 3908 5381 Ammonitas,
3937 5307 4008 5367 in
