4359 6250
601 1437 686 1481 1οὸ
700 1451 756 1489 ix,
777 1441 840 1480 ¹9.

618 2426 671 2470 Ν
686 2427 797 2480 Βεῃ.
814 2440 843 2476 1,

581 2493 622 2540 7,
644 2493 685 2535 8.

871 443 989 507 410

1386 465 1733 513 ENARRA‘rlo
1778 467 1837 514 m
1881 469 2017 514 CAP-
2064 469 2259 515 xxvul
2301 469 2458 516 LIBRI
2499 470 2669 518 Pium
2711 471 2934 518 REGUM.
2979 491 3059 502 -—
3099 472 3241 518 ΛΒΤ.
3287 472 3448 518 nvn

869 629 924 692 si
958 649 1075 696 nec
1094 633 1331 716 Moyses
1364 655 1480 700 nec
1503 636 1753 700 Samuel
1785 639 2160 719 agnoverint
2192 639 2362 703 diem
2389 639 2442 702 A
2470 659 2707 718 meum,
2743 661 2854 706 seu
2893 642 3252 706 ministerio
3282 643 3412 706 oris
3444 642 3570 705 mei
3603 661 3618 704 :
3653 643 3806 725 quia
3839 661 3953 724 per

868 729 1096 812 judicii
1142 753 1281 797 esse
1325 735 1615 798 futurum
1661 737 1726 798 in
1774 736 1909 800 sine
1952 738 2174 801 mundi
2220 745 2364 821 post

870 829 1148 912 primum
1179 833 1411 897 Christi
1448 837 1813 912 adventum,
1847 856 2036 918 quem
2076 837 2364 900 sciebant

871 937 1022 992 tunc
1073 933 1355 994 nondum
1400 935 1689 1008 venissc;
1742 936 1865 1011 vel,
1916 935 2101 1018 quasi
2146 936 2364 999 anima

872 1027 1187 1092 Samuelis
1214 1030 1405 1094 fuerit
1436 1042 1562 1095 tam
1599 1033 1839 1113 ignara,
1860 1036 2032 1117 quod
2064 1035 2363 1098 nescierit

874 1126 940 1188 in
972 1128 1191 1192 divino
1233 1131 1475 1212 judicio
1508 1132 1825 1195 neminem
1872 1151 2059 1214 posse
2092 1133 2360 1195 testibus

870 1226 1173 1307 adjuvari,
1187 1249 1387 1311 quum
1407 1230 1623 1293 omnia
1642 1232 2181 1314 supercer‘tissime
2201 1251 2363 1294 sum-

873 1344 977 1387 mo
1006 1326 1211 1390 Judici
1244 1335 1557 1391 constent.
1592 1329 1852 1412 Propter
1890 1332 2062 1411 quod
2106 1339 2361 1393 sanctus

868 1423 983 1486 Job
1014 1425 1172 1488 dicit
1207 1445 1220 1488 ε
1256 1427 1320 1490 Si
1344 1429 1608 1510 aequitas
1634 1430 1858 1511 judicii
1890 1430 2220 1512 quaeritur,
2256 1449 2364 1492 ne-

872 1542 978 1586 mo
1009 1526 1197 1588 audet
1217 1545 1333 1608 pro
1354 1545 1456 1590 me
1480 1528 1913 1592 testimonium
1936 1530 2167 1592 dicere.
2188 1528 2363 1603 Quod

874 1632 1085 1686 autem
1124 1634 1398 1706 ponatur
1428 1627 1534 1689 bic
1574 1627 1821 1709 plurale
1867 1647 1981 1710 pro
2026 1627 2358 1708 singulari,

874 1721 1127 1785 elicitur
1148 1742 1223 1786 ex
1245 1723 1385 1802 1100,
1406 1727 1577 1807 quod
1600 1726 1745 1789 Saul
1767 1725 2174 1806 singulariter
2194 1745 2365 1807 (11110-

2471 759 2732 804 manum
2773 749 3050 823 potestas
3089 763 3199 806 seu
3240 743 3524 824 operatio
3561 742 3948 822 designatur.

2470 838 2606 915 Vel,
2641 838 2755 901 Per
2801 858 3060 902 manum
3101 860 3330 916 meam,
3364 841 3427 904 id
3469 849 3564 902 est
3604 859 3718 922 per
3762 841 3956 904 verba

2469 956 2614 1020 quae
2645 936 2870 1020 scripsi
2891 958 3106 1000 manu.
3133 939 3458 1021 Siquidem
3479 939 3804 1022 Propheta
3823 959 3956 1001 ma-

2473 1055 2557 1098 nu
2581 1037 2994 1118 scripserunt,
3015 1057 3155 1120 quae
3185 1038 3482 1100 dixerunt
3509 1057 3618 1100 ore
3645 1047 3848 1101 tenus.
3869 1043 3956 1102 Ec

2469 1138 2714 1196 scindet
2743 1156 3014 1214 reynum
3042 1141 3122 1196 de
3141 1157 3342 1198 manu
3373 1147 3508 1208 tua,
3533 1136 3598 1199 id
3617 1145 3732 1214 est,
3750 1145 3954 1200 tot-um
3983 1160 4176 1264 ἐπες.
4195 1173 4268 1199 n.

2471 1233 2718 1298 auferet
2767 1234 2910 1310 tibi,
2952 1247 3012 1297 et
3054 1239 3236 1298 dabit
3281 1237 3456 1298 illud
3497 1239 3798 1314 proximo
3847 1249 3955 1300 tuo

2471 1336 2691 1398 David
2711 1356 2735 1396 .·
2756 1337 2914 1414 quia
2935 1355 3064 1398 non
3093 1337 3363 1396 obedisti
3395 1337 3532 1396 voci
3551 1337 3958 1405 Dominime-

2472 1453 2592 1510 que
2621 1433 2835 1510 fecisti
2880 1436 3053 1496 iram
3095 1435 3346 1511 furoris
3389 1435 3527 1512 ejus
3567 1436 3640 1494 in
3671 1437 3953 1506 Amalec,

2476 1529 2537 1592 id
2584 1539 2699 1607 est,
2737 1531 3008 1612 rigorem
3052 1530 3287 1595 divinae
3322 1532 3586 1613 justitiae
3627 1542 3958 1598 exsecutus

2475 1645 2605 1691 non
2636 1647 2702 1692 es
2750 1629 2818 1692 in
2845 1629 3234 1705 AmaleeitiS,
3265 1639 3456 1712 prout
3493 1649 3685 1713 supra
3714 1630 3960 1712 exposi-

2474 1734 2610 1788 tum
2663 1727 2809 1790 fuit.
2863 1727 3044 1791 Falsa
3090 1727 3294 1810 pietas
3345 1729 3456 1790 illa
3501 1748 3630 1810 qua
3676 1729 3958 1811 pepercit

878 1820 981 1882 rit.
1025 1824 1341 1903 Dia-itque
1378 1827 1440 1884 ei
1471 1846 1494 1884 .·
1526 1829 1751 1894 Qualis
1788 1836 1877 1888 est
1919 1828 2134 1904 forma
2173 1827 2365 1902 ejus?
2401 1825 2448 1889 B
2474 1825 2647 1906 Agag
2675 1825 2834 1906 regi,
2869 1827 2996 1890 imo
3037 1835 3099 1889 et
3141 1827 3460 1910 cupiditas
3501 1846 3632 1908 qua
3675 1827 3962 1909 pepercit

879 1923 1031 1989 Quae
1062 1924 1158 1982 ait
1190 1943 1212 1981 .·
1248 1924 1358 1984 Vir
1386 1921 1579 1983 seneoe
1607 1927 1915 1996 ascendit,
1949 1935 2009 1985 et
2038 1927 2172 2001 ipse
2203 1927 2366 1984 ami—

872 2029 1010 2080 ctus
1062 2031 1151 2081 est
1195 2025 1401 2098 pallio
1461 2023 1606 2099 tali,
1658 2024 1831 2105 quali
1885 2024 2091 2086 adhuc
2142 2024 2365 2087 vivens

874 2119 1206 2183 consuevit
1245 2121 1487 2184 vestiri.
1522 2125 1609 2183 Et
1639 2124 1961 2184 intellexit
1991 2126 2159 2184 Saul
2198 2125 2368 2202 quod

880 2220 1148 2278 Samuel
1178 2229 1351 2280 esset.
1376 2219 1504 2282 Hoc
1536 2239 1812 2301 namque
1832 2220 2099 2303 putavit,
2120 2221 2254 2283 sive
2277 2219 2366 2284 sic

881 2314 1097 2392 fuerit,
1147 2315 1281 2380 sive
1325 2337 1477 2380 non.
1512 2319 1726 2400 ltaque
1771 2319 1936 2382 sicut
1986 2318 2155 2383 infra
2203 2319 2367 2382 libro

877 2422 1107 2495 quarto
1164 2416 1455 2493 babetur,
1502 2419 1673 2500 quod
1721 2417 2023 2482 Ochozias
2069 2419 2368 2498 cognovit

876 2513 1079 2576 Ellam
1114 2535 1191 2578 ex
1238 2516 1547 2581 relatione
1588 2518 1686 2580 sui
1720 2517 1987 2580 vestitus
2024 2526 2085 2581 et
2118 2517 2363 2594 10111110,

877 2613 969 2676 sit:
1020 2614 1166 2676 Saul
1215 2615 1595 2679 Samuelem.
1646 2621 1728 2680 Et
1776 2619 2126 2678 inclinavit
2162 2639 2227 2676 se
2262 2639 2369 2677 su—

868 2735 989 2792 per
1016 2715 1251 2791 faciem
1284 2736 1472 2776 suam
1503 2717 1571 2776 in
1619 2726 1815 2786 terra,
1851 2723 2259 2798 prosternens
2301 2733 2369 2778 se

879 2811 1082 2888 humi,
1134 2823 1195 2872 et
1244 2816 1546 2874 adoravit
1590 2813 1946 2876 Samuelem
1997 2814 2368 2877 adoratione

875 2909 1095 2986 duliae,
1150 2917 1457 2992 tanquam
1508 2912 1921 2976 excellentem
1970 2920 2033 2974 et
2078 2921 2364 2976 sanctam

2475 1925 2848 1989 melioribus
2892 1925 3250 2007 110001111113,
3288 1925 3676 2008 negligentia
3719 1933 3782 1988 et
3826 1926 3962 1988 1110-

2475 2024 2821 2099 bedientia,
2859 2023 3118 2088 fuerunt
3153 2024 3474 2107 praecipua
3511 2044 3704 2088 001130
3751 2043 3966 2106 101110-

2474 2121 2750 2186 1101101113
2785 2121 2990 2185 Saulis
3013 2142 3051 2185 a
3070 2141 3286 2203 regno.
3314 2123 3589 2186 Fuerunt
3611 2123 3804 2186 0110111
3823 2123 3966 2187 111101

2475 2240 2702 2298 causae,
2729 2221 3026 2286 videlicet
3054 2222 3224 2303 quod
3246 2221 3477 2285 obtulit
3497 2221 3962 2294 holocaustum,
3995 2240 4262 2284 mas-m.

2474 2339 2793 2402 usurpans
2814 2319 2935 2382 sibi
2959 2321 3350 2384 sacerdotale
3368 2319 3439 2384 of
3443 2319 3469 2382 f
3473 2320 3688 2398 icium,
3707 2329 3772 2383 et
3791 2321 3966 2401 quod

2475 2428 2601 2481 tam
2639 2418 2836 2500 impie
2868 2428 3236 2501 persecutus
3267 2427 3362 2483 est
3387 2419 3582 2482 David
3612 2439 3684 2482 ac
3705 2436 3875 2491 31103,
3900 2428 3970 2482 et,

2474 2517 2778 2599 quoniam
2811 2519 3168 2581 sacerdotes
3198 2517 3290 2580 sic
3323 2518 3682 2582 trucidavit.
3715 2521 3968 2580 Idcirm
4023 2533 4248 2576 max...

2469 2620 2645 2696 quod
2664 2619 2937 2693 pateriS,
2971 2617 3126 2693 fecit
3159 2619 3278 2678 tibi
3305 2619 3625 2678 Dominus
3653 2618 3880 2688 hodie‚·
3903 2627 3970 2676 et
4000 2600 4068 2639 ¹⁸·

2475 2717 2658 2776 dabit
2701 2716 3022 2776 Dominus
3061 2716 3260 2775 etiam
3305 2717 3534 2784 Israel,
3579 2714 3642 2776 id
3691 2723 3788 2778 est
3835 2733 3972 2776 ma—

2474 2831 2664 2892 gnam
2697 2821 2940 2894 partem
2974 2812 3288 2876 exercitus
3317 2813 3434 2888 tui,
3454 2816 3526 2873 in
3557 2835 3789 2876 mnus
3807 2815 3972 2875 Phi-

2477 2913 2731 2972 listiim.
2767 2910 2923 2974 Nam
2958 2919 3022 2973 et
3061 2910 3338 2993 populus
3371 2911 3556 2974 lsrael
3587 2911 3776 2974 simul
3818 2931 3968 2974 cum

876 3027 1237 3091 personam.
1274 3011 1363 3072 Ex
1395 3010 1495 3072 his
1527 3011 1823 3088 trahitur,
1856 3013 2026 3093 quod
2056 3011 2204 3074 Saul
2238 3030 2363 3074 non
2401 3011 2445 3074 C
2477 3027 2621 3090 rege
2664 3028 2780 3072 suo
2825 3009 3270 3091 multipliciter
3311 3018 3445 3072 erat
3488 3009 3870 3092 culpabilis-3
3903 3021 3970 3072 et

876 3108 1037 3172 vidit
1067 3108 1425 3174 Samuelem
1473 3118 1907 3193 apparentem,
1942 3112 2049 3175 sed
2080 3110 2312 3175 mulier
2347 3130 2360 3174 ε

876 3209 1032 3271 alias
1084 3228 1211 3273 non
1253 3210 1723 3289 interrogasset,
1757 3209 1969 3283 Qualis
2017 3218 2113 3273 est
2158 3210 2367 3274 forma

875 3308 1050 3387 ejus?
1073 3308 1313 3371 Dicitur
1348 3318 1555 3371 tamen
1590 3309 1959 3391 apparuisse
1992 3309 2188 3386 Sauli,
2212 3309 2367 3390 quia

874 3406 1187 3470 allocutus
1234 3416 1327 3471 est
1373 3426 1541 3471 eum.
1578 3407 2027 3470 Verumtamen
2071 3406 2367 3487 Augusti-

876 3525 996 3568 nus
1030 3504 1282 3582 l'atetur‚
1309 3506 1476 3586 quod
1510 3524 1637 3568 non
1670 3505 2019 3567 absurdum
2046 3506 2129 3567 sit
2156 3506 2369 3569 crede-

876 3624 965 3681 re,
1010 3604 1305 3686 spiritum
1349 3604 1506 3687 justi
1551 3603 1860 3666 Samuelis
1904 3603 2258 3667 ostendisse
2300 3623 2368 3667 se

875 3704 1039 3785 regis
1085 3704 1491 3786 adspectibus
1528 3720 1541 3764 τ
1576 3703 1749 3785 quod
1779 3710 1987 3785 potest
2029 3703 2259 3784 exponi
2289 3704 2368 3766 de

874 3803 1239 3867 ostensione
1269 3821 1383 3885 per
1413 3801 1625 3865 verba.

954 3905 1146 3963 Dixit
1188 3912 1401 3963 autem
1446 3905 1715 3963 Samuel
1752 3904 1840 3961 ad
1888 3902 2110 3962 Saul:
2158 3903 2370 3969 Quare

875 3999 1255 4078 inquietasti
1296 4019 1418 4067 me,
1451 3996 1517 4059 id
1562 4005 1678 4074 est,
1723 3995 2066 4078 inquietari
2097 3995 2306 4059 fecisti
2333 4016 2370 4058 a

876 4096 1118 4178 requie,
1145 4116 1288 4177 quae
1319 4104 1414 4158 est
1446 4096 1511 4157 in
1545 4095 1741 4158 limbo
1772 4104 2046 4177 patrum,
2074 4106 2145 4156 ut
2172 4099 2370 4156 susci-

2478 3109 2800 3172 interdum
2833 3108 3171 3189 contingit,
3207 3110 3379 3191 quod
3419 3118 3678 3193 propter
3705 3117 3971 3191 peccata

2475 3208 2784 3291 principis
2816 3208 3170 3291 percutitur
3198 3208 3490 3290 1101111103,
3525 3208 3972 3291 corporaliter-

2474 3327 2600 3389 que
2645 3307 2932 3389 punitur,
2971 3306 3036 3368 in
3077 3316 3390 3388 quantum
3423 3306 3720 3389 princeps
3749 3316 3810 3369 et
3855 3326 3972 3389 po-

2474 3406 2665 3489 pulus
2715 3407 2854 3488 ejus
2901 3414 3051 3467 sunt
3096 3406 3564 3487 quodammodo
3609 3426 3806 3469 unum
3843 3425 3862 3468 ε
3903 3416 3970 3469 01

2477 3506 2597 3568 1100
2631 3504 2840 3586 ipsum
2873 3504 3051 3568 novit
3093 3503 3379 3567 omnium
3421 3504 3766 3567 Moderator
3791 3504 3972 3567 altis-

2477 3602 2676 3665 simus
2709 3602 2772 3664 in
2805 3602 3044 3665 bonum
3085 3601 3416 3684 spirituale
3457 3601 3678 3684 populi
3708 3602 3970 3665 aliunde

2478 3700 2746 3777 innoxii,
2772 3700 3091 3763 ordinare.
3120 3701 3262 3763 ldeo
3291 3719 3420 3763 non
3452 3701 3718 3782 contigit
3749 3702 3814 3763 in
3845 3702 3968 3764 hoc

2479 3798 2796 3882 injustitia
2817 3798 3054 3881 aliqua,
3073 3800 3200 3863 Deo
3223 3799 3648 3863 attribuenda.
3675 3804 3830 3861 Cras
3857 3822 3972 3861 au-

2479 3907 2601 3958 tem
2636 3907 2706 3957 tu
2735 3908 2794 3958 et
2837 3898 2973 3974 filii
3020 3899 3118 3959 tui
3153 3918 3400 3958 mecum
3433 3900 3642 3967 eritis,
3673 3897 3736 3959 id
3771 3906 3870 3961 est
3899 3898 3968 3961 in

2478 4014 2744 4058 numero
2787 3994 3236 4059 defunctorum
3268 4004 3330 4059 et
3358 4004 3524 4058 statu
3569 4004 3968 4059 mortuorum

2477 4113 2586 4156 seu
2619 4093 2685 4155 in
2734 4092 3010 4169 inferno,
3047 4094 3357 4155 sumendo
3403 4092 3730 4156 infernum
3757 4093 3972 4157 totali-

878 4198 1100 4256 tarer?
1139 4198 1224 4257 Et
1267 4197 1363 4255 ait
1404 4198 1571 4257 Saul
1600 4216 1622 4254 .·
1659 4198 1955 4255 Coarctor
1995 4196 2217 4255 nimis,
2266 4197 2369 4256 Si·
2400 4190 2447 4252 D
2480 4201 2592 4267 ter,
2629 4200 2818 4275 prout
2859 4200 3132 4273 quatuor
3163 4192 3301 4255 loca
3344 4191 3635 4269 includit,
3671 4192 3970 4255 videlicet

875 4294 1137 4372 quidem
1160 4294 1527 4355 philistiim
1546 4302 1851 4369 puynant
1872 4296 2212 4353 adversum
2247 4312 2364 4362 me,

874 4400 934 4450 et
961 4393 1133 4451 Deus
1166 4393 1415 4452 recessit
1449 4412 1489 4450 a
1524 4412 1641 4461 me,
1668 4400 1727 4451 et
1770 4392 2087 4450 exaudire
2130 4411 2230 4452 me
2259 4412 2369 4451 no-

877 4491 1027 4559 luit,
1062 4509 1264 4569 neque
1294 4492 1364 4549 in
1400 4509 1604 4549 manu
1634 4490 2132 4565 Prophetarum,
2166 4510 2369 4568 neque

786 4616 793 4621 ·
866 4608 986 4665 per
1012 4588 1290 4648 somnia.
1326 4588 1556 4649 Vocavi
1590 4605 1737 4663 erqo
1791 4596 1868 4657 te,
1905 4596 1977 4646 ut
2016 4590 2369 4647 ostenderes

876 4688 1044 4747 milei
1072 4688 1237 4765 quid
1276 4686 1546 4762 faciam.
1580 4687 1667 4746 Et
1712 4686 1810 4747 ait
1840 4688 2109 4747 Samuel
2140 4707 2163 4745 .·
2198 4688 2370 4755 Quid

875 4787 1233 4861 interroyas
1282 4786 1432 4845 me?
1470 4783 1653 4865 quasi
1706 4782 1897 4859 dicat,
1944 4783 2202 4845 Frustra
2249 4784 2369 4847 hoc

875 4882 1020 4963 agis,
1038 4904 1238 4963 quum
1256 4885 1572 4943 Dominus
1596 4884 1915 4943 recesserit
1935 4904 1977 4945 a
1998 4892 2144 4951 te,et
2167 4893 2371 4943 trans-

876 4984 1027 5042 ierit
1070 4984 1159 5042 ad
1207 4986 1517 5042 oemulum
1552 4990 1759 5049 tuum,
1802 4979 1867 5041 id
1915 4988 2011 5043 est
2054 4980 2135 5043 ad
2173 4980 2367 5043 David

874 5078 977 5142 cui
1016 5087 1079 5140 tu
1110 5077 1383 5154 invide-S,
1403 5097 1602 5159 quum
1628 5086 1838 5141 tamen
1863 5077 2000 5160 ipse
2030 5086 2093 5141 te
2121 5077 2365 5157 diligat.

874 5180 1093 5241 Faciet
1144 5180 1321 5238 enim
1361 5180 1679 5238 Dominus
1733 5180 1873 5249 tibi,
1904 5180 2073 5239 sicut
2123 5183 2370 5239 locutus

874 5286 964 5337 est
1016 5278 1087 5349 in
1124 5296 1324 5337 manu
1366 5296 1527 5349 mea,
1572 5274 1635 5338 id
1686 5284 1783 5339 est
1825 5296 1939 5359 per
1985 5275 2364 5358 obsequium

2477 4291 2687 4353 locum
2735 4290 3161 4354 damnationis
3199 4291 3636 4372 reproborum,
3673 4298 3972 4373 purgato-

2477 4388 2666 4464 rium,
2705 4388 2976 4451 limbum
3007 4397 3282 4469 patrum,
3309 4388 3707 4470 limbumque
3737 4408 3970 4470 parvu-

2476 4487 2706 4551 lorum.
2739 4486 2901 4561 Quid
2944 4506 3095 4550 vero
3138 4486 3541 4550 sentiendum
3571 4485 3860 4549 videatur
3885 4488 3970 4549 dc

2477 4584 2883 4649 damnatione
2931 4594 3040 4648 aut
3085 4585 3690 4662 salvatione.SauliS‚
3723 4584 3966 4647 dictum

2477 4693 2574 4747 est
2605 4684 2669 4745 in
2715 4684 2923 4766 primo
2969 4684 3132 4747 libro
3173 4683 3716 4765 Paralipomenon.
3753 4685 3836 4747 De
3867 4685 3970 4747 Jo-

2479 4784 2673 4846 natha
2705 4792 2914 4846 autem
2949 4791 3222 4859 tenetur,
3247 4784 3418 4865 quod
3451 4782 3576 4845 suit
3593 4782 3692 4845 vir
3721 4800 3970 4863 magnae

2477 4881 2756 4944 virtutis,
2794 4881 2878 4945 00
2909 4880 3054 4943 aliis
3087 4881 3246 4943 filiis
3279 4880 3426 4945 Saul
3457 4880 3549 4943 nil
3580 4888 3824 4944 certum
3857 4880 3970 4943 ha-

2477 4980 2684 5043 betur.
2736 4980 2853 5043 Sed
2906 4980 3071 5044 sicut
3129 4981 3195 5043 in
3241 4980 3612 5060 evangelica
3658 4981 3794 5060 lege
3842 4980 3968 5043 viri

2478 5078 2880 5158 congressuri
2913 5086 3271 5161 praeparant
3299 5098 3368 5141 se
3397 5098 3510 5161 per
3539 5078 3839 5141 exercitia
3869 5079 3974 5141 de-

2477 5177 2759 5241 votionis
2787 5178 2866 5240 ad
2897 5188 3166 5242 mortem
3212 5177 3558 5255 salubrem,
3591 5178 3680 5239 ita
3705 5177 3974 5240 creden-

2478 5277 2632 5339 dum
2649 5275 2900 5339 videtur
2920 5276 3000 5339 de
3021 5276 3177 5339 viris
3203 5276 3322 5339 sub
3344 5275 3543 5339 veteri
3570 5274 3728 5355 lege,
3753 5294 3975 5356 quam·

4039 1745 4170 1788 laid-
4185 1749 4228 1785 9.

4027 4706 4042 4748 Ι
4063 4708 4172 4749 Par.
4191 4722 4228 4748 ι.
