4359 6250
918 481 1038 544 522
1435 503 1783 552 mannaim
1827 506 1886 552 ΙΝ
1929 508 2065 553 CAP.
2111 508 2215 554 XIV
2258 508 2417 554 LIBRI
2460 509 2711 554 SECUNDI
2750 509 2973 556 REGUU.
3020 529 3101 540 --
3140 511 3282 556 ΛΒΤ.
3328 511 3479 556 xxm

639 685 890 741 uanam,
920 674 1223 738 Abiathar
1276 695 1389 739 seu
1439 677 1844 741 Achimelech
1893 680 2185 742 sacerdos
2234 679 2408 743 dedit
2440 678 2489 740 A
2519 678 2769 742 cientiS.
2797 683 2881 743 Et
2908 685 3168 760 quando
3202 684 3517 750 tondebat,
3548 681 3611 743 id
3642 689 3761 753 est,
3786 681 3993 743 tonde-

628 752 668 798 ³'
687 753 729 794 ⁴·
920 775 1042 857 ipsi
1069 776 1264 839 David
1287 795 1482 858 panes
1505 779 1956 860 propositionis
1981 779 2060 840 ad
2081 781 2409 843 comeden-

920 875 1094 950 dum,
1132 876 1302 956 quod
1343 875 1680 938 videbatur
1717 885 1938 940 eontra
1979 878 2407 942 caerimoniale

619 984 713 1028 Leo
716 1000 844 1038 xxxxxx
849 990 891 1034 ο.
919 982 1330 1057 praeceptum,
1377 993 1507 1055 quo
1549 974 1892 1056 jubebatur
1935 979 2106 1058 quod
2151 977 2271 1039 soli
2312 965 2409 1039 sa-

919 1075 1206 1138 cerdotes
1247 1073 1376 1136 illis
1415 1073 1690 1156 panibus
1729 1085 2156 1138 vescerentur.
2190 1076 2405 1158 Aliqui

917 1190 1176 1255 quoquc
1205 1172 1448 1248 dicunt,
1486 1172 1654 1253 quod
1686 1173 1764 1235 de
1794 1192 2108 1236 consensu
2139 1175 2404 1256 propin-

916 1291 1186 1353 quorum
1212 1281 1460 1354 poterat
1482 1291 1590 1335 rex
1611 1292 1756 1335 cum
1779 1272 2097 1336 homicida
2129 1275 2402 1355 rigorem

913 1372 1078 1454 juris
1111 1379 1464 1453 temperare
1496 1391 1575 1434 ne
1604 1373 2020 1435 occideretur.

993 1474 1082 1533 Et
1125 1473 1222 1531 ait
1263 1493 1379 1530 rea:
1421 1474 1508 1530 ad
1549 1473 1707 1532 Joab
1737 1489 1762 1531 .·
1795 1474 1952 1533 Ecce
1984 1477 2282 1549 placatus
2325 1474 2403 1535 de

915 1571 1226 1635 forefacto
1255 1570 1613 1647 Absalonis,
1648 1571 1778 1648 feci
1807 1573 2070 1632 verbum
2103 1583 2317 1642 tuum,
2338 1573 2400 1635 id

913 1679 1028 1746 est,
1072 1668 1325 1732 decrevi
1373 1668 1639 1750 implere
1681 1669 1852 1750 quod
1903 1688 2017 1751 per
2065 1669 2397 1732 mulierem

911 1769 1076 1830 hanc
1108 1765 1466 1849 postulasti.
1508 1770 1678 1827 Vade
1707 1787 1879 1845 erqo,
1907 1778 1966 1827 et
2002 1787 2225 1828 revoca
2252 1789 2401 1845 pue-

2519 780 2572 841 ri
2608 779 2782 857 fecit,
2815 784 3128 858 capillum
3158 781 3383 864 capitis
3412 781 3513 843 sui
3540 785 3759 859 (semel
3786 792 3990 842 autem

2518 882 2590 940 in
2640 900 2811 941 anno
2864 884 3266 951 tondebatur,
3296 885 3451 961 quia
3487 883 3809 959 gravabat
3855 903 3993 942 eum

2516 982 2851 1048 ca’saries).
2885 979 3115 1041 Dicunt
3162 980 3421 1062 quidam
3468 983 3569 1058 (ut
3616 980 3849 1060 fertur)
3888 981 3997 1043 He-

2518 1078 2694 1152 braei,
2729 1080 2899 1160 quod
2944 1078 3230 1160 quolibet
3276 1097 3493 1142 mense
3540 1079 3736 1142 semel
3788 1083 3997 1143 tonde-

2516 1177 2705 1240 batur
2738 1195 2753 1239 :
2791 1177 3027 1240 idcirco
3058 1187 3381 1260 exponunt
3413 1179 3533 1242 hoc
3562 1181 3775 1256 modo,
3796 1179 3995 1243 Semel

2518 1276 2583 1337 in
2617 1295 2807 1353 annn,
2844 1277 2904 1338 id
2938 1287 3033 1339 est
3063 1285 3296 1340 statuto
3326 1287 3609 1360 tempore
3638 1278 3815 1353 anni,
3850 1289 3995 1360 puta

2518 1375 2839 1438 tricesimo
2881 1375 3007 1452 die,
3042 1376 3176 1440 sive
3221 1376 3417 1439 semel
3458 1375 3523 1437 in
3569 1395 3813 1440 mense.
3848 1377 3993 1438 Nam

2516 1478 2580 1532 et
2624 1469 2689 1532 in
2733 1469 2991 1532 Hchraeo
3036 1469 3240 1532 fertur
3280 1470 3521 1546 haberi,
3556 1469 3805 1534 Statuto
3848 1480 3995 1534 tem-

2516 1587 2670 1651 pore
2700 1568 3099 1632 tondebatur.
3114 1569 3561 1632 Verumtamen
3584 1569 3899 1651 Iosephus
3914 1572 3997 1633 vi·

2514 1669 2701 1730 detur
2730 1667 2987 1743 sentire,
3006 1667 3176 1748 quod
3210 1667 3404 1731 semel
3437 1667 3765 1730 dumtaxat
3793 1669 3861 1731 in
3890 1689 3997 1732 an-

2514 1785 2617 1842 n0‚
2654 1766 2873 1829 dicens
2908 1784 2923 1828 ε
2958 1767 3155 1828 Tanta
3202 1775 3337 1828 erat
3382 1767 3521 1849 ejus
3568 1767 3883 1842 caesaries,
3930 1779 3995 1830 ut

907 1885 1056 1927 rum
1090 1869 1394 1927 Absalon.
1437 1863 1872 1928 communiter
1913 1865 2109 1928 David
2148 1885 2257 1929 rex
2296 1885 2401 1930 vo-
2437 1863 2483 1925 B
2512 1874 2655 1928 octo
2697 1865 2921 1928 diebus
2974 1865 3225 1928 tonderi
3273 1865 3379 1928 vix
3426 1865 3760 1948 potuisset,
3806 1885 3995 1948 quam

908 1965 1081 2028 cavit
1107 1965 1278 2027 hunc
1308 1963 1587 2026 Absalon
1619 1983 1912 2046 puerum,
1948 1965 2100 2045 quia
2142 1965 2401 2028 tenerri-

907 2083 1010 2127 me
1042 2083 1186 2126 eum
1219 2062 1668 2143 dilexit,quum
1697 2071 1864 2125 esset
1891 2063 2399 2145 speciosissimus

903 2162 1184 2245 juveniS,
1214 2169 1276 2224 et
1307 2160 1490 2224 valde
1531 2160 1826 2223 amabilis
1868 2161 1932 2223 in
1977 2161 2395 2225 naturalibus.

913 2264 1282 2340 Cadensque
1301 2262 1460 2320 Joab
1484 2279 1678 2337 super
1695 2263 1932 2340 faciem
1959 2281 2147 2322 suam
2179 2263 2248 2322 in
2285 2271 2401 2321 ter-

908 2381 1075 2430 ram,
1110 2361 1410 2420 adoravit
1443 2369 1502 2418 et
1537 2360 1867 2419 benedioeit
1905 2362 2065 2436 reyi.
2100 2362 2188 2421 Et
2222 2363 2400 2420 dimit

907 2461 1064 2520 Joab
1097 2479 1119 2517 .·
1149 2459 1364 2520 Hodie
1408 2459 1731 2517 intellexit
1773 2479 1992 2518 servus
2038 2467 2209 2530 tuus,
2243 2461 2401 2538 quia

909 2559 1137 2618 inveni
1159 2558 1450 2634 qratiam
1486 2559 1552 2616 in
1595 2558 1800 2616 oculis
1833 2559 1986 2627 tuis,
2014 2560 2277 2618 domine
2310 2558 2401 2618 mi

907 2677 1045 2717 rem.
1083 2656 1320 2718 Fecisti
1349 2656 1547 2726 em'm,
1581 2658 1842 2715 domine
1873 2657 1968 2714 mi
1998 2676 2136 2727 rex,
2169 2677 2401 2717 sermo-

906 2776 1052 2815 nem
1079 2756 1253 2815 servi
1282 2755 1402 2814 tui.
1429 2755 1740 2814 Surrexit
1769 2774 1915 2831 erqo
1945 2757 2124 2826 Joab,
2145 2765 2207 2814 et
2236 2756 2399 2814 abiit

907 2855 974 2914 in
1017 2857 1271 2924 Gessur,
1297 2861 1358 2912 el
1397 2855 1684 2912 adduoeit
1716 2854 1994 2913 Absalon
2029 2854 2102 2913 in
2141 2857 2400 2914 Jerusa-

907 2956 1052 3013 lem.
1090 2953 1280 3012 Dia-it
1317 2960 1532 3010 autem
1571 2971 1689 3010 rem
1718 2971 1741 3011 :
1771 2955 2157 3012 Revertatur
2188 2953 2257 3012 in
2291 2953 2401 3012 do-

2511 1963 2704 2026 semel
2738 1964 2803 2024 in
2838 1981 3006 2026 anno
3028 1973 3275 2026 tonsam
3300 1963 3685 2046 ponderabat
3704 1965 3997 2028 ducentis

2511 2062 2709 2125 siclis.
2744 2062 2921 2124 Unde
2966 2062 3379 2143 subjungitur
3412 2079 3427 2124 :
3455 2067 3863 2141 ponderabat
3899 2085 3999 2126 ea·

2501 2162 2701 2239 pillos
2745 2160 2977 2239 capitis
3020 2163 3129 2221 sui
3168 2163 3462 2222 ducentis
3508 2163 3685 2222 siclis
3714 2165 3998 2240 pondere

2484 2253 2787 2338 ‘public-0.
2822 2260 3001 2323 Circa
3049 2261 3220 2341 quod
3268 2259 3559 2341 Magister
3602 2261 3669 2321 in
3714 2260 3999 2324 historiis

2510 2359 2602 2421 ait
2654 2377 2667 2420 :
2722 2358 2903 2421 Forte
2949 2359 3144 2440 hujus
3204 2359 3501 2440 ponderis
3550 2367 3685 2421 erat
3740 2367 3999 2422 tonsura

2510 2457 2674 2539 ejuS‚
2710 2465 2929 2540 utpote
2972 2456 3310 2534 abrasura3
3342 2457 3445 2520 vel
3474 2457 3594 2521 hoc
3622 2457 3831 2540 pretio
3858 2477 3995 2522 cam

2511 2555 2809 2619 emebant
2856 2555 3179 2632 muliereS,
3217 2564 3286 2617 ut
3328 2556 3751 2619 subornarent
3788 2557 3997 2620 crines

2510 2674 2680 2718 suos,
2731 2655 2854 2717 Nec
2904 2663 3114 2717 tamen
3165 2655 3247 2717 ob
3296 2655 3417 2718 hoc
3464 2663 3709 2736 oportet
3762 2675 3999 2718 assere-

2512 2773 2599 2830 re,
2634 2754 2807 2835 quod
2853 2753 3123 2836 ipsemet
3162 2753 3439 2817 Absalon
3478 2755 3769 2817 vendidit
3803 2755 3999 2836 capil-

2510 2853 2605 2915 los
2644 2871 2793 2914 suos
2837 2852 3115 2928 abraSOS‚
3153 2853 3262 2916 sed
3300 2871 3415 2935 per
3452 2851 3633 2930 alios,
3669 2863 3731 2915 et
3772 2854 3829 2915 si
3872 2871 3995 2916 non
4038 2859 4043 2862 '

2510 2952 2592 3015 ob
2654 2952 3071 3031 indigentiam
3132 2952 3344 3034 pretii,
3392 2959 3603 3015 tamen
3654 2953 3733 3014 ad
3786 2962 3997 3016 osten-

907 3070 1085 3110 mum
1113 3050 1666 3128 suam,etfaeiem
1688 3070 1890 3110 meam
1917 3069 2046 3110 non
2072 3052 2310 3122 videat,
2335 3050 2397 3112 id
2435 3049 2478 3112 C
2508 3050 2812 3112 tationem
2864 3057 2927 3112 et
2972 3049 3240 3130 gloriam
3280 3068 3529 3112 vanam.
3572 3050 3842 3112 Additur
3886 3071 3997 3114 au·

907 3159 1024 3227 est,
1061 3167 1274 3213 coram
1307 3169 1408 3212 me
1441 3166 1566 3211 non
1597 3158 1920 3231 appareat,
1961 3168 2041 3213 ne
2080 3150 2301 3213 videar
2340 3152 2398 3213 ei

909 3248 1100 3311 nimis
1133 3247 1408 3311 faciliter
1440 3247 1794 3327 indulgere,
1829 3268 1900 3311 ac
1934 3268 2046 3330 per
2078 3249 2197 3311 hoc
2222 3250 2401 3331 justi-

911 3348 1012 3409 tiae
1054 3348 1378 3427 derogare.
1414 3346 1558 3409 Ideo
1598 3364 1856 3427 quoque
1899 3346 2058 3409 dixit
2101 3347 2219 3410 hoc
2266 3367 2394 3424 rex,

909 3466 990 3509 ne
1021 3465 1094 3508 ex
1136 3445 1373 3507 intuitu
1401 3444 1759 3520 AbsaloniS‚
1795 3454 2205 3508 renovaretur
2236 3446 2299 3508 in
2334 3466 2400 3509 se

908 3545 1089 3609 dolor
1126 3545 1204 3607 de
1235 3544 1498 3607 interitu
1530 3544 1800 3606 Amnon.
1835 3548 2150 3605 Reversus
2181 3548 2401 3625 itaque

905 3655 994 3705 est
1012 3647 1296 3705 Absalon
1329 3646 1398 3704 in
1425 3646 1690 3704 domum
1719 3663 1930 3713 suam,
1949 3653 2010 3702 et
2040 3645 2277 3721 faciem
2306 3665 2401 3704 re-

899 3747 1005 3821 qis
1033 3763 1160 3803 non
1194 3744 1385 3802 vidit.

983 3845 1194 3904 Porro
1235 3842 1402 3901 sicut
1432 3841 1714 3902 Absalon
1755 3860 1882 3900 non
1923 3850 2063 3901 erat
2109 3842 2214 3900 vir
2248 3846 2401 3919 pul-

905 3942 1054 4000 cher
1083 3941 1157 3999 in
1197 3939 1378 3998 omm‘
1406 3940 1637 4007 Israel,
1669 3937 1732 3999 id
1778 3946 1894 4013 est,
1932 3937 2399 4019 pulcherrimus

909 4036 1034 4098 fuit
1064 4053 1329 4117 corpore
1360 4053 1490 4116 prae
1525 4034 1822 4097 omnibus
1862 4034 2018 4099 viris
2059 4035 2246 4098 lsrael
2288 4038 2397 4118 qui

911 4142 1060 4196 tunc
1111 4141 1313 4209 erant,
1359 4144 1419 4193 et
1467 4136 1732 4193 decorus
1781 4134 2002 4195 nimis.
2035 4136 2094 4195 A
2138 4137 2400 4212 vestiqio

2510 3158 2635 3212 tem
2682 3150 2747 3211 in
2794 3157 2991 3225 textu,
3032 3148 3313 3211 Pondere
3366 3148 3643 3230 publico,
3690 3150 3995 3230 quoniam

2511 3249 2741 3331 triplex
2794 3247 3037 3311 exstitit
3092 3248 3370 3330 pondus,
3425 3246 3720 3311 videlicet
3776 3250 3995 3332 templi

2510 3367 2624 3409 seu
2656 3345 3023 3423 sanctuarii,
3044 3354 3107 3408 et
3138 3346 3523 3421 institorum,
3548 3366 3621 3409 ac
3644 3346 3907 3427 vulganc
3934 3358 3996 3411 et

2510 3446 2749 3522 usuale,
2783 3454 3000 3527 utpote
3030 3445 3291 3521 civium,
3324 3442 3759 3527 quod'dicitur
3788 3446 3999 3529 publi-

2510 3565 2678 3609 cum.
2725 3547 2889 3606 Nate·
2932 3554 3087 3604 sunt
3128 3553 3345 3604 autem
3382 3546 3661 3605 Absalon
3700 3556 3827 3605 tres
3860 3549 3999 3625 filii

2510 3655 2570 3705 et
2620 3645 2767 3722 filia
2818 3664 2978 3713 una,
3026 3643 3287 3703 nomine
3332 3646 3639 3711 Thamar,
3686 3648 3995 3721 eleyantis

2510 3746 2761 3822 formae.

2595 3842 2966 3919 Mansitque
3003 3840 3287 3900 Abs-alon
3332 3842 3405 3899 in
3445 3843 3799 3901 Jerusalem
3838 3845 3996 3902 duo-

2512 3945 2623 4002 bus
2655 3942 2871 4011 anni-3,
2894 3949 2953 4000 et
2980 3939 3217 4015 faciem
3246 3942 3415 4016 reqis
3441 3960 3569 3999 non
3606 3941 3790 4000 vidit.
3810 3942 3995 4001 Mt'sae't

2512 4041 2731 4118 itaque
2760 4035 3035 4099 Absalon
3082 4035 3378 4098 nuntium
3414 4039 3501 4097 acl
3526 4039 3705 4108 Joab,
3738 4048 3812 4098 ul
3850 4041 3997 4099 mit-

2514 4146 2667 4199 teret
2710 4156 2855 4197 eum
2901 4138 2991 4196 ad
3035 4156 3265 4212 reyem,
3303 4134 3365 4197 id
3396 4143 3512 4211 est,
3547 4144 3615 4197 ut
3664 4134 3803 4217 ipse·
3840 4136 3995 4200 Joab

904 4234 1090 4311 pedis
1135 4252 1332 4310 usque
1376 4234 1462 4291 ad
1509 4233 1809 4292 verticem
1857 4251 1985 4291 non
2033 4242 2172 4292 erat
2216 4234 2285 4292 in
2332 4253 2400 4293 eo
2434 4233 2481 4293 D
2510 4234 2757 4298 veniret
2784 4233 2860 4295 ad
2890 4230 3533 4315 Absalonem,sic'que
3564 4233 3699 4315 ipse
3716 4234 3993 4299 Absalon

915 4333 1052 4390 ulla
1075 4329 1463 4390 macula.Ad
1495 4328 2038 4410 pulchritudinem
2071 4338 2283 4392 autem
2316 4350 2403 4393 se-

911 4427 1190 4493 cundum
1235 4427 1714 4509 Philosophum,
1754 4428 1874 4489 tria
1910 4437 2300 4491 concurrunt
2329 4449 2401 4491 ac

913 4526 1329 4608 requiruntur
1376 4535 1438 4588 et
1489 4526 1833 4608 pertinent,
1881 4534 2096 4608 utpote
2145 4527 2402 4607 elegans

910 4624 1194 4707 corporis
1221 4632 1480 4701 statura,
1516 4642 1796 4705 congrua
1825 4633 1886 4687 et
1928 4626 2403 4707 proportionata

909 4724 1342 4786 membrorum
1394 4721 1801 4799 cohabitud0,
1836 4742 1910 4787 ac
1959 4724 2213 4788 vividus
2260 4726 2403 4807 qui·

909 4823 1054 4884 dam
1087 4822 1446 4902 decensque
1478 4821 1804 4883 color.Est
1833 4840 1982 4885 vero
2012 4830 2076 4884 et
2106 4822 2231 4885 alia
2263 4823 2403 4905 pul-

909 4920 1202 4983 chritudo
1235 4918 1494 4981 moralis
1525 4919 1819 4996 exterior,
1841 4920 1906 4981 in
1939 4921 2401 5002 compositione

911 5037 1154 5080 morum
1177 5016 1554 5081 exteriorum
1579 5018 1960 5091 consistens3
1987 5027 2046 5080 et
2072 5038 2287 5081 rursus
2307 5027 2404 5082 est

913 5116 1315 5199 pulchritudo
1362 5116 1644 5189 interior,
1685 5124 1807 5178 tam
1851 5116 2176 5193 naturaliS,
2216 5136 2402 5198 quam

912 5213 1225 5297 acquisita
1274 5233 1390 5296 per
1438 5214 1737 5278 scientias
1783 5224 1846 5277 ct
1888 5215 2175 5293 virtuteS,
2210 5235 2403 5298 quam

917 5313 1414 5395 supernaturalis
1446 5334 1560 5395 per
1589 5314 1755 5377 dona
1784 5314 2002 5393 gratiae
2030 5323 2282 5396 gratum
2314 5314 2406 5377 fa-

2510 4333 2791 4395 mitteret
2834 4332 3040 4413 ipsum
3084 4330 3238 4392 Joab
3286 4332 3363 4393 ad
3414 4350 3646 4412 regem,
3680 4341 3995 4413 quatenus

2512 4432 2880 4513 impetraret
2908 4430 3029 4492 sibi
3062 4449 3097 4491 a
3117 4446 3285 4509 rege,
3304 4431 3475 4511 quod
3505 4440 3718 4512 posset
3746 4432 3824 4493 ad
3854 4433 3996 4514 ejus

2512 4531 2749 4593 intrare
2779 4529 3201 4611 praesentiam.
3241 4530 3368 4598 Qui
3393 4528 3547 4591 Joab
3578 4532 3791 4590 noluit
3824 4535 3997 4592 veni-

2510 4648 2579 4687 re
2618 4629 2707 4687 ad
2747 4646 2916 4697 eum,
2954 4625 3019 4687 id
3062 4633 3154 4688 est
3200 4625 3278 4687 ad
3316 4625 3717 4689 Absalonem.
3752 4630 3998 4695 Quum-

2509 4746 2632 4806 que
2676 4726 2949 4785 secundo
2992 4726 3262 4784 misisset
3301 4725 3377 4786 ad
3415 4723 3589 4801 Joab,
3635 4734 3696 4785 et
3734 4726 3850 4784 ille
3892 4748 3997 4788 no-

2512 4824 2731 4883 luisset
2782 4824 3001 4882 venire
3050 4826 3137 4883 ad
3188 4843 3361 4893 eum,
3412 4821 3677 4885 forsitan
3738 4822 3997 4886 aliunde

2513 4920 2879 5003 impedituS,
2915 4920 3016 4983 vel
3058 4940 3133 4984 ex
3172 4920 3298 4983 alia
3338 4938 3529 4983 causa
3554 4924 3708 5002 'quae
3744 4920 3999 5001 ignora-

2512 5029 2638 5095 tur,
2670 5022 2849 5081 dimit
2884 5022 3085 5081 servis
3120 5022 3256 5081 suis
3289 5041 3311 5079 .·
3343 5021 3540 5081 Scitis
3576 5040 3813 5096 ayrum
3838 5024 3999 5083 Joab

2496 5121 2704 5196 juxta
2728 5139 2963 5196 ayt-um
2994 5140 3203 5179 meum
3226 5121 3557 5179 habentem.
3588 5138 3837 5179 messem
3862 5123 4001 5181 hor-

2512 5219 2621 5277 dei
2653 5219 2683 5277 ?
2726 5220 2823 5279 Ite
2872 5218 3083 5294 igitur
3128 5228 3203 5277 et·
3232 5218 3591 5277 succendite
3636 5236 3777 5276 eam
3830 5220 3993 5295 iqui.

2514 5314 2690 5388 Quod
2722 5322 2933 5378 autem
2971 5315 3034 5377 in
3076 5314 3397 5397 aliquibus
3444 5313 3625 5377 libris
3666 5313 3999 5398 subjungi-
