4359 6250
711 3944 874 3990 Sensus

663 4009 850 4053 moralis.

925 477 1042 547 35¹1,
1464 493 1810 545 emuna-rio
1854 498 1912 544 ιΝ
1957 493 2092 544 ω.
2139 491 2267 542 xvn
2310 491 2467 542 mam
2508 491 2677 542 rnuu
2717 493 2941 544 assurt.
2987 517 3066 527 —
3108 495 3251 544 aar„
3298 491 3470 542 xxxu

925 672 1003 733 ad
1034 671 1366 733 scientiam
1397 671 1777 735 etvirtutes.
1804 670 2088 750 Denique
2118 666 2412 749 quamvis
2443 666 2493 728 A
2522 666 2757 730 raliave
2790 667 3234 731 adversazimo
3264 665 3484 729 divino
3507 664 4015 746 judiciodebent

831 819 834 822 .
925 768 1255 832 sensibilia
1296 769 1534 832 directe
1581 787 1706 832 non
1753 768 2124 850 imprimant
2166 767 2232 827 in
2269 764 2416 826 sub-

925 867 1190 929 stantias
1222 867 1608 950 spirituales,
1645 875 1858 929 tamen
1897 867 2050 929 dum
2089 863 2417 946 applican-

927 973 1031 1027 tur
1075 967 1154 1028 ad
1202 967 1518 1047 agendum
1568 964 1812 1046 aliquid
1861 965 2030 1028 circa
2076 983 2207 1039 eaS,
2262 962 2417 1043 ipsae

925 1063 1298 1127 substantiae
1317 1064 1474 1127 tales
1504 1073 1807 1146 separatae
1836 1069 2229 1142 cognoscunt
2248 1060 2414 1122 vires

923 1161 1208 1239 illorum,
1241 1182 1318 1226 ex
1347 1182 1616 1244 quarum
1656 1161 2185 1245 apprehensione,
2220 1168 2283 1221 et
2326 1178 2419 1222 se-

928 1269 1099 1324 creta
1141 1281 1216 1325 ac
1257 1260 1502 1325 coelesti
1547 1262 1804 1338 virtute,
1839 1269 2182 1324 causantur
2224 1259 2294 1342 in⁶
2325 1257 2416 1320 eis

926 1359 1163 1422 diversi
1207 1358 1502 1422 effectus
1537 1360 1790 1423 Certum
1835 1368 1931 1422 est
1973 1359 2172 1435 enim,
2209 1357 2275 1419 in
2324 1376 2420 1419 re-

931 1457 1050 1519 bus
1077 1458 1471 1521 naturalibus
1494 1467 1556 1521 et
1582 1458 2016 1522 materialibus
2047 1477 2186 1520 esse
2207 1475 2421 1538 quam-

931 1556 1145 1637 plures
1197 1559 1363 1621 vircs
1424 1557 1746 1620 actionum
1805 1557 2154 1639 primarum
2214 1555 2421 1638 quali-

931 1663 1130 1717 tatum
1189 1656 2080 1737 omnin0.supergredienteS‚
2134 1673 2293 1736 quas
2342 1673 2420 1716 ex

931 1755 1190 1818 secretis
1229 1754 1590 1819 influentiis
1630 1763 1822 1837 atquc
1862 1753 2255 1836 respectibus
2294 1770 2420 1816 coe-

2523 785 2595 828 se
2622 767 2939 848 sapienter
2970 767 3393 842 conformare,
3426 767 3583 830 certi
3620 765 3779 847 quia
3816 783 4009 846 quem

2524 864 2687 926 Deus
2718 866 2981 947 spernit,
3018 884 3204 929 nemo
3232 865 3547 944 corrigere
3587 872 3822 946 potest.
3861 862 4013 924 Rur-
4064 877 4249 923 nauem„

2524 983 2631 1025 sus
2676 972 2849 1045 patet
2896 984 2973 1028 ex
3020 964 3142 1026 isto
3188 962 3491 1045 capitulo,
3526 963 3699 1044 quod
3746 981 3825 1024 ea
3868 979 4011 1041 quae
4040 943 4099 981 ¹⁴·

2522 1061 2682 1124 alios
2727 1071 2993 1145 possunt
3031 1062 3436 1125 inflammare
3466 1063 3544 1124 ad
3575 1061 3761 1136 iram,
3794 1079 4013 1142 super-

2526 1160 2695 1222 biam
2724 1171 2787 1224 et
2818 1161 3291 1243 persecutiones
3322 1161 3658 1243 justorum,
3690 1167 3878 1223 caute
3914 1179 4013 1222 ce-

2526 1258 2717 1322 landa
2763 1260 2912 1322 sint.
2945 1260 3035 1322 Ex
3077 1261 3197 1324 hoc
3238 1261 3518 1336 demum,
3550 1259 3727 1341 quod
3760 1257 4011 1320 Samuel

2526 1358 2706 1435 dixit,
2742 1361 3299 1438 Sanctificamini,
3327 1369 3389 1420 et
3420 1361 3629 1420 venite
3662 1377 3909 1418 nnec-um
3944 1367 4013 1418 ue

2528 1459 2872 1530 immolem,
2908 1457 3269 1534 innotescit,
3303 1467 3613 1539 quantum
3644 1475 3713 1519 se
3744 1455 4013 1518 debeant

2530 1556 2607 1617 ad
2650 1556 3053 1619 devotionem
3092 1575 3166 1618 ac
3204 1556 3411 1618 cordis
3450 1554 3837 1617 munditiam
3870 1573 4014 1636 prae-

2530 1673 2772 1735 parare,
2797 1655 2907 1736 qui
2940 1655 3352 1718 celebrationi
3383 1654 3651 1736 cupiunt
3682 1653 4007 1728 interesse,

2530 1753 2858 1834 potissime
2887 1753 3001 1834 qui
3030 1753 3255 1815 volunt
3281 1753 3777 1818 communicare.
3812 1750 4012 1814 Simili

933 1851 1186 1915 lcstium
1235 1871 1572 1935 corporum
1623 1854 1997 1930 sortiuntur,
2053 1853 2119 1914 in
2171 1859 2417 1914 tantum
2454 1849 2499 1910 B
2530 1852 2716 1914 modo
2758 1870 2835 1914 ex
2876 1851 2996 1914 hoc
3038 1852 3210 1934 quod
3252 1852 3556 1915 Dominus
3591 1851 3755 1914 dixit
3792 1851 3873 1912 ad
3912 1850 4012 1912 Sa-

929 1952 1100 2032 quod
1146 1952 1312 2017 vires
1356 1952 1484 2015 illae
1527 1961 1677 2014 sunt
1717 1953 2187 2034 quodammodo
2232 1951 2420 2032 spiri-

931 2049 1153 2126 tualeS,
1191 2057 1378 2132 prout
1405 2049 1781 2113 Guillelmus
1814 2050 2187 2113 Parisiensis
2227 2049 2294 2111 in
2341 2049 2419 2110 li-

926 2147 1043 2211 bro
1072 2149 1150 2210 de
1178 2148 1508 2224 Universo,
1529 2149 1838 2211 Alkindus
1870 2168 2128 2231 quoque
2158 2147 2419 2210 astrolo-

925 2263 1044 2325 gus
1075 2246 1238 2309 libro
1257 2247 1336 2308 dc
1355 2246 1570 2309 Radiis
1602 2246 1865 2310 stell-icis
1886 2248 2136 2311 docent.
2154 2247 2419 2328 Insuper

929 2343 1390 2408 rationabiliter
1414 2345 1670 2422 dicitur,
1690 2346 1862 2427 quod
1892 2365 2092 2427 quum
2123 2345 2417 2408 melodias

929 2442 1206 2505 habeant
1251 2444 1382 2506 vim
1431 2443 1888 2506 laetil'icativam
1939 2445 2006 2506 in
2057 2444 2299 2520 multiS,
2353 2453 2418 2505 et

929 2541 1200 2604 multum
1251 2542 1374 2605 sibi
1426 2543 1709 2605 alliciant
1759 2543 2076 2606 audientis
2125 2543 2419 2606 attentio—

930 2659 1099 2716 nem,
1120 2649 1388 2722 possunt
1418 2641 1484 2703 in
1516 2641 1872 2723 arrepticiis
1898 2650 1961 2705 et
1980 2642 2259 2705 obsessis
2280 2661 2419 2704 cau-

931 2757 1070 2800 sare
1097 2739 1549 2820 dispositiones
1580 2748 1642 2802 et
1673 2737 2072 2816 affectiones,
2108 2758 2223 2821 per
2260 2759 2418 2821 quas

930 2837 1142 2898 minus
1172 2837 1597 2919 subjiciantur
1627 2837 2158 2919 impressionibus
2197 2839 2421 2901 daemo-

933 2954 1110 3011 num,
1143 2943 1206 2998 et
1253 2954 1471 2999 eorum
1520 2935 1884 2999 vexationes
1935 2937 2147 2999 minus
2197 2938 2419 3001 adver-

2526 1950 2824 2026 muelem,
2860 1953 2957 2014 Ne
2986 1953 3292 2030 respicias
3324 1955 3583 2012 vultum
3612 1952 3779 2028 ejus,
3814 1969 4009 2028 neque

2527 2051 2945 2109 altitudinem
2972 2060 3239 2112 staturae
3266 2051 3429 2126 eju-3,
3464 2047 3845 2110 instruimur
3884 2065 4005 2109 non

2529 2147 2797 2208 multum
2844 2148 2921 2210 ad
2969 2148 3283 2210 naturalia
3316 2148 3485 2210 dona
3520 2148 3872 2222 attendere,
3906 2146 4009 2210 sed
4072 2193 4081 2203 .

2526 2246 2604 2307 ad
2632 2246 2979 2326 gratiarum
3010 2247 3411 2323 charismata,
3448 2255 3512 2309 et
3545 2265 3654 2309 eos
3690 2245 3895 2325 magis
3924 2244 4011 2306 di-

2529 2345 2743 2424 ligere,
2777 2345 2888 2426 qui
2924 2345 3334 2408 virtuosiores
3360 2363 3497 2408 esse
3526 2353 3895 2420 censentur,
3916 2361 4013 2406 ne·

2527 2463 2652 2525 que
2680 2444 2762 2507 ob
2794 2444 3181 2506 naturalium
3212 2443 3593 2524 elegantiam
3624 2443 3823 2506 alicui
3856 2444 4011 2506 inor·

2527 2543 2741 2605 dinate
2772 2551 2879 2605 aut
2910 2542 3288 2605 sensualiter
3314 2540 3519 2604 affici.
3553 2541 3869 2624 Amplius,
3904 2562 4009 2624 per

2529 2641 2675 2702 Saul
2703 2660 2739 2702 a
2763 2642 3047 2704 daemonc
3080 2640 3471 2716 tribulatum,
3491 2639 3864 2720 designatur
3884 2640 4011 2722 qui-

2528 2758 2803 2821 cumque
2852 2739 3111 2820 iniquus
3160 2758 3197 2801 a
3237 2756 3366 2820 quo
3412 2738 3703 2801 discessit
3742 2737 4011 2820 Spiritus

2530 2838 2817 2899 Sanctus
2851 2837 3110 2919 Propter
3140 2837 3311 2919 quod
3342 2836 3473 2899 suis
3506 2836 3917 2918 passionibus
3944 2855 4010 2898 ac

2531 2936 2713 3000 vitiis·
2754 2945 3057 3016 tanquam
3105 2935 3503 2998 daemonibus
3552 2934 3853 3014 agitatur.
3908 2935 4013 2998 Per

931 3041 1087 3095 tant.
1122 3034 1425 3097 Praeterea
1467 3035 1632 3097 sicut
1673 3035 1762 3097 ait
1805 3035 2022 3098 Petrus
2067 3035 2414 3114 Comestor,
2454 3033 2496 3096 C
2533 3034 2725 3098 David
2762 3053 2926 3098 vero
2974 3033 3391 3110 citharistam,
3434 3041 3688 3097 notatur
3730 3033 4013 3114 quicum

930 3133 1177 3216 physici
1218 3135 1460 3212 dicunt,
1497 3136 1668 3218 quod
1708 3136 2040 3199 harmonia
2079 3136 2296 3199 laetum
2328 3137 2421 3200 el'-

931 3232 1071 3296 ficit
1095 3233 1421 3311 laetiorem,
1438 3244 1499 3297 et
1528 3234 1772 3297 tristem
1808 3234 2415 3298 tristiorem.Verum

930 3349 1006 3393 ex
1055 3332 1174 3395 hoc
1221 3332 1402 3414 sequi
1454 3333 1727 3410 videtur,
1762 3334 1932 3415 quod
1984 3334 2130 3395 Saul
2180 3354 2257 3397 ex
2302 3354 2417 3397 sua

930 3430 1262 3494 vexatione
1302 3440 1586 3508 moestuS‚
1623 3452 1697 3494 ex
1742 3432 2223 3496 citharizatione
2262 3434 2420 3495 fuis—

929 3537 1026 3591 set
1054 3530 1341 3593 moest-ior
1371 3529 1597 3593 factus·
1631 3531 1725 3594 Ad
1752 3531 1925 3612 quod
1968 3533 2411 3613 respondetur,

927 3627 1098 3708 quod
1129 3628 1368 3691 dictum
1409 3628 1569 3691 illud
1610 3628 2018 3710 physicorum
2062 3630 2419 3709 intelligen-

929 3726 1078 3787 dum
1113 3726 1195 3788 sit
1223 3727 1302 3789 de
1341 3726 1486 3791 laeto
1523 3734 1586 3789 et
1625 3727 1790 3789 tristi
1827 3747 1903 3789 ex
1947 3728 2411 3808 complexione,

929 3842 1057 3887 non
1090 3825 1168 3887 de
1199 3825 1364 3886 tristi
1393 3845 1468 3888 cx
1499 3826 1952 3907 superinducta
1976 3826 2331 3889 vexatione.

927 3948 936 3955 ·
1021 3922 1363 3999 Postremo,
1415 3922 1741 3986 moraliter
1796 3924 2099 3987 docemur
2157 3944 2232 3987 ex
2293 3925 2417 3989 isto

926 4021 1227 4101 capitulo,
1261 4022 1432 4103 quod
1460 4022 1613 4102 justi
1644 4022 1916 4085 debeant
1945 4023 2102 4086 alios
2133 4024 2416 4086 modera-

925 4127 988 4181 te
1010 4119 1272 4196 deflere,
1293 4140 1420 4183 non
1451 4121 1642 4183 nimis
1675 4122 1920 4185 intense
1953 4131 2062 4184 aut
2091 4122 2407 4199 diuturne,

926 4219 1273 4298 praesertim
1321 4229 1580 4301 propter
1623 4221 1790 4282 mala
1836 4222 2134 4303 poenalia,
2170 4229 2415 4302 tempo-

2530 3152 2657 3214 que
2685 3133 2877 3196 homo
2910 3134 3198 3202 devotus,
3234 3133 3338 3196 cui
3381 3132 3687 3196 Dominus
3730 3131 4011 3213 linguam

2530 3234 2800 3296 contulit
2841 3234 3175 3309 eruditam,
3212 3232 3299 3295 ita
3340 3233 3512 3314 quod
3551 3232 3767 3295 verbis
3802 3231 4009 3305 boniti,

2530 3332 2740 3395 verbis
2762 3331 3200 3396 consolatoriis
3226 3329 3809 3412 informatoriisque
3828 3329 4015 3393 abun·

2528 3433 2655 3509 dat,
2682 3450 2795 3513 per
2823 3450 2966 3512 quae
2998 3438 3269 3494 tentatos
3294 3438 3361 3493 ct
3390 3429 3789 3511 passionatos
3820 3430 3899 3492 ad
3930 3448 4013 3491 re—

2529 3531 2818 3594 levamen
2864 3538 2926 3592 et
2971 3528 3499 3610 tranquillitatem
3546 3528 3865 3610 perducit,
3902 3528 4011 3591 im·

2528 3629 2709 3710 plens
2732 3628 2884 3691 illud
2904 3628 3219 3710 Apostoli:
3238 3626 3299 3690 Si
3323 3635 3797 3709 praeoccupatus
3820 3626 4009 3690 fuerit
4034 3644 4243 3686 suasu.

2528 3729 2717 3792 homo
2750 3728 2815 3790 in
2846 3728 3063 3809 aliquo
3094 3727 3348 3803 delicto,
3364 3744 3478 3791 vos
3500 3726 3614 3807 qui
3644 3726 4007 3808 spirituales

2527 3827 2700 3903 estiS,
2735 3826 3103 3908 hujusmodi
3142 3824 3435 3888 instruite
3476 3824 3542 3886 in
3584 3824 3817 3906 spiritu
3857 3825 4009 3889 leni·

2529 3926 2694 3987 tatis.
2729 3926 3009 4007 Itemque
3044 3942 3058 3986 :
3092 3922 3401 4006 Corripite
3431 3922 4005 4004 inquietoS,conso-
4054 3941 4241 3985 mem.
4276 3970 4278 4010 ἦ

2525 4022 2747 4086 lamini
2809 4022 3269 4105 pusillanimes,
3322 4020 3630 4102 suscipite
3683 4019 3997 4096 infinum,
4032 4008 4086 4047 '⁴‘

2526 4122 2836 4204 patientes
2880 4129 3079 4184 estote
3122 4121 3200 4183 ad
3244 4136 3488 4183 omnes.
3518 4118 3637 4192 Qui
3687 4119 3807 4183 hoc
3854 4120 3997 4200 agit,

2523 4220 2836 4283 daemonia
2866 4220 3065 4283 multa
3094 4218 3507 4281 saluberrime
3542 4215 3737 4297 lugat.

1823 4552 1828 4557 ’
1936 4598 2585 4683 ARTICULUS
2663 4544 3013 4684 xxxn'

1059 4843 1412 4890 ELUcmA'rlo
1455 4842 1729 4888 CAPITULI
1773 4842 2217 4888 SEPTfflmEmm
2261 4844 2275 4888 :
2324 4843 2795 4889 CONGREGANTES
2840 4845 3043 4890 AUTEM
3084 4845 3409 4894 Puitlsrnu
3456 4850 3689 4895 AGntNA
3734 4852 3869 4898 SUA-

1063 5092 1541 5157 ESCRlBlTUR
1561 5092 1663 5155 hic
1697 5093 1997 5174 praeclara
2023 5092 2287 5155 victoria
2307 5093 2413 5155 Da·
2442 5094 2489 5155 D
2521 5093 3023 5171 philistinorum,
3056 5099 3326 5173 agmina
3364 5120 3485 5160 sua
3519 5101 3602 5162 ad
3645 5052 3991 5168 faciendum

1075 5192 1182 5256 vid
1213 5192 1293 5253 de
1321 5190 1661 5253 Philistaeo.
1703 5194 2164 5267 Conyreyantes
2194 5202 2411 5251 atatem

923 5294 1316 5363 Philistum,
1350 5290 1414 5351 id
1445 5298 1541 5352 est
1574 5308 1677 5351 rex
1710 5297 1773 5350 et
1813 5289 2100 5370 quinque
2144 5297 2411 5371 satrapae

2523 5212 2721 5253 unum
2752 5192 3011 5255 totalem
3034 5195 3380 5258 exercitum
3410 5217 3485 5261 ex
3516 5199 3993 5280 particularibus

2520 5290 2882 5370 agminibus
2925 5292 3081 5369 suis,
3114 5294 3350 5374 quibus
3380 5315 3663 5360 seorsum
3696 5310 3995 5381 praeerant
