4359 6250
131 4417 258 4459 Gen.
285 4427 396 4459 κν,

77 4483 149 4528 Ξῖ,
177 4484 256 4521 31.

1261 473 1608 523 manuario
1651 475 1711 520 m
1754 474 1889 521 car.
1937 474 2016 519 xv
2055 474 2258 522 sesua.
2302 495 2381 504 —
2422 477 2563 521 Ali-r.
2611 478 2763 523 xxm
3476 459 3553 521 79

455 643 706 707 tinebat
751 648 832 709 ad
883 648 1118 711 tribum
1180 654 1544 728 sortemque
1595 643 1948 727 Benjamin,
1984 642 2215 707 Aliam
2260 666 2439 709 suam
2470 648 2785 711 Othonieli
2832 648 3011 711 fratri
3057 666 3171 710 suo
3219 648 3285 709 in
3332 646 3553 727 conju-

446 745 781 824 quomodo
803 763 952 825 ergo
985 745 1108 807 filii
1139 746 1299 807 Juda
1331 746 1396 807 in
1417 745 1766 809 Jerusalem
1789 762 1955 806 com-

453 848 873 906 manserunt?
903 854 964 907 et
1006 864 1204 926 quare
1245 862 1374 907 non
1416 843 1628 926 potius
1662 843 1750 905 ait
1792 841 1956 904 Scri-

453 949 670 1021 ptura,
706 943 876 1023 quod
910 942 1033 1005 filii
1067 944 1398 1024 BenJamin
1445 961 1572 1005 non
1608 948 1956 1024 potuerunt

447 1039 818 1105 Jehusaeum
841 1042 1022 1105 illum
1056 1043 1312 1105 delere?
1345 1042 1632 1105 Secunda
1663 1049 1782 1117 cst,
1802 1057 1956 1121 quo-

447 1140 650 1201 modo
701 1159 923 1203 verum
985 1141 1070 1203 sit
1127 1140 1356 1203 istud?
1407 1140 1950 1214 Quemadmodum

450 1236 632 1297 enim
669 1236 794 1299 filii
814 1237 972 1299 Juda
1000 1237 1160 1299 alias
1182 1238 1397 1319 plures
1432 1238 1620 1300 urbes
1642 1256 1783 1299 cum
1819 1235 1955 1298 suis

449 1334 924 1397 habitatoribus
948 1335 1324 1398 deleverunt
1352 1355 1479 1399 non
1511 1334 1788 1417 propriis
1811 1334 1956 1395 viri-

448 1432 603 1509 hus,
645 1435 754 1495 sod
795 1434 1263 1516 supernaturali
1297 1442 1362 1497 et
1401 1434 1678 1515 gratioso
1711 1432 1818 1496 Dei
1849 1452 1954 1495 au-

446 1531 633 1605 xilio,
671 1532 760 1593 ita
800 1541 861 1594 et
899 1532 1256 1595 Jebusaeum
1288 1533 1544 1595 vincere
1586 1538 1949 1614 potuerunt.

536 1631 630 1691 Ad
685 1631 964 1712 primum
1015 1630 1275 1713 quidam
1327 1632 1730 1713 respondent,
1779 1631 1951 1711 quod

441 1728 802 1791 Jerusalem
836 1747 950 1811 pro
984 1738 1161 1811 parte
1205 1729 1331 1791 fuit
1372 1730 1698 1812 pertinens
1731 1730 1812 1791 ad
1847 1728 1955 1790 tri-

2063 745 2338 823 gem.Ad
2370 748 2539 826 quod
2572 747 2770 829 aliqui
2804 748 3046 824 dicunt,
3068 746 3237 827 quod
3258 743 3552 808 Othoniel

2066 842 2299 905 dicitur
2342 844 2536 907 frater
2578 845 2780 927 ipsius
2820 864 2893 908 eo
2942 846 3152 921 mod0,
3188 862 3315 925 quo
3362 842 3555 904 Abra-

2066 940 2212 1001 ham
2263 941 2513 1004 vocavit
2562 942 2677 1004 Lot
2728 941 2989 1005 fratrem
3040 960 3247 1017 suum,
3294 948 3355 1002 et
3400 938 3553 1001 Joab
3584 962 3845 1014 Gemmas.

2065 1038 2225 1100 dixit
2266 1040 2343 1101 ad
2384 1039 2699 1118 Amasam‚
2737 1041 2940 1118 Salve,
2982 1039 3068 1103 mi
3118 1038 3310 1102 frater
3349 1056 3363 1100 ε
3400 1038 3553 1119 quia
3600 1062 3634 1105 ιι
3657 1063 3845 1117 aean,

2065 1136 2522 1217 consanguinei
2574 1150 2775 1202 erant.
2812 1140 2889 1200 Et
2937 1139 3040 1201 isti
3092 1138 3335 1213 dicunt,
3380 1135 3553 1217 quod
3582 1126 3623 1165 ⁹·

2064 1234 2262 1298 Cenez
2306 1235 2430 1297 fuit
2469 1236 2665 1299 frater
2708 1238 2909 1319 ipsius
2939 1237 3149 1300 Caleb.
3186 1236 3254 1297 In
3302 1233 3555 1297 Schola-

2065 1333 2223 1396 stica
2252 1342 2463 1398 autem
2504 1336 2771 1399 historia
2812 1336 3033 1412 fertur,
3070 1336 3241 1417 quod
3273 1333 3460 1397 Caleb
3492 1340 3555 1395 et

2063 1432 2353 1495 Othoniel
2390 1433 2650 1497 fuerunt
2673 1434 2899 1495 fratres
2932 1433 3166 1495 uterini
3193 1440 3459 1508 tantum,
3486 1430 3548 1491 id

2064 1540 2159 1593 est
2208 1552 2283 1595 ex
2331 1542 2531 1597 matre
2580 1535 2955 1595 dumtaxat:
3000 1532 3305 1615 quoniam
3354 1529 3546 1593 Caleb

2066 1629 2189 1691 l'uit
2237 1630 2415 1694 filius
2464 1632 2767 1714 Jephone,
2822 1631 3114 1695 Othoniel
3165 1648 3315 1695 vero
3370 1628 3548 1690 filius

2065 1727 2189 1790 fuit
2227 1729 2445 1807 Cenez,
2495 1731 2618 1793 nisi
2674 1730 2834 1794 forte
2881 1738 3058 1813 pater
3108 1748 3330 1793 eorum
3376 1728 3555 1791 bino-

451 1826 611 1889 bum
655 1827 838 1904 Iuda,
872 1837 934 1891 et
982 1848 1095 1910 pro
1141 1838 1321 1911 parte
1364 1829 1443 1891 ad
1477 1828 1803 1909 Benjamin
1851 1826 1953 1889 tri·
1989 1830 2037 1891 B
2065 1827 2232 1890 mius
2278 1828 2489 1892 fuerit.
2524 1831 2599 1892 Et
2629 1830 2881 1892 additur
2913 1828 3002 1892 ibi
3050 1846 3064 1889 :
3098 1828 3287 1892 Caleb
3318 1827 3547 1889 maluit

445 1924 634 2001 bum,
685 1927 773 1989 ita
822 1928 995 2007 quod
1047 1945 1192 2008 pars
1244 1927 1310 1988 in
1362 1947 1487 2008 qua
1535 1935 1756 2009 postea
1803 1944 1954 1989 con-

441 2032 763 2087 structum
815 2034 914 2089 est
961 2026 1301 2108 templum,
1361 2025 1481 2088 fuit
1531 2026 1598 2086 in
1661 2024 1950 2087 funiculo

442 2123 810 2205 Benjamin.
845 2125 1038 2188 Porro
1081 2125 1370 2205 Magister
1414 2126 1482 2187 in
1529 2123 1812 2187 historiis
1865 2124 1952 2185 ita

443 2223 800 2285 concordat
841 2222 1146 2305 praedicta
1189 2224 1265 2285 ad
1313 2223 1612 2299 invicem,
1647 2222 1818 2303 quod
1861 2221 1953 2283 Je-

442 2320 732 2383 rusalem
766 2321 1125 2403 pertinebat
1167 2323 1247 2384 ad
1278 2322 1516 2384 tribum
1544 2322 1724 2398 Iuda,
1759 2340 1954 2403 quan-

439 2427 592 2481 tum
623 2420 704 2481 ad
731 2419 1212 2483 concessionem
1241 2446 1255 2497 3
1292 2422 1372 2483 ad
1403 2420 1737 2501 Benjamin
1771 2436 1945 2495 vern,

439 2526 766 2598 quantum
809 2519 888 2581 ad
919 2518 1328 2581 traditionem
1376 2518 1608 2581 factam
1658 2538 1770 2600 per
1822 2536 1953 2581 sor-

441 2616 786 2681 tem.l·1inc
819 2616 946 2679 filii
973 2617 1133 2680 Juda
1164 2617 1466 2680 dicuntur
1501 2637 1627 2681 non
1662 2618 1948 2699 potuisse

433 2714 810 2777 Jehusaeum
856 2715 1154 2796 dejicere.
1190 2715 1284 2777 Ad
1325 2717 1674 2779 secundum
1728 2715 1949 2779 dicunt

436 2813 850 2895 expositores
877 2814 1198 2890 catholici,
1243 2816 1412 2895 quod
1443 2832 1558 2896 per
1585 2815 1938 2877 Jebusaeum

437 2932 628 2975 nunc
668 2912 1062 2993 intelligatur
1094 2914 1370 2995 populus
1399 2913 1852 2990 Jebusaeorum,
1888 2921 1952 2975 et

435 3012 627 3092 quod
659 3010 785 3073 filii
826 3011 987 3074 Juda
1025 3030 1154 3074 non
1201 3018 1544 3093 potuerunt
1586 3030 1694 3074 eos
1739 3012 1951 3075 delere
1986 3021 2029 3085 c
2059 3029 2199 3091 quae
2258 3013 2336 3073 de
2395 3012 2685 3094 personis
2734 3031 2771 3075 a
2828 3019 3047 3074 mutua
3104 3011 3538 3075 contractione

435 3131 526 3174 ex
557 3111 836 3192 quodam
885 3108 1216 3188 fortalitio,
1251 3111 1422 3192 quod
1469 3109 1535 3172 in
1583 3111 1738 3174 urbe
1776 3111 1952 3175 Jeru-

435 3209 654 3272 salem
695 3217 1059 3286 tenuerunt,
1097 3227 1222 3272 non
1255 3229 1332 3272 ex
1364 3209 1619 3272 defectu
1661 3211 1952 3292 omnipo-

435 3307 670 3371 oentiae
710 3308 844 3385 Dei,
879 3309 990 3370 sed
1033 3308 1186 3389 quia
1231 3307 1522 3371 fortassis
1568 3301 1712 3372 non⁴
1745 3309 1952 3391 impu—

431 3415 810 3488 gnaverunt
839 3407 1216 3470 fortalitium
1251 3405 1411 3468 illud
1431 3427 1578 3474 cum
1613 3416 1785 3472 tanta
1818 3407 1950 3470 fide

431 3513 512 3568 et
545 3524 662 3586 spe
692 3505 760 3566 in
793 3505 938 3580 De0‚
975 3506 1149 3586 quod
1179 3505 1522 3586 praevalere
1554 3504 1946 3580 meruerint3

437 3604 554 3669 vel
589 3623 664 3666 ex
695 3604 821 3666 alia
848 3623 1041 3666 causa
1069 3603 1318 3667 occulta
1339 3605 1500 3666 Deus
1523 3623 1652 3667 non
1674 3605 1948 3666 contulit

433 3701 544 3765 eis
580 3702 978 3784 triumphum
1013 3702 1220 3777 illum,
1255 3701 1418 3766 sicut
1451 3722 1566 3766 nec
1596 3703 1947 3767 Philistaeos

432 3797 694 3862 delevit
731 3818 810 3864 ex
845 3797 1053 3862 causis
1092 3799 1431 3880 praetactiS.
1469 3799 1702 3861 Verum
1746 3809 1817 3862 ut
1861 3820 1952 3863 re·

435 3898 580 3960 sert
629 3898 810 3979 Lyra,
863 3896 1107 3960 Hebraei
1165 3896 1408 3972 dicunt,
1460 3899 1630 3977 quod
1676 3898 1943 3961 Jcbusaei

435 3997 558 4059 isti
599 4015 728 4060 non
766 4005 946 4058 erant
984 3997 1062 4058 de
1105 3995 1302 4077 stirpe
1339 3995 1791 4073 Jebusaeorum,
1839 3997 1948 4059 sed

433 4095 614 4159 dicti
644 4103 794 4157 sunt
824 4095 1092 4158 Jebusaei
1123 4094 1426 4176 quoniam
1471 4094 1842 4157 habitabant
1883 4096 1948 4158 in

2063 1945 2313 1991 servare
2344 1937 2561 1991 votum
2594 1948 2803 2005 suum,
2824 1948 3014 2009 quam
3048 1928 3253 2008 legem
3282 1945 3426 2009 quae
3458 1925 3553 1987 in-

2063 2025 2313 2088 terdicit
2370 2027 2849 2090 matrimonium
2912 2046 3059 2089 cum
3112 2025 3250 2088 lilia
3312 2024 3547 2101 fratriS,

2061 2124 2187 2185 nisi
2234 2123 2396 2187 forte
2442 2125 2541 2187 lex
2587 2125 2975 2203 intelligatur
3020 2125 3099 2187 de
3144 2123 3285 2185 filia
3331 2122 3546 2185 fratris

2061 2241 2136 2283 ex
2155 2230 2355 2304 patre.
2380 2223 2522 2286 Haec
2555 2223 2666 2284 ibi.
2693 2223 2771 2284 At
2800 2241 2950 2287 vero
2970 2223 3130 2305 Lyra
3170 2221 3546 2303 respondet:

2060 2320 2476 2385 probabiliter
2520 2330 2727 2404 potest
2766 2321 2917 2397 dici,
2960 2323 3132 2403 quod
3184 2319 3333 2383 licet
3362 2319 3551 2383 Otho-

2061 2419 2191 2482 niel
2225 2419 2418 2483 frater
2462 2428 2629 2483 esset
2658 2420 2869 2498 Caleb,
2905 2439 3033 2484 non
3081 2428 3293 2483 tamen
3336 2438 3552 2501 pecca·

2060 2516 2153 2579 vit
2200 2518 2572 2600 accipiendo
2621 2527 2877 2600 neptem
2925 2538 3125 2580 suam.
3182 2518 3318 2580 Non
3369 2516 3543 2579 enim

2058 2615 2178 2679 hoc
2225 2624 2359 2680 erat
2408 2625 2627 2679 contra
2667 2617 2870 2697 legem
2923 2624 3183 2693 naturae,
3236 2615 3543 2698 quoniam

2061 2714 2377 2777 Abraham
2408 2715 2654 2798 accepit
2686 2714 2899 2777 Saram
2940 2714 3143 2776 filiam
3180 2713 3392 2777 l'ratris
3424 2714 3547 2790 sui,
3600 2736 3845 2793 Gen.x·,29;

2062 2832 2177 2876 nec
2208 2822 2428 2877 contra
2468 2814 2673 2895 legem
2704 2814 2951 2896 Moysis.
2987 2813 3165 2877 Circa
3205 2815 3373 2894 quod
3421 2812 3550 2877 dici
3581 2813 3650 2851 '¹¹’
3676 2803 3740 2844 ¹²·

2059 2920 2287 2993 potest,
2322 2914 2493 2994 quod
2544 2931 2671 2975 non
2716 2913 2799 2975 sit
2842 2912 3138 2995 explicite
3184 2920 3407 2975 contra
3452 2932 3549 2988 ea,
3606 2939 3837 2991 Lama,

3582 3004 3729 3075 6-1βς
3772 3016 3842 3052 xx,

2057 3109 2378 3192 conjugali
2431 3110 2497 3173 in
2550 3110 2830 3174 Levitico
2882 3110 3259 3193 prohibitis,
3312 3110 3549 3172 desei-i-
3579 3078 3756 3119 ''⁸⁵⁵¹m·

2058 3208 2318 3271 buntur.
2354 3209 2569 3291 Aliqui
2612 3219 2822 3272 tamen
2860 3209 3101 3286 dicunt,
3135 3210 3305 3291 quod
3341 3208 3554 3291 impli-

2059 3307 2181 3370 cite
2202 3316 2401 3370 exstet
2422 3308 2827 3390 prohibitum,
2842 3308 3007 3370 sicut
3029 3307 3267 3370 ibidem
3291 3307 3549 3389 plenius

2057 3405 2325 3468 habetur
2372 3407 2753 3488 expositum.
2806 3405 3102 3480 Quamvis
3152 3415 3366 3468 autem
3423 3406 3549 3469 tale

2060 3505 2537 3568 matrimonium
2591 3524 2718 3569 non
2768 3505 2853 3567 sit
2900 3514 3120 3568 contra
3174 3505 3544 3568 immediata

2061 3613 2376 3686 praecepta
2423 3604 2577 3684 legis
2624 3613 2884 3680 natura),
2920 3611 3131 3667 tamen
3175 3613 3399 3667 eontra
3450 3624 3548 3666 sc-

2059 3703 2365 3765 cundaria
2395 3702 2535 3783 ejus
2567 3712 2899 3785 praecepta‚
2939 3722 3082 3784 quae
3112 3722 3187 3766 ex
3224 3703 3449 3785 primis
3481 3703 3550 3764 il-

2062 3801 2140 3863 lis
2173 3800 2509 3883 principiis
2539 3809 2841 3883 tanquam
2870 3802 3315 3864 conclusiones
3356 3802 3551 3864 dedu-

2059 3908 2313 3976 cuntur,
2350 3919 2489 3962 esse
2528 3909 2821 3964 censetur
2861 3919 2898 3961 a
2938 3900 3181 3962 multis.

2136 3999 2320 4061 Juxta
2363 3999 2699 4080 mysticum
2744 4017 3024 4076 sensum,
3061 4019 3172 4081 per
3215 4007 3448 4062 sortem
3482 4007 3546 4062 ct
3620 4019 3778 4064 Senam

2060 4097 2298 4161 tribum
2339 4097 2519 4173 Juda,
2553 4116 2693 4179 quae
2740 4097 2947 4179 primo
2991 4097 3408 4161 hereditatem
3450 4118 3551 4162 ac·
3577 4084 3803 4138 m¹⁸u⁰¹¹⁸·

433 4193 828 4271 Jerusalem,
863 4212 1006 4275 quae
1050 4193 1175 4257 alio
1210 4192 1468 4256 nomine
1496 4194 1688 4256 Jcbus
1731 4205 1950 4258 vocata
1981 4200 2030 4262 D
2060 4197 2232 4279 cepit
2280 4196 2565 4258 latiorem
2618 4204 2681 4258 et
2729 4195 3048 4273 ditiorem,
3105 4196 3552 4277 intelliguntur

437 4303 582 4367 θεῖς
597 4301 661 4355 et
681 4294 852 4374 quod
874 4301 1054 4354 erant
1075 4293 1154 4354 de
1176 4292 1374 4374 stirpe
1394 4291 1761 4355 Abimelech
1785 4294 1950 4374 regis

429 4393 728 4466 Gerarae,
759 4410 905 4454 cum
937 4409 1064 4472 quo
1096 4389 1411 4452 Abraham
1457 4389 1664 4453 foedus
1698 4411 1952 4473 percus-

437 4491 538 4554 sit
569 4499 636 4552 et
662 4490 1026 4571 juramento
1055 4488 1374 4563 firmavit3
1400 4497 1464 4550 et
1493 4489 1664 4571 quod
1697 4491 1952 4554 duravit

433 4591 572 4652 hoc
598 4587 808 4650 foedus
839 4588 918 4653 ad
938 4595 1182 4650 eertum
1214 4596 1486 4668 tempuS,
1509 4588 1680 4668 quod
1711 4595 1950 4671 tempo-

433 4706 516 4750 re
543 4687 736 4750 Josue
767 4687 1051 4748 nondum
1074 4683 1714 4767 effluxerat.Propter
1747 4687 1944 4768 quod,

427 4787 810 4868 juramento
842 4783 954 4846 illo
989 4783 1301 4859 obstante,
1338 4802 1464 4847 non
1497 4792 1842 4865 potuerunt
1871 4786 1951 4847 fi-

433 4883 518 4946 lii
561 4883 722 4944 Juda
766 4882 1090 4946 Jebusaeos
1137 4881 1280 4944 illos
1332 4881 1503 4944 licite
1545 4881 1943 4964 impugnare.

115 5014 154 5056 ιι
179 5015 318 5067 1229.
341 5022 392 5056 v.
431 4984 672 5045 Postea
702 5000 852 5046 vero
883 4981 1082 5043 David
1113 4981 1500 5062 expugnavit
1516 4980 1856 5058 Jebusaeos,
1875 5001 1949 5046 eo

71 5083 172 5120 ’.υ-9.

432 5081 624 5162 quod
671 5089 922 5162 tempus
967 5078 1121 5142 dicti
1167 5078 1426 5140 foederis
1469 5087 1619 5141 tunc
1664 5078 1942 5143 effluxit.

529 5178 710 5240 Nunc
739 5178 1050 5241 solvenda
1078 5186 1172 5240 cst
1193 5177 1462 5259 quaestio
1495 5177 1788 5260 superius
1821 5198 1949 5242 mo-

436 5289 536 5355 ta,
571 5279 894 5359 quomodo
943 5275 1125 5340 licuit
1164 5276 1287 5359 ipsi
1329 5276 1540 5354 Caleb,
1576 5278 1824 5340 tradere
1876 5277 1948 5339 ri-

2059 4293 2262 4356 sancti
2286 4293 2567 4375 Apostoli
2598 4292 2963 4357 electissimi
2995 4294 3293 4376 discipuli
3316 4296 3549 4358 Christi

2060 4393 2137 4455 de
2169 4393 2340 4455 tribu
2370 4392 2528 4454 Juda
2557 4391 2757 4454 exorti
2793 4411 2807 4455 :
2843 4391 2955 4472 qui
2989 4392 3301 4474 primitias
3336 4393 3549 4457 Sancti
3609 4414 3735 4458 amn.
3758 4428 3841 4466 vm,

2060 4490 2332 4572 Spiritus
2380 4497 2785 4571 acceperunt,
2838 4498 2901 4552 et
2951 4490 3244 4573 pluribus
3296 4513 3408 4576 per
3461 4503 3547 4556 'to-
3580 4478 3645 4520 ²³·

2059 4596 2195 4648 tum
2225 4588 2534 4650 mundum
2567 4587 2850 4669 prael'ecti
2874 4596 3042 4666 sunt,
3070 4589 3388 4672 latiusque
3420 4591 3543 4673 spi-

2058 4685 2371 4748 ritualiter
2401 4684 2741 4760 dominati3
2769 4685 2878 4766 qui
2908 4686 3059 4749 etin
3083 4707 3277 4767 regno
3297 4689 3543 4751 coelesti

2059 4783 2489 4867 praeclariores
2532 4783 2737 4847 sortiti
2770 4793 2919 4846 sunt
2949 4785 3334 4848 mansiones
3370 4787 3547 4849 Insu—

2057 4902 2191 4965 per,
2211 4902 2321 4964 per
2341 4882 2530 4945 Caleb
2560 4901 2739 4964 aeque
2761 4881 3091 4945 robustum
3116 4883 3182 4944 in
3212 4885 3547 4964 Juventute

2057 5001 2169 5044 sua
2213 5001 2285 5044 ac
2330 4982 2529 5055 senio,
2566 4988 2772 5063 potest
2813 4980 3083 5062 intelligi
3130 4983 3291 5044 Deus
3340 4983 3541 5060 Pater,

2055 5081 2240 5160 cujus
2271 5087 2367 5142 est
2411 5079 2714 5143 fortitudo
2749 5078 3143 5142 invariabilis
3176 5089 3239 5143 et
3281 5090 3537 5144 aeterna.

2054 5179 2168 5241 Per
2200 5177 2402 5241 filiam
2435 5178 2645 5254 Caleb,
2680 5196 3101 5259 quaecumque
3130 5180 3342 5243 anima
3388 5179 3545 5242 side-

2059 5277 2136 5339 lis
2178 5278 2426 5353 devota,
2460 5295 2603 5357 quae
2634 5295 2824 5358 super
2862 5276 3113 5339 asinum
3154 5278 3349 5356 sedet,
3393 5280 3545 5341 dum
