4359 6250
114 5144 375 5195 &coriandi-

113 5210 377 5263 luditum,

1158 509 1506 557 malumno
1547 511 1610 557 IN
1652 510 1789 558 mu’.
1835 510 1964 556 xvu
2001 510 2276 558 Jumcmt.
2321 527 2402 542 -·-
2443 509 2584 556 Am.
2631 509 2760 556 XXX

3376 483 3496 549 203

396 699 525 742 sua
564 699 853 744 seorsum
895 683 1141 766 aptavit
1178 681 1350 746 idolo
1387 680 1505 758 illi,
1540 681 1725 764 quasi
1770 700 1907 744 ora·
1936 680 1987 744 A
2014 685 2414 744 commodum
2447 684 2574 742 sibi
2605 682 2958 760 reperisset,
2997 679 3059 741 id
3098 685 3194 742 est
3236 693 3500 760 peregre

398 779 647 842 torium
677 782 1043 863 quoddam3
1086 791 1145 842 et
1174 783 1329 858 fecit
1358 784 1565 860 ephod
1592 803 1669 842 ac
1700 783 1907 842 thera-

396 880 601 957 phim
622 901 645 940 .·
665 881 837 962 quod
873 879 1214 943 translator
1243 880 1524 962 exponit,
1558 881 1797 943 addens
1828 881 1905 943 de

396 997 527 1041 suo
568 995 582 1040 τ
625 981 699 1039 id
736 989 829 1040 est
859 989 1091 1041 vestem
1127 983 1585 1040 sacerdotalem
1612 989 1673 1040 et
1703 982 1901 1042 idola.

396 1077 630 1159 Ephod
651 1078 895 1160 quippe
916 1085 1179 1141 vocatur
1198 1077 1755 1160 superhumerale:
1777 1096 1905 1159 quo

398 1176 673 1238 nomine
692 1184 757 1240 et
776 1176 903 1238 alia
922 1176 1340 1239 sacerdotalia
1359 1177 1741 1240 vestimenta
1768 1196 1909 1259 pos-

400 1275 894 1356 suntvintelligi.
939 1275 1059 1338 Sed
1090 1276 1413 1356 quomodo
1444 1295 1615 1339 nunc
1645 1275 1908 1358 plurali-

398 1381 509 1435 ter
550 1372 810 1451 dicitur,
845 1374 1037 1451 Idola,
1073 1394 1275 1456 quum
1319 1375 1561 1438 dictum
1597 1374 1701 1452 sit,
1736 1376 1907 1457 quod

400 1473 613 1538 fuerit
656 1473 899 1536 idolum
938 1493 1139 1537 unum
1172 1478 1197 1537 ἲ
1226 1474 1357 1538 imo
1399 1475 1693 1557 sequenti
1736 1475 1909 1557 capi-

108 1587 361 1691 llseasenm
404 1573 549 1636 tulo
578 1571 683 1656 ,fit
727 1573 971 1636 mentio
1013 1574 1094 1637 de
1145 1573 1334 1636 idolis
1384 1582 1448 1637 et
1493 1575 1573 1638 de
1622 1573 1905 1658 sculptili

401 1681 611 1754 atque
639 1671 982 1750 conflatili,
1016 1681 1323 1755 tanquam
1352 1674 1429 1737 de
1466 1674 1655 1737 rebus
1682 1674 1909 1737 distin-

400 1772 533 1835 ctis
576 1793 591 1836 τ
628 1771 867 1836 idcirco
896 1781 1183 1854 apparet,
1216 1774 1387 1854 quod
1420 1781 1556 1836 erat
1585 1773 1675 1835 ibi
1707 1793 1905 1835 unum

2018 780 2306 844 habitare
2339 781 2404 842 in
2445 781 2586 844 loco
2613 779 2726 843 ubi
2759 777 3114 842 necessaria
3141 776 3266 840 sibi
3301 775 3503 840 abun-

2018 879 2274 943 dantius
2305 879 2644 944 inveniret.
2663 879 2818 942 Nam
2847 886 3073 942 eeterae
3092 875 3296 938 tribus
3315 875 3503 938 Israel

2020 989 2086 1042 tu
2098 999 2177 1043 nc
2211 980 2378 1042 male
2409 980 2738 1044 solverunt
2767 978 3074 1043 solvenda
3103 974 3362 1054 Levitis,
3386 975 3507 1038 sci-

2016 1079 2167 1142 licet
2199 1079 2476 1142 decimas
2515 1087 2579 1141 et
2620 1078 2746 1141 alia
2781 1077 3094 1160 quaedam.
3129 1074 3282 1137 Nam
3320 1074 3506 1137 multi

2019 1197 2240 1242 eorum
2261 1179 2340 1241 ad
2362 1178 2786 1246 idololatriam
2819 1175 3216 1239 labebantur.
3236 1175 3380 1237 Ideo
3409 1191 3508 1237 co-

2022 1277 2337 1360 gebantur
2373 1277 2610 1340 Levitae
2651 1277 2860 1343 locum
2899 1283 3166 1350 mutare,
3200 1281 3264 1336 et
3294 1292 3508 1336 neces-

2016 1376 2184 1439 saria
2212 1395 2497 1458 quaerere
2527 1396 2640 1459 per
2667 1376 2937 1440 diversa.

2100 1479 2438 1554 Quumque
2467 1476 2735 1536 venisset
2765 1476 2838 1533 in
2873 1481 3152 1534 montem
3182 1471 3504 1548 Ephraim

2016 1575 2140 1634 iter
2188 1575 2459 1650 faciens,
2505 1583 2565 1634 et
2609 1575 2988 1634 declinasset
3028 1589 3389 1648 parumper
3430 1571 3504 1630 in

2012 1676 2282 1734 domum
2315 1673 3022 1748 Miehoe,interroyatus
3049 1679 3140 1730 est
3167 1671 3246 1728 ab
3273 1688 3365 1740 eo,
3389 1688 3506 1728 un-

2012 1773 2093 1832 de
2124 1772 2412 1832 venisset.
2451 1771 2578 1840 Qui
2605 1771 2974 1847 respondit:
2997 1769 3224 1830 Levita
3251 1787 3397 1828 sum
3427 1769 3506 1828 de

402 1872 655 1936 idolum
690 1871 1067 1953 principale,
1112 1879 1179 1934 et
1213 1871 1379 1934 ultra
1416 1871 1537 1935 hoc
1560 1872 1701 1934 aliae
1737 1891 1907 1952 quae-
1939 1870 1984 1932 B
2016 1871 2387 1930 Bethlehem
2413 1872 2616 1938 Iuda,
2643 1878 2706 1930 et
2747 1871 2913 1928 vado
2954 1876 3027 1928 ut
3069 1868 3346 1928 habitem
3393 1866 3508 1926 ubi

397 1971 559 2033 dam
608 1969 919 2048 imagines
968 1969 1107 2032 sive
1150 1969 1512 2046 simulacra,
1556 1971 1907 2033 secundum
2006 1977 2248 2045 potero,
2289 1977 2350 2028 et
2392 1967 2553 2028 utile
2595 1969 2764 2028 mihi
2799 1987 2925 2027 esse
2967 1985 3361 2044 pers-petrem.
3396 1965 3508 2025 Di-

396 2070 583 2151 quod
626 2068 825 2131 moris
866 2077 962 2131 est
1004 2067 1361 2132 idololatris
1398 2069 1552 2131 talia
1581 2069 1909 2150 plurifica-

400 2187 501 2242 re,
524 2177 590 2230 et
619 2187 823 2230 unum
856 2167 1216 2250 principale
1248 2175 1546 2231 statuere.
1582 2171 1909 2246 Implevit-

394 2289 530 2349 que
578 2270 783 2328 unius
830 2269 1129 2344 filiorum
1176 2287 1443 2328 suorum
1496 2288 1791 2337 manum,
1844 2267 1905 2330 id

397 2375 525 2440 est,
560 2385 763 2427 unum
794 2365 873 2426 de
915 2364 1076 2426 filiis
1108 2365 1265 2442 suiS,
1300 2373 1362 2428 et
1401 2363 1564 2429 forte
1595 2365 1909 2446 primoge-

378 2465 642 2540 nitum,
663 2472 772 2527 aut
793 2463 990 2525 alium
1020 2483 1213 2546 quem
1235 2464 1314 2526 ad
1345 2472 1589 2526 tantum
1612 2463 1903 2527 officium

396 2564 735 2646 reputavit
762 2563 967 2644 magis
997 2563 1325 2640 idoneum,
1352 2563 1680 2628 investivit
1708 2565 1787 2626 de
1816 2583 1909 2626 sa-

394 2663 695 2727 cerdotio
732 2682 850 2745 per
879 2662 1142 2744 aliquod
1183 2663 1465 2745 positum
1507 2661 1573 2726 in
1604 2683 1797 2726 manu
1832 2662 1907 2725 il-

396 2761 733 2838 lius.·vel,
784 2760 1079 2844 Implevit
1123 2780 1382 2823 manum
1430 2761 1655 2843 ipsiuS‚
1697 2763 1908 2826 dando

394 2861 461 2924 ei
513 2859 845 2941 duplicem
896 2859 1255 2942 portionem
1307 2869 1416 2922 aut
1457 2867 1631 2924 certa
1678 2880 1907 2922 munu-

395 2960 612 3023 scula.
634 2959 771 3036 Vel,
802 2959 1097 3041 Implevit
1126 2978 1387 3022 manum
1420 2959 1583 3041 ejuS,
1609 2961 1907 3041 ponendo

2012 2067 2240 2144 wicque
2281 2068 2533 2126 Mic-kas
2561 2085 2584 2127 .·
2629 2069 2826 2127 Mane
2875 2067 3054 2141 apud
3101 2084 3220 2134 me,
3271 2073 3330 2122 et
3379 2071 3505 2122 esto

2014 2165 2184 2225 milei
2213 2185 2476 2242 parens,
2512 2172 2814 2244 tanquam
2846 2171 3046 2244 pater,
3075 2161 3368 2224 habendo
3399 2179 3507 2239 cu-

2016 2283 2149 2326 ram
2180 2271 2246 2325 et
2284 2262 2754 2344 providentiam
2793 2261 2918 2324 mei
2961 2261 3025 2323 in
3065 2258 3506 2343 spiritualibus

2018 2381 2088 2424 ac
2128 2361 2388 2438 divinis,
2422 2383 2498 2436 ae
2526 2365 2821 2422 sacerdos
2839 2385 2866 2432 ,⁰
2907 2363 3198 2440 daboque
3241 2361 3360 2420 tibi
3386 2381 3510 2436 per

2014 2481 2220 2521 annos
2247 2462 2540 2537 sinyulos
2567 2464 2780 2520 decem
2812 2469 3142 2538 arpenteos
3173 2479 3248 2520 ae
3277 2467 3508 2518 vestem

2014 2560 2362 2636 duplicem,
2397 2568 2458 2618 et
2487 2579 2630 2639 quse
2658 2562 2746 2620 ad
2777 2561 3020 2619 victum
3048 2567 3202 2618 sunt
3231 2577 3508 2618 necessa-

2014 2660 2141 2719 ria.
2177 2659 2541 2736 Aequievit,
2572 2666 2692 2720 ete.
2729 2659 3012 2737 Fuitque
3043 2658 3177 2726 illi,
3209 2655 3510 2719 videlicet

2014 2756 2253 2835 Miohae,
2288 2759 2479 2838 quasi
2509 2779 2678 2818 umas
2708 2761 2788 2818 de
2815 2759 3004 2836 filiis,
3028 2757 3089 2819 id
3121 2765 3238 2832 est,
3263 2773 3508 2818 amoro-

2014 2877 2083 2920 se
2112 2866 2175 2921 et
2215 2866 2580 2920 reverenter
2618 2858 2912 2920 tractavit
2951 2857 3182 2921 Michas
3221 2855 3506 2919 Levitam

2017 2956 2222 3032 illum,
2244 2957 2428 3038 quasi
2463 2956 2795 3039 proprium
2828 2954 3062 3033 filium,
3084 2955 3212 3019 imo
3232 2963 3294 3018 et
3322 2954 3508 3036 quasi

394 3058 469 3121 in
504 3077 701 3120 manu
736 3056 939 3140 ipsius
978 3055 1323 3133 sacrificia,
1364 3075 1509 3140 quae
1539 3077 1655 3141 per
1694 3059 1902 3141 ipsum
1935 3062 1979 3125 C
2019 3065 2264 3138 patrem
2306 3057 2483 3137 (nam
2522 3056 2788 3136 dixerat,
2834 3056 2982 3119 Esto
3025 3055 3184 3118 mihi
3225 3057 3504 3138 parens),

396 3158 649 3221 obtulit
678 3158 799 3221 deo
827 3175 945 3220 suo
974 3176 1091 3219 seu
1122 3156 1314 3220 idolo.
1350 3160 1435 3219 Et
1463 3159 1679 3235 factus
1714 3171 1805 3221 est
1846 3162 1909 3219 ei

388 3260 720 3319 sacerdos.
756 3260 841 3317 In
884 3257 1113 3316 diebus
1154 3257 1293 3315 illis
1330 3276 1461 3317 non
1500 3267 1639 3317 erat
1681 3279 1795 3318 γεω
1832 3261 1907 3319 in

394 3348 643 3425 Israel,
673 3358 787 3415 sed
816 3357 1265 3435 tlnmquisqzce
1302 3358 1473 3436 quod
1499 3357 1627 3416 sibi
1663 3368 1909 3419 rectum

396 3438 777 3525 video-atur,
812 3454 931 3513 hoc
957 3454 1259 3529 faciebat.

487 3554 651 3614 Fuit
678 3572 931 3632 quoque
962 3554 1033 3612 in
1067 3562 1341 3629 tempore
1362 3555 1475 3614 illo
1504 3558 1671 3614 alter
1699 3556 1911 3614 adole-

393 3670 582 3713 scens
604 3653 693 3735 ,de
712 3651 1079 3711 Bethlehem
1102 3654 1303 3723 Iuda,
1324 3670 1451 3715 non
1482 3652 1560 3715 de
1592 3651 1703 3715 illa
1730 3653 1910 3715 Beth-

400 3750 640 3824 lehem,
683 3768 829 3830 quae
875 3757 1010 3812 erat
1049 3748 1113 3811 in
1160 3749 1331 3812 tribu
1373 3750 1674 3827 Zabulon,
1706 3773 1787 3811 σω
1818 3772 1911 3812 eo-

390 3836 719 3928 qnatione
746 3850 910 3925 ejus.
943 3847 1119 3922 Quod
1150 3848 1407 3927 dicitur,
1440 3848 1615 3932 Ejus,
1649 3846 1909 3932 quidam

2018 3174 2145 3218 non
2193 3164 2264 3217 ut
2307 3174 2586 3235 servum.
2623 3158 3051 3236 [inplevitque
3081 3158 3331 3217 Michas
3375 3177 3512 3217 ma·
3615 3220 3624 3231 ‚

2014 3276 2178 3315 mem
2221 3257 2387 3332 ejus,
2421 3246 2587 3317 sicut
2629 3255 2988 3337 expositum
3024 3262 3140 3331 est,
3175 3264 3236 3315 et
3283 3256 3511 3315 habuit

2016 3358 2201 3431 apud
2218 3376 2282 3414 se
2295 3376 2578 3434 puerum
2598 3358 3007 3426 sacerdotem,
3023 3351 3358 3436 praefatum
3389 3353 3511 3416 soi-

2018 3453 2171 3516 lieet
2191 3454 2684 3517 adolescentem.
2701 3457 2896 3515 Nunc
2912 3456 3067 3523 scio,
3085 3454 3511 3533 di'cen8,quod

2018 3554 2366 3630 benefaciet
2398 3554 2566 3613 mihi
2583 3556 2740 3613 deus
2759 3554 3018 3614 habenti
3038 3554 3316 3613 Levitici
3326 3572 3510 3629 qene-

2017 3653 2112 3712 ris
2138 3656 2546 3712 sacerdotem.
2565 3651 2680 3715 Per
2707 3653 2918 3726 deum,
2947 3651 3246 3730 intelligit
3274 3650 3508 3714 Michas

2022 3749 2254 3813 falsum
2284 3751 2497 3827 deum,
2532 3769 2724 3830 quem
2755 3752 2951 3814 coluit
2988 3770 3001 3815 :
3041 3751 3144 3813 cui
3187 3751 3507 3843 acceptius

2022 3849 2344 3931 reputavit
2374 3850 2764 3913 sacerdotale
2797 3848 2866 3913 of
2872 3848 3096 3912 ficium
3125 3850 3398 3931 alicujus
3428 3851 3508 3913 de

402 3946 705 4011 referunt
733 3948 813 4009 ad
842 3946 1131 4023 Micham,
1166 3947 1473 4025 dicenteS,
1507 3949 1679 4029 quod
1708 3950 1915 4013 adole-
2022 3947 2191 4010 tribu
2225 3946 2402 4024 Levi,
2437 3966 2630 4028 quam
2661 3948 2922 4011 alterius
2956 3947 3180 4010 tribuS.

402 4066 601 4109 scens
652 4044 773 4107 iste
828 4044 951 4107 fuit
992 4054 1301 4124 cognatus
1350 4046 1587 4123 Michae,
1639 4049 1809 4129 quod
1850 4057 1913 4111 et

400 4145 711 4226 Magister
751 4143 817 4206 in
857 4142 1142 4206 historiis
1188 4144 1307 4217 ait3
1351 4144 1461 4207 alii
1505 4134 1791 4209 referunt
1832 4148 1910 4210 ad

2100 4045 2279 4109 Nunc
2323 4046 2653 4127 quaeritur,
2686 4065 2816 4127 quo
2858 4054 3140 4128 tempore
3184 4046 3304 4109 iste
3351 4046 3510 4111 acci-

2019 4145 2186 4207 derit
2218 4164 2424 4209 casus,
2457 4143 2762 4218 Quocirca
2790 4144 3012 4207 recitat
3040 4144 3200 4226 Lyra
3232 4162 3247 4206 :
3281 4144 3512 4209 Dicunt

396 4244 662 4319 Iudam,
705 4242 1013 4319 dicentes»,
1050 4243 1221 4324 quod
1265 4242 1389 4305 fuit
1418 4244 1495 4307 de
1534 4245 1911 4325 cognatione
1941 4251 1990 4312 D
2020 4243 2414 4326 expositores
2454 4242 2678 4319 nostri,
2716 4243 2887 4324 quod
2939 4250 3081 4324 post
3114 4250 3383 4306 mortem
3412 4242 3512 4306 Jo-

398 4342 587 4405 Judae
622 4360 703 4404 'ex
736 4350 914 4422 parte
944 4342 1187 4404 matriS.
1212 4342 1366 4404 Nam
1397 4341 1601 4405 tribus
1633 4344 1912 4409 Levitica
2020 4363 2154 4420 sue,
2185 4349 2330 4404 ante
2359 4342 2648 4423 judicum
2681 4341 3184 4405 suscitationem.
3218 4341 3309 4403 Ad
3340 4342 3512 4422 quod

402 4450 473 4504 et
502 4439 919 4503 sacerdotalis
949 4440 1215 4505 cuilibet
1244 4442 1342 4521 (ut
1374 4442 1637 4522 dicitur)
1666 4452 1912 4524 poterat
2018 4441 2295 4520 allegant
2332 4441 2503 4521 quod
2545 4448 2782 4503 tactum
2822 4448 2919 4503 est
2953 4458 2966 4501 :
3008 4439 3076 4501 In
3114 4439 3340 4503 diebus
3383 4438 3510 4501 illis

404 4538 609 4602 tribui
642 4538 955 4620 copulari,
986 4540 1305 4621 praecipue
1338 4540 1531 4603 tribui
1563 4539 1743 4617 Juda,
1775 4549 1912 4604 tan-

404 4647 623 4719 quam·
641 4636 842 4717 regali
863 4645 926 4698 et
946 4636 1270 4699 nobiliori.
1286 4637 1463 4700 Unde
1476 4639 1576 4718 (ut
1596 4637 1824 4719 fertur)
1844 4640 1909 4702 in

404 4724 679 4799 Hebra'io
699 4734 995 4811 habetur,
1010 4735 1099 4796 Ex
1129 4736 1505 4815 cognatione
1524 4736 1703 4799 Juda.
1722 4740 1912 4800 Erat-

406 4854 535 4914 que
566 4836 702 4911 ipse
730 4836 1006 4904 Levites,
1041 4833 1105 4896 id
1149 4842 1245 4895 est
1289 4835 1368 4897 de
1412 4835 1610 4917 stirpe
1639 4836 1790 4899 Levi
1836 4857 1911 4900 ex

410 4940 595 5013 parte
640 4931 884 5007 matriS,
926 4942 985 4991 et
1014 4934 1343 4995 habitabat
1390 4936 1501 4995 ibi.
1537 4934 1726 4997 Porro
1766 4936 1914 4997 ado-

410 5029 666 5117 lescens
716 5029 837 5092 iste
881 5031 991 5110 (ut
1039 5039 1213 5111 patet
1262 5030 1468 5112 infra)
1518 5031 1640 5094 fuit
1688 5034 1768 5096 de
1816 5054 1913 5097 se-

410 5128 591 5189 mine
628 5126 879 5209 MoysiS,
914 5136 1175 5209 eratque
1202 5128 1500 5191 Jonathas
1548 5128 1725 5193 filius
1769 5131 1915 5195 Ger-

408 5244 549 5287 sam
592 5224 719 5287 filii
765 5225 1014 5307 Moysis,
1048 5228 1485 5308 Eqressusque
1534 5233 1614 5289 de
1650 5232 1914 5291 civitate

408 5326 813 5395 Bethlehem,
839 5326 1257 5401 pereyrinari
1288 5327 1495 5387 voluit
1529 5328 1912 5407 ubicumque

2022 4557 2146 4602 non
2171 4547 2305 4602 erat
2337 4559 2444 4602 rex
2479 4538 2543 4600 in
2565 4539 3025 4603 lsrael.Dicunt
3044 4540 3509 4621 quoque,quod

2021 4638 2288 4701 historia
2317 4638 2435 4699 ista
2465 4638 2570 4701 hic
2601 4638 3014 4713 scribitur‚ad
3049 4639 3510 4701 ostendendum

2022 4738 2460 4800 necessitatem
2492 4736 2687 4813 dandi
2717 4738 2962 4817 judices
2994 4737 3242 4813 lsraeli;
3275 4738 3386 4819 qui
3421 4758 3512 4801 er-

2022 4845 2156 4899 rata
2199 4836 2608 4915 corrigerent.
2655 4837 2825 4899 Hanc
2871 4838 3345 4919 responsionem
3397 4838 3512 4919 Ly-

2024 4956 2091 4997 ra
2137 4954 2264 4998 non
2312 4935 2644 5017 approbat,
2679 4934 2984 5017 quoniam
3029 4935 3274 5015 judices
3321 4936 3507 4999 lsrael

2023 5052 2151 5095 non
2185 5033 2505 5096 habebant
2535 5032 2898 5097 efficaciam
2942 5032 3321 5114 corrigendi,
3358 5034 3512 5115 quia

2023 5152 2149 5195 non
2182 5140 2494 5214 praeerant
2525 5152 2640 5213 per
2671 5133 2928 5195 modum
2960 5132 3382 5207 dominii,sed
3415 5133 3510 5195 di-

2022 5230 2326 5292 rectionis
2363 5238 2556 5311 atque
2593 5230 2869 5293 consilii.
2907 5230 3160 5306 lterum,
3204 5231 3506 5312 quoniam

2020 5347 2214 5391 causa
2254 5328 2599 5391 suscitandi
2645 5327 2892 5409 judices
2940 5327 3085 5406 fuit,
3135 5336 3204 5391 ut
3249 5348 3362 5411 per
3400 5349 3508 5393 eos
