4359 6250
608 4037 854 4088 ΟεοθινΛΞ.

629 4139 707 4183 Pe.
733 4154 855 4192 ann,

592 4203 660 4246 27.

879 488 995 554 120

1694 510 2042 557 manuario
2085 511 2146 556 ΙΝ
2190 510 2327 557 CAP.
2372 511 2414 556 11
2454 508 2729 557 molenx.
2774 530 2851 539 —
2895 511 3038 557 ΛΒΤ.
3084 511 3151 556 111

881 678 947 740 in
997 677 1441 743 confusionem
1492 680 1708 744 vultus
1759 681 1858 742 sui
1891 684 1914 742 2
1959 683 2367 743 Dimittentes
2396 681 2447 743 A
2559 685 2894 761 Quumque
2915 683 3230 741 Dominus
3247 681 3580 740 suscitaret
3592 680 3855 757 judiees
3884 682 3968 739 in

877 799 1049 849 eum,
1091 789 1152 839 et
1191 782 1534 841 servientes
1575 784 1743 841 Baal
1781 790 1840 840 et
1870 784 2197 841 Astaroth.
2234 782 2369 841 Ira-

882 887 1111 957 tus-que
1138 882 1480 951 Dominus,
1516 899 1630 962 per
1674 879 2162 942 similitudinem
2208 876 2369 941 efle-

878 984 1040 1052 ctu5‚
1089 995 1217 1039 non
1263 996 1376 1059 per
1421 979 1912 1041 commotionem
1957 976 2256 1053 aflectuS‚
2304 977 2367 1039 id

881 1082 977 1136 est
1004 1074 1241 1155 justam
1271 1076 1580 1138 ultionem
1611 1095 1932 1153 exercens,
1963 1079 2240 1137 tradidit
2270 1096 2369 1136 eos

880 1175 953 1233 in
985 1194 1219 1234 manus
1248 1176 1736 1251 diripient-ium,
1770 1174 1831 1237 id
1873 1184 1968 1237 est
2002 1174 2362 1255 gentilium,

880 1271 992 1351 qui
1035 1270 1204 1333 bona
1245 1272 1665 1335 Israelitarum
1717 1282 2084 1355 rapuerunt,
2132 1291 2368 1353 eosque

880 1388 997 1451 pro
1029 1378 1204 1452 parte
1235 1370 1692 1434 interfecerunt
1718 1395 1732 1447 3
1768 1375 1884 1453 qui
1912 1381 2216 1450 ceperunt
2244 1392 2363 1444 eos,

879 1478 940 1527 et
963 1472 1396 1531 vendiderunt
1415 1474 1695 1532 hostibus
1715 1474 1834 1551 qui
1854 1474 2234 1533 habitabant
2250 1492 2369 1549 per

875 1585 1142 1643 qyrum,
1159 1588 1270 1627 nee
1283 1578 1634 1644 potuerunt
1663 1572 1953 1630 resistere
1973 1571 2368 1631 adversariis

879 1666 1016 1724 suis
1035 1687 1064 1737 ,⁰
1103 1669 1213 1724 sed
1251 1685 1646 1747 quocumque
1681 1688 1946 1746 peryere
1994 1671 2363 1738 voluissent,

883 1784 1116 1824 manus
1145 1767 1416 1825 Domini
1453 1786 1646 1843 super
1679 1788 1778 1827 eos
1811 1778 1974 1837 erat,
2005 1770 2170 1828 sieut
2204 1772 2368 1827 loeu-

2472 780 2697 839 diebus
2720 799 2971 848 eorum,
2992 782 3366 854 flectebatur
3388 780 3835 839 misericordia
3854 778 3965 839 :id

2474 885 2592 954 est,
2627 896 2702 939 ex
2730 876 2987 959 propria
3028 886 3087 940 et
3118 877 3511 941 connaturali
3546 876 3668 939 sibi
3699 876 3962 958 pietate,

2474 984 2619 1057 post
2662 975 2936 1038 effectus
2987 996 3117 1039 suae
3166 976 3463 1057 rigorosae
3506 976 3789 1057 justitiae‚
3846 974 3969 1036 im-

2473 1074 2791 1156 pendebat
2840 1074 3299 1155 poenitentibus
3350 1072 3623 1136 effectus
3664 1082 3725 1136 et
3768 1090 3968 1155 opera

2474 1191 2605 1234 suae
2652 1171 3061 1235 clementiae:
3106 1171 3235 1236 imo
3285 1180 3347 1235 et
3400 1190 3528 1234 non
3579 1171 3967 1254 poenitentes

2478 1267 2845 1351 frequenter
2884 1271 3153 1349 gratiose
3186 1270 3512 1351 praevenit,
3548 1276 3609 1332 et
3648 1269 3967 1351 poeniten-

2474 1377 2569 1431 tes
2620 1367 2862 1444 effecit,
2907 1386 3066 1449 quos
3120 1376 3328 1430 tamen
3376 1367 3800 1432 communiter
3850 1386 3967 1449 per

2474 1467 2741 1530 adversa
2771 1466 3022 1528 reduxit
3052 1467 3128 1528 ad
3162 1485 3291 1543 cor,
3327 1475 3391 1528 et
3420 1485 3533 1548 per
3562 1466 3965 1530 vexationem

2473 1564 2568 1629 eis
2614 1564 2839 1627 tribuit
2884 1563 3299 1627 intellectum.
3345 1565 3487 1627 Ideo
3522 1564 3813 1626 subditur
3856 1575 3967 1626 :et

2475 1666 2779 1724 audiebat
2822 1666 3209 1742 afflictorum
3248 1667 3547 1741 qemitus,
3588 1663 3680 1725 eis
3724 1664 3967 1726 miseri-

2475 1762 2753 1825 corditer
2802 1762 3189 1843 ignoscendo
3238 1782 3311 1825 ac
3353 1762 3457 1844 pie
3499 1762 3960 1825 subveniendo.

885 1874 984 1924 tus
1005 1870 1117 1938 est,
1153 1873 1213 1923 et
1228 1865 1496 1940 juravit
1525 1866 1616 1923 eis
1637 1889 1663 1935 ,·
1690 1876 1749 1925 et
1781 1870 2178 1927 veliementer
2207 1868 2369 1943 affli-
2402 1862 2448 1924 B
2476 1860 2812 1943 Propterea
2844 1861 3131 1943 sequitur
3154 1879 3168 1923 :
3194 1871 3253 1923 et
3284 1864 3591 1923 liberabat
3620 1882 3719 1923 eos
3747 1866 3826 1923 de
3856 1884 3966 1923 ειε-

883 1963 973 2021 cti
1000 1970 1174 2022 sunt.

962 2058 1248 2141 Denique
1280 2057 1345 2121 in
1381 2058 1500 2124 isto
1521 2062 1802 2143 capitulo
1835 2062 2176 2125 summarie
2209 2071 2271 2125 θῖ
2302 2062 2367 2125 in

881 2158 1205 2222 communi
1253 2159 1532 2223 breviter
1579 2160 1898 2237 recitatur,
1945 2161 2117 2241 quod
2164 2161 2232 2222 in
2276 2180 2371 2224 se-

881 2258 1230 2339 quentibus
1275 2258 1572 2340 capitulis
1618 2260 1682 2321 in
1733 2259 1994 2341 speciali
2045 2260 2371 2342 prosequi-

883 2363 1008 2417 tur.
1041 2359 1522 2437 Suseitavitque
1567 2361 1888 2419 Dominus
1920 2361 2207 2436 judiees,
2254 2361 2371 2437 qui

884 2457 1232 2515 liberarent
1270 2476 1368 2516 eos
1397 2459 1476 2515 de
1505 2460 1906 2518 vastantium
1947 2460 2270 2526 manibus‘,
2304 2457 2370 2519 id

883 2560 999 2629 est,
1019 2553 1343 2634 aliquibus
1374 2554 1529 2617 viris
1561 2555 1780 2617 electis
1808 2556 2099 2635 gratiam,
2121 2556 2373 2637 sapien-

883 2652 1056 2727 tiam,
1092 2658 1154 2713 et
1191 2652 1459 2713 virtutes
1503 2651 2072 2735 fortitudinemque
2114 2673 2373 2718 conces-

883 2750 968 2811 sit
1014 2749 1094 2811 ad
1144 2750 1627 2829 exhortandum,
1663 2751 2094 2831 dirigendum,
2132 2772 2207 2816 ac
2250 2754 2372 2816 eri-

882 2848 1190 2930 piendum
1231 2856 1536 2925 erranteS,
1571 2848 1856 2913 afflictos
1889 2860 1952 2913 et
1982 2860 2222 2934 captos.
2244 2855 2375 2914 Sed

882 2967 997 3007 nee
1017 2949 1161 3006 illos
1181 2949 1414 3007 audire
1435 2952 1799 3011 voluerunt.
1816 2949 2286 3028 Verumtamen,
2304 2959 2374 3014 ut

2476 1962 2555 2019 de
2585 1963 3000 2029 vastantium,
3025 1960 3087 2022 id
3115 1968 3212 2022 est
3236 1961 3314 2022 de
3343 1959 3601 2024 laesione
3626 1969 3691 2023 et
3712 1980 3967 2043 oppres-

2478 2058 2657 2121 sione
2715 2059 3223 2122 adversariorum
3280 2078 3561 2123 suorum.
3612 2064 3963 2141 Postquam

2476 2167 2691 2217 autem
2727 2168 3019 2219 mortuus
3048 2168 3200 2219 esset
3221 2160 3460 2237 judee),
3485 2162 3965 2220 revertebantur

2476 2254 2556 2317 ad
2600 2255 2871 2337 pristina
2918 2256 3095 2331 vitia,
3129 2267 3189 2317 et
3234 2260 3433 2317 multo
3463 2260 3788 2336 faciebant
3832 2278 3965 2319 nia«-

2460 2355 2647 2431 jora,
2680 2353 2740 2416 id
2777 2363 2873 2416 est
2913 2355 3152 2437 pejora,
3187 2376 3384 2435 quam
3425 2358 3711 2433 fecerant
3748 2366 3965 2433 patres

2476 2470 2722 2521 eorum,
2750 2464 3075 2533 sequentes
3112 2457 3259 2513 deos
3290 2454 3556 2525 alienos,
3590 2458 3965 2516 servientes-

2477 2570 2599 2629 que
2646 2554 2761 2621 eis,
2799 2562 2860 2611 et
2910 2555 3255 2613 adorantes
3296 2571 3417 2613 eos.
3468 2551 3586 2613 lsta
3637 2570 3765 2615 non
3816 2560 3965 2614 sunt

2480 2647 2894 2728 intelligenda
2940 2668 3052 2731 per
3092 2650 3309 2714 omnia
3348 2651 3427 2713 de
3465 2651 3703 2714 eisdem
3746 2670 3967 2714 nume—

2481 2765 2572 2809 ro.
2590 2746 2897 2828 Loquitur
2927 2748 3098 2811 enim
3126 2748 3451 2830 Scriptura
3480 2750 3559 2811 de
3580 2758 3710 2812 toto
3729 2750 3967 2832 populo

2481 2845 2592 2908 illo
2624 2847 2807 2927 quasi
2840 2847 2919 2910 de
2950 2865 3077 2909 uno
3108 2866 3219 2911 seu
3260 2848 3521 2910 eisdem.
3558 2848 3677 2911 Sed
3715 2849 3967 2912 diversa

2480 2944 2558 3005 ad
2591 2944 2878 3007 diversos
2912 2954 3059 3007 sunt
3090 2945 3446 3008 reserenda.
3473 2946 3597 3009 Nec
3626 2965 3846 3009 omnes
3879 2946 3969 3011 fe-

884 3044 950 3107 in
985 3063 1284 3127 processu
1314 3046 1576 3128 patebit,
1595 3047 1910 3110 interdum
1943 3050 2372 3130 quidam,imo
2405 3045 2450 3110 C
2481 3051 2705 3105 cerunt
2751 3043 3119 3126 hujusmodi
3170 3044 3357 3120 mala,
3408 3046 3517 3107 sed
3571 3046 3775 3108 multi.
3816 3048 3963 3108 Non

885 3144 1070 3207 multi
1112 3143 1515 3209 Hebraeorum
1559 3145 2161 3229 obtemperaverunt
2206 3150 2374 3228 judi—

885 3243 1109 3319 cibus;
1153 3243 1337 3306 multi
1371 3263 1521 3309 vero
1553 3263 1682 3308 non
1715 3247 2317 3329 obtemperaverunt
2353 3270 2367 3313 z

885 3341 964 3404 de
1013 3341 1248 3423 quibus
1298 3342 1712 3425 subjungitur
1745 3362 1760 3406 :
1795 3347 2195 3422 fornicantes
2225 3369 2373 3408 cum

883 3441 1016 3500 diis
1047 3442 1308 3511 alienis,
1339 3441 1402 3503 id
1436 3450 1531 3504 est
1562 3461 1676 3524 per
1705 3443 1938 3505 mentis
1968 3445 2371 3507 aversionem

887 3537 1308 3600 idololatriam
1349 3548 1714 3603 exercentes
1762 3558 1775 3603 :
1813 3550 1875 3603 et
1914 3543 2211 3622 quamvis
2240 3562 2374 3606 om-

885 3650 966 3694 ne
1007 3633 1272 3695 mortale
1312 3642 1638 3715 peccatum
1679 3635 1763 3696 sit
1808 3634 2146 3699 fornicatio
2187 3637 2374 3719 spiri-

883 3730 1104 3806 tualiS‚
1158 3731 1278 3794 hoc
1327 3739 1422 3794 est
1471 3733 1720 3796 aversio
1779 3734 2014 3796 mentis
2063 3745 2291 3798 creatae
2335 3755 2372 3798 a

885 3829 1129 3912 Sponso
1173 3829 1437 3908 coelesti,
1474 3840 1536 3894 et
1565 3832 2000 3914 constupratio
2031 3833 2171 3915 ejus
2214 3835 2374 3899 inte-

885 3927 1013 3990 rior
1033 3947 1070 3990 a
1092 3927 1367 4005 diabolo,
1393 3930 1752 4012 specialiter
1782 3939 1992 3994 tamen
2016 3941 2077 3994 et
2098 3933 2373 3997 maxime

887 4025 1266 4104 idololatria,
1284 4028 1459 4108 juxta
1491 4027 1647 4090 illud
1677 4029 1852 4106 Osee,
1872 4030 2191 4094 Fornicati
2224 4043 2373 4095 sunt

884 4145 920 4188 a
951 4127 1076 4188 Deo
1109 4144 1220 4188 suo
1247 4151 1262 4200 3
1294 4128 1598 4209 juxtaque
1627 4129 1789 4190 illud
1807 4130 2060 4208 Psalmi,
2094 4131 2372 4193 Perdidi-

2480 3145 2870 3204 dimiserunt
2902 3145 3393 3204 adinventiones
3422 3165 3599 3214 suas,
3632 3144 3696 3206 id
3734 3153 3829 3207 est
3867 3165 3969 3208 ex-

2480 3242 2784 3320 cogitatas
2816 3241 3111 3316 malitiaS‚
3138 3253 3196 3302 et
3228 3245 3404 3302 viam
3434 3244 3965 3312 ditrissimam,id

2480 3349 2575 3404 est
2606 3341 2987 3403 obstinatam
3021 3341 3419 3423 pravitatem,
3456 3340 3805 3423 praesertim
3838 3341 3969 3404 ido-

2481 3438 2817 3514 lolatriam,
2856 3458 2999 3520 quae
3029 3440 3107 3501 ad
3138 3447 3435 3502 aeternam
3467 3438 3642 3501 ducit
3670 3439 3969 3502 amaritu-

2479 3538 2719 3614 dinem,
2747 3557 3083 3618 perquam
3118 3539 3453 3598 ambulare
3480 3549 3961 3600 consueverant.

2478 3635 2655 3698 Unde
2686 3635 2893 3698 dulcis
2922 3635 3224 3697 Ieremias
3254 3634 3343 3697 ait
3378 3651 3392 3696 :
3426 3635 3605 3710 Vide,
3642 3634 3963 3716 inquienS,

2479 3734 2631 3816 quia
2677 3734 2915 3796 malum
2958 3742 3020 3796 et
3060 3752 3343 3795 amarum
3388 3742 3504 3811 est,
3537 3741 3598 3796 te
3630 3733 3969 3814 reliquisse

2484 3831 2819 3895 Dominum
2851 3833 3049 3894 Deum
3098 3840 3298 3908 tuum,
3334 3839 3397 3894 et
3438 3849 3563 3895 non
3608 3851 3748 3895 esse
3788 3833 3971 3896 timo-

2482 3951 2613 3994 rem
2647 3931 2785 4012 ejus
2816 3932 2984 4013 apud
3017 3939 3099 3993 te.
3120 3930 3187 3991 ln
3219 3931 3398 3993 cultu
3429 3931 3619 3993 etiam
3654 3931 3967 3994 idolorum

2482 4038 2630 4091 sunt
2660 4029 2861 4111 aliqui
2894 4037 3072 4092 actus
3115 4027 3414 4092 laboriosi
3447 4037 3511 4092 et
3540 4029 3705 4092 duri.

2560 4131 2905 4207 Iratusque
2923 4139 3012 4189 est
3040 4133 3235 4208 furor
3265 4131 3532 4190 Domini
3560 4130 3634 4188 in
3666 4132 3899 4198 Israel,
3912 4141 3971 4190 et

887 4223 964 4286 sti
1007 4244 1226 4287 omnes
1256 4225 1369 4307 qui
1400 4224 1798 4289 fornicantur
1837 4228 1949 4291 abs
1991 4237 2072 4292 te.
2109 4234 2195 4292 Et
2225 4235 2372 4291 ado·
2400 4232 2450 4294 D
2480 4230 2577 4288 ait
2606 4227 2911 4290 Dominus
2938 4245 2951 4290 :
2980 4229 3149 4297 Quia
3184 4229 3453 4288 irritum
3480 4229 3635 4303 fecit
3656 4247 3813 4303 ‚qens
3842 4231 3971 4288 ista

882 4333 1099 4383 rantes
1118 4345 1228 4384 eos
1240 4326 1373 4384 Cito
1393 4327 1815 4387 deseruerunt
1835 4330 1944 4388 via
1952 4349 2027 4396 m,
2035 4348 2153 4405 per
2172 4349 2369 4407 quam

883 4423 1155 4498 inaressi
1181 4423 1451 4498 fuerant
1472 4435 1691 4501 patres
1727 4445 1970 4498 eorum,
2007 4427 2070 4488 id
2121 4435 2219 4490 est
2266 4427 2371 4491 ob-

883 4519 1264 4582 servantiam
1297 4521 1457 4602 legis
1487 4521 1742 4599 divinae,
1779 4542 1892 4605 per
1922 4543 2109 4605 quam
2155 4534 2367 4614 patres

879 4633 1100 4679 eorum
1123 4618 1464 4682 tendebant
1494 4620 1572 4682 ad
1607 4619 1804 4684 linem
1840 4621 2114 4686 felicem.
2145 4629 2229 4686 E't
2258 4645 2368 4684 au-

878 4718 1122 4777 dientes
1160 4722 1470 4779 mandata
1503 4722 1791 4792 Domini,
1819 4725 2040 4783 omnia
2071 4727 2365 4802 fecerunt

877 4817 1264 4876 contraria:
1294 4824 1357 4878 θῖ
1401 4816 1487 4879 ita
1530 4835 1654 4881 non
1698 4819 2061 4883 habuerunt
2109 4841 2365 4884 excusa-

875 4912 1116 4976 tionem
1148 4914 1225 4976 de
1264 4913 1643 4995 ignorantia,
1679 4919 1787 4980 sed
1825 4929 2247 5000 peccaverunt
2287 4939 2363 4982 ex

874 5012 1333 5077 deliberatione
1363 5022 1424 5076 et
1464 5023 1636 5077 certa
1674 5017 1959 5079 scientia.
1995 5019 2172 5081 Unde
2220 5038 2363 5100 pro-

873 5110 1080 5188 batur,
1115 5111 1286 5192 quod
1317 5120 1380 5175 et
1410 5121 1561 5176 tunc
1601 5113 1862 5177 fuerunt
1906 5115 2072 5179 inter
2113 5135 2222 5180 eos
2254 5118 2362 5180 ali-

872 5209 984 5290 qui
1029 5209 1204 5284 boni,
1241 5219 1668 5291 proponentes
1699 5211 1792 5274 eis
1823 5213 2088 5276 verbum
2134 5214 2361 5277 salutis

871 5326 944 5370 ac
974 5307 1194 5372 divina
1222 5316 1556 5391 praecepta.

2470 4337 2740 4404 paetum
2762 4347 2997 4398 meum,
3025 4325 3089 4386 id
3122 4334 3237 4401 est,
3270 4324 3477 4386 l'oedus
3506 4324 3804 4388 amicitiai
3835 4325 3971 4388 vio-

2480 4424 2655 4501 lavit,
2681 4429 2851 4504 quod
2872 4426 3101 4502 pept‘qi
3130 4444 3274 4483 eum
3304 4425 3603 4500 patribus
3630 4443 3879 4494 eorum,
3908 4436 3970 4484 et

2478 4545 2688 4584 vocem
2720 4545 2927 4584 meam
2955 4525 3329 4599 contempsit
3358 4524 3615 4592 audire,
3645 4521 3709 4584 id
3740 4531 3856 4599 est,
3884 4523 3970 4586 le-

2473 4640 2615 4702 gem
2650 4641 2853 4684 meam
2880 4630 3269 4700 transgressa
3290 4629 3406 4682 est.
3424 4620 3731 4703 Loquitur
3747 4629 3963 4684 autem

2474 4721 2781 4783 Dominus
2824 4720 2903 4782 de
2951 4719 3166 4801 impiis
3213 4718 3343 4780 illis
3393 4727 3825 4800 aspernanter,
3872 4720 3965 4782 di-

2473 4820 2695 4896 cend0,
2744 4818 2909 4881 Gens
2964 4818 3103 4894 ista,
3148 4837 3223 4880 ex
3271 4818 3405 4880 zelo
3452 4816 3735 4899 justitiae,
3782 4819 3963 4899 juxta

2474 4917 2633 4980 illud
2671 4935 2684 4979 ε
2732 4917 3039 4998 Sprevisti
3083 4935 3305 4979 omnes
3345 4917 3743 4978 discedentes
3782 4935 3821 4978 a
3857 4918 3961 4998 ju·
4026 4945 4247 4988 p,„„„„

2472 5015 2663 5078 stitiis
2698 5018 2844 5078 tuiS.
2872 5019 2957 5076 Et
2986 5036 3097 5092 eqo
3138 5037 3264 5076 non
3298 5017 3509 5075 delebo
3542 5024 3758 5092 ⁴qentes
3798 5037 3961 5093 quas
3992 5008 4098 5051 ¹¹⁸·

2468 5118 2723 5176 dimisit
2763 5119 2973 5185 Josue,
3016 5113 3078 5175 id
3129 5122 3247 5190 est,
3292 5131 3418 5176 non
3466 5112 3801 5193 subjiciam
3850 5133 3959 5176 eas

2472 5213 2631 5276 siliis
2662 5213 2849 5276 lsrael
2891 5212 3160 5287 vitiosiS‚
3198 5231 3313 5275 nec
3358 5213 3438 5274 de
3479 5220 3644 5275 terra
3688 5212 3809 5274 ista
3851 5231 3959 5274 eas

2468 5313 2732 5376 omnino
2764 5313 3097 5394 expellam,
3136 5322 3207 5372 ut
3238 5314 3311 5371 in
3346 5313 3505 5389 ipsis
3538 5313 3839 5388 experiar
3866 5314 3961 5372 Is-

4022 3664 4121 3706 Jer.
4136 3677 4177 3708 n.
4194 3665 4245 3704 19.
