4359 6250
73 1177 106 1221 11
119 1180 234 1234 lieo.
247 1193 344 1229 vin,

97 2060 150 2103 Ill
161 2063 276 2116 [ἐνῇ.
289 2076 354 2112 nv,

95 4633 206 4678 Ibid.
223 4649 270 4687 ιι,
289 4637 362 4676 46.

109 4829 141 4872 ll
157 4833 262 4888 Rey.
273 4844 362 4881 xvi,

98 4893 134 4934 5.

957 500 1306 547 ENARRATIO
1348 501 1411 547 IN
1454 500 1588 546 CAP.
1636 500 1701 545 11
1743 497 1900 544 LIBRI
1941 497 2140 545 'rt-:mn
2181 497 2407 543 limum.
2451 517 2533 526 —
2572 498 2715 547 ΛΒΤ.
2762 498 2913 543 XVIII

3360 480 3475 543 671

457 670 770 733 Subditur
799 672 879 734 de
909 673 1190 735 secundo
1211 670 1574 736 adversario
1597 670 1878 734 Salomo-
1908 667 1959 729 A
1984 666 2099 744 dit,
2147 676 2213 730 et
2259 668 2581 747 exaltavit,
2635 676 2705 731 ut
2753 687 2860 732 eos
2904 675 3184 751 aequaret
3230 668 3474 733 civitati

369 768 505 830 nis,
540 772 905 831 Suscitavit
934 790 1182 850 quoque
1210 772 1531 831 Dominus
1559 771 1620 828 ei
1651 771 1877 829 adver-

1985 765 2180 831 David
2212 786 2323 830 seu
2356 768 2486 830 arci
2518 767 2668 831 Sion
2702 767 2767 830 in
2791 767 2941 844 alto,
2966 775 3158 850 prout
3187 767 3354 829 istud
3385 786 3476 829 se·
3506 780 3772 837 lineo-vs.

367 869 634 927 sarium
664 871 894 929 Razon
913 870 1136 946 filium
1163 870 1439 937 Elimia,
1470 869 1586 947 qui
1613 868 1876 943 s'uyerat
1987 866 2197 927 cundo
2227 865 2463 945 Regum
2507 866 2673 929 libro
2714 866 2915 947 magis
2960 866 3317 948 expositum
3356 873 3471 928 est.

373 968 718 1027 Adarezer
743 984 955 1043 reqem
981 969 1154 1028 Soba
1187 967 1528 1026 dominum
1565 985 1784 1033 suum,
1814 962 1876 1024 id

377 1072 480 1127 est
512 1062 795 1144 regionis
826 1064 919 1127 sic
948 1064 1136 1127 dictae
1167 1064 1232 1126 in
1255 1063 1444 1145 Syria
1479 1082 1493 1124 :
1529 1063 1608 1125 de
1635 1080 1763 1143 quo
1793 1079 1882 1121 re-

377 1180 462 1242 ge
495 1162 740 1225 dictum
773 1170 870 1225 est
901 1161 1065 1224 libro
1096 1161 1396 1225 secund0.
1435 1165 1518 1223 Et
1547 1179 1882 1238 conyreqa-

381 1262 482 1320 vit
511 1270 906 1321 contraeunt
937 1262 1136 1330 υίνοε,
1150 1269 1208 1319 et
1238 1260 1452 1337 factus
1469 1269 1559 1319 est
1580 1259 1883 1336 princeps

381 1362 738 1443 latronum,
774 1380 978 1438 quum
1009 1360 1396 1436 interficeret
1424 1378 1524 1418 eos
1553 1359 1798 1426 David,
1820 1355 1883 1417 id

380 1467 482 1520 est
523 1459 838 1539 quosdam
884 1476 1128 1520 corum.
1174 1459 1260 1518 Et
1303 1459 1604 1518 abierunt
1645 1460 1887 1518 Dama-

376 1577 592 1626 scum,
619 1564 680 1617 et
709 1558 1172 1617 habitaverunt
1204 1557 1300 1615 ibi
1327 1564 1384 1615 et
1415 1556 1886 1616 constituerunt

377 1676 560 1724 eum,
589 1654 656 1716 id
688 1662 785 1717 est
815 1654 1026 1736 ipsum
1056 1652 1287 1730 Razon,
1313 1672 1521 1731 reqem
1552 1656 1627 1714 in
1647 1656 1887 1715 Dama-

377 1772 508 1813 εσο.
555 1756 838 1832 Eratque
889 1753 1308 1815 adversarius
1355 1754 1593 1812 Israeli
1638 1752 1886 1811 cunctis

1990 965 2154 1024 Erat
2179 974 2398 1025 autem
2416 968 2751 1025 Jeroboam
2781 968 2885 1025 vir
2911 966 3103 1043 fortis
3130 975 3190 1026 et
3211 973 3434 1042 potens
3452 988 3480 1035 ,-

1991 1062 2339 1141 vidensque
2367 1066 2673 1124 Salomon
2706 1061 2770 1124 in
2803 1071 2935 1125 arte
2977 1062 3479 1146 physiognomiae

1994 1158 2440 1240 peritissimus,
2477 1164 2931 1222 adolescentem
2967 1162 3299 1225 Jeroboam
3342 1180 3481 1224 esse

1994 1260 2167 1321 bonoe
2198 1260 2463 1331 indolis,
2495 1260 2560 1323 id
2597 1269 2693 1323 est
2736 1280 2773 1321 a
2814 1268 3040 1322 natura
3076 1260 3259 1323 bonae
3304 1260 3483 1323 incli-

1995 1356 2298 1434 nationis,
2342 1366 2405 1421 et
2435 1365 2653 1440 aptum
2693 1359 2771 1420 ad
2812 1358 3218 1440 prudentiam
3262 1368 3325 1422 et
3362 1360 3487 1423 vir-

1997 1464 2185 1533 tuteS,
2218 1466 2277 1517 et
2319 1458 2751 1528 industrium,
2788 1457 2850 1519 id
2890 1465 2987 1519 est
3023 1458 3478 1540 perspicacem,

1995 1557 2415 1617 constituerat
2445 1576 2591 1615 eum
2614 1557 3001 1632 prcefectam
3019 1576 3211 1636 super
3244 1560 3486 1619 tributa

1997 1654 2330 1723 universa,
2360 1651 2483 1729 vcl,
2534 1660 2603 1713 ut
2644 1651 2845 1733 aliqui
2895 1652 3137 1735 legunt,
3174 1655 3491 1720 universae

1995 1752 2223 1811 domas
2238 1752 2492 1828 Ioseph,
2513 1769 2703 1833 super
2724 1752 3061 1831 vectigalia
3082 1740 3483 1835 recipienda:

377 1852 608 1911 diebus
638 1852 1028 1913 Salomonis.
1058 1850 1182 1913 Nec
1215 1849 1394 1913 obest
1438 1850 1610 1932 quod
1642 1850 1883 1912 dictum
1924 1846 1969 1908 B
1995 1855 2058 1909 et
2086 1866 2201 1929 per
2243 1849 2503 1911 domum
2532 1849 2764 1931 Josepb
2808 1850 3069 1931 quidam
3120 1851 3491 1935 intelligunt

383 1956 502 2025 est,
538 1948 944 2011 Salomonem
976 1948 1042 2011 in
1083 1967 1332 2010 summa
1361 1967 1516 2031 pace
1562 1966 1881 2028 regnasse,

383 2055 452 2109 et
496 2066 576 2109 ex
623 2046 801 2109 omni
849 2054 1028 2127 parte
1077 2066 1297 2129 pacem
1347 2045 1650 2110 habuisse
1684 2064 1697 2108 :
1731 2045 1886 2127 quia

384 2148 558 2228 quod
599 2146 923 2210 modicum
966 2154 1084 2221 est,
1123 2165 1238 2228 pro
1283 2146 1484 2210 nihilo
1529 2154 1880 2228 reputatur.

383 2245 512 2309 Nec
533 2246 741 2309 Razon
771 2245 892 2308 iste
923 2244 1197 2307 audebat
1227 2252 1335 2307 aut
1367 2254 1610 2327 poterat
1628 2244 1885 2327 publice

383 2343 766 2425 impugnare
795 2361 1008 2424 regem
1039 2351 1149 2405 aut
1178 2344 1489 2425 populum
1521 2344 1734 2421 Israel,
1773 2342 1884 2405 sed

379 2442 577 2505 corde
612 2441 814 2521 magis
845 2460 1042 2523 quam
1083 2459 1274 2522 opere
1318 2441 1718 2505 adversarius
1765 2440 1886 2503 suit

380 2540 576 2621 regis.
617 2540 776 2623 Hinc
828 2539 981 2601 item
1032 2539 1308 2617 elicitur,
1358 2541 1527 2621 quod
1580 2558 1708 2602 non
1761 2538 1884 2601 suit

379 2639 728 2702 suscitatus
768 2658 807 2700 a
845 2638 1168 2721 principio
1217 2648 1438 2702 contra
1480 2638 1883 2701 Salomonem

379 2746 644 2820 propter
675 2736 815 2818 ejus
847 2745 1129 2818 peccata,
1161 2736 1318 2817 quia
1362 2736 1472 2799 diu
1500 2737 1709 2817 justus
1743 2755 1884 2819 per-

377 2835 655 2911 mansit3
697 2837 808 2898 sed
849 2835 1225 2917 permissive
1263 2854 1300 2897 a
1341 2836 1460 2899 Deo
1507 2833 1631 2897 fuit
1675 2835 1881 2898 susci-

377 2945 548 2998 tatus
596 2954 674 2998 ex
723 2934 984 3017 propria
1031 2933 1276 2998 invidia
1327 2942 1551 2997 contra
1599 2934 1882 2998 Salomo-

1997 1947 2232 2009 tribum
2274 1948 2579 2029 Ephraim
2624 1956 2687 2010 et
2725 1948 3050 2025 Manasse3
3092 1950 3202 2013 alii
3248 1951 3485 2014 tribum

1994 2044 2320 2126 Ephraim,
2348 2056 2411 2107 et
2431 2045 2707 2109 mediam
2740 2046 2977 2109 tribum
3008 2047 3287 2112 Manasse
3318 2049 3490 2112 habi-

1997 2151 2235 2206 tantem
2267 2144 2425 2207 citra
2450 2143 2787 2209 Iordanem
2814 2164 2827 2208 :
2862 2147 3036 2228 quod
3076 2147 3287 2211 verius
3320 2166 3482 2234 reor.

1992 2242 2132 2304 Alia
2164 2261 2439 2324 namque
2469 2244 2774 2307 medietas
2805 2245 3008 2308 tribus
3041 2246 3341 2324 Manasse,
3366 2247 3486 2309 sita

1997 2340 2161 2402 ultra
2187 2340 2545 2419 Jordanem‚
2580 2343 3069 2426 computabatur
3108 2364 3254 2408 cum
3288 2345 3488 2409 tribu-

1997 2440 2114 2501 bus
2151 2439 2373 2502 Ruben
2427 2449 2491 2503 et
2526 2440 2678 2517 Gad,
2726 2462 2870 2523 quae
2917 2442 3283 2506 habuerunt
3334 2463 3484 2509 suos

1994 2536 2356 2620 praefectOS.

2073 2636 2302 2699 Dicunt
2330 2635 2553 2719 aliqui,
2578 2638 2752 2718 quod
2781 2638 3081 2703 Salomon
3110 2640 3321 2722 primo
3342 2659 3487 2706 eon-

1992 2734 2200 2797 stituit
2229 2754 2375 2797 eum
2406 2734 2777 2817 prael'ectum
2798 2735 3060 2800 aedificii
3083 2738 3287 2818 Mello,
3315 2740 3485 2803 dein-

1992 2832 2071 2895 de
2111 2852 2305 2914 super
2348 2834 2685 2917 vectigalia
2723 2837 2951 2898 domus
2994 2836 3226 2920 Joseph
3263 2856 3276 2901 :
3312 2841 3484 2921 quod

1991 2930 2281 3010 Magister
2315 2933 2383 2995 in
2421 2933 2705 2997 historiis
2736 2942 2930 2997 tenet.
2963 2934 3111 3013 Alii,
3156 2939 3326 3019 quod
3368 2938 3491 3021 pri-

377 3054 554 3111 nem,
586 3053 663 3098 eo
701 3036 873 3116 quod
910 3033 1107 3099 David
1151 3034 1429 3097 latrones
1471 3034 1681 3098 socios
1733 3055 1880 3099 suos
1915 3029 1960 3096 C
1992 3049 2096 3093 mo
2126 3032 2341 3112 posuit
2372 3051 2520 3095 eum
2551 3032 2873 3096 inoflicio
2895 3034 3292 3116 prael'ecturae
3332 3056 3487 3120 prae-

377 3135 722 3199 occiderat.
757 3134 1094 3199 Salomone
1127 3143 1339 3200 autem
1373 3133 1710 3213 infatuato,
1747 3155 1882 3198 sus-

380 3233 614 3296 citatus
663 3231 789 3295 fuit
831 3252 870 3295 a
897 3233 1163 3296 Domino
1209 3233 1273 3294 in
1321 3233 1631 3298 ultionem
1671 3233 1881 3297 crimi-

381 3351 542 3395 num
574 3331 952 3407 Salomonis,
986 3340 1050 3395 et
1081 3339 1234 3395 tunc
1277 3334 1478 3413 magis
1520 3351 1750 3397 nocere
1781 3352 1882 3397 co-

385 3439 576 3493 natus
607 3439 726 3493 est.
745 3433 831 3492 Et
851 3433 966 3491 koc
985 3442 1075 3491 est
1097 3435 1342 3493 malum
1361 3435 1558 3494 Adad
1573 3443 1634 3494 et
1654 3435 1880 3494 odium

377 3540 610 3592 contra
640 3533 866 3592 Israel.
900 3529 1102 3603 Quare
1147 3549 1274 3592 non
1316 3530 1427 3608 ait,
1461 3530 1588 3593 Hoc
1620 3541 1716 3593 est
1747 3552 1880 3595 ma-

378 3630 520 3692 lum
551 3628 760 3692 Razon
781 3631 803 3689 ’ζ
838 3628 1294 3710 Respondetur,
1329 3630 1501 3710 quod
1532 3629 1705 3692 Adad
1727 3649 1877 3693 con-

381 3727 649 3792 fortavit
683 3727 896 3809 ipsum
943 3727 1148 3790 Razon
1193 3736 1414 3790 contra
1443 3728 1874 3806 Salomonem,

377 3827 760 3911 adjuvitque
789 3846 958 3902 eum,
996 3834 1066 3888 ut
1097 3845 1314 3888 rursus
1342 3828 1672 3908 juvaretur
1701 3827 1782 3890 ab
1803 3847 1876 3891 eo

378 3926 462 3989 ad
499 3926 925 3990 obtinendum
967 3925 1306 3988 ldumaeam
1339 3924 1674 3990 Salomone
1716 3926 1880 3990 invi-

375 4034 465 4088 to.
499 4027 949 4104 Reynavitque
981 4027 1053 4084 in
1081 4026 1309 4102 Syria.

409 4152 414 4155 ·
454 4124 793 4185 Jeroboam
839 4141 1088 4201 quoque
1133 4123 1318 4198 filius
1363 4123 1575 4184 Nabat
1625 4125 1880 4199 Ephra-

1990 3128 2197 3208 dictae,
2223 3139 2443 3213 postea
2472 3151 2663 3214 super
2694 3132 2957 3196 aedificii
2990 3153 3149 3216 opus
3183 3153 3197 3198 τ
3223 3145 3484 3219 propter

1991 3229 2162 3309 quod
2206 3229 2591 3311 indignatuS,
2639 3233 2809 3313 quod
2856 3233 2935 3296 de
2981 3234 3207 3316 majori
3253 3235 3481 3300 officio

1991 3327 2067 3390 ad
2127 3328 2341 3391 minus
2398 3330 2721 3412 depositus
2778 3330 2920 3408 fuit,
2969 3333 3167 3397 exivit
3220 3334 3476 3398 Jerusa-

1992 3425 2138 3488 lem.
2164 3427 2284 3490 Sed
2313 3427 2595 3509 primum
2626 3429 2839 3492 verius
2878 3431 3249 3495 aestimatur.
3274 3433 3481 3507 Quum

1990 3525 2162 3588 enim
2214 3525 2441 3589 suisset
2483 3527 2837 3592 Salomonis
2868 3529 3115 3612 judicio
3163 3540 3351 3613 aptus
3398 3535 3477 3596 ad

1991 3633 2118 3686 tam
2159 3643 2461 3705 magnum
2505 3625 2826 3706 officium,
2863 3648 2993 3693 non
3040 3637 3137 3692 est
3169 3631 3483 3695 verisimi-

1989 3722 2069 3799 le,
2115 3723 2288 3804 quod
2336 3725 2619 3806 posuerit
2664 3745 2811 3788 eum
2862 3727 2925 3789 in
2969 3737 3097 3790 tam
3142 3747 3338 3811 parvo
3388 3730 3483 3793 os-

1990 3819 2182 3896 sici03
2229 3821 2338 3884 sed
2385 3841 2581 3903 quum
2631 3823 3013 3888 industriam
3058 3827 3195 3907 ejus
3250 3826 3479 3891 fuisset

1987 3928 2282 4002 expertus
2316 3920 2382 3983 in
2411 3921 2667 4000 minori,
2693 3924 2773 3985 ad
2803 3924 3011 4006 majus
3032 3944 3177 3988 eum
3218 3945 3471 4007 promo-

1987 4017 2079 4083 vit
2115 4036 2128 4080 :
2164 4026 2227 4081 et
2259 4019 2379 4083 hoc
2410 4020 2600 4082 etiam
2630 4021 2938 4104 Josephus
2967 4023 3143 4087 dicit.
3180 4024 3305 4088 Nec
3336 4043 3481 4107 pro-

1987 4127 2127 4201 pter
2156 4119 2369 4200 operis
2401 4119 2573 4181 illius
2613 4138 2740 4183 non
2785 4121 2894 4184 diu
2935 4123 3224 4186 durantis
3254 4123 3481 4206 praefe-

382 4233 541 4284 toeus
583 4225 663 4283 de
693 4223 972 4291 Βαναία,
1019 4242 1240 4282 servus
1269 4225 1658 4293 Salomonis,
1690 4223 1879 4299 cujus
1910 4225 1960 4287 D
1989 4226 2255 4295 cturam,
2289 4218 2673 4300 oportuisset
2721 4239 2867 4283 eum
2896 4240 2935 4283 a
2971 4222 3197 4305 majori
3242 4224 3477 4306 deponi

385 4331 593 4382 mater
634 4330 774 4381 erat
817 4321 1078 4380 nomine
1109 4322 1326 4381 Sarna
1365 4323 1604 4381 mulier
1647 4323 1874 4393 vidua,

389 4421 630 4480 levavit
669 4439 940 4480 manum
975 4427 1198 4479 contra
1238 4439 1468 4495 reyem.
1505 4419 1733 4482 Dicunt
1773 4419 1882 4482 ali-

389 4519 527 4599 qui,
544 4517 714 4598 quod
745 4516 943 4580 Nabat
973 4523 1150 4598 pater
1169 4516 1362 4597 hujus
1380 4515 1736 4593 seroboam,
1755 4517 1782 4578 l'
1789 4518 1882 4579 uit

392 4617 532 4700 ipse
575 4615 781 4678 Semei
830 4634 1021 4696 quem
1067 4614 1364 4678 Salomon
1415 4613 1761 4692 interfecit,
1814 4625 1884 4680 ut

390 4716 635 4779 dictum
664 4723 763 4777 est
790 4733 1004 4796 supra,
1033 4713 1152 4778 Sed
1191 4713 1310 4777 hoc
1341 4713 1574 4776 falsum
1608 4715 1877 4796 videtur,

391 4814 544 4896 quia
590 4822 660 4875 ut
708 4812 936 4894 patuit,
978 4811 1184 4874 Semei
1238 4811 1360 4874 luit
1406 4814 1484 4876 de
1522 4814 1877 4896 Benjamin,

390 4912 592 4976 Nubat
619 4913 699 4974 de
727 4910 1051 4993 Ephraim.
1087 4913 1172 4972 Et
1199 4913 1333 4971 leoec
1359 4922 1448 4973 est
1466 4933 1662 4974 causa
1691 4917 1884 4975 rebel-

391 5013 588 5072 lionis
616 5019 840 5071 eontra
870 5029 1044 5078 eum,
1071 5011 1231 5088 quia
1261 5011 1570 5070 Salomon
1599 5014 1883 5090 cedifi'ca-

389 5111 460 5169 vi
465 5119 486 5169 t
507 5112 729 5178 Melle,
747 5117 808 5168 et
824 5109 1180 5187 coaequavit
1202 5109 1574 5184 vorayinem
1594 5109 1882 5170 civitatis

387 5209 610 5270 David
629 5208 846 5285 patris
874 5207 1002 5278 sui,
1037 5204 1158 5267 hoc
1203 5213 1320 5280 est,
1353 5225 1567 5268 muros
1599 5225 1636 5268 a
1667 5207 1881 5271 radice

390 5304 567 5368 illius
597 5302 943 5385 voraginiS,
968 5302 1305 5385 praecipitii
1336 5322 1448 5365 seu
1481 5303 1680 5368 l'oveae
1712 5306 1880 5368 exci-

1989 4314 2239 4380 ofl'icio.
2266 4317 2572 4398 Denique,
2600 4317 2653 4379 si
2687 4318 2767 4381 de
2804 4318 2919 4381 illa
2945 4319 3344 4402 depositione
3385 4322 3479 4385 fu-

1990 4415 2144 4477 isset
2174 4414 2539 4496 indignans‚
2564 4415 2791 4479 fuisset
2822 4416 3219 4496 ambitiosuS,
3256 4429 3318 4483 et
3362 4440 3477 4504 per

1991 4532 2391 4596 consequens
2411 4514 2711 4595 indignus
2734 4515 2927 4598 regali
2952 4519 3356 4599 praesidentia
3376 4540 3480 4583 su-

1993 4633 2107 4696 per
2151 4614 2463 4696 populum
2510 4614 2717 4678 adbuc
2766 4614 3022 4679 fidelem
3068 4635 3081 4679 :
3126 4619 3297 4698 quod
3349 4637 3478 4683 non

1991 4721 2277 4794 apparet.
2318 4712 2471 4774 Nam
2520 4731 2595 4775 eo
2648 4720 2929 4795 tempore
2976 4733 3105 4796 quo
3143 4716 3306 4779 Deus
3354 4717 3480 4781 sibi

1993 4810 2306 4894 praedixit,
2338 4811 2509 4892 quod
2549 4821 2949 4892 promoveret
2982 4833 3129 4876 eum
3160 4815 3227 4876 in
3258 4834 3475 4896 regem

1992 4927 2185 4990 super
2215 4909 2432 4971 decem
2464 4909 2685 4985 tribuS,
2722 4909 2975 4973 videtur
3018 4909 3217 4975 fuisse
3247 4913 3482 4992 dignus

1991 5016 2056 5070 et
2079 5008 2307 5071 bonuS.
2341 5007 2605 5081 Quidam
2638 5008 2879 5072 Hebraei
2912 5009 3155 5084 dicunt,
3190 5013 3359 5092 quod
3389 5014 3485 5077 Je-

1992 5107 2251 5171 roboam
2274 5107 2593 5186 redarguit
2614 5106 3013 5171 Salomonem
3032 5109 3115 5172 ob
3145 5109 3287 5187 hoc,
3307 5112 3481 5193 quod

1989 5207 2202 5270 locum
2244 5205 2430 5268 illum
2460 5205 2640 5270 Mello
2684 5205 2836 5269 fecit
2872 5206 3106 5286 claudi,
3139 5227 3333 5291 quem
3362 5211 3479 5273 Da-

1989 5305 2097 5370 vid
2133 5304 2379 5368 dimisit
2425 5313 2739 5386 apertum,
2777 5315 3035 5388 propter
3065 5307 3473 5372 devotionem
