4359 6250
913 462 1033 527 63ss

1508 486 1855 531 manuario
1897 486 1958 529 IN
2003 486 2138 531 cAP.
2186 486 2269 531 vn
2311 486 2469 531 unm
2509 485 2709 531 ‘rssnru
2750 486 2974 533 amun.
3020 506 3101 517 —
3140 486 3285 531 ΛΒΤ.
3328 485 3397 531 11

917 664 1121 723 bitum
1157 684 1366 723 unum
1397 672 1456 722 et
1484 664 1695 733 semis,
1728 663 1848 725 hoc
1887 670 1982 725 est
2021 680 2221 723 unum
2260 679 2405 725 cum
2434 657 2485 719 A
2518 660 3007 726 similitudinem
3057 663 3358 738 hominiS‚
3408 663 3681 725 refertur
3726 664 3805 726 ad
3846 664 4003 727 Che-

917 762 1128 824 medio
1164 779 1178 823 τ
1218 762 1344 824 imo
1373 761 1679 843 quaelibet
1709 769 1843 825 rota
1874 762 2101 824 babuit
2128 761 2409 825 altitudi-

919 878 1066 921 nem
1113 860 1304 923 unius
1349 860 1550 923 cubiti
1597 869 1788 942 atque
1831 860 2105 923 dimidii.
2139 860 2405 923 Cubitus

915 967 1150 1035 autem,
1215 960 1564 1021 secundum
1623 958 1936 1023 veriorem
1995 959 2401 1042 positionem,

916 1056 1201 1120 continet
1261 1057 1728 1139 longitudinem
1787 1058 1978 1120 unius
2029 1058 2217 1139 pedis,
2259 1077 2401 1119 cum

917 1155 1152 1218 medio.
1186 1160 1366 1217 Tales
1396 1166 1614 1217 autem
1643 1168 1798 1218 rotae
1837 1166 2023 1217 erant
2059 1160 2283 1236 quales
2316 1176 2407 1217 so-

917 1257 1048 1313 lent
1087 1256 1160 1314 in
1201 1274 1404 1314 curru
1445 1257 1616 1331 fieri,
1660 1254 1724 1317 id
1766 1262 1884 1330 est,
1931 1254 1996 1315 in
2041 1253 2253 1334 figura
2291 1273 2403 1317 seu

920 1349 1128 1413 forma
1169 1350 1517 1429 artificiali,
1555 1370 1682 1414 non
1725 1352 1789 1413 in
1839 1352 2126 1429 materia,
2161 1352 2404 1413 similes

921 1457 1101 1511 erant
1151 1449 1305 1512 rotis
1355 1450 1808 1531 quadrigarum
1861 1468 1876 1513 ε
1930 1450 2166 1513 idcirco
2214 1449 2406 1513 habe-

919 1546 1074 1610 bant
1103 1556 1167 1610 et
1197 1548 1344 1626 alia,
1379 1568 1522 1631 quae
1560 1550 1764 1611 solent
1807 1550 1871 1611 in
1907 1549 2201 1612 curribus
2231 1547 2401 1611 fieri.

921 1645 1072 1707 Nam
1119 1646 1433 1725 subditur,
1468 1658 1528 1709 et
1569 1669 1722 1707 axes
1749 1670 1974 1708 earum
2008 1668 2030 1708 .·
2059 1648 2138 1710 de
2167 1647 2403 1729 quibus

917 1744 1140 1808 axibus
1185 1746 1426 1808 dictum
1468 1754 1598 1823 est3
1641 1758 1699 1807 ec
1732 1748 1938 1817 radi-i,
1967 1756 2028 1806 et
2065 1748 2317 1815 canthi,
2344 1756 2403 1807 et

2518 762 2751 839 rubim,
2800 781 2945 844 quae
2980 768 3081 843 (ut
3122 762 3321 843 aliqui
3368 762 3618 841 dicunt)
3658 762 4001 824 humanam

2517 861 2839 924 habebant
2868 860 3184 941 effigiem.
3208 862 3519 943 Josephus
3550 870 3766 924 tamen
3796 870 3856 923 et
3892 861 4007 922 Ma·

2515 959 2710 1039 gister
2741 960 2807 1021 in
2838 959 3124 1022 historiis
3144 979 3257 1041 per
3276 959 3617 1022 Cherubim
3650 958 4008 1038 intelligere

2516 1058 2814 1121 videntur
2862 1058 3351 1121 similitudinem
3397 1058 3613 1121 avium
3664 1077 3795 1120 non
3846 1058 4009 1119 visa-

2517 1176 2681 1218 rum.
2701 1160 2778 1217 Ut
2796 1177 2925 1217 non
2946 1161 3197 1227 coelata,
3211 1157 3331 1219 hoc
3364 1165 3459 1219 est
3480 1165 3609 1219 tam
3632 1155 4003 1231 artificiose,

2517 1263 2589 1315 ut
2618 1274 2748 1317 non
2782 1255 3053 1336 sculpta,
3076 1259 3188 1316 sed
3206 1260 3503 1334 apposita
3518 1276 3636 1333 per
3656 1257 4009 1315 circuitum

2516 1355 2912 1413 viderentur.

2594 1456 2677 1513 In
2723 1455 2899 1513 hunc
2942 1455 3207 1513 modum
3246 1454 3400 1532 fecit
3436 1456 3653 1513 decem
3690 1455 3865 1513 bases
3902 1454 4011 1529 fu>-

2512 1572 2671 1611 sura
2702 1572 2861 1623 una,
2894 1560 2955 1610 et
2985 1571 3290 1612 mensura
3316 1555 3781 1631 sculpturaque
3806 1553 4009 1611 oonsi-

2514 1653 2688 1720 mili,
2722 1650 2785 1712 id
2818 1658 2915 1713 est
2943 1649 3141 1711 simili
3182 1650 3249 1711 in
3290 1650 3525 1731 specie.
3558 1650 3713 1711 Nam
3742 1649 4007 1730 reliquae

2514 1768 2742 1812 novem
2792 1747 2996 1825 baseS,
3042 1748 3409 1811 consimiles
3457 1756 3637 1811 erant
3680 1748 3747 1810 in
3798 1747 4003 1811 forma

924 1846 1210 1905 modioli.
1249 1844 1426 1907 Radii
1471 1844 1576 1907 hic
1620 1853 1948 1921 vocantur,
1997 1852 2170 1908 recta
2211 1853 2403 1925 atque
2437 1847 2484 1908 B
2512 1856 2703 1929 atque
2731 1846 2997 1909 materia
3025 1846 3249 1929 primae
3275 1846 3435 1909 basi.

916 1941 1176 2004 subtilia
1209 1942 1320 2005 illa
1349 1943 1542 2025 ligna,
1574 1951 1683 2005 aut
1721 1943 1814 2005 eis
1853 1943 2110 2020 similia,
2145 1962 2287 2025 quae
2325 1943 2402 2006 de

916 2039 1128 2102 medio
1172 2047 1326 2103 rotae
1365 2040 1442 2101 ad
1488 2042 1627 2120 ejus
1671 2040 2255 2103 circumserentiam
2302 2059 2405 2102 ex-

919 2139 1289 2215 tenduntur,
1324 2147 1386 2201 et
1428 2138 1714 2221 utrisque
1759 2139 2142 2220 infiguntur.
2176 2139 2403 2202 Canthi

915 2255 1088 2313 vero,
1126 2246 1404 2300 extrema
1450 2246 1623 2315 rotae,
1667 2257 1808 2320 quae
1852 2258 1966 2320 per
2007 2247 2240 2300 terram
2284 2238 2407 2301 cir-

915 2335 1430 2413 cumvolvuntur,
1467 2356 1578 2399 seu
1609 2345 1820 2418 partes
1849 2336 2400 2414 circumferentias,

919 2452 1062 2515 quae
1095 2433 1260 2496 inter
1289 2434 1497 2498 radios
1523 2435 1936 2498 collocantur.
1969 2435 2276 2497 Modiolus
2306 2454 2408 2497 au-

919 2539 1046 2595 tem
1079 2540 1174 2595 est
1207 2531 1366 2594 illud
1397 2534 1949 2615 rotundum,quod
1979 2541 2076 2595 est
2105 2532 2170 2595 in
2203 2532 2411 2596 medio

919 2638 1092 2693 rotae.
1135 2633 1370 2693 Omnia
1397 2632 1662 2708 fusilia,
1694 2632 1814 2695 hoc
1845 2640 1942 2695 est
1970 2630 2114 2693 fusa
2151 2650 2227 2694 ex
2258 2650 2402 2693 aere.

917 2729 1094 2792 Unde
1135 2729 1386 2792 videtur
1424 2750 1648 2795 verum
1692 2749 1820 2793 non
1863 2749 2001 2794 esse
2050 2731 2221 2812 quod
2269 2730 2411 2811 qui-

917 2829 1063 2890 dam
1108 2826 1418 2906 affirmat,
1467 2830 1816 2892 secundum
1861 2831 2152 2893 doctores
2200 2829 2411 2892 catho-

2592 1947 2769 2007 Fecit
2798 1966 3045 2025 quoque
3080 1948 3294 2007 decem
3336 1950 3566 2006 luteres
3592 1964 3788 2007 cereos
3806 1946 3853 2015 *,
3886 1944 4000 2026 qui
4056 1951 4073 1968 ⁶

2513 2045 2705 2127 positi
2736 2052 2886 2107 sunt
2914 2063 3106 2125 super
3136 2043 3428 2126 praefatas
3458 2045 3677 2106 decem
3709 2042 3915 2120 baseS,
3934 2052 4005 2105 ut

2513 2143 2739 2225 patuit.
2789 2144 3241 2219 Quadraginta
3282 2145 3456 2204 batos
3496 2144 3792 2221 capiebat
3834 2146 4005 2202 luter

2514 2262 2707 2303 unus.
2742 2242 2829 2303 De
2877 2259 3177 2304 mensura
3223 2240 3375 2317 bati,
3418 2240 3545 2322 jam
3597 2239 3841 2302 dictum
3878 2248 3999 2303 est.

2513 2342 2803 2420 Eratque
2840 2349 3120 2419 quatuor
3148 2341 3509 2401 cubitorum
3537 2358 3562 2400 .·
3592 2338 3811 2420 sicque
3848 2338 4007 2401 lute-

2516 2460 2617 2503 res
2649 2439 2755 2501 isti
2788 2437 3047 2501 fuerunt
3078 2438 3282 2501 multo
3311 2440 3589 2502 minores
3610 2457 3789 2501 aeneo
3817 2440 4001 2513 mari3

2516 2557 2737 2601 omnes
2786 2556 3043 2618 quoque
3090 2537 3345 2613 lutereS,
3396 2538 3682 2619 ejusdem
3732 2537 4007 2619 disposi-

2517 2636 2711 2699 tionis
2754 2655 2827 2699 ac
2865 2636 3146 2699 materiae
3183 2644 3384 2699 erant.
3420 2638 3730 2713 Sinyulos
3756 2656 4008 2715 quoque

2521 2739 2749 2795 luceres
2784 2754 2905 2811 per
2939 2736 3262 2811 sinyulaS,
3306 2736 3379 2793 id
3418 2745 3509 2795 esc
3548 2737 3765 2795 decem
3810 2736 4003 2804 bases,

2509 2836 2729 2911 posuit
2745 2857 2771 2904 ,·
2806 2843 2865 2893 ec
2905 2834 3261 2905 constituit,
3308 2832 3428 2894 hoc
3476 2839 3593 2908 est,
3642 2831 4002 2903 collocavit,

920 2927 1076 2990 licos
1132 2928 1416 3009 potuisse
1464 2927 1647 2991 bases
1700 2928 1844 2991 illas
1897 2948 2042 2991 cum
2096 2928 2409 2991 luteribus
2516 2934 2730 2991 decem
2759 2933 2929 2991 bases
2959 2938 3471 3011 praememoratas
3514 2949 3657 2992 cum
3702 2948 4011 3013 superpo-

921 3026 1085 3088 trahi
1117 3027 1197 3089 de
1229 3025 1366 3090 loco
1398 3027 1475 3089 ad
1508 3026 1716 3091 locum
1749 3047 1861 3109 per
1893 3036 2061 3090 rotas
2094 3027 2259 3089 illas.
2292 3026 2414 3088 Ma·
2445 3031 2489 3095 G
2520 3028 2658 3090 sitis
2712 3027 2833 3090 sibi
2890 3028 3203 3091 luteribus
3252 3027 3317 3089 in
3368 3028 3528 3091 atrio
3576 3029 4005 3103 sacerdotum,

921 3125 1119 3206 gister
1156 3125 1328 3189 enim
1375 3126 1439 3188 in
1480 3126 1763 3190 historiis
1803 3127 2128 3189 insinuare
2159 3125 2414 3189 videtur
2520 3131 2805 3208 quinque
2852 3131 2940 3188 ad
2980 3131 3315 3189 deoeteram
3348 3139 3603 3206 partem
3658 3131 3908 3205 templi,
3950 3139 4010 3188 et

922 3223 1304 3305 oppositum.
1323 3227 1494 3286 Nam
1523 3235 1584 3285 et
1612 3227 1942 3286 humeruli
1972 3227 2078 3285 illi
2107 3235 2411 3304 quatuor,

926 3322 990 3384 id
1023 3331 1118 3386 est
1147 3332 1421 3404 quatuor
1460 3325 1776 3406 praedictae
1815 3325 2038 3388 breves
2072 3324 2407 3403 columnae,

915 3442 1035 3500 per
1057 3424 1343 3498 sinyulos
1363 3427 1633 3498 anqulos
1663 3425 1829 3483 basis
1861 3425 2062 3484 unius
2091 3422 2407 3505 dispositi,

921 3541 1004 3579 em
1033 3522 1174 3597 ipsa
1206 3523 1343 3580 basi
1361 3522 1591 3597 fusiles
1609 3530 1667 3580 et
1687 3523 2021 3599 conjuncti
2038 3533 2228 3583 erant
2248 3543 2271 3582 .·
2293 3522 2413 3586 hoc

923 3627 1040 3694 est,
1077 3618 1265 3680 simul
1299 3639 1444 3684 cum
1479 3619 1612 3681 basi
1647 3618 1903 3681 formati
1943 3628 2006 3682 et
2047 3620 2174 3682 fusi
2206 3629 2408 3698 erant,

929 3737 1055 3780 non
1088 3727 1308 3800 postea
1341 3717 1562 3793 additi,
1598 3726 1660 3780 et
1699 3725 1879 3780 erant
1919 3719 2046 3780 duo
2085 3718 2412 3801 conjuncti

927 3816 994 3878 in
1025 3836 1155 3879 una
1192 3816 1364 3880 basis
1405 3823 1605 3898 parte,
1640 3815 1750 3878 alii
1793 3816 1920 3878 duo
1961 3815 2027 3878 in
2067 3817 2215 3893 alia,
2250 3817 2414 3881 sicut

927 3914 1284 3996 expositum
1317 3923 1432 3977 est.

1008 4016 1092 4073 In
1122 4016 1495 4074 summitate
1533 4023 1748 4074 autem
1789 4015 1977 4085 basis,
2011 4012 2311 4077 videlicet
2348 4015 2415 4076 in

932 4109 1148 4173 tabula
1173 4111 1311 4191 ejus
1341 4111 1677 4194 superiori,
1709 4117 1849 4174 erat
1878 4115 2173 4192 quaedam
2196 4124 2420 4175 rotun-

930 4214 1129 4280 ditas,
1171 4210 1234 4272 id
1286 4219 1382 4272 est
1428 4209 1776 4292 perforatio
1825 4211 2176 4288 circularis,
2222 4214 2419 4272 unius
2454 4213 2499 4273 D
2528 4211 2875 4275 conscribit
2921 4210 3082 4293 Lyra
3134 4227 3148 4272 τ

933 4320 992 4370 ec
1031 4309 1305 4368 dimidii
1333 4311 1562 4379 cubiti,
1595 4313 1690 4370 ita
1720 4310 2107 4387 fabrefacta,
2142 4320 2213 4370 ut
2253 4314 2422 4371 luter

932 4413 1204 4486 desuper
1243 4418 1442 4484 posset
1484 4410 1754 4486 imponi,
1797 4411 2034 4468 liabens
2080 4412 2421 4470 caelaturas

928 4528 1103 4578 saaS,
1147 4509 1491 4585 variasque
1529 4511 1898 4584 sculpturas
1937 4529 2018 4566 ea·
2058 4509 2415 4584 semetipsa.

932 4606 1100 4668 Istud
1147 4605 1278 4687 jam
1329 4605 1568 4668 dictum
1631 4613 1726 4668 est
1784 4613 1976 4686 atque
2035 4605 2415 4686 expositum.

931 4706 1221 4781 Sculpsic
1264 4724 1512 4783 quoque
1561 4705 1632 4763 in
1678 4705 1985 4764 tabulatis
2028 4707 2166 4764 illis
2214 4703 2417 4780 aereiS,

933 4818 1056 4863 non
1104 4800 1357 4880 ligneiS,
1392 4800 1546 4882 quia
1588 4799 2020 4882 subjungitur,
2053 4822 2197 4881 quae
2234 4811 2421 4862 erant

931 4919 1011 4958 ex
1053 4919 1204 4967 oere,
1232 4909 1294 4960 ec
1339 4901 1412 4959 in
1459 4900 1722 4977 angulis
1764 4899 2153 4974 eorumdem,
2200 4897 2423 4960 videli-

934 5004 1034 5060 cet
1066 5015 1266 5078 prope
1294 4997 1627 5077 juncturas
1659 4996 2041 5072 tabularum,
2079 4999 2422 5059 Cherubim

933 5106 993 5157 et
1041 5099 1243 5156 leones
1286 5104 1345 5156 et
1387 5099 1672 5174 palmas,
1716 5095 1837 5158 hoc
1887 5103 1982 5158 est
2027 5094 2287 5158 arbores
2330 5096 2423 5159 sic

937 5201 1213 5270 vocataS,
1265 5195 1454 5272 quasi
1492 5196 1560 5254 in
1601 5195 2108 5254 similitudinem
2139 5195 2424 5254 hominis

934 5293 1196 5363 stantis,
1241 5291 1305 5354 id
1355 5299 1450 5356 est
1500 5300 1774 5368 erectas3
1823 5292 1923 5356 vel
1972 5293 2144 5374 quod
2195 5291 2307 5370 ait,
2355 5291 2423 5355 In

2519 3230 2807 3308 quinque
2834 3230 2922 3288 ad
2947 3229 3301 3288 sinistram.
3322 3230 3505 3288 Mare
3522 3237 3742 3288 autem
3762 3245 4009 3290 aeneum

2512 3329 2731 3404 posuit
2761 3329 2850 3386 ad
2880 3329 3212 3386 dexteram
3244 3336 3500 3403 partem
3534 3329 3759 3403 templi
3784 3337 4010 3388 contra

2520 3426 2850 3496 orientem,
2884 3423 3006 3486 hoc
3048 3431 3145 3485 est
3190 3423 3257 3485 in
3302 3423 3599 3487 orientali
3642 3431 3825 3504 parte
3864 3423 4007 3486 atrii

2520 3523 2941 3599 sacerdotum,
2985 3541 3113 3584 non
3156 3530 3364 3584 tamen
3404 3522 3643 3585 directe
3680 3523 3760 3584 ad
3800 3522 4011 3586 orien-

2521 3631 2674 3698 tem,
2696 3621 2846 3702 quia
2879 3619 3310 3702 subjungitur,
3328 3625 3419 3682 ad
3438 3623 3805 3692 meridiem,
3822 3622 3885 3683 id
3916 3630 4010 3684 est

2521 3720 2722 3799 magis
2744 3720 3117 3782 divertendo
3147 3719 3222 3781 ad
3256 3719 3503 3801 plagam
3524 3719 3891 3784 australem.

2602 3817 2907 3898 Denique,
2926 3817 3319 3899 praeinducta
3342 3817 3652 3899 expositio
3672 3819 3755 3881 de
3786 3818 4011 3882 forma-

2525 3917 2700 3980 tione
2733 3917 3008 3979 luterum
3043 3935 3115 3978 ac
3156 3915 3430 3992 basium,
3462 3916 3750 3998 procedit
3786 3936 4011 3980 secun-

2524 4018 2678 4078 dum
2711 4014 3101 4096 expositores
3132 4013 3502 4091 catholicOS,
3536 4015 3789 4090 Bedam‚
3824 4015 4012 4077 Raba-

2528 4133 2703 4188 num,
2718 4114 2969 4175 Petrum
2990 4113 3415 4176 Comestorem
3438 4120 3500 4175 et
3520 4112 3692 4175 alios,
3707 4111 4011 4186 Quocirca

3202 4210 3509 4284 Quoniam
3569 4210 3807 4272 luteres
3862 4209 4011 4274 facti

2529 4317 2711 4374 erant
2740 4317 2810 4372 ut
2840 4308 3202 4371 lavarentur
3234 4308 3301 4370 in
3334 4309 3427 4372 eis
3466 4308 3687 4373 hostiae
3730 4328 4014 4372 creman-

2529 4411 2625 4472 dae
2665 4426 2857 4489 super
2896 4407 3127 4481 altare;
3170 4426 3283 4469 vas
3320 4415 3555 4482 autem,
3588 4407 3759 4488 quod
3802 4407 3871 4468 in
3914 4427 4016 4468 su-

2529 4507 2765 4590 periori
2798 4514 2977 4588 parte
3011 4504 3215 4568 multo
3256 4513 3354 4568 est
3391 4505 3671 4568 strictius
3711 4524 3905 4585 quam
3949 4505 4012 4566 in

2530 4606 2740 4668 medio
2772 4613 2835 4668 et
2867 4604 2931 4666 in
2964 4612 3141 4686 parte
3176 4602 3489 4679 inferiori,
3509 4623 3637 4666 non
3668 4611 3764 4666 est
3794 4612 4013 4685 aptum

2530 4713 2600 4766 ut.
2638 4703 2881 4784 aliquid
2929 4701 2994 4763 in
3034 4721 3108 4765 eo
3147 4702 3416 4778 lavetur,
3451 4697 3559 4764 sed
3601 4700 3667 4762 iu
3700 4701 4012 4783 superiori

2529 4811 2709 4886 parte
2739 4801 2949 4884 potius
2982 4800 3173 4864 debet
3202 4820 3341 4864 esse
3371 4800 3569 4862 latum
3600 4808 3662 4863 et
3692 4809 4010 4882 apertum:

2530 4902 2673 4964 ideo
2717 4898 3019 4981 praedicta
3062 4898 3284 4962 luteris
3333 4897 3561 4978 figura,
3595 4916 3724 4960 non
3768 4898 4018 4962 videtur

2532 4997 2951 5061 rationabilis
3006 4997 3181 5073 Item,
3234 5017 3345 5061 vas
3404 4996 3587 5077 cujus
3636 4995 3879 5058 labium
3926 5005 4017 5058 est

2531 5101 2937 5157 recurvatum
2995 5093 3291 5170 interiuS,
3348 5111 3475 5156 non
3526 5100 3623 5155 est
3674 5100 3895 5174 aptum
3941 5093 4015 5154 ad

2532 5194 2674 5268 hoc,
2700 5192 2872 5273 quod
2907 5191 3205 5254 immersa
3235 5192 3302 5253 in
3334 5210 3429 5268 eo,
3467 5190 3667 5253 libere
3696 5191 4017 5254 extrahan-

2536 5300 2637 5355 tur
2674 5308 2688 5353 :
2726 5290 2882 5372 quia
2926 5291 3282 5354 recurvatio
3330 5289 3442 5354 illa
3484 5289 3729 5354 detinet
3772 5288 3863 5352 ibi
3908 5289 4017 5352 im-
