4359 6250
581 3029 633 3073 lll
645 3031 842 3085 Remu,

581 3096 648 3138 34.

579 3723 724 3829 ἔπαυε
733 3741 838 3782 xvm,

873 470 988 533 114

1727 485 2072 532 t-:NARRATIO
2113 486 2176 531 IN
2220 486 2355 533 GAP.
2404 486 2423 532 1
2462 486 2736 534 mmcuu.
2781 507 2862 517 —
2903 488 3046 535 ΛΒΤ.
3092 488 3113 535 1

871 657 1010 721 loco
1060 657 1408 734 inducitur,
1463 665 1534 719 ut
1580 655 1782 738 aliqui
1833 654 2205 737 opinantur.
2250 656 2365 718 Ve-
2394 657 2445 718 A
2472 656 2777 737 juvando.
2802 660 2985 719 Abiit
3017 668 3231 719 autem
3259 662 3467 719 ludas
3496 678 3647 719 cum
3662 660 3965 719 simne

872 763 1228 818 rumtamen
1279 754 1672 833 Augustinus
1727 753 2126 835 probabilius
2179 772 2367 835 repu-

873 861 983 930 tat,
1019 853 1142 915 ista
1173 861 1316 935 post
1345 861 1616 916 mortem
1653 852 1842 914 Iosue
1885 870 2025 914 esse
2055 859 2255 931 gesta,
2291 871 2366 915 eo

873 951 1098 1014 ordine
1141 971 1268 1033 quo
1309 951 1416 1014 hic
1457 959 1814 1026 narrantur,
1852 958 2042 1031 atque
2090 950 2156 1011 in
2203 948 2367 1012 libro

870 1050 1059 1113 Iosue
1100 1069 1175 1112 ea
1211 1068 1350 1113 esse
1390 1048 1706 1131 descripta
1747 1066 1860 1129 per
1892 1047 2265 1130 prolepsim,
2301 1047 2365 1109 id

873 1156 970 1211 est
999 1148 1519 1231 anticipationem
1553 1147 1689 1211 sive
1721 1146 2359 1229 praeoccupationem.

955 1249 1121 1309 Filii
1159 1258 1375 1309 aulem
1418 1248 1620 1307 Cinoei
1661 1248 1919 1322 coynali
1951 1246 2218 1322 Moysis,
2253 1243 2367 1307 Per

872 1345 1154 1407 Cinaeum
1194 1346 1455 1425 quidam
1497 1342 1866 1423 intelligunt
1899 1341 2116 1405 Hobab
2151 1340 2363 1403 filium

872 1446 1086 1510 Iethro
1117 1446 1462 1509 sacerdotis
1493 1446 1775 1507 Madian:
1801 1464 1993 1527 quem
2026 1442 2243 1507 Hobab
2266 1442 2364 1505 di-

874 1553 1028 1607 cunt
1056 1544 1182 1607 alio
1213 1544 1473 1607 nomine
1515 1544 1630 1606 Cin
1677 1551 1992 1619 vocatum,
2030 1542 2165 1623 qui,
2202 1542 2368 1604 sicut

873 1642 1112 1724 Moyses
1161 1642 1465 1718 exoravit,
1515 1642 1750 1703 mansit
1795 1649 1857 1703 et
1903 1640 2164 1703 intravit
2217 1658 2364 1703 cum

876 1739 1035 1802 filiis
1079 1740 1266 1803 lsrael
1308 1748 1539 1803 terram
1581 1737 2065 1822 promissionis3
2111 1738 2364 1819 fuitque

2474 759 2685 834 fratre
2722 778 2861 829 suc,
2894 767 2953 817 ec
2986 767 3437 834 percusserunt
3474 759 3676 817 simul
3708 759 3965 817 Chana-

2476 876 2691 915 na’um
2730 859 2849 935 qui
2886 858 3214 917 habitabat
3256 859 3323 915 in
3368 859 3717 933 Sephaacle,
3758 854 3823 917 id
3868 864 3967 917 αεὶ

2475 953 2861 1017 Chananaeos
2894 954 2958 1016 in
2980 955 3219 1036 oppido
3242 973 3354 1017 seu
3384 954 3703 1017 territorio
3735 954 3868 1029 illo,
3884 954 3966 1017 ad

2478 1059 2711 1114 sortem
2758 1052 3071 1115 Simeonis
3122 1061 3467 1135 spectante,
3518 1061 3861 1129 moranteS,
3906 1062 3971 1114 et

2477 1152 2942 1227 interfecerunt
2972 1173 3144 1222 eum,
3168 1162 3587 1231 vocatumque
3616 1162 3706 1213 est
3736 1171 3965 1213 nomen

2475 1251 2656 1308 urbis
2686 1248 2861 1311 illius
2892 1253 3163 1320 Horma,
3192 1252 3263 1310 id
3290 1260 3378 1310 est
3408 1253 3779 1319 anathema,
3813 1250 3966 1330 quia

2478 1344 2765 1409 funditus
2825 1346 2947 1409 fuit
3007 1348 3349 1411 destructa.
3408 1350 3710 1427 Gepitque
3758 1352 3967 1410 ,Iudas

2480 1447 2727 1506 Gazam
2770 1466 2917 1507 cum
2973 1449 3215 1525 finibus
3266 1448 3428 1517 suis,
3475 1456 3537 1507 et
3582 1450 3961 1509 Ascalonem

2475 1552 2665 1621 atque
2702 1546 2995 1605 Ace-aron
3046 1566 3193 1605 cum
3247 1547 3544 1605 terminis
3588 1548 3748 1605 suis.
3791 1543 3961 1606 Infra

2476 1640 2707 1719 legitur
2754 1658 2768 1702 ε
2816 1642 2922 1704 Hae
2982 1651 3131 1704 sunt
3176 1650 3400 1723 gentes
3454 1661 3613 1724 quas
3658 1642 3961 1705 Dominus

2476 1738 2837 1819 dereliquit,
2893 1748 2961 1802 ut
3010 1741 3289 1803 erudiret.
3338 1741 3405 1802 in
3456 1740 3549 1803 eis
3596 1740 3887 1805 Israelem
3940 1759 3956 1803 z

875 1846 1178 1919 cognatus
1209 1837 1458 1919 MoysiS,
1493 1836 1554 1899 id
1587 1846 1684 1900 est
1713 1836 1960 1913 affinis,
1984 1836 2138 1918 quia
2169 1836 2365 1899 frater
2402 1843 2447 1905 Β
2474 1836 2761 1918 quinque
2790 1847 3071 1921 satrapas
3102 1838 3599 1902 Philistinorum.
3634 1840 3825 1902 Porro
3854 1838 3965 1901 Ga-

875 1937 1166 2019 conjugis
1197 1937 1445 2019 Moysis.
1480 1935 1606 1998 Alii
1651 1954 1764 2018 per
1801 1936 2081 1998 Cinaeum
2128 1934 2367 1998 intelli·-

873 2044 1032 2117 gunt
1064 2035 1273 2118 ipsum
1302 2035 1539 2112 Iethr0,
1574 2034 1728 2117 quia
1765 2034 1890 2096 fuit
1929 2041 2259 2114 cognatm,
2297 2034 2362 2095 id

871 2142 968 2198 est
998 2152 1176 2198 socer
1214 2132 1462 2217 Moysis.
1496 2133 1674 2195 Unde
1705 2134 1803 2212 (ut
1840 2132 2103 2211 dicitur)
2135 2132 2202 2194 in
2246 2132 2363 2195 He-

872 2233 1044 2296 braeo
1092 2232 1380 2309 habetur,
1415 2231 1560 2293 Filii
1610 2230 1803 2294 Cinaei
1853 2230 2056 2293 soceri
2107 2231 2356 2313 Moysis,

874 2331 994 2394 Sed
1025 2350 1250 2393 sensus
1283 2330 1446 2392 redit
1476 2330 1542 2391 in
1575 2330 1768 2393 idem.
1803 2330 1909 2392 Isti
1951 2348 2226 2411 namque
2268 2328 2367 2392 fu-

873 2438 1062 2493 erunt
1088 2428 1326 2512 posteri
1360 2427 1562 2510 ipsius
1590 2427 1804 2491 Iethro
1832 2448 1906 2491 ac
1940 2427 2066 2489 filii
2098 2427 2260 2508 ejuS,
2282 2428 2364 2489 ad

870 2528 1264 2590 Iudaismum
1298 2526 2073 2589 conversi.Aseenderanc
2101 2530 2182 2587 de
2211 2527 2365 2587 civi-

875 2638 1000 2690 tate
1029 2630 1447 2695 Palmaram,
1479 2626 1600 2688 hoc
1632 2633 1728 2687 est
1757 2625 1916 2688 urbe
1949 2625 2210 2687 nomine
2240 2625 2361 2687 En·

870 2726 1084 2807 gaddi,
1117 2726 1219 2789 vel
1249 2726 1349 2804 (ut
1377 2724 1487 2786 alii
1521 2723 1772 2803 dicunt)
1801 2724 1881 2786 dc
1910 2723 2181 2801 Iericho,
2219 2744 2361 2806 quae

873 2824 1194 2887 interdum
1243 2831 1506 2887 vocatur
1555 2822 1705 2883 urbs
1754 2821 2110 2884 Palmarum
2161 2839 2174 2883 :
2218 2841 2361 2905 quae

873 2930 1085 2984 tamen
1109 2930 1259 2984 tunc
1282 2929 1415 2985 erat
1437 2920 1699 2984 omnino
1719 2921 2054 2997 destructa,
2081 2938 2199 2983 nec
2221 2939 2366 2983 reae-

2473 1955 2565 2012 za,
2617 1937 2886 2000 Ascalon
2934 1944 2997 2001 et
3042 1939 3346 2014 Accaron‚
3394 1946 3579 2001 erant
3627 1937 3817 2001 urbes
3866 1957 3965 1999 sa-

2474 2040 2797 2115 traparum
2844 2034 3121 2098 illorum.
3166 2036 3253 2097 Ex
3300 2054 3431 2117 quo
3473 2036 3749 2111 videtur,
3788 2036 3962 2117 quod

2475 2132 2661 2195 urbes
2707 2132 2833 2196 illae
2874 2142 3248 2196 manserunt
3292 2134 3411 2196 sub
3458 2133 3714 2198 illorum
3760 2135 3965 2198 domi-

2475 2231 2583 2293 nio
2608 2240 3023 2314 satraparum.
3044 2231 3369 2305 Quomodo
3398 2250 3548 2313 ergo
3580 2232 3785 2295 tribus
3805 2233 3965 2296 Iuda

2474 2330 2643 2413 cepit
2692 2333 2843 2393 eas?
2887 2330 3017 2393 Nisi
3071 2330 3235 2395 forte
3280 2330 3549 2407 dicatur,
3598 2334 3767 2414 quod
3820 2340 3965 2414 post

2475 2448 2694 2491 rursus
2738 2446 2845 2491 eas
2893 2429 3129 2506 amisit,
3165 2430 3265 2491 vel
3305 2430 3477 2511 cepit
3517 2450 3623 2493 eas
3664 2449 3794 2494 non
3828 2450 3963 2513 per-

2476 2526 2640 2591 fecte
2668 2546 2744 2590 ex
2777 2536 2928 2604 toto,
2962 2535 3072 2589 aut
3109 2528 3473 2609 permixtim
3512 2528 3963 2593 habitaverunt

2475 2626 2539 2687 in
2570 2625 2664 2688 eis
2706 2645 2851 2687 cum
2883 2625 3240 2688 Philistaeis.
3272 2625 3450 2689 Unde
3478 2634 3542 2689 et
3570 2636 3790 2709 postea
3816 2646 3965 2691 con·

2474 2732 2569 2787 tra
2610 2744 2677 2788 se
2717 2724 2992 2787 invicem
3034 2733 3499 2806 pugnaverunt.
3536 2728 3814 2806 Fuitque
3840 2730 3965 2788 Do-

2472 2826 2695 2885 minus
2722 2845 2867 2884 cum
2910 2828 3112 2894 Iuda,
3140 2834 3201 2885 et
3234 2834 3545 2885 montana
3571 2826 3871 2902 possedit,
3894 2824 3961 2887 id

2472 2930 2591 2999 est,
2624 2921 2731 2985 Dei
2765 2921 3003 2984 auxilio
3045 2921 3415 2998 adsistente,
3447 2922 3586 2985 loca
3626 2931 3963 2986 montuosa

874 3021 1135 3084 dificata
1166 3020 1310 3104 [est]
1343 3019 1468 3082 nisi
1504 3028 1648 3102 post
1677 3028 1965 3102 tempora
1996 3020 2191 3081 David
2222 3019 2355 3097 diu,
2391 3024 2434 3086 C
2472 3028 2535 3083 et
2563 3020 2799 3102 oppida
2831 3020 2919 3081 ibi
2962 3020 3085 3082 sita
3122 3020 3190 3081 in
3232 3038 3347 3083 suo
3384 3019 3692 3097 funiculo,
3724 3022 3869 3103 jure
3898 3030 3961 3084 et

873 3130 943 3184 ut
972 3120 1204 3202 legitur
1246 3118 1434 3182 tertio
1465 3119 1724 3198 Regum.
1763 3117 1825 3181 Si
1867 3136 2017 3199 ergo
2058 3119 2359 3183 ascende-

873 3227 1024 3281 runt
1071 3220 1150 3282 de
1188 3218 1459 3294 Ierich0,
1509 3217 1994 3299 intelligendum
2044 3227 2141 3281 est
2191 3221 2361 3300 quod

870 3318 1294 3380 ascenderunt
1322 3316 1400 3379 de
1431 3317 1587 3380 locis
1618 3317 1849 3379 vicinis
1882 3316 2026 3378 urbi
2059 3317 2354 3399 praelatae.

869 3417 1047 3479 Unde
1087 3416 1377 3496 Magister
1415 3415 1484 3476 in
1530 3414 1814 3478 historiis
1858 3415 1948 3478 ait
1993 3433 2007 3476 ε
2057 3415 2241 3478 Forte
2282 3417 2361 3480 de

868 3515 1334 3597 campestribus
1362 3513 1632 3591 Iericho,
1669 3513 1780 3576 ubi
1809 3521 1992 3577 erant
2021 3533 2168 3576 cum
2202 3514 2361 3577 filiis

869 3613 1224 3694 BenJ‘amin,
1259 3613 1719 3676 transtulerunt
1758 3631 1826 3675 se
1865 3613 1946 3675 ad
1987 3611 2227 3675 tribum
2257 3613 2362 3675 Iu-

869 3715 969 3776 da.
1022 3712 1272 3775 Iericho
1330 3721 1548 3774 autem
1604 3712 1682 3774 ad
1736 3711 1970 3773 tribum
2021 3711 2355 3793 BenJamin

867 3811 1249 3894 pertinebat,
1286 3818 1356 3872 ut
1395 3810 1461 3872 in
1500 3810 1690 3873 Josue
1728 3809 1894 3872 libro
1925 3809 2215 3873 habetur.
2252 3812 2360 3873 As-

865 3909 1218 3972 cenderunt
1237 3925 1386 3986 ergo
1407 3927 1556 3967 cum
1573 3909 1736 3982 filiis
1746 3910 1920 3968 ,Iuda
1944 3910 2016 3968 in
2037 3911 2356 3970 desertum

861 4009 1051 4067 sortis
1092 4007 1254 4083 ejus,
1285 4008 1455 4084 qaod
1502 4014 1592 4064 est
1636 4008 1724 4065 ad
1765 4007 2099 4066 meridiem
2141 4008 2350 4067 Arad.

860 4103 926 4164 In
960 4111 1130 4165 sorte
1159 4103 1398 4165 etenim
1427 4101 1606 4179 Iuda,
1644 4101 1764 4164 fuit
1794 4103 2112 4184 quoddam
2147 4104 2357 4167 deser-

2471 3119 2533 3182 vi
2568 3117 2720 3182 belli
2751 3118 3069 3194 obtinuit3
3102 3140 3216 3180 nec
3238 3120 3454 3196 potuit
3480 3122 3689 3182 delere
3709 3121 3963 3182 habita-

2473 3229 2631 3279 tores
2674 3220 2894 3288 vallis,
2923 3221 3081 3298 quia
3123 3219 3386 3297 falcatis
3422 3220 3721 3280 curribus
3762 3221 3961 3280 abun·

2468 3320 2734 3378 dabant.
2767 3317 3002 3380 Currus
3045 3316 3284 3394 falcati,
3320 3325 3471 3408 sunt
3510 3317 3699 3380 ferrei
3732 3337 3959 3381 currus

2470 3415 2670 3476 instar
2702 3413 2886 3476 falcis
2917 3413 3301 3490 scindenteS,
3336 3433 3447 3476 seu
3478 3413 3717 3477 ferreos
3759 3433 3957 3478 uncos

2468 3513 2653 3594 quasi
2685 3512 2879 3575 falces
2912 3512 3234 3575 habentes.
3271 3512 3429 3575 Hinc
3470 3521 3532 3575 et
3570 3513 3639 3575 in
3668 3512 3859 3576 Josue
3885 3513 3959 3574 li-

2470 3611 2584 3674 bro
2616 3610 2741 3672 filii
2770 3610 3004 3691 Ioseph
3030 3610 3266 3673 dixisse
3300 3611 3597 3690 leguntur
3630 3629 3645 3673 :
3680 3611 3813 3675 Non
3846 3630 3958 3694 po-

2470 3709 2735 3772 terimus
2782 3709 2861 3772 ad
2909 3716 3212 3771 montana
3261 3710 3711 3786 conscendere,
3754 3729 3952 3791 quum

2470 3807 2694 3870 ferreis
2721 3805 3019 3870 curribus
3050 3814 3309 3869 utantur
3336 3805 3673 3870 Chananaei
3706 3808 3815 3889 qui
3850 3807 3959 3870 ha-

2466 3905 2672 3969 bitant
2732 3905 2797 3966 in
2851 3912 3015 3968 terra
3063 3903 3424 3987 campestri.
3476 3905 3951 3982 Verumtamen,

2466 4003 2630 4067 sicut
2663 4002 2786 4065 filii
2809 4003 2996 4066 Israel
3026 4003 3249 4067 divina
3276 4002 3510 4066 virtute
3538 4002 3957 4067 obtinuerunt

2466 4111 2789 4180 montana,
2807 4103 2895 4165 ita
2922 4111 2987 4165 et
3017 4101 3403 4165 habitatores
3426 4101 3613 4164 vallis
3642 4122 3716 4166 ac
3744 4103 3951 4184 campi

862 4208 998 4262 tum
1040 4201 1120 4262 ad
1163 4201 1412 4283 plagam
1447 4199 1865 4263 meridianam
1899 4211 2191 4282 respectu
2229 4200 2351 4266 loci
2384 4201 2434 4264 D
2464 4201 2821 4284 potuissent
2848 4201 3069 4264 eadem
3101 4219 3403 4282 superare
3431 4201 3687 4278 virtute,
3730 4201 3786 4263 si
3818 4209 3954 4264 tan-

861 4308 972 4360 aut
999 4299 1222 4380 oppidi
1264 4299 1524 4362 nomine
1555 4299 1742 4362 Arad.
1776 4303 1863 4360 Ec
1891 4303 2350 4362 habitaverunt

859 4417 1008 4457 cam
1035 4417 1129 4466 ec,
1161 4397 1223 4458 id
1256 4405 1352 4459 cst
1383 4397 1548 4460 inter
1581 4396 1752 4459 filios
1781 4396 1960 4474 Iuda,
1996 4417 2158 4478 quos
2193 4407 2351 4461 cete-

861 4494 950 4555 ris
996 4493 1486 4577 principaliores
1538 4502 1601 4556 et
1653 4494 1951 4558 fortiores
2000 4496 2346 4571 viderunt3

857 4601 1050 4673 atque
1077 4593 1177 4672 (ut
1208 4591 1435 4672 fertur)
1458 4593 1700 4656 Hebraei
1735 4593 1979 4671 dicunt,
2001 4595 2170 4675 quod
2204 4594 2348 4658 ideo

860 4689 1015 4752 illuc
1059 4690 1331 4772 profecti
1379 4700 1527 4753 sunt
1572 4710 1646 4754 ac
1689 4691 2021 4768 demorati,
2059 4701 2130 4754 ut
2171 4693 2349 4755 addi-

857 4798 1108 4853 scerent
1155 4789 1360 4870 legem
1405 4791 1485 4852 ab
1528 4789 1846 4867 Othoniel,
1892 4809 2083 4872 quem
2127 4791 2352 4854 dicunt

858 4887 1057 4950 fuisse
1089 4888 1363 4970 peritum
1395 4888 1460 4949 in
1495 4887 1652 4966 lege.
1688 4888 2140 4951 Verumtamen
2173 4909 2211 4950 a
2244 4889 2354 4952 Le-

858 4985 1009 5048 vitis
1041 4994 1332 5067 poterant
1363 4985 1568 5067 legem
1607 4985 1957 5062 addiscere,
1996 4986 2350 5069 praesertim

859 5102 898 5145 a
926 5083 1215 5146 phinees,

940 5180 1414 5263 consequenter
1464 5190 1777 5258 narratur,
1822 5182 2098 5263 qualiter
2145 5183 2351 5245 tribus

860 5278 1019 5342 Iuda
1067 5281 1343 5344 reddidit
1391 5279 1593 5346 vicem
1645 5280 1838 5343 tribui
1886 5280 2162 5358 Simeon,
2212 5301 2351 5344 eam

2463 4308 2588 4361 tam
2622 4298 2996 4361 habuissent
3029 4297 3247 4376 fidem,
3266 4299 3439 4380 quod
3464 4317 3539 4361 ex
3568 4297 3951 4362 difficultate

2464 4397 2699 4477 negotii
2751 4417 2862 4479 per
2905 4405 3217 4472 naturam,
3254 4415 3381 4460 non
3426 4397 3823 4460 haesitassent
3871 4399 3949 4461 de

2464 4495 2930 4577 supernaturali
2979 4494 3295 4576 adjutorio
3344 4495 3477 4571 Dei,
3522 4503 3711 4578 prout
3760 4515 3949 4578 super

2459 4594 2646 4656 Iosue
2706 4594 2947 4656 dictum
3008 4601 3106 4655 est
3165 4593 3443 4675 plenius,
3498 4597 3949 4674 Dederuntque

2466 4694 2652 4752 Caleb
2696 4693 2975 4770 Hebron,
3004 4692 3171 4750 sicul
3212 4693 3475 4752 dixerat
3520 4694 3807 4768 Moyses;
3832 4693 3949 4771 qui

2458 4792 2694 4851 delevit
2721 4811 2803 4849 eat
2830 4811 2903 4850 ea
2936 4799 3059 4850 tres
3084 4793 3257 4867 filios
3286 4792 3491 4852 Euae.

2538 4892 2893 4949 Jebusoeum
2915 4897 3132 4948 aulem
3153 4889 3574 4948 habitatorem
3592 4891 3947 4948 Jerusalem

2460 5008 2589 5048 non
2620 4991 2995 5048 deleverunt
3020 4988 3154 5062 filii
3184 4987 3581 5064 Benjamin;
3602 4988 3947 5048 habitavit-

2460 5107 2581 5165 que
2616 5089 2938 5147 Jebasoeus
2981 5105 3124 5145 cam
3169 5087 3333 5162 filiis
3362 5085 3717 5162 Benjamin
3748 5087 3816 5144 in
3849 5087 3949 5144 Je-

2462 5189 2743 5244 rusalem
2792 5204 2991 5264 usque
3032 5185 3105 5243 in
3144 5193 3524 5262 prm-sentem
3568 5185 3764 5244 diem.
3810 5182 3945 5245 Iam

2462 5280 2705 5344 dictum
2759 5289 2875 5357 est,
2929 5280 3103 5362 quod
3154 5278 3278 5341 silii
3326 5279 3485 5344 Juda
3530 5287 3835 5363 ceperunt
3882 5286 3945 5342 et

4024 1663 4177 1705 J-die.
4192 1678 4243 1709 in,

3990 1729 4029 1775 1,
4050 1730 4094 1769 ³.

4006 3634 4149 3678 Joeue
4162 3650 4253 3678 m

3986 3701 4056 3742 Ιῦ.

4030 4717 4159 4763 Ibid.
4178 4731 4251 4758 nt.

3984 4781 4070 4829 13:
4095 4795 4167 4828 xv,
4186 4784 4241 4824 u.
