4359 6250
956 479 1074 542 458

1531 500 1877 546 ssNAnnA'rlo
1920 501 1981 546 IN
2023 501 2159 546 CAP.
2209 504 2243 546 V
2287 503 2444 548 LIBRI
2487 503 2737 548 saeuum
2779 503 3002 550 neuun.
3047 521 3129 532 -·
3169 503 3311 548 Am.
3359 503 3464 548 vul

956 667 1273 746 tribubuS,
1330 687 1522 750 super
1569 689 1728 751 quas
1778 670 2109 752 hucusque.
2158 671 2440 733 nondum
2473 670 2522 731 A
2555 687 2650 746 ea,
2685 689 2758 733 ac
2809 671 3272 735 sacrificiorum
3310 691 3323 734 :
3360 673 3502 736 ideo
3541 681 3840 756 tanquam
3889 693 4026 739 vore

957 775 1351 848 regnaverat,
1374 771 1461 830 ad
1482 771 1699 830 David
1728 771 1801 828 in
1834 771 2111 840 Hebron,
2129 772 2443 830 dicentes:

954 869 1113 928 Ecce
1154 888 1293 936 neS,
1322 888 1388 928 os
1434 877 1617 928 tuum
1654 879 1714 929 et
1756 889 1903 928 caro
1948 879 2060 929 tua
2096 889 2342 940 sumus,
2377 868 2442 929 id

954 974 1051 1029 est
1082 966 1427 1048 propinqui
1460 967 1575 1029 tibi
1608 969 1955 1030 secundum
1988 987 2266 1042 carne-m,
2292 967 2443 1048 quia

954 1083 1030 1128 ex
1048 1065 1297 1128 semine
1315 1064 1602 1142 Abrahae‚
1640 1066 1806 1128 Isaac
1847 1075 1911 1128 et
1939 1065 2150 1142 Jacob,
2187 1066 2350 1128 sicut
2381 1074 2444 1128 et

953 1173 1045 1242 tu,
1080 1165 1223 1227 ideo
1265 1183 1391 1227 non
1435 1164 1777 1247 suspiceris
1826 1166 2065 1228 malum
2112 1167 2192 1228 de
2231 1166 2438 1229 nobiS.

954 1267 1083 1325 Sed
1111 1273 1170 1324 et
1198 1266 1341 1324 lteri
1376 1275 1435 1324 et
1465 1266 1965 1334 nudiustertius,
1997 1265 2117 1327 hoe
2156 1273 2252 1326 est
2293 1284 2445 1347 pra>-

2555 768 2842 846 devotuS‚
2872 779 2936 833 et
2966 770 3210 834 lumine
3240 771 3590 853 prophetiae
3619 773 3898 847 edoctam,
3931 791 4028 836 vo-

2553 867 2676 928 luit
2705 870 3080 932 commorari
3117 870 3180 932 in
3213 890 3306 932 ea.
3339 871 3554 951 Itaque
3575 871 3693 934 ivit
3709 873 3784 934 ad
3813 871 4026 934 civita-

2557 975 2680 1030 tem
2710 966 3082 1046 Jerusalem,
3115 974 3204 1029 ad
3231 973 3592 1031 Jehusoeum
3617 973 4024 1032 habitatorem

2556 1078 2766 1138 cerrce,
2809 1067 2870 1129 id
2919 1077 3016 1131 est
3054 1071 3132 1131 ad
3186 1070 3692 1152 impugnandum
3719 1069 4024 1134 lebusaeos

2554 1165 2620 1227 in
2650 1166 2995 1230 Jerusalem
3035 1177 3519 1243 commoranteS,
3554 1188 3712 1250 quos
3753 1179 4024 1250 tempore

2550 1264 2738 1328 Josue
2764 1285 2890 1328 non
2921 1276 3265 1349 potuerunt
3295 1266 3420 1329 filii
3451 1267 3608 1330 Juda
3628 1287 3665 1330 a
3691 1267 4022 1330 Jerusalem

956 1362 1159 1426 teritis
1190 1369 1251 1423 et
1282 1380 1410 1423 non
1442 1361 1552 1424 diu
1584 1361 1817 1444 elapsis
1850 1362 2096 1436 diebuS‚
2122 1385 2324 1443 quum
2353 1385 2444 1425 es·

952 1473 1043 1522 sec
1074 1465 1241 1523 Saul
1270 1483 1387 1520 rea:
1414 1481 1609 1539 super
1636 1481 1775 1532 nos,
1810 1471 1878 1522 tu
1916 1483 2058 1523 eras
2084 1466 2356 1523 educens
2383 1474 2442 1524 ec

955 1565 1260 1620 reducens
1300 1564 1532 1629 Israel,
1564 1559 1683 1623 hoc
1732 1569 1827 1623 est
1862 1561 1991 1623 dux
2034 1561 2254 1643 populi
2287 1580 2446 1643 prae-
2551 1563 2709 1625 Juda
2757 1563 2990 1626 delere.
3037 1563 3480 1645 Habitavitque
3523 1564 3840 1627 sebusaeus
3887 1584 4022 1626 cum

958 1659 1172 1721 liantis
1224 1675 1237 1719 :
1281 1666 1351 1720 ut
1396 1657 1601 1740 patuit
1639 1659 1845 1740 primo
1886 1659 2071 1736 libro,
2106 1679 2234 1742 quo
2279 1660 2445 1723 inter
2556 1660 2716 1723 siliis
2743 1661 2903 1724 Juda
2934 1661 2998 1724 in
3029 1661 3396 1725 Jerusalem.
3433 1663 3716 1744 Denique
3757 1671 4022 1745 tempore

680 1768 927 1824 meeum„
957 1766 1168 1820 cetera
1196 1757 1435 1819 dictum
1470 1765 1585 1831 est,
1611 1759 1782 1838 quod
1814 1757 1960 1820 Saul
1983 1758 2311 1821 const-ituit
2336 1758 2444 1821 Da·
2555 1761 2960 1841 procedente,
3002 1758 3261 1824 fuerunt
3287 1761 3558 1825 Jebusaei
3598 1781 3812 1824 rursus
3849 1761 3914 1824 in
3939 1762 4024 1823 Je-

958 1856 1065 1920 vid
1097 1875 1288 1938 super
1330 1855 1501 1919 viros
1550 1855 1725 1918 belli.
1760 1859 1950 1919 Dim't
1988 1868 2205 1918 autem
2233 1861 2444 1918 Domi·
2481 1853 2527 1915 B
2557 1859 2828 1921 rusalcm
2863 1859 3048 1922 valde
3091 1859 3523 1942 multiplicati.
3560 1861 3734 1924 Unde
3761 1869 3828 1924 ut
3867 1861 3932 1922 in
3960 1860 4024 1922 li-

956 1976 1081 2016 nus
1124 1958 1211 2015 ad
1259 1965 1316 2015 te
1356 1973 1470 2036 per
1501 1953 1856 2017 Samuelem
1904 1955 2144 2018 aliosve
2174 1955 2446 2038 Prophe-
2557 1957 2673 2019 bro
2699 1957 2990 2020 Indicum
3023 1959 3275 2040 legitur,
3312 1978 3472 2041 puer
3503 1959 3735 2022 chitae
3771 1958 3928 2022 dixit
3949 1959 4024 2021 ad
4065 1951 4261 2026 edium}

2554 1365 2923 1447 exstirpare,
2969 1368 3149 1446 Juxta
3191 1366 3347 1428 illud
3388 1367 3574 1429 Josuc
3621 1385 3636 1430 ε
3682 1366 4021 1429 sebusaeum
4075 1394 4261 1440 ιωειι,;

2554 1463 2974 1527 habitatorem
3005 1465 3348 1528 Jerusalem
3381 1485 3508 1528 non
3541 1474 3876 1547 potuerunt
3911 1465 4022 1526 filii
4047 1459 4102 1498 ⁵³·

956 2063 1073 2130 taS‚
1109 2061 1171 2116 et
1200 2073 1313 2136 per
1358 2053 1841 2134 inspirationem
1882 2073 1954 2116 ac
1993 2053 2444 2117 allocutionem

955 2152 1271 2215 internam
1311 2169 1325 2214 ε
1370 2155 1461 2212 Tu
1494 2171 1711 2228 pasees
1740 2156 2060 2228 populum
2103 2173 2316 2213 meum
2362 2157 2450 2214 Is-

954 2255 1117 2320 rael,
1153 2249 1215 2312 id
1262 2257 1378 2327 est,
1414 2269 1528 2332 per
1572 2249 1950 2332 sapientiam
1991 2257 2053 2313 et
2092 2251 2446 2314 doctrinam

957 2359 1129 2412 tuam
1152 2368 1330 2430 reges
1352 2357 1541 2431 atquc
1562 2348 1813 2412 reficies
1831 2349 2239 2412 Israeliticum
2265 2369 2451 2432 popu-

2556 2057 2884 2120 dominum
2917 2077 3100 2120 suum
3127 2075 3142 2119 :
3167 2058 3568 2121 Decliuemus
3597 2059 3664 2120 in
3695 2058 3912 2122 urbem
3937 2057 4026 2119 Je-

2557 2156 2939 2218 busaeorum.
2973 2155 3086 2218 Cui
3121 2158 3447 2238 respondit
3472 2156 3722 2220 Levites
3747 2175 3760 2218 :
3785 2157 3916 2220 Non
3945 2156 4026 2217 in-

2559 2253 2809 2336 grediar
2839 2254 3143 2336 oppidum
3177 2255 3385 2335 gentis
3417 2255 3661 2318 alienae.

2638 2356 3022 2433 Dictumque
3049 2364 3139 2413 esc
3179 2357 3267 2414 ad
3301 2357 3515 2416 David
3553 2357 3632 2414 ab
3671 2357 3786 2424 eis,
3815 2353 4021 2420 idest..

4049 2039 4100 2076 ll.
4119 2037 4165 2076 ¹⁴„
4260 2035 4261 2040 ’

958 2451 1111 2526 lum,
1146 2460 1204 2510 et
1239 2459 1309 2509 tu
1338 2451 1466 2508 eris
1494 2453 1660 2517 dum,
1693 2447 1811 2510 hoc
1844 2456 1940 2510 est
1968 2448 2193 2510 ductor
2222 2457 2285 2511 et
2316 2468 2444 2526 rex,
2556 2453 2826 2516 Jebusaei
2858 2453 3152 2515 dixerunt
3182 2454 3259 2515 ad
3291 2453 3487 2516 David
3525 2471 3540 2515 ε
3581 2455 3724 2517 Non
3757 2455 4026 2530 inmedi-

953 2569 1147 2626 super
1166 2551 1372 2609 Israel
1388 2568 1409 2606 .·
1425 2546 1644 2626 sicque
1677 2546 1803 2608 dux
1824 2546 2098 2608 sumitur
2118 2546 2225 2609 hic
2245 2555 2453 2609 exten·
2559 2555 2687 2612 eris
2727 2555 2874 2622 hue,
2907 2554 3041 2612 nisi
3069 2553 3408 2612 abstuleris
3439 2572 3626 2614 caecos
3662 2562 3719 2612 et
3755 2555 4024 2621 claudos,

958 2669 1048 2725 se,
1068 2655 1259 2730 prout
1290 2664 1500 2726 regem
1534 2643 1823 2708 includit.
1858 2649 2177 2707 Venerunt
2207 2668 2452 2727 quoque
2561 2655 2838 2712 dieentes
2861 2672 2883 2710 .·
2907 2653 3054 2714 Νοη
3085 2652 3490 2727 inyrediecur
3509 2652 3726 2711 David
3743 2653 3888 2712 huc.
3911 2649 4025 2711 Hoc

956 2759 1017 2810 et
1044 2749 1321 2808 seniores
1350 2749 1553 2806 Israel
1590 2747 1678 2806 ad
1705 2765 1914 2820 reyem
1944 2748 2019 2804 in
2050 2748 2328 2808 Hebron.
2367 2750 2452 2808 Ec
2561 2750 2851 2831 Magister
2891 2749 2954 2810 in
2993 2749 3278 2811 historiis
3310 2749 3756 2830 compendiose
3785 2748 4026 2832 exponit

958 2847 1271 2924 percussit
1300 2865 1447 2904 eum
1477 2845 1569 2902 eis
1606 2863 1723 2902 rex
1755 2845 1973 2904 David
2000 2844 2212 2920 foedus
2241 2847 2313 2904 in
2337 2848 2454 2907 He·-
2564 2847 2900 2930 tripliciter
2945 2865 2958 2908 ε
3001 2847 3374 2922 Posuerunt,
3418 2846 3735 2928 inquiens,
3775 2845 4025 2910 Jebusaei

966 2947 1117 3004 bron
1151 2963 1367 3003 eoram
1396 2943 1699 3012 DominO,
1737 2941 1857 3004 hoc
1878 2950 1995 3016 est,
2021 2941 2319 3006 amicitiae
2349 2963 2452 3025 pa·
2561 2966 2762 3011 caecos
2803 2954 2864 3010 et
2905 2946 3163 3009 claudos
3197 2965 3390 3028 supra
3420 2965 3672 3010 murum
3700 2945 4026 3010 Jerusalem

965 3052 1139 3107 ctum
1160 3061 1305 3104 cum
1338 3040 1428 3103 cis
1462 3040 1606 3102 iniit
1635 3059 1706 3103 ac
1741 3040 2043 3103 firmavit.
2080 3041 2232 3103 Nam
2264 3042 2452 3124 paulo
2487 3044 2532 3106 C
2566 3048 2630 3109 in
2652 3045 3034 3110 derisionem
3057 3045 3270 3124 David,
3285 3044 3756 3109 dicentes:Non
3777 3043 4026 3107 intrabis

702 3156 737 3199 lt
759 3156 870 3209 Req-
894 3169 935 3207 n,

677 3222 723 3261 17
744 3222 785 3261 et
804 3229 897 3273 neq.

964 3152 1112 3207 ante
1142 3150 1364 3206 contra
1394 3161 1463 3205 se
1494 3141 1769 3204 invicem
1810 3150 2274 3223 pugnaverunt,
2311 3143 2453 3207 ideo

966 3244 1172 3328 primo
1205 3241 1799 3305 reconciliabantur.
1846 3244 2306 3321 Unxeruntque
2333 3246 2456 3303 Da-

966 3344 1081 3403 vid
1110 3362 1319 3419 reqem
1348 3360 1542 3418 super
1562 3344 1785 3409 Israel,
1807 3339 1869 3401 id
1902 3348 1997 3401 est
2030 3359 2220 3421 super
2250 3348 2450 3402 totum

965 3440 1377 3505 Israeliticum
1413 3439 1742 3521 populum.
1767 3437 2112 3519 Fiebatque
2144 3440 2360 3501 unctio
2383 3439 2455 3500 il-

968 3542 1029 3604 la
1059 3561 1171 3625 per
1204 3559 1461 3602 manum
1494 3538 1826 3621 pontificis
1854 3546 1965 3600 aut
1993 3538 2343 3621 Prophetas.

1051 3642 1265 3703 Filius
1297 3641 1573 3716 crz'yinta
1602 3658 1947 3707 annorum,
1986 3637 2047 3699 id
2069 3645 2165 3700 est
2197 3638 2456 3715 triginta

968 3758 1168 3803 annos
1190 3738 1391 3801 aetatis
1422 3736 1685 3811 habenS,
1718 3746 1857 3796 erat
1886 3738 2105 3797 David
2134 3758 2334 3816 quum.
2365 3758 2456 3795 re-

961 3859 1167 3917 ynare
1188 3840 1469 3915 eoepissec
1486 3856 1507 3895 .·
1523 3853 1665 3915 quai
1696 3842 1844 3895 aetas
1866 3844 2013 3917 apta
2032 3844 2123 3895 est
2147 3835 2224 3896 ad
2245 3834 2457 3915 praesi-

970 3937 1270 3999 dendum.
1300 3938 1383 3996 In
1405 3936 1657 3997 Hebron
1681 3937 1975 4010 regma-vit
2003 3952 2196 4009 super
2212 3936 2456 3993 Iudam

967 4045 1202 4113 septem
1234 4035 1454 4102 anniS,
1485 4041 1542 4091 ec
1573 4053 1683 4091 seat
1719 4034 2057 4091 mensibus.
2093 4035 2176 4091 In
2205 4034 2458 4091 Jerusa-

962 4139 1095 4193 lem
1122 4142 1339 4193 autem
1368 4132 1663 4206 reynavit
1710 4131 1981 4207 criyt‘nta
2030 4130 2234 4189 tribus
2264 4130 2458 4190 annis

2565 3146 2846 3223 huc,nisi
2877 3145 3216 3208 abstuleris
3246 3164 3447 3209 caecos
3469 3154 3530 3208 et
3555 3145 3839 3219 claudosg
3862 3144 4026 3228 quasi

2564 3246 2869 3319 dicerent,
2905 3245 3054 3306 Tam
3090 3244 3273 3307 fortis
3309 3251 3406 3307 est
3442 3243 3691 3321 civium,
3723 3245 3889 3325 quod
3917 3242 4028 3305 for—

2566 3346 2724 3407 tium
2766 3343 3003 3405 auxilio
3044 3360 3170 3406 non
3209 3362 3491 3424 egemus.
3529 3341 3653 3403 Alii
3685 3342 3900 3405 dieunt
3931 3358 4027 3403 eos

2566 3442 2854 3527 posuisse
2883 3441 3192 3522 imagines
3225 3460 3416 3524 supra
3455 3460 3918 3522 maruan-quas
3943 3438 4028 3500 di-

2565 3550 2793 3605 xerunt
2821 3558 3020 3604 caecos
3051 3548 3114 3603 et
3143 3539 3425 3617 claudos,
3462 3539 3526 3601 id
3555 3548 3653 3602 est
3681 3538 3840 3601 nihi-l
3867 3556 4030 3617 agen·

2567 3650 2660 3703 tes
2716 3658 2730 3701 :
2782 3640 2966 3719 quasi
3028 3639 3336 3713 dicerent,
3389 3637 3594 3699 Etiam
3657 3636 3840 3701 nobis
3883 3634 4024 3698 nibil

2567 3738 2924 3820 agentibuS,
2960 3737 3196 3799 intrare
3227 3754 3355 3799 non
3387 3745 3589 3818 potes,
3619 3735 3730 3799 Vel
3773 3754 3840 3799 se
3875 3736 4030 3817 ipsos

2567 3838 2866 3901 dixerunt
2895 3853 3094 3899 caecos
3134 3842 3197 3897 et
3235 3834 3518 3911 claudOS‚
3551 3853 3629 3897 eo
3659 3835 3822 3916 quod
3853 3831 4027 3896 David

2567 3934 2888 4018 reputavit
2923 3952 3030 3997 eos
3068 3932 3334 4008 debileS,
3369 3941 3432 3995 et
3467 3932 3714 3995 claudis
3755 3952 3826 3996 ae
3867 3929 4032 3995 caecis

2568 4033 2958 4098 consimiles
2993 4032 3133 4094 Haec
3163 4030 3424 4093 ibidem.

2647 4134 2912 4213 Insuper
2951 4131 3120 4193 circa
3159 4130 3294 4192 haec
3335 4127 3556 4193 scribit
3584 4129 3745 4211 Lyra
3779 4147 3793 4191 ε
3827 4129 4032 4191 Dicunt

969 4252 1163 4308 super
1200 4250 1450 4290 omnem
1488 4231 1697 4290 Israel
1742 4238 1800 4287 ec
1846 4231 2111 4289 Iudam.
2165 4230 2259 4289 Et·
2296 4227 2460 4287 abiit
2489 4234 2539 4295 D
2569 4233 2858 4294 doctores
2887 4226 3183 4291 catholici
3213 4228 3659 4304 communiter,
3677 4228 3846 4308 quod
3873 4226 4034 4289 Jebu-

974 4350 1114 4397 reoe,
1150 4338 1209 4388 et
1240 4348 1451 4387 omnes
1484 4327 1617 4386 viri
1648 4328 1969 4406 quierant
2000 4346 2147 4385 cum
2175 4327 2338 4385 eoin
2365 4328 2460 4385 Je-

974 4431 1279 4495 rusalem,
1311 4425 1433 4487 hoc
1472 4433 1568 4487 est
1606 4442 1811 4505 usque
1850 4425 1928 4486 ad
1970 4424 2210 4486 moenia
2247 4423 2461 4485 civita-

976 4526 1079 4602 tis,
1116 4543 1308 4607 quam
1342 4522 1549 4605 primo
1579 4521 1849 4599 obsedit,
1884 4522 2036 4604 quia
2079 4530 2215 4584 erat
2245 4522 2463 4604 praeci-

976 4644 1122 4708 pua,
1148 4631 1462 4705 quatenus
1484 4641 1557 4684 ea
1578 4631 1781 4705 capta,
1807 4621 2082 4703 amplius
2118 4621 2459 4685 timeretur.

974 4723 1111 4797 Vel,
1142 4740 1281 4784 eam
1315 4729 1558 4803 partem
1606 4719 1882 4782 civitatis
1922 4720 2192 4795 obsedit,
2227 4720 2290 4781 in
2336 4739 2463 4801 qua

972 4821 1240 4885 Jebusaei
1262 4819 1934 4896 manebant,videlicet
1953 4839 2161 4882 arcem
2180 4846 2194 4896 3
2219 4827 2282 4882 ct
2312 4820 2464 4881 item

974 4920 1277 5002 quoniam
1312 4919 1525 5001 plures
1556 4918 1751 4981 alieni
1788 4938 1862 4980 ac
1896 4918 2193 4981 infideles
2223 4917 2467 4981 habita—

2570 4330 2677 4391 saei
2729 4327 2823 4390 illi
2877 4327 2942 4389 in
2993 4326 3371 4389 fortitudine
3421 4344 3748 4388 murorum
3797 4342 4032 4388 suorum

2570 4426 2995 4502 confidenteS,
3051 4432 3399 4506 posuerunt
3449 4423 3701 4506 aliquos
3749 4442 3938 4487 caecos
3979 4428 4034 4482 et

2571 4524 2832 4588 claudos
2875 4524 2953 4585 ad
2994 4522 3470 4604 propugnacula
3511 4522 3578 4583 in
3622 4529 4032 4604 contemptum

2577 4621 2891 4685 exercitus
2919 4620 3113 4683 David
3143 4640 3156 4683 :
3182 4620 3362 4700 quasi
3397 4620 3695 4695 dicerent,
3725 4619 3902 4681 Tales
3929 4614 4036 4678 suf·

2575 4721 2844 4782 licerent
2885 4719 2965 4780 ad
3005 4717 3476 4781 defendendum
3529 4716 3900 4779 fortalitium
3941 4732 4034 4776 no-

2575 4828 2791 4882 strum.
2809 4818 2991 4880 Juxta
3021 4836 3209 4899 quem
3243 4818 3502 4880 modum
3537 4816 3601 4877 in
3621 4815 3940 4879 Ezechiele
3965 4813 4036 4875 le-

2576 4915 3085 4998 guntur·Pigmaei
3119 4916 3444 4997 pharetras
3477 4933 3620 4977 suas
3651 4912 4036 4997 suspendisse

2577 5016 2642 5078 in
2665 5014 2865 5076 muris
2887 5014 3033 5095 Tyri
3055 5015 3133 5076 ad
3155 5014 3642 5076 ostentationem
3667 5008 4036 5075 fortitudinis
4057 4998 4148 5031 m·
4169 4981 4208 5019 ¹¹·

2575 5113 2699 5176 loci
2736 5133 2750 5177 :
2787 5112 2970 5193 quasi
3012 5112 3317 5189 dicerent,
3353 5111 3534 5174 Tales
3573 5109 3948 5174 sufficerent
3972 5106 4036 5170 ad

2577 5211 3016 5274 defensionem
3057 5209 3327 5272 turrium
3365 5229 3440 5272 ac
3477 5226 3828 5273 murorum.
3863 5204 4034 5271 Rabbi

2577 5310 2876 5374 Salomon
2924 5310 3104 5385 dicit,
3145 5310 3316 5392 quod
3364 5308 3470 5370 isti
3523 5307 3673 5371 caeci
3719 5304 4034 5375 ets-claudi,

977 5018 1132 5080 bant
1166 5017 1427 5093 ibidem,
1462 5035 1622 5097 quos
1652 5016 1906 5080 volebat
1944 5016 2185 5097 fugare.
2221 5016 2297 5078 Et
2340 5036 2467 5077 rur-

978 5137 1107 5191 suS,
1130 5115 1435 5198 quoniam
1468 5134 1543 5178 ex
1576 5114 1963 5178 revelatione
1992 5114 2212 5177 divina
2238 5133 2470 5194 cogno-

961 5215 1072 5277 -vit
1093 5214 1415 5277 civitatem
1450 5214 1623 5276 illam
1656 5232 1795 5276 esse
1825 5213 2091 5276 electam
2114 5233 2150 5275 a
2180 5214 2326 5285 Deo,
2354 5232 2468 5295 pro

979 5313 1119 5377 loco
1152 5313 1361 5375 cultus
1390 5312 1616 5389 divini,
1652 5320 1716 5374 et
1746 5312 1967 5394 templi
2000 5309 2369 5374 aedificandi
2401 5310 2466 5372 in
