4359 6250
1741 519 2083 567 rnooemtm
3341 505 3456 568 247

351 684 537 762 quod
570 684 919 766 loquimur,
939 695 1003 750 et
1032 705 1251 750 eorum
1285 688 1487 750 initiis
1510 709 1629 753 vox
1660 691 1937 754 humana
1966 693 2527 774 comprehenditur
2552 719 2566 768 ;
2603 696 2690 758 ita
2719 695 2947 774 viginti
2977 696 3103 756 duo
3133 695 3460 758 volumina

353 800 823 873 supputantur,
857 795 1097 875 quibus
1128 797 1313 876 quasi
1349 797 1577 860 litteris
1617 806 1680 861 et
1710 799 2005 876 exordiiS‚
2050 800 2114 861 in
2148 801 2258 863 Dei
2290 802 2600 880 doctrina,
2638 811 2855 865 tenera
2893 802 3097 864 adhuc
3126 811 3190 865 et
3219 803 3457 864 lactens

354 897 488 960 viri
518 899 683 979 justi
710 901 1001 964 eruditur
1033 901 1329 967 infantia.

470 1007 724 1070 Primus
756 1011 923 1091 apud
955 1029 1063 1073 eos
1096 1011 1259 1074 liber
1288 1021 1549 1075 vocatur
1573 1014 1877 1092 Beresith‚
1898 1035 2090 1098 quem
2121 1035 2238 1078 nos
2257 1017 2550 1080 Genesim
2583 1019 2878 1080 dicimus,
2904 1019 3228 1081 Secundus
3247 1018 3462 1082 Veellc

356 1115 645 1190 semoth,
678 1116 793 1197 qui
835 1117 1087 1180 Exodus
1140 1120 1521 1201 appellatur.
1557 1122 1806 1184 Tertius
1836 1123 2081 1200 Vaicra,
2119 1124 2181 1186 id
2231 1133 2327 1186 est
2371 1125 2710 1188 LeviticuS.
2745 1126 3012 1200 Quartus
3043 1125 3459 1202 Vaiedabbcr,

355 1239 561 1300 quem
591 1222 901 1286 Numeros
930 1243 1253 1288 vocamuS.
1278 1226 1547 1300 Quintus
1577 1229 1713 1292 Ellc
1745 1230 2178 1307 haddebarim,
2213 1232 2324 1312 qui
2357 1233 2910 1295 Deuteronomium
2949 1240 3356 1315 praenotatur.
3393 1232 3462 1294 Hi

356 1337 525 1390 sunt
550 1330 848 1412 quinque
878 1331 1027 1395 libri
1059 1333 1307 1416 MoysiS,
1342 1355 1505 1416 quos
1536 1338 1793 1418 proprie
1823 1338 2096 1417 Thorah,
2132 1340 2195 1401 id
2237 1347 2332 1402 est
2362 1341 2565 1419 legem
2598 1340 2943 1422 appellant.

474 1436 866 1516 Secundum,
910 1441 1366 1523 Prophetarum
1400 1444 1689 1508 ordinem
1725 1444 1991 1520 faciunt,
2025 1455 2088 1510 et
2126 1447 2446 1530 incipiunt
2475 1448 2555 1510 ab
2585 1449 2730 1510 Jesu
2765 1447 2902 1511 filio
2933 1448 3122 1524 Nave,
3155 1448 3267 1528 qui
3299 1449 3466 1530 apud

360 1543 517 1606 illos
546 1546 741 1610 Josue
769 1547 895 1611 ben
927 1549 1069 1612 Nun
1099 1549 1357 1613 dicitur.
1392 1552 1630 1615 Deinde
1662 1553 2005 1616 subtexunt
2038 1554 2388 1637 Sophetim,
2426 1557 2488 1619 id
2519 1565 2614 1620 est
2638 1556 2931 1619 Judicum
2975 1557 3206 1618 librum
3237 1580 3251 1631 3
3293 1565 3356 1619 et
3401 1557 3465 1618 in

359 1652 676 1714 cumdem
710 1654 1131 1735 compingunt
1159 1656 1349 1735 Ruth,
1370 1658 1522 1739 quia
1554 1659 1619 1720 in
1652 1659 1879 1722 diebus
1905 1660 2197 1723 Judicum
2231 1662 2397 1726 sacta
2425 1664 2563 1744 ejus
2595 1672 2886 1731 narratur
2914 1662 3199 1726 historia.
3221 1662 3468 1726 Tertius

362 1759 671 1839 sequitur
710 1760 987 1839 Samuel,
1021 1784 1213 1845 quem
1267 1783 1381 1828 nos
1430 1767 1787 1846 Regnorum
1839 1767 2117 1849 primum
2161 1777 2224 1831 et
2267 1772 2614 1833 secundum
2653 1771 2946 1834 dicimus,
2989 1771 3256 1844 Quartus
3294 1770 3471 1832 Mala-

364 1865 573 1942 chim,
610 1866 675 1931 id
720 1877 819 1931 est
863 1869 1125 1950 Regum,
1170 1873 1284 1954 qui
1326 1875 1513 1936 tertio
1552 1883 1616 1936 et
1654 1883 1883 1956 quarto
1932 1876 2288 1956 Regnorum
2333 1878 2660 1941 volumine
2707 1879 3088 1941 continetur.
3122 1877 3469 1958 Meliusque

363 1974 581 2037 multo
632 1981 751 2052 est,
795 1977 1147 2055 Malachim,
1190 1978 1255 2041 id
1302 1990 1398 2043 est
1438 1981 1699 2061 Regum,
1748 2001 1939 2063 quam
1988 1982 2360 2060 Malachoth,
2400 1984 2463 2046 id
2512 1993 2608 2047 est
2652 1984 3010 2065 Regnorum
3058 1984 3291 2047 dicere.
3333 1983 3467 2045 Non

368 2081 552 2142 enim
584 2083 937 2147 multarum
967 2085 1253 2164 gentium
1289 2106 1485 2168 regna
1513 2088 1839 2165 describit,
1866 2090 1980 2152 sed
2002 2091 2192 2154 unius
2223 2091 2547 2154 Israelitici
2579 2093 2822 2174 populi,
2849 2092 2960 2174 qui
2991 2090 3286 2154 tribubus
3315 2092 3470 2154 duo-

360 2188 583 2253 decim
614 2190 1007 2255 continetur.
1041 2193 1309 2268 Quintus
1342 2205 1438 2258 est
1466 2196 1677 2259 lsaias.
1704 2197 1926 2260 Sextus
1954 2197 2279 2261 Jeremias.
2305 2199 2623 2281 Septimus
2653 2199 2964 2263 Ezechiel.
2989 2199 3280 2277 OctavuS,
3306 2199 3469 2263 liber

363 2299 717 2362 duodecim
748 2298 1229 2382 Prophetarum,
1261 2305 1373 2385 qui
1406 2305 1573 2386 apud
1605 2304 1751 2367 illos
1780 2313 2044 2368 vocatur
2073 2306 2275 2368 There
2305 2325 2465 2368 asar.

472 2407 731 2470 Tertius
764 2409 921 2471 ordo
941 2409 1383 2492 Hagiographa
1414 2411 1697 2493 possidet
1722 2430 1734 2473 :
1759 2412 1836 2474 Et
1863 2413 2108 2494 primus
2136 2412 2298 2476 liber
2319 2413 2547 2496 incipit
2571 2415 2651 2476 ab
2668 2414 2805 2477 Job.
2828 2414 3153 2477 Secundus
3183 2435 3220 2476 a
3248 2416 3466 2492 David,

364 2533 571 2594 quem
617 2514 914 2596 quinque
961 2515 1385 2580 incisionibus
1429 2527 1492 2581 et
1536 2537 1665 2582 uno
1706 2518 2095 2583 Psalmorum
2136 2520 2458 2582 volumine
2495 2522 3066 2603 comprehendunt.
3101 2521 3348 2584 Tertius
3377 2529 3474 2583 est

368 2621 709 2698 Salomon,
748 2631 873 2685 tres
907 2623 1106 2687 libros
1140 2625 1405 2702 habenS,
1438 2626 1777 2690 Proverbia
1805 2645 1948 2709 quae
1979 2626 2072 2688 illi
2102 2627 2297 2704 Misle,
2333 2627 2395 2689 id
2429 2638 2526 2691 est
2553 2629 2884 2692 Parabolas
2915 2629 3262 2711 appellant.
3281 2629 3474 2702 Quar-

364 2739 475 2792 tus
511 2729 966 2808 Ecclesiaste-n,
1004 2731 1066 2794 id
1111 2741 1207 2795 est
1244 2733 1571 2796 Coheleth.
1605 2732 1872 2807 Quintus
1922 2743 2018 2796 est
2060 2734 2392 2797 Canticum
2435 2736 2860 2812 Canticorum‚
2895 2755 3089 2818 quem
3140 2737 3325 2799 titulo
3373 2736 3472 2799 Sir

360 2838 643 2901 hasirim
690 2840 1037 2922 appellant.
1078 2840 1300 2904 Sextus
1345 2849 1441 2904 est
1484 2841 1727 2905 Daniel.
1763 2841 2083 2924 Septimus
2122 2842 2310 2906 Dibre
2356 2844 2682 2921 haiamim‚
2723 2845 2787 2907 id
2827 2852 2922 2906 est
2961 2844 3156 2908 verba
3196 2844 3466 2922 dierum,

361 2949 547 3030 quod
580 2947 1063 3028 significantius
1092 2957 1354 3032 χρονικόν
1386 2950 1581 3013 totius
1614 2949 1851 3013 divinae
1882 2949 2163 3013 historiae
2192 2970 2531 3033 possumus
2562 2953 2883 3035 appellare
2919 2971 2933 3014 :
2967 2952 3081 3034 qui
3112 2951 3274 3014 liber
3302 2954 3469 3036 apud

363 3075 495 3119 nos
527 3056 1058 3139 Paralipomenon
1088 3058 1334 3140 primus
1365 3066 1555 3140 atque
1586 3059 1903 3122 secundus
1937 3058 2332 3122 inscribitur.
2365 3059 2635 3125 Octavus
2675 3060 2925 3137 EsdraS,
2961 3059 3072 3142 qui
3116 3070 3179 3124 et
3225 3061 3360 3143 ipse
3389 3062 3474 3125 si-

360 3165 619 3229 militer
647 3166 819 3248 apud
848 3165 1097 3228 Graecos
1128 3174 1191 3228 et
1218 3165 1475 3229 Latinos
1506 3168 1571 3229 in
1601 3168 1760 3230 duos
1794 3167 1989 3230 libros
2022 3167 2266 3232 divisus
2297 3177 2413 3231 est.
2447 3168 2660 3231 Nonus
2689 3169 2937 3232 Esther.

480 3272 696 3353 Atque
727 3271 818 3333 ita
845 3271 1019 3333 fiunt
1049 3272 1287 3354 pariter
1317 3274 1550 3336 veteris
1583 3273 1741 3355 legis
1772 3274 1919 3336 libri
1949 3274 2178 3353 viginti
2210 3274 2334 3337 duo
2361 3293 2374 3336 :
2410 3275 2473 3337 id
2507 3284 2622 3351 est,
2647 3275 2872 3357 Moysis
2903 3274 3212 3358 quinque,
3239 3284 3302 3339 et
3329 3276 3474 3339 Pro-

378 3382 731 3465 phetarum
784 3389 948 3457 octo,
997 3381 1582 3464 Hagiographorum
1637 3402 1861 3445 novem
1890 3407 1905 3457 3
1948 3401 2316 3463 quanquam
2369 3384 2662 3446 nonnulli
2713 3384 2878 3445 Ruth
2927 3393 2990 3447 et
3029 3384 3257 3447 Cinoth
3307 3384 3472 3447 inter

366 3488 829 3571 Hagiographa
857 3487 1241 3572 scriptitent,
1275 3496 1339 3551 et
1372 3489 1487 3552 hos
1517 3489 1714 3553 libros
1747 3490 1812 3552 in
1844 3508 1959 3553 suo
2000 3498 2228 3572 putent
2269 3509 2534 3554 numero
2579 3492 3037 3573 supputandOS,
3072 3511 3144 3555 ac
3192 3511 3304 3573 per
3352 3493 3470 3555 hoc

361 3616 516 3661 esse
550 3596 783 3679 priscae
812 3596 972 3677 legis
1005 3596 1204 3659 libros
1239 3596 1469 3676 viginti
1511 3606 1784 3678 quatuor
1819 3616 1832 3661 :
1866 3617 2025 3680 quos
2070 3597 2189 3659 sub
2220 3617 2485 3661 numero
2527 3598 2754 3679 viginti
2797 3608 3072 3680 quatuor
3119 3600 3463 3675 seniorum,

366 3701 801 3786 Apocalypsis
832 3703 1095 3765 Joannis
1142 3702 1407 3780 inducit,
1456 3705 1789 3767 adorantes
1821 3703 2091 3783 Agnum,
2127 3711 2191 3766 et
2227 3721 2490 3767 coronas
2523 3725 2666 3767 suas
2699 3706 3030 3788 prostratis
3060 3706 3344 3769 vultibus
3373 3705 3470 3769 os-
3537 3723 3679 3778 Apoc.
3704 3736 3761 3773 w,

373 3809 692 3886 ferenteS‚
729 3816 969 3871 stantes
1001 3829 1213 3873 coram
1246 3819 1518 3891 quatuor
1548 3810 1931 3873 animalibus
1963 3811 2231 3875 oculatis
2263 3819 2408 3873 ante
2438 3820 2502 3873 et
2533 3820 2721 3888 retro,
2760 3813 2822 3873 id
2855 3820 2952 3875 est
2979 3813 3045 3874 in
3080 3812 3468 3895 praeteritum
3498 3786 3738 3835 ⁴'⁶'⁸'¹⁰'

364 3926 433 3980 et
468 3918 539 3978 in
569 3914 862 3978 futurum
894 3916 1408 3998 respicientihuS‚
1433 3926 1497 3980 et
1526 3916 1849 3980 indefessa
1878 3936 2031 3981 voce
2062 3917 2487 3980 clamantibus
2513 3936 2526 3980 :
2555 3918 2841 3995 SanctuS,
2868 3918 3155 3996 SanctuS‚
3178 3919 3464 3996 SanctuS,

376 4023 699 4088 Dominus
728 4023 895 4086 Deus
926 4024 1357 4106 omnipotenS,
1389 4024 1499 4105 qui
1535 4033 1689 4101 erat,
1716 4034 1778 4087 et
1806 4025 1918 4107 qui
1949 4033 2064 4100 est,
2098 4034 2161 4087 et
2188 4024 2300 4106 qui
2333 4033 2636 4089 venturus
2668 4034 2784 4088 est.

482 4131 601 4193 Hic
625 4131 929 4213 prologus
953 4131 1421 4213 Scripturarum
1443 4132 1625 4213 quasi
1644 4133 1960 4212 galeatum
1984 4132 2389 4214 principium,
2410 4132 2706 4195 omnibus
2729 4133 2908 4195 libris
2927 4152 3088 4215 quos
3110 4134 3188 4197 de
3209 4134 3469 4198 Hebraeo

366 4238 691 4303 vertimus
724 4236 790 4299 in
820 4237 1140 4315 Latinum,
1176 4239 1517 4302 convenire
1547 4248 1776 4321 potest,
1810 4248 1882 4301 ut
1910 4240 2071 4303 scire
2100 4240 2445 4315 valeamuS‚
2469 4239 2781 4322 quidquid
2812 4248 2988 4302 extra
3014 4241 3130 4303 hos
3162 4248 3277 4316 est,
3304 4240 3470 4303 inter

364 4344 751 4426 apocrypha
782 4363 921 4407 esse
952 4344 1345 4426 ponendum.
1382 4344 1577 4425 Igitur
1607 4345 1951 4427 Sapientia,
1984 4364 2127 4426 quae
2164 4345 2356 4424 vulgo
2394 4344 2746 4408 Salomonis
2792 4346 3185 4422 inscribitur,
3220 4354 3282 4409 et
3322 4346 3467 4408 Jesu

370 4451 510 4514 filii
563 4449 786 4513 Sirach
839 4450 1023 4527 liber,
1060 4458 1123 4513 et
1150 4451 1389 4527 Judith,
1421 4459 1483 4514 et
1520 4450 1770 4528 TobiaS‚
1805 4458 1868 4513 ct
1914 4451 2149 4527 Pastor,
2187 4469 2312 4513 non
2362 4460 2511 4512 sunt
2559 4451 2625 4513 in
2674 4471 2938 4515 canone.
2972 4452 3466 4515 Machabaeorum

366 4559 661 4642 primum
698 4556 959 4635 librum,
995 4557 1376 4621 Hebraicum
1408 4558 1615 4640 reperi
1642 4584 1655 4635 ;
1700 4559 2015 4621 secundus
2044 4558 2294 4621 Graecus
2327 4566 2443 4635 est,
2478 4561 2648 4640 quod
2693 4580 2766 4622 ex
2799 4560 2937 4641 ipsa
2964 4579 3220 4643 quoquc
3251 4560 3467 4641 phrasi

368 4663 641 4747 probari
687 4670 919 4745 potest.
955 4662 1105 4736 Quae
1133 4683 1331 4745 quum
1366 4664 1453 4727 ita
1482 4684 1549 4727 se
1581 4665 1877 4741 habeant,
1911 4664 2175 4727 obsecro
2229 4674 2309 4740 te,
2345 4664 2564 4741 lector,
2599 4685 2678 4727 ne
2711 4665 2992 4729 laborem
3025 4686 3236 4729 meum
3267 4685 3470 4748 repre-

368 4770 760 4833 hensionem
795 4770 1121 4833 existimes
1149 4772 1583 4852 antiquorum.
1618 4773 1684 4835 In
1716 4772 1955 4853 templo
1985 4770 2093 4834 Dei
2124 4770 2325 4833 offert
2363 4770 2804 4854 unusquisque
2847 4773 3017 4854 quod
3063 4781 3273 4855 potest
3304 4790 3318 4834 :
3355 4772 3464 4834 alii
3501 4790 3760 4833 emam.

366 4897 631 4953 aurum,
667 4885 1002 4957 argentum
1034 4886 1098 4940 et
1129 4877 1374 4959 lapides
1406 4879 1718 4961 pretiosos
1744 4904 1758 4954 ;
1804 4879 1913 4941 alii
1945 4879 2205 4961 byssum
2239 4887 2301 4940 et
2330 4898 2679 4960 purpuram
2705 4888 2767 4943 et
2797 4899 3057 4943 coccum
3089 4879 3376 4943 offerunt
3404 4888 3467 4941 et

368 4985 823 5067 hyacinthum.
858 4983 1203 5047 Nobiscum
1234 4985 1397 5049 bene
1429 4985 1658 5065 agitur,
1694 4986 1747 5046 si
1778 4985 2198 5047 obtulerimus
2231 4985 2428 5067 pelles
2460 4994 2521 5047 et
2559 5005 2891 5068 caprarum
2930 4986 3116 5069 pilos
3151 4986 3227 5049 Et
3257 4995 3464 5049 tamen

370 5091 725 5175 Apostolus
757 5091 1345 5173 contemptibiliora
1386 5100 1623 5169 nostra,
1656 5091 1852 5171 magis
1895 5092 2252 5153 necessaria
2287 5090 2550 5172 judicat.
2584 5092 2760 5155 Unde
2791 5102 2853 5154 et
2881 5101 3012 5155 tota
3042 5093 3151 5155 illa
3182 5094 3470 5156 taberna·
3529 5112 3761 5183 ieonum,

372 5202 509 5265 culi
544 5197 985 5282 pulchritudO,
1020 5209 1083 5263 et
1116 5220 1228 5282 per
1249 5200 1531 5280 singulas
1563 5199 1806 5282 species
1838 5199 2135 5262 Ecclesiae
2166 5200 2495 5281 praesentis
2529 5199 2886 5283 futuraeque
2915 5200 3260 5277 distincti0‚
3295 5202 3471 5283 pelli·
3499 5178 3566 5217 ²²·

379 5310 507 5373 bus
560 5307 797 5388 tegitur
849 5316 912 5370 et
961 5307 1213 5385 ciliciis,
1250 5308 1671 5389 ardoremque
1718 5306 1871 5371 solis
1921 5316 1985 5370 ct
2034 5305 2336 5386 injuriam
2387 5305 2688 5368 imbrium
2738 5326 2812 5369 ea
2857 5326 3001 5388 quae
3048 5307 3276 5371 viliora
3321 5318 3471 5371 sunt
