4359 6250
944 513 1291 560 mannum
1334 512 1395 557 IN
1439 511 1577 558 CAP-
1621 509 1747 557 XXV
1788 509 1946 555 unm
1987 509 2156 555 Pium
2198 509 2422 556 REGUM.
2467 529 2546 538 -
2586 510 2730 558 ΛΒΤ.
2777 511 2921 558 xuu

3349 493 3468 558 399

464 689 547 748 Bt
574 689 673 748 ait
713 687 933 747 David
969 687 1057 746 acl
1084 684 1375 761 Abiqail,
1413 680 1645 763 gratias
1676 697 1875 760 agens
1906 675 1957 738 A
1986 680 2162 742 canis
2193 691 2304 743 aut
2328 681 2644 760 infirmuS,
2667 682 2820 763 quia
2849 701 2966 744 nec
2987 681 3166 744 canis
3197 681 3340 759 suit,
3367 702 3471 745 ne-

366 785 529 860 Deo,
566 785 996 867 prudentique
1038 782 1295 846 feminae
1335 782 1413 844 de
1458 778 1879 842 saluberrima

368 882 863 959 informatione,
918 890 980 945 et
1030 882 1109 944 de
1160 879 1564 944 revocatione
1616 897 1653 939 a
1703 885 1877 940 tanto

364 1000 645 1044 excessu
673 1001 687 1045 :
714 981 1102 1042 Benedictus
1122 981 1439 1041 Dominus
1458 980 1631 1038 Deus
1648 978 1878 1044 Israel,

364 1082 500 1158 qui
546 1082 727 1140 misit
773 1089 831 1140 te
873 1081 1060 1139 hodie
1104 1078 1177 1137 in
1226 1096 1561 1138 occursum
1612 1094 1879 1136 meum:

366 1177 689 1258 quoniam
710 1197 789 1240 ex
818 1176 1037 1240 divina
1068 1174 1601 1257 praeordinatione
1622 1173 1715 1235 sic
1736 1190 1881 1235 con-

370 1277 559 1356 tigit3
592 1287 653 1337 et
672 1277 1099 1343 benedictum,
1116 1274 1236 1336 hoc
1261 1281 1378 1349 est,
1402 1273 1588 1335 laude
1610 1271 1877 1353 dignum

368 1384 501 1450 est,
532 1377 865 1454 eloquium
908 1384 1118 1443 tuum,
1151 1383 1213 1433 et
1251 1373 1581 1432 benedicta
1626 1381 1697 1432 tu
1736 1391 1881 1449 quae

359 1475 777 1550 prohibuisti
814 1492 939 1542 me,
966 1493 1047 1532 ne
1078 1472 1243 1530 irem
1280 1472 1469 1532 hodie
1499 1473 1587 1530 ad
1614 1471 1881 1546 sanqui-

368 1593 533 1632 nem
552 1568 1021 1633 effundendum
1054 1568 1314 1650 injuste,
1334 1578 1392 1629 et
1422 1570 1762 1628 ulciscerer
1781 1587 1880 1628 me

369 1691 593 1730 manu
622 1691 785 1730 mea.
816 1669 953 1730 lam
984 1668 1227 1730 dictum
1258 1675 1377 1742 est,
1418 1675 1480 1729 et
1513 1665 1705 1748 paulo
1736 1674 1881 1748 post

370 1767 705 1843 subditur,
725 1767 895 1848 quod
928 1765 1233 1828 Dominus
1266 1763 1595 1846 prohibuit
1616 1783 1763 1826 eum
1787 1764 1883 1827 in-

1987 798 2113 861 que
2144 778 2470 857 infirmuS,
2504 782 2762 862 quando
2786 780 2981 843 David
3015 781 3182 843 istud
3211 781 3469 862 juravit,

1988 878 2098 941 sed
2142 880 2314 960 quod
2361 898 2489 942 non
2529 879 2870 942 mansisset
2898 878 2997 943 vir
3028 880 3290 955 vivens3
3339 889 3472 942 tum

1988 979 2141 1059 quia
2185 980 2302 1042 hoc
2347 977 2575 1042 suisset
2603 979 2788 1042 valde
2819 979 3098 1057 crudele,
3135 999 3252 1043 nec
3293 979 3479 1042 infir-

1989 1076 2111 1138 mis
2141 1096 2402 1158 parcere
2422 1077 2586 1140 velle
2617 1077 2697 1140 ab
2727 1077 3069 1154 occisione,
3089 1087 3346 1159 propter
3369 1077 3481 1140 im-

1989 1175 2189 1256 proba
2217 1175 2411 1238 verba
2437 1176 2630 1238 unius
2662 1175 2998 1259 suppositi.

2082 1276 2378 1352 Suscepit
2405 1295 2550 1352 erqo
2584 1277 2802 1336 David
2829 1278 2908 1335 de
2938 1295 3142 1336 manu
3171 1275 3312 1352 ejus
3351 1294 3482 1334 om-

1988 1373 2106 1431 nia
2144 1393 2288 1451 quoe
2329 1377 2642 1434 attulerat
2682 1375 2765 1434 ei.
2799 1375 3118 1453 Dimitque
3161 1375 3224 1432 ei
3253 1393 3276 1431 .·
3313 1373 3480 1432 Vade

1979 1472 2254 1547 pacifice
2285 1473 2357 1531 in
2385 1475 2650 1532 domum
2685 1481 2887 1533 tuam.
2922 1473 3083 1532 Ecce
3111 1472 3347 1531 audivi
3377 1490 3482 1530 υο-

1988 1587 2120 1629 cem
2154 1579 2358 1641 tuam,
2375 1579 2434 1629 et
2456 1572 2771 1630 hono-ravi
2800 1571 3037 1649 faciem
3070 1580 3272 1630 tuam.
3297 1570 3480 1630 Venit

1990 1678 2208 1728 autem
2239 1669 2506 1744 Abiqail
2551 1672 2639 1729 ad
2669 1671 2904 1730 Nabal.
2939 1670 3025 1729 Et
3065 1687 3199 1728 ecee
3235 1676 3375 1727 erat
3418 1668 3481 1725 ei

1990 1768 2364 1828 convivium
2397 1769 2470 1826 in
2497 1771 2684 1827 domo
2713 1769 2854 1844 ejus
2883 1769 3074 1847 quasi
3102 1768 3478 1826 convivium

366 1867 484 1930 de.
518 1866 844 1941 Quomodo
873 1882 1026 1945 ergo
1064 1863 1313 1944 Abigail
1361 1862 1510 1926 inde
1552 1863 1882 1945 prohibuit
1920 1861 1965 1925 B
1992 1867 2186 1941 reyis,
2205 1874 2264 1925 et
2293 1886 2400 1926 cor
2431 1867 2644 1928 Nabal
2670 1867 3072 1943 jucundum.
3106 1867 3274 1926 Erat
3301 1866 3479 1925 enim

368 1969 580 2028 eum?
608 1963 914 2045 Denique,
951 1963 1091 2045 ipsa
1120 1981 1247 2026 non
1282 1961 1535 2025 videtur
1554 1981 1699 2024 eum
1733 1963 1883 2028 inde

370 2061 818 2146 prohibuisse,
854 2062 963 2124 sed
996 2060 1325 2123 humiliter
1358 2059 1763 2142 supplicavit,
1801 2079 1883 2124 ne

372 2162 649 2226 faceret.
684 2161 761 2222 Et
802 2159 1341 2242 respondendum,
1382 2160 1552 2240 quod
1592 2159 1885 2222 Prohibe-

372 2281 475 2337 re,
492 2261 770 2323 sumitur
788 2259 897 2323 hic
916 2267 1196 2335 extense,
1222 2276 1337 2340 pro
1357 2257 1687 2339 impedire.
1717 2258 1881 2320 Deus

370 2377 644 2440 quoque
674 2377 788 2440 per
816 2357 1021 2436 legem
1054 2364 1117 2419 et
1149 2374 1263 2437 per
1291 2355 1703 2419 conscientiae
1736 2375 1884 2419 cen-

372 2477 627 2532 suram,
663 2455 997 2539 prohibuit
1024 2474 1171 2518 eum
1217 2454 1297 2517 ab
1327 2453 1503 2517 omni
1536 2453 1883 2518 homicidio

372 2565 445 2618 et
468 2554 717 2618 innoxii
740 2552 1071 2633 sanguinis
1090 2550 1704 2630 effusione.RursuS,
1722 2553 1884 2616 Deus

374 2652 721 2738 prohibuit
752 2650 1215 2734 principaliter,
1241 2649 1489 2731 Abigail
1520 2659 1732 2714 autem
1762 2650 1886 2713 dis-

374 2753 665 2836 positive
714 2760 780 2814 et
828 2749 1355 2812 ministerialiter.
1398 2751 1669 2830 Alioqui
1718 2752 1885 2810 vivit

374 2855 709 2916 Dominus
756 2855 929 2913 Deus
967 2854 1199 2919 Israel,
1238 2850 1356 2930 qui
1396 2851 1739 2928 prohibuit
1788 2871 1886 2911 me

374 2973 463 3014 ne
484 2950 793 3032 [malum]
814 2951 1094 3028 facerem
1116 2949 1234 3008 tibi
1242 2971 1272 3018 ,·
1294 2949 1429 3008 nisi
1457 2949 1581 3008 cito
1614 2950 1885 3010 venisses

1990 1966 2206 2024 ebrius
2235 1966 2459 2025 nimis.
2497 1967 2580 2026 E't
2607 1984 2739 2024 non
2771 1965 3093 2024 indicavit
3121 1966 3185 2023 ei
3213 1966 3477 2024 verbum

1988 2065 2308 2140 pusillum
2337 2072 2454 2123 aut
2475 2065 2730 2140 grande
2760 2082 2957 2142 usque
2987 2063 3485 2123 mane.Dilueu-

1994 2165 2054 2221 lo
2096 2171 2314 2222 autem
2347 2182 2551 2240 quum
2595 2163 2950 2238 diqessisset
2983 2163 3210 2222 vinum
3243 2161 3481 2230 Nabal,

1992 2262 2318 2320 indicavit
2349 2261 2412 2319 ei
2441 2281 2608 2320 umor
2635 2281 2757 2320 sua
2789 2262 2980 2320 verba
3010 2263 3143 2320 hoec
3163 2280 3186 2318 .·
3208 2258 3484 2340 qualiter

1994 2356 2241 2421 scilicet
2259 2357 2456 2420 David
2486 2357 2724 2439 juravit
2754 2375 2899 2420 eum
2921 2356 3234 2432 occidere,
3257 2364 3320 2419 et
3339 2374 3516 2438 qua--

1994 2456 2141 2519 liter
2171 2456 2312 2538 ipsa
2353 2456 2626 2538 placavit
2667 2455 2848 2518 illum
2886 2475 2900 2520 :
2936 2456 3107 2537 quod
3150 2473 3281 2518 non
3321 2454 3486 2516 indi-

1993 2555 2163 2620 cavit
2200 2557 2259 2618 ei
2303 2554 2369 2617 in
2409 2554 2716 2618 ebrietate
2755 2555 3123 2630 constituto,
3172 2553 3324 2635 quia
3363 2571 3480 2635 pro

1996 2662 2147 2718 tunc
2175 2673 2372 2737 capax
2407 2672 2532 2716 non
2570 2662 2703 2716 erat
2737 2651 3250 2726 informationis3
3291 2660 3358 2722 ‚et
3394 2651 3484 2713 in-

1993 2752 2232 2817 dicavit
2261 2752 2319 2815 ei
2359 2751 2494 2816 haec
2534 2751 2752 2816 omnia
2797 2769 2953 2815 uxor
2997 2770 3132 2826 sua,
3167 2768 3300 2813 non
3347 2768 3478 2812 ma-

1996 2850 2226 2928 litiose,
2263 2854 2373 2915 sed
2425 2850 2551 2932 pie,
2591 2858 2662 2912 ut
2709 2869 2852 2915 eum
2905 2850 2983 2913 ad
3035 2847 3478 2932 poenitentiam

1995 2959 2389 3033 provocaret,
2402 2959 2466 3014 et
2486 2951 2833 3013 cautiorem
2855 2947 2921 3012 es
2926 2948 3166 3012 ficeret.
3181 2951 3267 3010 E't
3287 2969 3486 3010 emor-

378 3055 455 3112 in
490 3069 831 3110 occursum
862 3047 1055 3117 milti,
1076 3067 1206 3108 non
1238 3048 1644 3108 remansisset
1668 3049 1883 3110 Nabal
1920 3045 1963 3108 C
1998 3063 2184 3113 tuum
2213 3059 2302 3110 est
2331 3069 2441 3110 cor
2467 3051 2607 3128 ejus
2647 3051 3037 3109 intrinsecus
3068 3065 3199 3130 prae
3239 3047 3484 3127 ingenti

362 3164 591 3231 'usque
628 3151 717 3210 ad
753 3148 1151 3209 matutinam
1204 3149 1410 3207 lucem
1456 3148 1751 3222 min-qens
1796 3150 1885 3207 ad

368 3250 723 3327 parietem,
758 3246 879 3309 hoc
911 3254 1007 3309 est
1046 3246 1273 3308 vivens
1311 3264 1385 3307 ac
1426 3243 1774 3326 dispositus
1804 3246 1883 3309 ad

376 3347 811 3428 mingendum
857 3362 1049 3426 super
1089 3344 1418 3426 parietem.
1452 3344 1665 3421 Porro,
1715 3345 1883 3426 quod

378 3444 649 3522 dicitur,
681 3444 965 3526 Mingens
996 3443 1075 3505 ad
1098 3441 1431 3524 parietem,
1458 3440 1665 3523 primo
1696 3462 1887 3526 expo-

380 3544 570 3607 nitur
617 3544 697 3606 de
744 3560 921 3605 mare
968 3560 1081 3604 seu
1128 3540 1437 3617 mascu10,
1493 3541 1604 3621 qui
1654 3542 1886 3621 mingit

378 3651 640 3707 erectus
681 3649 745 3704 et
786 3640 1034 3703 stando.
1069 3638 1381 3715 Secundo,
1424 3639 1764 3721 exponitur
1806 3642 1894 3704 de·

378 3758 573 3817 cane,
596 3739 708 3822 qui
741 3740 821 3802 ad
854 3738 1159 3821 parietem
1192 3736 1478 3818 mingere
1512 3738 1673 3801 solet
1700 3758 1886 3803 crure

380 3842 625 3905 levato.
660 3837 895 3915 Tertio,
930 3838 1008 3899 de
1038 3835 1329 3914 infirmo,
1354 3836 1466 3917 qui
1496 3838 1575 3899 ad
1597 3838 1887 3918 mingen-

380 3940 548 4002 dum
580 3956 706 4001 non
739 3944 947 4019 potest
978 3935 1233 4015 longius
1265 3934 1379 3998 ire.
1416 3935 1487 3997 Et
1515 3936 1695 4016 juxta
1725 3936 1881 4015 haec,

380 4038 567 4121 quod
597 4036 889 4119 superius
922 4034 1153 4114 legitur
1181 4034 1378 4095 David
1409 4034 1679 4115 jurasse,
1714 4038 1885 4116 quod

381 4156 523 4203 nou
556 4135 946 4216 relinqueret
976 4150 1053 4195 ex
1081 4130 1384 4195 omnibus
1416 4132 1887 4214 pertinentibus

1998 3151 2246 3213 timore.
2293 3148 2592 3223 Quamvis
2635 3149 2806 3211 enim
2850 3148 3093 3212 audivit
3135 3167 3172 3210 a
3214 3148 3486 3229 conjuge

1996 3251 2208 3332 ipsum
2243 3248 2440 3312 David
2472 3267 2612 3312 esse
2645 3247 2987 3329 placatum,
3025 3246 3237 3309 timuit
3273 3254 3483 3309 tamen

1993 3349 2167 3431 quod
2199 3356 2444 3411 mutato
2477 3346 2802 3430 proposito
2834 3345 3266 3427 juramentum
3299 3361 3482 3407 suum

1995 3446 2263 3529 implere
2313 3446 2616 3509 studeret.
2641 3447 2726 3505 Et
2769 3449 2983 3525 factus
3024 3454 3112 3506 est
3153 3446 3343 3525 quasi
3391 3448 3484 3503 la-

1984 3548 2116 3625 pis,
2151 3546 2216 3607 id
2247 3552 2343 3608 est
2375 3542 2743 3620 immobiliS,
2786 3542 2939 3625 quia
2969 3562 3046 3605 ex
3075 3542 3483 3606 vehementia

1997 3642 2264 3719 timoriS,
2319 3641 2576 3722 sanguis
2625 3640 2906 3703 decurrit
2953 3641 3032 3703 ad
3083 3659 3212 3717 cor,
3268 3648 3332 3704 et
3379 3641 3472 3703 sic

1996 3741 2282 3805 membra
2312 3738 2689 3802 efficiuntur
2729 3736 2951 3817 rigida,
2989 3737 3386 3820 impotentia,
3419 3746 3483 3801 et

1990 3839 2161 3902 'male
2193 3835 2478 3901 mobilia.
2496 3839 2830 3914 Quumque
2853 3836 3353 3912 pertransissent
3381 3838 3483 3895 de-

1994 3960 2128 3999 cem
2184 3940 2352 4009 dies,
2396 3936 2714 4013 percussit
2763 3934 3078 3994 Dominus
3129 3934 3370 4002 Nabal,
3418 3942 3480 3993 et

1996 4046 2288 4097 mortuus
2310 4044 2421 4095 est.

2082 4137 2262 4203 Quod
2307 4153 2510 4213 quum
2558 4131 2840 4191 audisset
2884 4131 3104 4191 David
3151 4140 3483 4193 mortuum

382 4238 463 4299 ad
500 4233 720 4311 Nabal,
754 4231 1147 4312 mingentem
1177 4230 1255 4291 ad
1286 4229 1593 4311 parietem
1632 4248 1645 4292 ε
1679 4231 1888 4297 Primo
1920 4234 1966 4295 l)
2001 4235 2235 4304 Nabal,
2267 4234 2364 4293 ait
2393 4251 2416 4294 .·
2451 4230 2838 4291 Benedictus
2881 4229 3194 4289 Dominus
3224 4231 3342 4309 qui
3368 4229 3489 4306 ju-

381 4333 751 4417 exponitur,
784 4330 957 4411 quod
1000 4328 1371 4391 intendebat
1420 4328 1713 4392 occidere
1754 4349 1888 4393 om-

384 4453 503 4497 nes
538 4428 853 4493 masculos
882 4428 1111 4490 domus
1142 4426 1360 4489 Nabal.
1380 4426 1691 4504 Secund0‚
1710 4431 1882 4510 quod

380 4549 583 4595 omne
612 4528 836 4592 vivens
866 4526 933 4588 in
964 4526 1156 4589 domo
1176 4524 1315 4605 ejus
1338 4524 1589 4588 volebat
1619 4527 1886 4608 perime-

382 4646 473 4707 re,
516 4628 583 4689 in
626 4634 893 4701 tantum,
928 4623 1102 4705 quod
1146 4640 1263 4685 nec
1302 4623 1591 4701 canibm,
1625 4643 1742 4687 nec
1784 4624 1883 4687 in-

382 4726 603 4789 firmis
645 4721 923 4788 voluerit
968 4739 1247 4804 parcere,
1281 4740 1481 4802 quum
1523 4730 1734 4784 tamen
1784 4743 1883 4786 ca-

378 4826 579 4889 nibus
610 4830 869 4905 propter
903 4838 1123 4884 eorum
1147 4818 1481 4897 vilitatem,
1504 4828 1565 4882 et
1600 4819 1878 4884 infirmis

378 4933 648 5008 propter
665 4940 887 4986 eorum
910 4917 1435 4995 imbecillitatem,
1454 4937 1713 5000 parcere
1735 4939 1880 4984 con-

375 5031 591 5106 gruat.
632 5021 835 5083 Prima
872 5026 1085 5082 autem
1131 5016 1443 5098 expositio
1484 5017 1695 5081 verior
1739 5038 1877 5083 esse

378 5124 679 5187 videtur:
709 5126 841 5179 tum
872 5116 1025 5198 quia
1054 5115 1159 5178 hic
1190 5114 1443 5189 dicitur,
1471 5116 1605 5178 Non
1636 5134 1879 5179 reman-

378 5223 575 5293 sisset
592 5215 790 5281 Nabal
810 5214 1109 5295 mingens
1128 5214 1206 5275 ad
1230 5213 1556 5296 parictem,
1573 5232 1686 5295 per
1707 5216 1875 5295 quod

382 5338 517 5384 non
550 5318 737 5379 datur
766 5312 1055 5393 intelligi,
1072 5312 1243 5393 quod
1272 5330 1396 5374 non
1424 5312 1876 5392 permansisset

1995 4332 2244 4392 dicavit
2289 4350 2553 4390 causam
2603 4327 2933 4405 opprobrii
2981 4329 3110 4387 mei
3155 4329 3236 4388 de
3283 4349 3488 4389 manu

1997 4432 2213 4491 Nabal
2243 4449 2266 4488 .·
2299 4427 2362 4488 id
2393 4434 2512 4501 est,
2547 4424 2613 4487 in
2653 4443 2844 4487 causa
2873 4443 3064 4506 quam
3097 4423 3295 4487 habui
3335 4442 3484 4489 con-

1995 4538 2090 4591 tra
2119 4528 2313 4591 Nabal
2359 4534 2619 4609 propter
2658 4526 2849 4587 verba
2883 4524 3302 4606 opprobriosa
3343 4545 3487 4607 quae

1990 4628 2328 4692 adversum
2369 4643 2472 4688 me
2521 4624 2806 4707 protulit,
2839 4623 3154 4706 judicavit
3198 4645 3312 4707 pro
3355 4646 3477 4704 me,

1989 4724 2173 4787 illum
2206 4722 2530 4807 puniendo
2551 4729 2810 4803 propter
2840 4741 3026 4783 suum
3057 4732 3483 4801 excessum‚et

1989 4825 2109 4889 hoc
2141 4825 2312 4887 infra
2345 4824 2561 4885 decem
2596 4822 2754 4897 dies,
2796 4830 2866 4883 ut
2905 4840 3094 4903 poena
3123 4824 3476 4905 proportio-

1990 4931 2248 4985 naretur
2295 4920 2520 5002 culpae,
2557 4917 2860 4999 quoniam
2899 4919 3119 4982 decem
3162 4928 3342 4982 erant
3378 4922 3480 5002 ju-

1988 5039 2182 5086 venes
2231 5037 2389 5100 quos
2441 5016 2587 5079 misi
2636 5017 2713 5078 ad
2765 5034 2933 5093 eum,
2984 5034 3098 5097 per
3143 5036 3304 5098 quos
3349 5026 3476 5081 tam

1986 5115 2408 5199 opprobriosa
2447 5113 2640 5177 verba
2667 5112 2824 5173 mihi
2857 5113 3221 5189 mandavit3
3263 5125 3322 5175 et
3351 5137 3480 5177 ser-

1988 5237 2143 5277 vum
2189 5235 2382 5276 suum
2424 5214 2770 5273 custodivit
2820 5232 2860 5271 a
2911 5216 3106 5281 malo,
3153 5211 3216 5275 id
3259 5221 3356 5275 est
3398 5215 3478 5277 ab

1986 5311 2357 5389 homicidio,
2381 5322 2441 5372 et
2462 5311 2790 5371 malitiam
2812 5310 3030 5371 Nabal
3047 5312 3339 5373 reddidit
3358 5316 3478 5375 Do-
