4359 6250
644 1298 678 1341 n
690 1300 802 1354 λος.
818 1310 903 1348 xm,

640 1363 707 1404 37.

680 1426 700 1445 ¹*
729 1423 889 1468 Gessur

641 2084 902 2138 lRea.1x,l.

676 3275 795 3320 laid.
814 3290 900 3327 xm,

644 3340 716 3390 m
739 3352 808 3389 xv,
826 3341 902 3391 283

638 3414 721 3452 xvi,
741 3403 778 3451 1,
800 3404 864 3445 13.

653 3865 762 3909 Gen.
776 3879 885 3908 xxxv

934 458 1053 568 4'40

1588 523 1935 569 ENARRATlo
1978 524 2037 569 [N
2080 523 2218 569 CAP.
2265 524 2309 569 11
2350 523 2505 569 unm
2549 524 2800 570 SECUNDI
2843 525 3066 571 REGUH.
3111 543 3191 554 —
3231 525 3376 570 ΛΒΤ.
3419 524 3485 569 111

936 701 1032 754 est
1065 701 1293 755 terram
1334 693 1427 757 sic
1465 693 1725 768 dictam,
1762 695 1839 755 ad
1880 703 2109 756 terram
2153 693 2424 775 promis·
2453 694 2504 756 A
2534 695 2811 770 dientur,
2846 694 2956 756 diu
2989 702 3330 776 antequam
3351 695 3523 757 Isaac
3555 694 3676 756 fuit
3705 705 3919 768 natus-³,
3955 695 4018 755 in

936 791 1137 854 sionis
1185 791 1632 873 pertinentem.
1666 792 2112 854 Verumtamen
2162 792 2421 873 quidam

935 889 1159 952 dicunt
1194 890 1259 952 in
1292 890 1552 953 Hebraeo
1582 890 1825 967 haberi,
1863 890 2063 972 Super
2091 890 2333 968 Assuri,
2363 890 2424 953 id

934 997 1032 1050 est
1076 987 1311 1050 tribum
1356 989 1533 1050 Aser.
1568 989 1722 1051 Nam
1762 997 2047 1070 tempore
2092 989 2263 1066 Saul,
2301 988 2425 1051 filii

935 1087 1123 1149 Israel
1156 1087 1441 1149 nondum
1483 1087 1901 1150 obtinuerunt
1933 1088 2288 1150 dominium
2323 1107 2428 1149 su-

935 1204 1049 1269 per
1080 1203 1359 1264 regnum,
1376 1206 1491 1249 seu·
1518 1186 1911 1250 territorium
1932 1187 2201 1262 Gessuri,
2227 1207 2424 1268 quum

934 1293 1000 1347 et
1050 1284 1219 1347 inira
1268 1285 1537 1362 dicatur,
1590 1287 1757 1366 quod
1805 1285 2079 1349 Absalon
2132 1285 2300 1367 fugit
2347 1287 2424 1348 ad

935 1400 1148 1463 regem
1187 1382 1439 1446 Gessuri
1464 1383 1508 1460 ⁶,
1541 1392 1786 1466 patrem
1827 1385 2047 1446 matris
2086 1403 2218 1447 suae
2251 1403 2264 1445 z
2301 1385 2425 1446 nisi

937 1480 1155 1544 forsan
1186 1481 1441 1544 Gessuri
1481 1482 1585 1544 hic
1627 1491 1914 1545 sumatur
1954 1501 2071 1564 pro
2102 1483 2229 1546 alio
2263 1483 2421 1559 loco,

898 1579 903 1582 ’
934 1589 1043 1643 aut
1073 1580 1309 1662 oppido
1342 1581 1433 1644 sic
1466 1591 1709 1659 vocam,
1744 1582 1911 1644 sicut
1952 1580 2321 1663 frequenter
2360 1583 2423 1643 in

935 1679 1132 1741 simili
1177 1680 1409 1742 accidit
1453 1680 1521 1741 in
1568 1681 1934 1762 Scripturis.
1960 1685 2048 1742 Et
2082 1703 2276 1760 super
2293 1686 2428 1743 Jez-

933 1780 1093 1846 rael,
1128 1786 1187 1836 et
1228 1797 1421 1855 super
1458 1779 1807 1854 Ephraim,
1848 1788 1908 1838 ec
1953 1797 2145 1855 super
2189 1779 2426 1854 Benja-

2535 794 2720 875 cujus
2777 792 3147 874 posteritate
3207 793 3329 856 fuit
3391 793 3654 875 impleta
3703 793 3809 855 illa
3872 811 4022 874 pro-

2534 892 2778 974 missio.

2621 993 3074 1067 Quadraqinta
3105 1011 3431 1051 annorum
3471 1001 3610 1052 erat
3639 994 3910 1053 Isboseth
3953 996 4025 1068 fi-

2538 1090 2670 1148 lius
2715 1091 2886 1150 Saul
2931 1109 3134 1168 quum
3191 1109 3463 1164 reynare
3509 1093 3784 1168 coepisset
3829 1108 4026 1168 super

2537 1192 2762 1258 Israel,
2806 1197 2866 1248 et
2913 1189 3159 1248 duobus
3207 1191 3402 1248 annis
3454 1192 3770 1265 reynavic.
3809 1187 4026 1251 Abner

2537 1304 2689 1349 vero
2720 1305 2847 1349 non
2881 1285 3132 1349 videtur
3163 1287 3470 1349 excusari·
3491 1307 3527 1348 a
3557 1287 3763 1369 culpa,
3795 1306 4026 1369 procu-

2537 1385 2736 1448 rando
2782 1385 3244 1465 promotionem
3278 1384 3560 1448 Isboseth
3600 1385 3789 1468 hujus
3820 1386 3896 1447 in*
3933 1405 4026 1447 re-

2536 1500 2702 1563 gem,
2745 1483 3052 1564 quoniam
3095 1483 3286 1546 scivit.
3331 1501 3598 1563 regnum
3643 1484 3840 1547 fuisse
3885 1502 4026 1566 pro-

2539 1582 2803 1644 missum
2857 1580 2980 1663 ipsi
3029 1582 3226 1644 David
3277 1601 3314 1643 a
3361 1583 3487 1644 Deo
3540 1600 3554 1645 ε
3611 1581 3844 1645 idcirco
3897 1601 4022 1644 non

2537 1681 2760 1743 debuit
2810 1680 2940 1760 regi
2989 1680 3179 1743 David
3238 1680 3554 1743 resistere.
3611 1685 3760 1743 Sola
3803 1692 4022 1742 autem

2536 1783 2762 1840 domus
2792 1783 2970 1841 ‚Iuda
2996 1782 3372 1860 sequebatur
3389 1784 3634 1852 David,
3667 1780 4020 1843 obediendo

934 1877 1101 1944 min,
1131 1875 1251 1938 hoc
1281 1883 1389 1937 est·
1406 1873 1644 1936 tribum
1676 1875 2027 1956 Benjamin‚
2062 1894 2205 1957 quae
2242 1875 2426 1938 sami—
2462 1872 2508 1934 B
2537 1877 2593 1940 ei
2646 1885 2716 1938 ut
2761 1876 2916 1958 regi,
2952 1885 3016 1939 et
3059 1878 3446 1958 acceptando
3488 1897 3632 1941 eum
3673 1878 3738 1940 in
3778 1896 4012 1958 regem.

935 1973 1157 2036 liarius
1208 1993 1280 2037 ac
1327 1974 1768 2038 vehementius
1826 1976 2093 2038 adhaesit
2139 1975 2422 2040 Isboseth

932 2073 1320 2154 Benjamitae‚
1356 2073 1511 2155 quia
1552 2074 1631 2136 de
1676 2075 1876 2156 stirpe
1908 2075 2238 2156 Bcnjamin
2273 2075 2418 2152 suit,

930 2182 990 2232 et
1024 2192 1217 2250 super
1256 2174 1461 2232 Israel
1494 2174 1896 2244 universum,
1938 2173 1999 2234 id
2047 2182 2141 2236 est
2182 2182 2422 2237 ceteras

931 2268 1393 2346 Israeltribus,
1440 2270 1611 2333 trihu
1653 2271 1812 2333 Juda
1854 2281 2137 2353 excepta.
2194 2272 2423 2353 Sicque

931 2387 1045 2450 per
1094 2367 1531 2450 synecdochen
1578 2369 1852 2431 sumitur
1895 2369 2001 2432 hic
2052 2379 2253 2433 totum
2307 2388 2421 2452 pro

929 2474 1109 2549 parte
1140 2485 1255 2528 sua
1284 2465 1535 2547 maJ‘ori.

1016 2564 1507 2646 Intelligendum
1556 2574 1653 2628 est
1700 2575 1933 2644 autem,
1985 2569 2158 2648 >quod
2209 2568 2422 2631 Abner

927 2664 1038 2747 qui
1084 2672 1219 2727 erat
1265 2665 1449 2728 valde
1492 2672 1719 2746 potens
1766 2666 1831 2727 in
1877 2667 2135 2748 popu10,
2172 2667 2422 2729 induxit

930 2761 1227 2845 praefatos
1282 2761 1457 2826 filios
1506 2763 1696 2826 Israel
1756 2764 1836 2826 ad
1886 2765 2418 2828 consentiendum

930 2860 1218 2924 unctioni
1250 2860 1535 2924 Isboseth
1568 2880 1757 2944 super
1788 2881 1897 2926 eos
1936 2863 2004 2924 in
2037 2882 2273 2945 regem.
2310 2863 2422 2927 Ve-

932 2967 1289 3022 rumtamen
1331 2960 1705 3024 constitutio
1750 2961 1862 3023 illa
1891 2961 2172 3024 Isboseth
2219 2963 2285 3024 in
2331 2981 2423 3025 re-

2537 1975 2655 2038 Sed
2689 1974 2884 2056 objici
2916 1983 3144 2057 potest,
3175 1977 3343 2057 quod
3377 1976 3442 2038 in
3481 1976 3684 2058 primo
3725 1976 3888 2040 libro
3918 1977 4020 2038 Pa·

2536 2073 2975 2155 ralipomenon
3017 2073 3314 2153 leguntur
3352 2075 3537 2138 valde
3571 2075 3756 2137 multi
3795 2076 4018 2138 confu-

2531 2172 2702 2253 gisse
2745 2174 2823 2235 ad
2866 2173 3086 2250 David,
3118 2193 3318 2254 quum
3361 2174 3568 2236 adhuc
3612 2183 3776 2238 essct
3819 2174 3882 2236 in
3933 2174 4019 2236 Si·

2534 2271 2752 2352 celeg3⁴
2775 2271 3006 2334 deinde
3035 2291 3234 2353 quum
3266 2280 3398 2334 erat
3431 2271 3498 2334 in
3531 2272 3800 2350 Hebron,
3831 2273 4016 2336 valde

2533 2369 2736 2436 multa
2766 2369 2971 2432 millia
2992 2370 3070 2432 de
3102 2370 3372 2433 diversis
3404 2369 3692 2432 tribubus
3713 2371 3894 2434 Israel
3915 2389 4016 2434 ve-

2534 2476 2768 2530 nerunt
2799 2468 2877 2530 ad
2917 2486 3088 2544 eum,
3123 2476 3194 2529 ut
3234 2477 3398 2531 essct
3436 2487 3654 2532 eorum
3689 2488 3816 2546 rex,
3848 2470 4016 2532 Isbo-

2533 2566 2672 2628 seth
2716 2567 2924 2628 adhuc
2969 2566 3225 2629 viv-ente
3264 2575 3459 2649 atque
3505 2577 3830 2647 regnante.
3863 2568 4012 2630 Nam

2536 2665 2764 2745 legitur
2796 2664 2884 2727 ibi
2923 2681 2937 2725 ε
2974 2664 3056 2727 De
3090 2663 3246 2726 filiis
3287 2674 3497 2728 autem
3529 2665 3859 2747 Benjamin
3895 2666 4014 2728 tria

2533 2764 2736 2825 millia
2767 2772 3080 2826 venerunt
3111 2765 3188 2826 ad
3215 2783 3383 2826 eum.
3419 2765 3639 2844 Magna
3669 2766 3838 2828 enim
3870 2785 4011 2847 pars

2532 2881 2750 2924 eorum
2784 2862 2993 2924 adhuc
3025 2861 3410 2943 sequebatur
3439 2864 3698 2926 domum
3733 2863 3897 2925 Saul.
3922 2864 4010 2925 Ad

2533 2961 2667 3023 haec
2701 2960 3212 3042 respondendum
3244 2961 3519 3038 videtur,
3545 2963 3716 3043 quod
3749 2962 3882 3025 sola
3913 2962 4015 3024 tri-

930 3074 1075 3138 gem
1126 3075 1317 3140 super
1368 3057 1534 3136 illos,
1591 3076 1720 3121 non
1771 3057 1896 3120 fuit
1953 3059 2258 3141 legitima,
2313 3060 2421 3124 sed
2459 3065 2502 3129 C
2535 3059 2654 3121 bus
2701 3059 2860 3121 Juda
2911 3067 3044 3122 tota
3091 3069 3154 3121 et
3207 3059 3452 3141 integra
3499 3061 3882 3143 sequebatur
3910 3061 4015 3122 Da-

935 3157 1336 3239 usurpativa3
1372 3178 1489 3221 nec
1521 3158 1647 3221 fuit
1670 3160 1751 3221 de
1780 3160 1941 3241 jure,
1958 3161 2068 3222 sed
2100 3160 2178 3222 de
2211 3159 2378 3223 facto
2405 3179 2418 3223 :

933 3255 1085 3338 quia
1133 3254 1500 3337 frequenter
1545 3257 1919 3339 praedixerat
1948 3258 2110 3320 Deus
2158 3276 2420 3337 regnum

933 3354 1409 3418 auferenduma
1442 3356 1683 3420 semine
1713 3356 1962 3433 Saul,et
1993 3358 2204 3439 ipsum
2231 3358 2422 3421 David

934 3451 1087 3517 fecit
1116 3454 1269 3533 ungi
1298 3472 1411 3536 per
1432 3454 1787 3517 Samuelem
1822 3454 1887 3516 in
1919 3474 2153 3536 regem.
2175 3455 2426 3518 Praeter-

932 3570 1007 3614 ea
1035 3552 1685 3635 advertendum,quia
1702 3562 1774 3615 ut
1806 3552 1998 3616 refert
2020 3554 2200 3635 Lyra,
2223 3554 2422 3616 Rabbi

934 3649 1229 3713 Salomon
1261 3650 1418 3713 dicit
1439 3650 1649 3733 ipsum
1669 3651 1883 3714 Abner
1912 3652 2322 3715 constituisse
2341 3652 2424 3715 ls-

933 3746 1156 3811 boseth
1207 3768 1444 3829 regem,
1493 3750 1571 3811 ad
1624 3748 2089 3813 verificandum
2136 3752 2309 3831 quod
2354 3750 2422 3812 in

891 3899 901 3918 ,
932 3846 1157 3910 Genesi
1191 3849 1354 3911 Deus
1388 3849 1637 3911 locutus
1670 3847 1794 3910 fuit
1824 3850 1903 3911 ad
1946 3848 2138 3911 Jacob
2173 3869 2188 3913 :
2223 3848 2421 3929 Reges

932 3965 1008 4009 ex
1051 3956 1113 4009 te
1160 3947 1589 4028 egredientur,
1640 3956 1703 4010 et
1754 3956 1966 4010 tamen
2017 3965 2240 4010 omnes
2293 3946 2420 4009 filii

929 4044 1121 4107 Jacob
1169 4054 1351 4108 erant
1400 4054 1552 4108 tunc
1602 4046 1734 4107 nati
1786 4055 2014 4127 praeter
2061 4045 2416 4127 Benjamin.

935 4143 1164 4224 Sicque
1196 4143 1630 4225 significatum
1676 4142 1821 4222 fuit,
1858 4146 2028 4226 quod
2060 4145 2120 4207 ei
2150 4147 2230 4207 de
2268 4144 2424 4207 Ben-

2535 3160 2664 3222 vid.
2699 3159 2784 3221 De
2815 3158 2958 3220 aliis
3001 3177 3153 3222 vero
3185 3159 3478 3221 tribubus
3511 3160 3712 3242 aliqui
3736 3160 4014 3243 quotidie

2535 3258 2960 3337 confugerunt
3002 3258 3080 3319 ad
3123 3258 3340 3334 David,
3391 3266 3580 3339 prout
3625 3260 3690 3320 in
3739 3260 4014 3341 praealle—

2532 3366 2678 3437 gato
2711 3356 2873 3419 libro
2905 3357 3055 3419 satis
3089 3357 3400 3420 innuitur.
3437 3362 3522 3419 Et
3550 3361 3688 3439 fait
3717 3378 4014 3419 numerus

2534 3459 2790 3517 dierum
2821 3476 2972 3535 quos
3015 3466 3440 3517 commoratus
3467 3468 3558 3517 est
3586 3459 3806 3517 David
3834 3460 4014 3535 impe-

2535 3575 2690 3615 rans
2735 3556 2806 3613 in
2839 3556 3092 3615 Hebron
3137 3574 3328 3631 super
3371 3558 3630 3615 domum
3660 3560 3863 3626 Juda,
3890 3576 4014 3633 sep-

2536 3662 2654 3713 tem
2691 3670 3014 3713 annorum
3045 3661 3104 3712 ec
3133 3672 3244 3711 seoe·
3273 3655 3616 3714 mensium.

2641 3753 3074 3828 Eyressusque
3119 3760 3208 3810 esc
3257 3753 3477 3812 Abner
3519 3753 3704 3828 filius
3755 3754 3912 3821 Ner,
3957 3763 4012 3811 et

2523 3850 2744 3927 pueri,
2781 3848 2899 3910 hoc
2930 3856 3027 3909 cst
3058 3847 3226 3910 servi
3259 3867 3369 3911 seu
3399 3848 3587 3911 etiam
3621 3850 3896 3929 cognati,
3930 3854 4013 3911 Is-

2533 3949 2736 4008 boseth
2759 3948 2893 4024 filii
2913 3950 3081 4009 Saul
3099 3950 3178 4006 de
3197 3950 3448 4017 ccl-stria,
3463 3947 3528 4008 id
3557 3956 3654 4009 est
3683 3949 3763 4010 de
3795 3948 4012 4009 turmis

2534 4064 2644 4107 seu
2677 4044 3118 4107 mansionibus
3160 4044 3313 4120 suiS,
3349 4047 3422 4105 in
3455 4048 3742 4116 Gabaon,
3773 4046 3894 4109 hoc
3923 4056 4012 4109 est

2531 4144 2608 4206 ad
2645 4144 2855 4207 locum
2889 4161 3088 4225 prope
3129 4144 3352 4206 urbem
3394 4144 3486 4206 sic
3522 4143 3783 4220 dictam,
3819 4145 3918 4207 vel
3949 4146 4012 4206 in

930 4240 1132 4322 jamin
1183 4249 1394 4305 essent
1444 4243 1571 4306 duo
1621 4262 1801 4322 reges
1849 4242 2070 4320 futuri,
2124 4244 2422 4308 videlicet
2451 4242 2500 4303 D
2532 4241 2788 4305 Gabaon
2822 4251 3155 4323 coepcrunt
3184 4242 3642 4321 egredi.Porro
3660 4246 4012 4321 Joabfile’us

933 4339 1079 4402 Saul
1110 4348 1173 4402 et
1202 4339 1506 4404 Isboseth.
1544 4341 1663 4404 Sed
1699 4342 1866 4404 istud
1901 4342 2141 4403 nullius
2167 4341 2420 4405 videtur

931 4437 1189 4501 valoriS.
1223 4439 1377 4502 Nam
1417 4441 1565 4503 dato
1608 4441 1779 4521 quod
1824 4441 1903 4503 de
1944 4440 2079 4503 solo
2109 4440 2269 4503 Juda
2297 4442 2418 4504 orti

933 4535 1207 4601 fuissent
1245 4556 1446 4619 regeS,
1479 4539 1690 4602 adhuc
1726 4539 2064 4602 verificata
2102 4548 2268 4602 esset
2310 4540 2422 4602 illa

935 4636 1296 4718 promissio.
1330 4637 1590 4700 Constat
1634 4656 1933 4719 namque,
1986 4637 2158 4719 quod
2206 4638 2419 4699 nullus

932 4735 1444 4800 immediatorum
1492 4734 1780 4799 filiorum
1809 4736 1999 4800 Jacob
2043 4756 2151 4800 rex
2198 4735 2414 4814 fuerit,

930 4836 1041 4900 sed
1086 4835 1150 4897 in
1196 4836 1465 4919 posteris
1513 4835 1638 4898 fuit
1684 4835 1943 4917 sponsio
1986 4836 2097 4899 illa
2130 4836 2414 4918 impleta.

930 4936 1053 4997 Nec
1086 4934 1278 4997 etiam
1309 4954 1422 5017 per
1451 4934 1647 4998 verba
1668 4935 1779 4997 illa
1798 4933 2236 5015 significatum
2270 4933 2413 5012 fuit,

928 5033 1101 5114 quod
1150 5033 1230 5095 de
1276 5032 1564 5114 quolibet
1625 5032 1909 5095 filiorum
1959 5032 2150 5095 Jacob
2208 5040 2419 5095 essent

929 5150 1107 5211 reges
1136 5131 1468 5208 nascituri,
1491 5131 1620 5193 imo
1655 5150 1769 5193 nec
1803 5132 1931 5193 nati
1966 5140 2135 5193 sunt.
2156 5132 2418 5213 Insuper

928 5229 993 5291 in
1027 5229 1252 5293 Genesi
1291 5230 1521 5310 legitur
1553 5230 1716 5292 Deus
1746 5229 2015 5292 Abrahae
2046 5230 2416 5311 promisisse

628 5344 895 5399 manns.
926 5347 1053 5391 non
1102 5328 1296 5391 semel
1346 5328 1673 5390 dumtaxat
1715 5348 1729 5392 :
1764 5328 1961 5408 Reges
2007 5347 2081 5390 ex
2136 5333 2194 5391 te
2242 5347 2414 5410 egre-

2531 4344 2807 4411 Sarvia’,
2845 4352 2904 4401 ec
2941 4343 3160 4418 paeri,
3197 4340 3260 4402 id
3307 4349 3401 4403 est
3440 4341 3718 4403 ministri
3759 4361 3833 4405 ac
3877 4360 4014 4424 pro-

2530 4439 2782 4521 pinqui,
2811 4442 3052 4509 David,
3071 4442 3306 4517 eqressi
3323 4450 3498 4511 sunt,
3521 4449 3581 4499 et
3599 4450 4012 4501 occurrerunt

2529 4540 2832 4615 eisjuoeta
2847 4539 3175 4615 piscinam
3196 4540 3268 4598 in
3295 4540 3574 4609 Gabaon,
3599 4536 3720 4601 hoc
3751 4547 3848 4601 est
3879 4558 4014 4621 pro-

2529 4655 2610 4717 pe
2630 4636 2938 4717 oppidum
2971 4634 3131 4698 illud
3155 4636 3217 4697 in
3241 4654 3486 4718 campo.
3512 4636 3647 4698 Non
3669 4636 3842 4699 enim
3871 4654 4014 4700 con·

2529 4743 2841 4797 venerunt
2872 4734 3039 4796 intra
3071 4733 3316 4796 urbem.
3357 4738 3440 4796 Ec
3469 4752 3667 4814 quum
3703 4736 3772 4795 in
3807 4756 4012 4795 unum

2529 4834 2737 4897 locum
2769 4835 3232 4905 convenissent,
3257 4852 3331 4895 ex
3361 4832 3655 4895 condicto
3687 4835 3786 4913 (ut
3813 4833 4012 4914 aliqui

2526 4934 2896 5015 opinantur)
2937 4932 3074 4995 sive
3114 4951 3191 4995 ex
3234 4951 3406 5007 casu,
3439 4934 3782 5009 e‘reyione,
3824 4932 3887 4993 id
3915 4942 4013 4994 est

2529 5051 2604 5094 ex
2636 5030 2951 5113 opposito,
2978 5034 3280 5113 sederunt
3304 5032 3377 5090 ln·
3407 5031 3514 5090 in*
3547 5050 3680 5091 una
3707 5040 3896 5109 parte
3917 5034 4016 5107 pi·
4075 5052 4088 5068 ·
4111 5062 4153 5090 es

2525 5134 2744 5201 scinoe,
2775 5141 2834 5190 et
2875 5131 2982 5189 illi
3025 5150 3105 5189 cx
3138 5133 3342 5189 altera
3382 5137 3581 5211 parte.
3617 5128 3864 5191 Piscina
3905 5148 4016 5190 au-

2528 5238 2653 5291 tem
2679 5236 2936 5291 vocatur
2965 5226 3370 5307 congregatio
3399 5245 3732 5307 aquarum,
3755 5244 4016 5309 praeser-

2527 5326 2639 5389 tim
2673 5324 3072 5408 pluvialium.
3109 5326 3422 5404 Dimitqae
3456 5328 3781 5386 Abnerad
3805 5328 4012 5386 Joab:

4070 1997 4084 2040 l
4100 1999 4190 2039 PU.
4201 2009 4252 2041 ιιι.

4061 2683 4160 2726 Im.
4183 2687 4232 2722 2³.
