4359 6250
895 459 1014 523 496
1455 475 1802 523 mannum
1845 479 1908 524 ιΝ
1951 477 2088 523 car.
2134 478 2173 523 x
2220 477 2376 524 amm
2418 477 2671 524 saeuum
2711 479 2936 526 nacon.
2982 500 3063 510 —
3104 482 3246 527 aar.
3292 483 3419 528 xvn

611 663 862 719 anaqam,
892 649 1198 731 quoniam
1231 649 1371 732 Syri
1401 670 1546 713 cum
1575 650 1718 713 aliis
1749 658 1931 713 erant
1969 648 2207 712 subditi
2252 647 2383 728 regi
2414 647 2466 709 A
2495 661 2651 722 stro,
2678 663 2738 713 et
2758 673 2882 732 pro
2910 656 3173 714 civitate
3200 657 3324 716 Dei
3352 655 3601 715 nostri:
3622 673 3701 716 ne
3731 651 4009 716 scilicet

598 729 640 770 ⁶·
895 748 1110 824 David,
1158 757 1220 812 et
1266 747 1612 812 servientes
1660 748 1722 811 ei
1771 748 1890 810 sub
1941 747 2201 824 tributo,
2236 745 2387 808 infi-
2494 750 2837 814 adversarii
2880 752 3081 814 nostri
3133 751 3437 816 invadant
3473 760 3537 814 et
3572 759 3829 816 vastent
3866 759 4013 813 ter-

609 1153 675 1199 Cl'.
687 1153 742 1198 tv
753 1154 861 1208 Rea.

595 1230 693 1268 xvu,
711 1219 752 1259 4.

893 846 1120 910 deliter
1162 854 1448 928 egerunt,
1481 847 1854 910 associando
1895 866 1963 910 se
2002 844 2383 909 adversariis

893 945 1112 1022 David,
1147 953 1212 1008 et
1242 951 1462 1008 contra
1491 965 1636 1008 eum
1668 945 2010 1027 pugnando
2047 961 2060 1006 :
2094 944 2265 1026 quod
2298 951 2384 1004 ta-

893 1063 1040 1107 men
1071 1053 1360 1125 egerunt,
1395 1053 1465 1106 ut
1509 1044 1932 1107 liberarentur
1971 1043 2051 1106 ab
2097 1042 2236 1123 ejus
2280 1041 2386 1104 do-

891 1143 1093 1206 minio
1123 1161 1196 1205 ac
1226 1141 1489 1219 tributo,
1515 1143 2053 1224 quemadmodum
2090 1140 2383 1204 Sedecias

893 1261 1002 1305 rex
1031 1241 1298 1323 cupiens
1329 1240 1588 1328 liberari
1612 1261 1648 1304 a
1670 1243 1827 1323 jugo
1857 1251 1920 1304 et
1950 1241 2189 1304 tributo
2209 1241 2380 1322 quod

897 1341 1028 1421 regi
1077 1339 1410 1422 Babylonis
1459 1340 1764 1418 solvebat,
1818 1339 1994 1402 misit
2041 1341 2118 1402 ad
2169 1357 2381 1419 regem

893 1438 1163 1522 AEgypti,
1199 1448 1266 1501 ut
1297 1439 1690 1503 sociarentur
1720 1448 1942 1504 contra
1970 1439 2319 1503 chaldaeos.

991 1541 1221 1599 Viden-s·
1253 1560 1400 1616 erqo
1426 1541 1582 1601 Joab
1613 1543 1784 1620 quod
1805 1548 2256 1618 proeparatum
2294 1559 2385 1598 es·-

861 1633 978 1697 'set
999 1641 1305 1698 adversus
1333 1659 1396 1698 se
1417 1640 1752 1715 prndium,
1771 1648 1831 1698 et
1852 1659 1932 1697 θα·
1959 1641 2249 1705 adverso,
2271 1635 2383 1698 sci-

891 1732 1041 1796 licet
1070 1742 1218 1796 ante
1248 1743 1519 1816 portam,
1553 1746 1613 1796 et
1635 1745 1779 1812 post
1812 1745 2083 1812 teryum,
2120 1741 2274 1814 puta
2313 1733 2379 1794 in

2494 867 2629 912 ram
2658 869 2731 912 ac
2761 849 3010 931 plebem
3044 859 3347 927 nostram,
3366 859 3741 931 nostrasque
3758 849 4002 923 urbeS,

2493 948 2846 1028 praesertim
2884 949 3437 1032 metropolitanam
3464 948 3835 1024 Jerusalem,
3874 947 4004 1010 ubi

2494 1054 2642 1107 sunt
2672 1055 2889 1110 sancta
2918 1055 3155 1111 nostra.
3186 1051 3506 1110 Dominus
3534 1057 3749 1108 autem
3778 1047 4005 1125 faciet

2493 1149 2664 1223 quod
2701 1147 2935 1206 bonum
2972 1157 3063 1207 est
3102 1149 3176 1207 in
3204 1156 3539 1224 conspectu
3572 1166 3709 1218 8210,
3742 1145 3807 1206 id
3860 1153 3999 1215 est,

2491 1242 2570 1304 de
2616 1243 2791 1306 exitu
2840 1243 2993 1307 belli
3040 1244 3359 1327 disponet,
3413 1252 3601 1326 prout
3646 1243 4001 1325 sapientiae

2490 1348 2681 1422 atque
2708 1341 2971 1423 justitiae
3002 1362 3130 1406 suae
3160 1343 3489 1424 placuerit.
3526 1342 3591 1404 ln
3632 1341 3733 1404 bis
3764 1341 3997 1404 verbis

2495 1439 2843 1502 insinuavit
2878 1441 3031 1504 Joab
3070 1441 3399 1504 victoriam
3440 1460 3477 1502 a
3512 1441 3729 1504 divina
3772 1439 3999 1522 provi-

2490 1539 2706 1601 dentia
2745 1539 3124 1621 dependere,
3170 1549 3363 1621 atque
3402 1539 3467 1602 in
3506 1539 3631 1602 Deo
3662 1539 3997 1620 principa-

2491 1636 2635 1699 liter
2672 1656 2811 1700 esse
2854 1638 3236 1719 sperandum
3278 1638 3343 1699 in
3382 1637 3640 1720 praeliis,
3676 1637 3995 1718 quemad-

2490 1735 2752 1798 modum
2800 1735 3097 1800 Salomon
3152 1736 3261 1814 ait,
3313 1736 3531 1818 Equus
3588 1743 3849 1817 paratur
3901 1737 3987 1798 ad
4050 1761 4273 1804 emam.

889 1851 1136 1914 campe,
1174 1831 1284 1894 ubi
1326 1832 1762 1896 conducticius
1801 1831 2007 1896 stabat
2039 1832 2375 1895 exercitus.
2414 1831 2461 1893 B
2489 1833 2657 1896 diem
2708 1833 2881 1911 belli,
2930 1835 3233 1897 Dominus
3282 1843 3493 1898 autem
3541 1834 3809 1897 salutem
3860 1835 3989 1896 tri·
4022 1827 4095 1866 ³¹·

889 1931 1014 1995 Hoc
1046 1932 1216 1994 enim
1248 1932 1515 1995 callidus
1543 1931 1718 2008 Joab,
1744 1939 2039 2013 expertus
2070 1931 2137 1992 in
2168 1949 2237 1993 re
2268 1929 2380 1992 mi÷

891 2029 1060 2093 litari
1106 2050 1176 2092 ac
1219 2029 1469 2106 bellica,
1515 2029 1962 2106 consideravit,
2013 2037 2120 2091 aut
2169 2029 2380 2110 inqui-

890 2131 1087 2192 rendo
1128 2129 1412 2211 percepit
1447 2146 1461 2191 :
1496 2128 1650 2210 quia
1689 2129 1754 2190 in
1795 2127 1982 2191 bellis
2024 2129 2168 2210 plus
2210 2128 2379 2192 valet

889 2227 1246 2310 prudentia,
1266 2247 1458 2309 quam
1481 2225 1790 2290 fortitudo
1820 2245 2142 2309 corporea.
2162 2229 2379 2304 Elegit

887 2328 1014 2386 sibi
1054 2347 1135 2386 em
1178 2328 1472 2387 omnibus
1520 2328 1730 2385 electis
1771 2327 2002 2395 Israel,
2035 2325 2098 2387 id
2150 2332 2267 2400 est,
2302 2345 2377 2388 ex

889 2423 1203 2486 militibus
1252 2431 1315 2486 et
1365 2422 1822 2505 pugnatoribus
1881 2421 2377 2502 elegantioribus

889 2523 988 2585 sui
1021 2521 1333 2586 exercitus
1363 2521 1710 2603 assumpsit
1738 2540 1900 2602 quos
1931 2521 2154 2598 voluit,
2190 2532 2250 2582 et
2284 2524 2379 2581 in-

885 2623 1152 2694 struoeit,
1198 2621 1317 2683 hoc
1365 2628 1462 2682 est
1513 2619 1855 2696 ordinavit,
1905 2619 2004 2682 vel
2055 2620 2245 2682 etiam
2300 2621 2378 2683 de

888 2720 1076 2783 modo
1106 2719 1430 2802 pugnandi
1461 2737 1534 2781 ac
1564 2718 1948 2799 procedendi
1981 2717 2373 2796 informavit,

887 2821 1110 2890 aciem,
1145 2817 1208 2880 id
1253 2826 1349 2880 est
1393 2816 1669 2879 militum
1713 2835 1974 2880 suorum
2022 2817 2380 2880 multitudi-

889 2935 1032 2979 nem
1083 2917 1438 2980 ordinatam
1491 2917 1568 2978 ad
1623 2934 1927 2997 pugnam,
1973 2926 2199 2976 contra
2250 2919 2377 2993 Sy-

2489 1931 2641 1994 buet
2676 1949 2689 1993 :
2726 1932 2929 1996 nihilo
2967 1933 3183 1995 minus
3224 1941 3602 2015 pugnatores
3635 1931 3845 1995 facere
3878 1933 3991 1996 de-

2488 2029 2639 2094 bent
2684 2033 2852 2112 quod
2902 2030 2970 2093 in
3018 2030 3177 2113 ipsis
3226 2040 3341 2096 est.
3376 2031 3660 2113 Denique
3698 2031 3772 2094 ad
3812 2031 3983 2094 Ioab

2489 2129 2867 2211 pertinebat,
2923 2130 3013 2192 sic
3065 2130 3225 2194 alios
3278 2130 3615 2207 exhortari,
3668 2129 3985 2210 quoniam

2491 2227 2788 2310 princeps
2847 2228 2971 2290 fuit
3023 2228 3287 2291 militiae.
3340 2231 3504 2290 Iniit
3552 2230 3773 2308 itaque
3815 2231 3988 2289 Joab

2487 2337 2547 2388 et
2586 2332 2873 2406 populus
2907 2329 3049 2406 eju-s
3091 2331 3208 2408 qui
3242 2339 3427 2390 erant
3464 2347 3611 2388 cum
3648 2348 3739 2398 80,
3772 2338 3988 2388 oerea-

2488 2446 2632 2486 men
2670 2437 2891 2487 contra
2934 2430 3155 2504 Syro-3,
3188 2428 3306 2506 qui
3332 2429 3554 2488 statim
3582 2427 3909 2503 fugerunt
3940 2449 3985 2487 a

2487 2527 2654 2604 facie
2696 2527 2837 2602 ejus
2868 2545 2890 2585 .·
2930 2525 3082 2606 quia
3126 2526 3289 2588 Deus
3332 2525 3733 2607 omnipotens
3780 2525 3986 2587 corda

2488 2622 2783 2704 Syrorum
2838 2624 3199 2706 perterruit,
3240 2613 3696 2705 obstupefecit,
3744 2621 3986 2684 debili-

2488 2721 2665 2784 tavit.
2701 2724 2869 2784 Filii
2912 2732 3130 2784 autem
3172 2725 3448 2784 Ammon
3488 2723 3769 2782 videntes
3811 2725 3983 2801 quia

2485 2821 2803 2897 fuyissent
2840 2823 3027 2898 Syri,
3063 2822 3381 2898 fuyerunt
3426 2830 3486 2880 et
3532 2821 3663 2896 ipsi
3707 2841 3749 2880 a
3799 2821 3984 2897 facie

2486 2921 2735 2991 Abisai,
2766 2929 2824 2979 et
2856 2920 3131 2996 inyressi
3168 2929 3319 2980 sunt
3348 2920 3696 2980 civitatem.
3732 2921 3983 2980 Rever-

887 3037 1059 3086 rum,
1084 3015 1149 3077 id
1179 3023 1276 3077 est
1307 3014 1606 3096 Syrorum
1636 3014 2007 3090 exercitum,
2033 3033 2224 3095 quem
2258 3015 2378 3077 sci·
2412 3017 2456 3081 C
2484 3037 2713 3094 susque
2750 3027 2839 3077 est
2873 3019 3030 3078 Joab
3074 3038 3119 3076 a
3164 3019 3326 3094 filiis
3355 3019 3660 3085 Ammon,
3687 3025 3747 3076 et
3793 3019 3979 3077 venit

887 3113 981 3177 vit
1027 3132 1165 3176 esse
1216 3112 1636 3177 robustiorem
1691 3130 1704 3175 :
1756 3112 1899 3177 ideo
1957 3113 2377 3195 personaliter

773 3228 778 3233 ·
887 3221 1109 3277 contra
1137 3231 1244 3276 eos
1275 3230 1652 3293 congressus
1683 3221 1799 3289 est,
1823 3220 2120 3293 tanquam
2148 3212 2247 3275 vir
2276 3232 2379 3275 au·

887 3312 1029 3373 dax.
1063 3311 1323 3393 Propter
1354 3311 1524 3392 quod
1567 3310 1757 3373 etiam
1799 3309 2094 3373 fortiores
2139 3310 2375 3373 milites

887 3428 1102 3472 secum
1133 3408 1478 3490 assumpsit
1509 3416 1728 3471 contra
1758 3408 2006 3491 Syrum.
2031 3412 2377 3489 Reliquam

886 3518 1102 3570 autem
1126 3518 1384 3587 partem
1411 3510 1660 3585 populi,
1679 3506 1741 3568 id
1774 3515 1871 3569 est
1893 3506 2096 3569 exemi
2109 3516 2229 3584 tus,
2252 3518 2377 3569 tra—

885 3608 1060 3667 didit
1087 3608 1319 3667 Abisai
1348 3607 1556 3682 fratri
1595 3625 1736 3674 suo,
1767 3605 1887 3667 hoc
1933 3614 2029 3667 est
2071 3606 2192 3667 sub
2236 3606 2375 3687 ejus

884 3704 1283 3767 directione:
1325 3703 1476 3785 quia
1523 3702 1870 3766 exercitum
1923 3722 2107 3765 suum
2157 3703 2376 3767 divisit

887 3805 952 3867 in
985 3805 1142 3867 duas
1172 3812 1407 3886 parteS‚
1443 3802 1795 3865 secundum
1825 3803 1998 3883 quod
2027 3803 2375 3867 adversarii

884 3910 1066 3966 erant
1098 3902 1162 3963 in
1196 3903 1354 3964 duas
1385 3909 1594 3983 partes
1626 3900 1838 3977 divisi,
1863 3908 2177 3983 quatenus
2209 3910 2379 3963 utra-

885 4020 1011 4081 que
1042 4019 1186 4082 pars
1225 3998 1735 4062 adversariorum
1783 3998 2267 4080 impugnaretur
2296 4000 2377 4062 ab

884 4106 1072 4172 ante;
1129 4100 1247 4177 qui
1292 4098 1538 4157 diremit
1589 4100 1790 4158 aciem
1850 4100 1938 4157 ad
1947 4118 2158 4158 versu-s
2205 4100 2377 4175 filios

2482 3117 2859 3176 Jerusalem.

2580 3215 2874 3275 Videntes
2913 3215 3123 3291 iyitur
3156 3215 3292 3292 filii
3329 3217 3608 3274 Ammon
3656 3216 3973 3293 quoniam

2485 3314 2697 3389 Syrus
2738 3314 3022 3389 eoepavit,
3056 3322 3116 3373 et
3153 3313 3463 3392 quoniam
3500 3314 3838 3373 corruisset.
3877 3333 3975 3373 co-

2485 3431 2629 3470 ram
2651 3414 2878 3483 Israel,
2892 3412 3262 3488 congreqati
3276 3420 3427 3471 sunt
3438 3412 3715 3487 pariter,
3730 3418 3801 3471 ut
3820 3428 3971 3473 cum

2487 3507 2734 3571 fortiori
2776 3508 3056 3571 exercitu
3087 3516 3441 3590 pugnarent
3473 3516 3693 3570 contra
3720 3507 3973 3571 Hebrae-

2485 3625 2578 3670 OS.
2625 3608 2933 3687 Misitque
2970 3610 3301 3667 Adarezer
3347 3625 3453 3668 rex
3498 3616 3559 3667 et
3604 3608 3861 3677 eduxit,
3904 3607 3969 3669 id

2485 3714 2601 3781 est,
2635 3705 2713 3767 ad
2758 3724 2826 3767 se
2872 3704 3140 3781 vocavit,
3174 3708 3375 3783 Syros
3402 3707 3517 3785 qui
3555 3714 3744 3765 erant
3788 3715 3972 3767 trans

2484 3805 2766 3880 fluvium
2796 3802 3259 3883 Mesopotamiae
3288 3821 3401 3866 seu
3426 3802 3814 3883 Euphraten.
3846 3802 3973 3865 Un-

2487 3904 2565 3965 de
2596 3902 2662 3964 in
2691 3902 2879 3965 Josue
2907 3900 3074 3964 libro
3100 3900 3373 3965 habetur
3406 3918 3421 3963 t
3457 3900 3655 3963 Trans
3692 3901 3971 3962 fluvium
4000 3924 4153 3967 soe-e
4166 3938 4249 3966 m
4321 3972 4323 3981 Ξ

2485 3999 2934 4064 habitaverunt
2963 4007 3173 4081 patres
3202 3999 3419 4062 vestri.
3446 4001 3531 4061 Et
3557 4001 3845 4060 acida-vit
3874 4018 3975 4059 eo-
4004 3988 4050 4030 ²·

2484 4121 2634 4161 rum
2652 4100 3019 4159 exercitam.
3036 4099 3278 4157 Soback
3298 4108 3511 4159 autem
3530 4098 3839 4174 mayister
3858 4100 3976 4157 mi-

884 4200 1193 4258 Ammon.
1213 4199 1300 4258 Et
1319 4198 1416 4257 ait
1435 4198 1593 4257 Joab
1614 4213 1637 4256 .·
1661 4196 1740 4258 Si
1762 4198 2237 4273 praevaluerint
2268 4200 2378 4257 ad-
2408 4202 2455 4264 D
2486 4200 2647 4259 litim
2665 4200 3010 4266 Adarezer,
3030 4206 3169 4257 erat
3190 4198 3493 4273 princeps
3520 4215 3758 4257 eorum.
3788 4200 3975 4265 Quod

887 4316 1142 4356 versum
1171 4316 1269 4356 me
1291 4296 1474 4373 Syri,
1492 4297 1621 4357 eris
1651 4296 1821 4354 mihi
1847 4297 1914 4354 in
1938 4296 2374 4371 adjutorium,

883 4402 1194 4476 quantum
1225 4392 1531 4475 potueriS,
1566 4401 1631 4456 et
1661 4392 2035 4474 praesertim,
2070 4393 2124 4454 si
2155 4393 2377 4456 adver-

885 4493 1086 4556 sarios
1130 4500 1274 4557 tuos
1317 4491 1663 4573 fugaveriS,
1699 4492 1800 4555 vel
1841 4492 2101 4574 quidam
2141 4494 2221 4556 de
2268 4502 2375 4557 tuo

884 4592 1166 4655 exercitu
1197 4592 1549 4673 adjungent
1581 4610 1648 4653 se
1679 4590 1874 4665 mihi3
1915 4594 1976 4651 si
1996 4602 2215 4653 autem
2242 4595 2377 4671 filii

884 4694 1164 4752 Ammon
1187 4691 1664 4768 proevaluerint
1693 4693 2038 4751 adversum
2071 4701 2152 4760 te,
2180 4694 2376 4751 aum·-

887 4791 1092 4850 liabor
1125 4790 1267 4858 tibi,
1300 4787 1366 4848 in
1397 4806 1550 4849 casu
1579 4806 1709 4868 quo
1751 4787 2123 4868 indigueriS,
2157 4797 2221 4851 et
2264 4788 2377 4851 mi-

884 4887 952 4950 hi
997 4886 1304 4968 possibile
1350 4885 1567 4949 fuerit.
1601 4888 1756 4947 Esto
1801 4888 1905 4946 vir
1945 4888 2137 4964 fortis
2182 4888 2372 4951 corde

884 4995 950 5049 et
978 5003 1264 5067 corpore,
1299 4983 1720 5065 aggrediendo
1750 4984 2022 5047 viriliter
2061 4986 2277 5063 ardua,
2314 4995 2377 5049 et

885 5102 1002 5167 pro
1033 5083 1201 5147 bono
1231 5082 1557 5147 communi
1586 5102 1658 5145 ac
1689 5082 2066 5146 defensione
2099 5084 2378 5147 subeun-

883 5184 969 5246 do
999 5182 1283 5265 pericula
1311 5180 1538 5245 mortis
1569 5181 1708 5244 sine
1736 5181 2101 5245 inordinato
2124 5182 2371 5246 timore.

884 5282 1028 5345 Ideo
1061 5279 1376 5359 subditur,
1394 5290 1454 5341 et
1474 5298 1840 5359 paynemus
1861 5300 1983 5359 pro
2004 5284 2249 5359 populo
2268 5302 2377 5343 no-

2484 4317 2685 4377 quum
2716 4296 3098 4355 nuntiatum
3126 4302 3280 4353 esset
3301 4295 3515 4353 David
3534 4292 3690 4372 regi,
3722 4304 3975 4354 contra-

2481 4396 2609 4465 mit,
2630 4393 2692 4455 id
2718 4400 2815 4457 est
2843 4389 3268 4472 congregavit,
3285 4376 3535 4451 omnem
3556 4394 3885 4462 Israelem,
3906 4393 3972 4453 id

2484 4501 2581 4555 est
2622 4491 2954 4556 universos
2998 4490 3173 4553 viros
3214 4497 3395 4571 aptos
3436 4490 3513 4551 ad
3559 4489 3875 4571 praelium,
3910 4502 3974 4551 ee.

2488 4591 2791 4651 transivit
2835 4591 3204 4660 Jordanem,
3250 4589 3547 4667 venitque
3592 4590 3665 4647 in
3708 4590 3969 4649 Belum.

2485 4692 2570 4751 Et
2598 4691 2981 4749 diremerunt
3010 4687 3215 4747 aciem
3243 4688 3406 4763 Syri
3434 4706 3515 4746 ex
3542 4689 3809 4746 adverso
3840 4688 3975 4747 Da-

2484 4790 2618 4859 vid,
2651 4797 2710 4847 et
2745 4796 3201 4864 pugnaverunt
3242 4796 3464 4846 contra
3497 4788 3727 4847 Israel.
3761 4789 3973 4861 Γαρε-

2482 4896 2762 4966 runtque
2790 4886 2953 4963 Syri
2982 4906 3023 4946 a
3052 4887 3222 4963 facie
3249 4888 3476 4957 Israel,
3491 4894 3550 4944 et
3576 4885 3811 4944 occidit
3837 4886 3972 4945 Da-

2484 4987 2599 5046 vid
2640 4988 2721 5045 de
2764 4986 2956 5062 Syris
2994 4987 3419 5062 septingentos
3466 5003 3725 5054 currus,
3762 4982 3827 5045 id
3870 4991 3972 5045 αεὶ

2486 5091 2893 5167 pugnatoreS,
2940 5084 3052 5164 qui
3094 5102 3169 5146 ex
3212 5081 3507 5145 curribus
3556 5081 3685 5144 illis
3730 5099 3973 5164 pugna-

2484 5183 2640 5245 bant
2683 5200 2697 5243 :
2741 5181 2961 5263 sicque
3009 5181 3267 5264 ponitur
3314 5180 3419 5244 hic
3460 5180 3797 5244 continens
3852 5200 3971 5263 pro

2484 5288 2817 5357 content03
2848 5291 2909 5341 et
2939 5280 3379 5360 quadraginta
3412 5281 3627 5341 millia
3651 5280 3965 5359 equitum.
