4359 6250
1426 1016 2327 1132 PROOEMIUM

561 1533 820 1596 EGES
854 1554 937 1594 em
978 1544 1035 1594 te
1073 1536 1507 1612 eyredientur.
1551 1535 1705 1598 Gen.
1748 1553 1898 1612 xvn,
1939 1536 1998 1599 6.

320 1531 559 1801 R
686 1641 851 1704 Deus
890 1641 1005 1723 qui
1049 1641 1497 1706 universorum
1541 1641 1739 1708 finem
1786 1643 2165 1722 considerat,
2201 1653 2430 1708 cuncta
2457 1664 2602 1726 quae
2631 1645 2936 1724 condidit,
2971 1648 3049 1710 ad
3094 1646 3423 1730 proprium
3451 1667 3731 1717 ,totunm

576 1748 800 1828 dirigit
835 1747 1059 1812 finem.
1079 1748 1624 1823 Quemadmodum
1653 1759 1865 1813 autem
1899 1751 2063 1814 inter
2082 1760 2295 1815 creata
2321 1751 2515 1834 hujus
2546 1752 2871 1816 inferioris
2899 1753 3222 1817 sensibilis
3251 1773 3428 1817 mun·
3456 1731 3717 1786 ³⁰9'*¹'¹'¹'

323 1855 414 1932 di,
448 1855 711 1938 dignior
754 1865 851 1919 est
898 1855 1091 1919 homo
1126 1881 1141 1932 3
1190 1856 1283 1920 sic
1332 1857 2042 1940 supersapientissimus
2086 1859 2228 1941 ejus
2267 1859 2522 1923 Creator
2559 1860 2992 1925 excellentiori
3034 1861 3222 1925 modo
3268 1861 3429 1942 regit

325 1965 653 2042 eumdem,
689 1973 754 2028 et
784 1983 931 2028 eum
960 1983 999 2027 a
1032 1964 1260 2027 mundi
1292 1964 1455 2028 rexit
1485 1965 1765 2029 exordio.
1793 1966 2079 2047 Denique
2114 1984 2245 2048 quo
2274 1965 2465 2029 homo
2496 1968 2572 2031 ad
2604 1986 2883 2032 errorem
2913 1976 2976 2031 et
3003 1967 3428 2032 deviationem

327 2073 585 2137 exsistit
628 2071 1003 2155 proclivior,
1035 2090 1111 2135 eo
1150 2072 1474 2154 copiosius
1506 2073 1566 2135 ei
1599 2073 1881 2155 providit
1910 2073 1990 2136 de
2016 2073 2464 2153 gubernatore.
2497 2074 2733 2156 Nempe
2762 2094 2962 2157 quum
3003 2075 3212 2139 omnis
3239 2075 3432 2140 homo

328 2181 541 2266 possit
576 2181 855 2245 faciliter
883 2179 1093 2262 decipi
1127 2188 1191 2243 et
1220 2199 1453 2257 errare,
1491 2198 1619 2243 non
1652 2181 1805 2243 satis
1836 2181 2155 2263 reputavit
2185 2181 2392 2245 bonus
2421 2190 2484 2245 e‘t
2513 2180 2876 2245 infallibilis
2907 2201 2981 2246 ac
3012 2183 3435 2265 providentis-

331 2289 543 2352 simus
578 2289 745 2352 Deus
774 2306 995 2368 regere
1025 2286 1352 2351 hominem
1384 2306 1497 2371 per
1526 2287 1875 2366 hominem,
1909 2289 2019 2352 sed
2060 2270 2348 2369 angelica
2387 2289 2620 2369 adjecit
2656 2289 2973 2371 praesidia,
3010 2281 3434 2374 supernorum

329 2408 396 2463 et
452 2396 905 2460 infallibilium
950 2395 1295 2478 spirituum
1334 2395 1821 2477 gubernativar'n
1854 2395 2272 2460 directionem
2299 2396 2616 2480 apposuit,
2653 2416 2781 2461 non
2821 2399 3028 2462 solum
3065 2397 3436 2462 hominibus

330 2504 619 2570 subditis
652 2503 768 2587 qui
805 2513 1134 2585 reguntur,
1168 2505 1278 2567 sed
1313 2512 1377 2567 et
1415 2522 1635 2567 eorum
1677 2504 2030 2568 rectoribus
2066 2522 2081 2566 ε
2118 2504 2247 2568 imo
2290 2523 2418 2568 non
2464 2512 2712 2568 tantum
2756 2504 3027 2587 singulis
3068 2505 3437 2570 hominibus

332 2613 605 2694 angelos
638 2611 928 2692 singulos
957 2611 1290 2693 deputavit
1318 2612 1633 2688 custodes,
1667 2611 1781 2694 qui
1809 2612 1888 2675 de
1919 2611 2149 2675 infimo
2180 2612 2551 2694 angelorum
2583 2621 2733 2676 sunt
2756 2611 2972 2692 choro,
2996 2615 3106 2677 sed
3136 2623 3200 2677 et
3229 2613 3438 2695 singu-

336 2723 419 2784 lis
470 2719 725 2805 politiis
769 2719 1057 2800 singulos
1105 2719 1367 2782 donavit
1408 2721 1702 2784 custodes
1745 2738 1817 2782 ac
1858 2729 2134 2784 rectores
2172 2719 2515 2800 angelicos,
2547 2719 2662 2802 qui
2711 2721 2790 2784 de
2839 2720 3022 2784 tertio
3065 2721 3436 2803 angelorum

331 2829 569 2894 ordine
602 2846 743 2892 esse
773 2828 1143 2890 creduntur.
1178 2825 1440 2909 Propter
1476 2827 1650 2908 quod
1692 2827 1757 2889 in
1798 2826 2244 2891 Ecclesiastico
2274 2825 2476 2890 fertur
2507 2844 2522 2889 :
2557 2827 2624 2890 In
2654 2846 3040 2910 unaquaque
3066 2838 3254 2910 gente
3282 2848 3438 2911 prae-
3487 2850 3732 2900 coctam..

333 2937 559 3021 posuit
592 2944 927 2999 rectorem.
3469 2916 3536 2958 ¹⁴·

442 3044 575 3108 Nec
606 3042 709 3106 his
738 3051 1040 3106 contenta
1057 3041 1345 3125 MaJ'estas
1376 3041 1708 3120 altissima,
1728 3040 1917 3106 etiam
1945 3061 2059 3126 per
2079 3061 2146 3105 se
2179 3041 2382 3124 ipsam
2414 3051 2613 3120 curat,
2638 3043 2821 3126 regit,
2848 3043 3126 3122 instruit,
3147 3052 3209 3108 et
3229 3063 3443 3108 accen·

333 3154 455 3232 dit,
480 3173 557 3216 ac
590 3150 851 3235 perficit
880 3149 1230 3214 hominem.
1252 3150 1379 3212 Nec
1406 3149 1499 3213 sic
1529 3149 1675 3213 aliis
1706 3169 1853 3213 eum
1882 3149 2224 3227 commisit,
2245 3158 2316 3213 ut
2346 3150 2680 3215 immemor
2709 3151 2794 3215 sit
2823 3130 3046 3234 ipsiuS,
3066 3161 3130 3216 et
3156 3152 3442 3216 divinam

340 3282 415 3325 ac
460 3260 797 3344 propriam
835 3255 1369 3338 gubernationem
1409 3256 1590 3320 tollat
1620 3256 1701 3321 ab
1728 3274 1825 3334 e0,
1862 3256 2216 3340 praesertim
2245 3277 2444 3339 quum
2478 3257 2543 3320 in
2576 3256 2741 3320 libro
2767 3258 2883 3321 Job
2913 3258 3162 3321 dicatur
3197 3276 3212 3321 t
3245 3258 3442 3333 Quem
3496 3278 3733 3328 acaum,

338 3366 687 3433 constituit
714 3365 1131 3448 Omnipotens
1162 3364 1360 3428 alium
1394 3384 1587 3448 super
1618 3368 1895 3428 terram?
1923 3374 2032 3427 aut
2059 3384 2251 3447 quem
2282 3365 2496 3448 posuit
2525 3385 2716 3448 super
2744 3366 2986 3443 orbem,
3021 3385 3215 3448 quem
3250 3365 3446 3429 fabri·
3476 3344 3541 3385 ¹³⁰

342 3486 531 3541 catus
561 3478 706 3539 est‘l
738 3473 1089 3556 Siquidem,
1126 3481 1197 3536 ut
1228 3470 1587 3553 theologica
1626 3473 1849 3537 edocet
1887 3472 2142 3549 veritas»,
2178 3474 2351 3536 solus
2395 3473 2558 3536 Deus
2599 3472 2770 3535 intus
2807 3468 3143 3554 justificat,
3176 3473 3445 3554 gratiam

344 3583 781 3659 infundendo,
808 3589 872 3645 et
900 3581 1043 3663 ejus
1074 3579 1401 3643 infusione
1435 3588 1693 3661 peccata
1723 3580 2025 3644 tollendo.
2045 3580 2182 3661 lpse
2207 3598 2322 3662 per
2353 3579 2744 3643 infusionem
2775 3580 3042 3644 virtutes
3071 3580 3358 3662 largitur,
3385 3589 3448 3643 et

342 3694 493 3756 sine
525 3689 763 3755 actuali
799 3688 1001 3772 ipsius
1030 3688 1313 3752 motione
1344 3687 1435 3749 nil
1468 3705 1811 3769 possumus
1843 3687 2216 3769 promereri,
2240 3688 2349 3750 sed
2383 3688 2519 3770 ipse
2547 3696 2849 3770 operatur
2879 3687 2943 3750 in
2972 3687 3156 3752 nobis
3188 3687 3353 3766 velle
3384 3696 3449 3751 et
3495 3708 3731 3763 Ριιειερμι,

346 3800 675 3885 perficere
704 3814 821 3879 pro
851 3815 968 3859 sua
997 3794 1304 3872 bonitate,
1332 3795 1396 3858 id
1426 3803 1522 3858 est
1550 3814 1627 3858 ex
1658 3794 1916 3878 propria
1945 3793 2200 3876 pietate.
3303 3794 3308 3801 '
3479 3773 3546 3813 ¹³·

462 3909 749 3989 Insuper,
773 3903 962 3966 finita
980 3902 1187 3985 prima
1208 3903 1428 3966 mundi
1451 3910 1647 3978 aetate‚
1662 3923 1863 3985 quum
1883 3902 2173 3966 homines
2195 3910 2336 3985 post
2355 3901 2668 3964 diluvium
2688 3902 3032 3985 coepissent
3051 3902 3448 3967 densissimis

349 4012 873 4081 idololatriarum
909 4009 1403 4074 infidelitatibus
1428 4009 1855 4088 obtenebrari,
1876 4030 1948 4073 ac
1966 4009 2270 4091 gravibus
2288 4008 2460 4073 vitiis
2486 4008 3042 4086 excaecari,volens
3072 4010 3452 4092 benignissi-

350 4146 503 4189 mus
538 4124 709 4186 Deus
738 4120 1019 4183 humano
1049 4120 1269 4200 generi
1300 4120 1557 4182 tandem
1588 4118 1872 4201 plenarie
1902 4118 2265 4195 subvenire,
2295 4117 2602 4181 mittendo
2627 4136 2664 4180 a
2691 4136 2942 4181 summo
2980 4118 3142 4182 coelo
3172 4119 3451 4183 Verbum
3493 4145 3742 4195 pam-nm

348 4252 551 4298 suum
571 4238 902 4304 aeternum,
925 4226 1328 4307 unigenitum
1346 4226 1598 4301 Filium,
1621 4226 1687 4288 in
1709 4224 1880 4289 hunc
1903 4226 2210 4289 mundum
2234 4244 2348 4308 per
2367 4225 2820 4288 Incarnationis
2841 4226 3357 4309 mysterium,qui
3386 4226 3448 4289 in
3479 4206 3590 4314 ῗζρ
3629 4220 3743 4257 ”“”’

350 4346 694 4421 assumpta
722 4343 951 4399 natura
982 4334 1151 4397 inter
1180 4333 1472 4397 homines
1503 4335 1847 4410 videretur,
1868 4342 2059 4415 atque
2096 4352 2243 4397 cum
2280 4334 2373 4397 eis
2408 4343 2909 4411 conversaretur,
2943 4354 3015 4397 ac
3042 4335 3122 4398 de
3151 4335 3450 4398 omnibus
3507 4360 3744 4407 uma...

354 4452 433 4513 ad
466 4465 692 4514 veram
724 4444 993 4507 salutem
1027 4442 1404 4507 necessariis
1436 4441 1799 4524 provideret
1830 4441 2068 4505 eisdem
2105 4457 2119 4503 :
2156 4442 2310 4518 haec,
2347 4441 2632 4522 inquam,
2666 4441 2890 4504 volens
2916 4442 3205 4505 omnium
3242 4443 3452 4506 Domi·
3480 4420 3750 4535 :‚}?³ss†”“⁰'‘

354 4578 481 4621 nus
515 4575 593 4619 ac
622 4550 915 4636 provisor
946 4550 1299 4613 altissimus
1326 4549 1751 4632 praeordinato
1785 4548 1996 4615 facere
2027 4557 2332 4631 tempore,
2367 4550 2445 4612 de
2475 4548 2950 4612 idololatrarum
2983 4550 3281 4614 societate
3310 4551 3455 4614 edu·
3512 4574 3746 4622 cemus.

356 4666 453 4729 xit
483 4660 951 4729 electissimum
981 4657 1326 4740 quemdam
1347 4657 1580 4735 virum,
1601 4656 1916 4720 Abraham
1945 4656 2394 4739 patriarcham,
2414 4676 2490 4719 ex
2509 4656 2694 4737 cujus
2725 4656 3092 4738 posteritate
3122 4666 3185 4721 et
3213 4659 3456 4722 semine
3486 4638 3666 4687 ³³¹''⁷'

355 4776 547 4837 Pater
576 4777 851 4834 aeternus
872 4764 1283 4845 Unigenitum
1316 4784 1502 4828 suum
1534 4765 1757 4828 statuit
1785 4764 2266 4828 incarnandum.
2288 4764 2549 4846 Propter
2571 4764 2742 4845 quod
2772 4763 2981 4827 virum
3013 4764 3217 4842 illum,
3237 4775 3300 4829 et
3317 4766 3457 4848 ejus

358 4877 813 4964 posteritatem
843 4872 1041 4937 variis
1069 4872 1259 4936 donis
1290 4891 1363 4936 ac
1392 4872 1615 4954 gratiis
1646 4872 1990 4950 decoravit,
2026 4881 2088 4936 et
2126 4872 2295 4935 inter
2332 4879 2544 4934 cetera
2575 4870 2698 4952 ipsi
2729 4870 3042 4952 promisit,
3078 4874 3249 4954 quod
3278 4892 3456 4954 reges
3519 4893 3750 4943 mam,

360 5009 440 5051 ex
474 4988 621 5068 ipso
652 4980 1031 5047 exsisterent
1059 4979 1391 5057 nascituri,
1426 4988 1498 5043 ut
1526 4979 1723 5042 Filius
1763 4980 1947 5061 Regis
1987 4979 2286 5056 coelestiS,
2321 4978 2553 5041 summi
2584 4986 2647 5041 et
2674 4978 3149 5061 omnipotentiS‚
3184 4979 3250 5042 in
3293 4989 3461 5045 terra
3487 4961 3529 5008 θ’
3556 4960 3618 4999 ¹⁶·

361 5114 630 5179 quoque
659 5111 737 5155 ex
768 5088 1027 5172 regibus
1058 5096 1444 5165 nasceretur,
1479 5107 1641 5170 quos
1672 5088 1873 5152 electo
1902 5107 2017 5151 suo
2050 5086 2362 5170 fidelique
2398 5085 2636 5170 populo
2666 5085 2828 5147 Deus
2858 5086 3062 5149 voluit
3099 5090 3458 5169 praesidere.

484 5203 711 5283 ltaque
738 5200 819 5263 de
848 5197 949 5261 his
981 5196 1237 5278 regibus
1269 5204 1331 5260 et
1364 5214 1583 5259 eorum
1626 5195 2050 5276 regiminibus
2090 5216 2162 5259 ac
2203 5194 2457 5277 populis
2487 5201 2714 5257 tractat
2743 5191 2904 5255 liber
2941 5212 3111 5257 nunc
3149 5214 3468 5279 exponen-

368 5313 495 5374 dus
532 5327 546 5371 :
592 5314 857 5391 propter
898 5306 1073 5388 quod
1123 5304 1290 5367 liber
1333 5304 1571 5383 Regum
1613 5312 1895 5367 vocatur.
1932 5304 2050 5368 Sed
2087 5302 2392 5384 quoniam
2439 5310 2570 5365 tota
2615 5308 2835 5363 sancta
2871 5298 3196 5382 Scriptura
3245 5312 3469 5370 tractat
