4359 6250
898 489 1017 551 382

1422 505 1771 552 manuario
1816 505 1875 550 ΙΝ
1918 505 2054 550 CAP.
2102 504 2231 549 xxu
2276 502 2432 548 unm
2474 503 2642 549 Pium
2683 504 2908 550 REGUH.
2952 523 3034 534 -·-
3073 504 3216 550 ΛΒΤ.
3262 503 3455 552 xxxlx

893 678 1073 753 Juda,
1106 677 1474 757 designatur
1504 683 1635 740 tota
1664 683 1833 739 terra
1861 675 2220 739 Israeliticae
2252 674 2386 756 ple-
2411 670 2464 734 A
2493 677 2825 753 ministriS,
2871 679 3042 760 quod
3084 677 3318 741 frustra
3356 685 3686 758 parcerent
3727 675 3920 740 David
3952 694 3972 738 t

890 776 1012 852 bis,
1040 776 1453 855 intelligendo
1484 783 1689 837 totum
1722 794 1835 857 per
1864 783 2109 856 partem
2139 772 2385 856 princi-

889 875 1120 956 palem.
1142 874 1281 938 Haec
1304 874 1616 955 Propheta
1640 893 1715 936 ex
1748 881 1924 954 parte
1948 872 2055 934 Dei
2078 871 2380 954 praecepit

884 973 1083 1037 David
1118 990 1133 1034 ε
1166 972 1397 1048 Primo,
1433 981 1503 1034 ut
1546 973 1609 1034 in
1656 981 1823 1035 terra
1864 991 1979 1034 sua
2022 970 2381 1033 tribulatio-

885 1072 1075 1134 nibus
1107 1079 1525 1147 exerceretur,
1546 1071 1625 1132 ad
1656 1089 2059 1134 communem
2091 1069 2378 1132 omnium

884 1171 1174 1234 fidelium
1216 1170 1758 1245 informationem,
1792 1177 1855 1232 et
1884 1169 2186 1244 maxime,
2221 1186 2379 1249 quo-

882 1270 1053 1332 niam
1077 1270 1214 1350 ipse
1245 1268 1367 1331 fuit
1403 1267 1613 1349 figura
1643 1267 1907 1330 evidens
1938 1266 2196 1330 Christi.
2231 1267 2378 1328 Ideo

882 1388 1024 1450 quae
1044 1369 1213 1431 cirea
1240 1387 1385 1430 eum
1419 1367 1685 1442 fiebant,
1707 1374 1770 1428 et
1796 1374 1971 1447 gesta
2003 1365 2220 1448 ipsius,
2252 1385 2380 1446 my-

884 1468 1046 1531 stica
1081 1475 1281 1544 erant,
1320 1476 1383 1530 et
1412 1465 1891 1548 praet'igurativa
1925 1465 2376 1546 mysteriorum

885 1566 1141 1630 Christi.
1158 1566 1467 1639 Secundo,
1491 1584 1570 1628 ne
1590 1565 1791 1646 aliqui
1824 1565 2200 1627 exsistentes
2231 1581 2376 1626 cum

888 1665 1107 1742 David,
1132 1664 1210 1726 ad
1232 1663 1655 1726 idololatriam
1688 1663 2083 1726 declinarent
2113 1662 2178 1724 in
2215 1671 2380 1724 terra

888 1763 1151 1845 polluta.
1177 1765 1263 1824 Et
1304 1765 1635 1840 profectus
1684 1772 1774 1823 cst
1817 1763 2058 1833 David,
2090 1771 2150 1822 et
2201 1762 2378 1821 venit

888 1865 956 1923 in
990 1867 1231 1923 saltum
1264 1865 1490 1924 Haret.

970 1964 1053 2022 Ec
1082 1962 1341 2021 audivit
1372 1963 1541 2022 Saul
1578 1963 1749 2040 quod
1788 1961 2218 2036 apparuisset,
2248 1957 2369 2020 hoe

888 2068 1005 2135 est,
1044 2060 1111 2122 in
1143 2069 1308 2123 terra
1336 2059 1524 2121 Israel
1556 2057 1787 2120 iterum
1818 2057 1992 2121 visus
2022 2065 2210 2132 esset,
2251 2061 2376 2118 Da-

888 2163 1003 2220 vid
1038 2168 1099 2219 ct
1140 2160 1275 2218 viri
1316 2158 1455 2239 ejus
1495 2159 1613 2237 qui
1654 2165 1841 2216 erant
1888 2177 2037 2216 cum
2074 2175 2165 2216 eo,
2202 2159 2374 2216 Saul

884 2267 1099 2319 autem
1146 2277 1347 2336 quum
1396 2266 1681 2318 maneret
1730 2258 1803 2316 in
1847 2257 2173 2325 Gabaa,et
2221 2263 2374 2314 esset

882 2359 955 2416 in
976 2375 1230 2416 nemore
1259 2359 1429 2436 quod
1456 2365 1545 2416 est
1576 2357 1649 2415 in
1680 2358 1915 2424 Rama,
1948 2357 2203 2414 kastam
2237 2375 2374 2414 ma-

880 2475 975 2516 nu
1009 2463 1247 2524 tenens,
1268 2455 1609 2532 cunctique
1636 2455 1809 2512 servi
1837 2453 1977 2528 ejus
2006 2454 2375 2513 circumsta-

881 2564 1025 2614 rent
1056 2574 1230 2624 eum,
1270 2556 1367 2614 ait
1404 2556 1492 2614 ad
1518 2573 1725 2612 servos
1766 2571 1911 2611 suos
1948 2553 2067 2631 qui
2095 2552 2372 2612 circum-

878 2655 1136 2713 stabant
1154 2673 1301 2712 eum
1318 2671 1341 2711 .·
1354 2652 1596 2712 Audite
1617 2671 1715 2709 me
1734 2669 1931 2720 nunc,
1948 2650 2085 2725 filii
2097 2651 2365 2710 Jemini.

881 2749 1161 2822 Qualiter
1181 2749 1299 2811 hoc
1316 2748 1492 2829 quod
1523 2747 1633 2822 ait,
1653 2746 1905 2822 Jemini,
1927 2746 2372 2828 multipliciter

592 2860 853 2916 mevam.
881 2847 1083 2928 possit
1126 2845 1422 2926 intelligi,
1459 2845 1697 2908 dictum
1740 2852 1836 2906 est
1876 2844 1941 2905 in
1973 2845 2370 2926 expositione

878 2945 1295 3028 superiorum.
1316 2946 1657 3024 Numquid
1675 2945 1973 3004 omnibus
1995 2945 2167 3003 vobis
2187 2944 2370 3003 dabit

2489 771 2640 852 quia
2669 782 2732 836 et
2761 775 2910 838 dato
2939 775 3109 856 quod
3141 775 3334 838 David
3375 783 3542 838 esset
3571 793 3701 850 rex,
3727 793 3853 838 non
3886 782 3980 834 ta-

2489 890 2634 933 men
2661 873 2906 951 ditaret,
2928 894 3044 938 nec
3064 875 3366 938 exaltaret
3385 893 3510 951 eOS,
3529 875 3638 937 sed
3661 893 3808 936 suos
3822 893 3980 936 eon·

2489 970 2756 1034 tribules
2793 982 2856 1035 et
2888 974 3394 1056 consanguineos
3434 993 3508 1036 ac
3550 973 3970 1055 propinquos.

2565 1075 2974 1148 Respondeas
3017 1083 3235 1134 autem
3265 1077 3437 1149 Doey
3469 1076 3820 1143 Idumoeus,
3851 1075 3976 1151 qui

2487 1171 2832 1231 adsistebat
2850 1182 2910 1232 et
2927 1182 3068 1233 erat
3081 1175 3340 1249 primus
3362 1175 3532 1233 inter
3549 1191 3758 1231 servos
3777 1173 3968 1240 Saul,

2488 1264 2551 1329 id
2596 1276 2692 1330 est
2727 1287 2891 1330 unus
2939 1271 3018 1333 de
3067 1271 3403 1353 praecipuis
3446 1271 3587 1351 ejus
3629 1267 3966 1342 ministriS‚
4029 1288 4263 1340 meysa.

2486 1365 2638 1446 quia
2679 1375 2813 1428 erat
2857 1387 3048 1450 super
3096 1369 3390 1432 custodes
3428 1387 3729 1451 pecorum
3775 1367 3966 1448 regiS‚
3999 1353 4043 1398 ⁷³
4067 1367 4126 1400 ²¹·
4151 1357 4190 1393 ³·

2486 1481 2676 1543 quem
2709 1463 2854 1527 Saul
2885 1467 2976 1530 sic
3007 1467 3398 1544 sublimavit,
3421 1467 3576 1548 quia
3608 1466 3730 1528 fuit
3759 1465 3970 1528 socius

2485 1562 2586 1624 sui
2617 1563 2887 1640 itineriS‚
2922 1567 3182 1648 quando
3219 1587 3256 1628 a
3287 1566 3580 1629 Samuele
3620 1565 3742 1626 fuit
3783 1565 3972 1626 iuun-

2485 1669 2624 1724 ctus
2658 1683 2672 1726 z
2711 1666 2887 1734 Vidi,
2916 1666 3160 1745 inquit,
3195 1667 3416 1742 filium
3458 1667 3614 1726 Isai.
3651 1665 3820 1743 Doeg
3859 1681 3970 1726 vo-

2485 1758 2622 1823 lens
2673 1761 2844 1824 Sauli
2895 1763 3165 1844 placere,
3205 1761 3632 1827 conformavit
3679 1783 3747 1825 se
3794 1763 3850 1825 ei
3903 1763 3970 1824 in

2409 1855 2456 1917 B
2483 1861 2672 1924 modo
2702 1861 3026 1943 loquendi,
3059 1863 3558 1927 dicendo·veluti
3589 1881 3664 1925 ex
3685 1870 3972 1925 contem-

2483 1958 2864 2039 ptu,Filium
2896 1961 3134 2024 lsai.In
3159 1963 3329 2026 Nobe
3358 1965 3538 2038 apud
3563 1963 3982 2022 alchimelech.

2479 2059 2700 2134 filium
2737 2061 3005 2120 Ackitob
3045 2062 3456 2132 sacerdotem,
3491 2061 3608 2140 qui
3637 2062 3968 2120 consuluit

2478 2175 2596 2232 pro
2625 2177 2694 2216 eo
2723 2159 3098 2220 Dominum.
3121 2159 3246 2222 Hoc
3277 2158 3655 2240 praecedenti
3687 2157 3972 2240 capitulo

2482 2271 2610 2316 non
2642 2253 2933 2331 habetur,
2953 2255 3093 2319 ideo
3123 2257 3323 2338 aliqui
3353 2257 3782 2338 dicunt,quod
3803 2257 3974 2336 Doeg

2480 2353 2578 2430 (ut
2623 2353 2818 2416 moris
2861 2361 2956 2415 est
3003 2353 3457 2436 fabulatorum)
3502 2355 3748 2418 addidit
3799 2355 3970 2417 istud

2479 2451 2557 2512 de
2587 2470 2702 2514 suo
2733 2452 3144 2528 mendaciter,
3164 2461 3234 2515 ut
3265 2454 3394 2534 regi
3427 2453 3627 2533 magis
3658 2453 3966 2536 placeret.

2481 2546 2648 2611 Infra
2680 2556 2889 2613 tamen
2919 2551 3120 2631 magis
3153 2551 3464 2615 insinuari
3505 2553 3776 2628 videtur,
3797 2553 3970 2635 quod

2479 2647 2803 2711 consuluit
2830 2650 3168 2712 Dominum
3205 2669 3320 2732 pro
3350 2651 3568 2715 David.
3592 2655 3674 2713 Ec
3719 2655 3972 2714 cibaria

2477 2749 2659 2807 dedit
2686 2751 2770 2810 ei.
2790 2751 2921 2811 Sed
2947 2759 3006 2809 et
3029 2752 3332 2826 qladium
3359 2753 3620 2812 Goliam
3643 2754 3992 2813 Philisto-1·-

2479 2847 2660 2906 dedit
2690 2848 2819 2907 illi.

2561 2947 2745 3005 Misit
2762 2966 2910 3023 erqo
2941 2967 3057 3006 rea·
3086 2951 3174 3008 ad
3199 2951 3648 3009 accersendum
3670 2951 3969 3010 Achime-

874 3047 1058 3122 filius
1092 3045 1226 3104 lsai
1261 3063 1447 3120 ayros
1476 3052 1534 3102 ct
1566 3043 1809 3115 vineas,
1844 3060 1989 3124 quae
2018 3049 2169 3103 sunt
2196 3041 2363 3103 bona
2404 3040 2448 3104 C
2479 3047 2613 3105 lech
2640 3049 3027 3106 sacerdotem
3061 3047 3278 3122 fitium
3299 3049 3595 3117 Achitob,
3623 3059 3684 3108 et
3713 3069 3960 3110 omnem

875 3144 1077 3220 utilia,
1110 3152 1168 3203 et
1209 3144 1543 3203 universos
1585 3162 1689 3201 vos
1730 3143 1928 3219 faciet
1976 3144 2266 3202 tribunos
2307 3152 2368 3201 et

868 3240 1751 3322 centuriones,-.promovendo
1776 3258 1885 3301 vos
1920 3240 1999 3301 ad
2020 3240 2362 3320 dignitates

869 3351 1061 3424 atque
1076 3339 1323 3412 officia,
1346 3359 1491 3422 quae
1520 3348 1671 3401 sunt
1704 3339 1870 3401 bona
1901 3339 2188 3415 honesta,
2215 3360 2369 3419 quo-

872 3443 1056 3503 niam
1086 3441 1477 3517 conjurastis
1517 3443 1863 3499 adversum
1894 3458 1993 3499 me
2029 3458 2265 3511 omnes,
2300 3438 2364 3500 id

872 3548 989 3615 est,
1016 3539 1103 3601 ita
1132 3537 1379 3600 habetis
1402 3555 1535 3613 νος,
1572 3556 1645 3600 ac
1675 3536 1728 3598 si
1759 3545 1981 3599 contra
2010 3556 2112 3598 me
2143 3538 2366 3618 conju-

876 3638 1151 3714 rassetiS‚
1176 3648 1234 3698 et
1256 3658 1383 3698 non
1411 3637 1638 3716 estqui
1671 3638 1837 3697 milii
1866 3638 2212 3707 renuntiet,
2235 3658 2367 3698 ma-

873 3739 1049 3797 oeime
1096 3758 1297 3817 quum
1340 3746 1399 3796 et
1440 3737 1625 3813 filius
1664 3755 1841 3795 meus
1881 3736 2092 3811 foedus
2140 3736 2366 3795 inierit

875 3856 1023 3897 cum
1057 3839 1199 3913 filio
1228 3836 1367 3895 Isai
1387 3838 1417 3894 ?
1449 3835 1596 3896 Non
1626 3842 1714 3893 est
1753 3834 1872 3911 qui
1906 3836 2119 3893 doleat
2160 3835 2362 3892 vicem

878 3956 1109 4004 meam,
1142 3933 1259 3995 hoc
1282 3941 1397 4007 est,
1434 3931 1592 3992 mihi
1614 3930 1945 3993 condoleat
1978 3948 2089 3992 seu
2112 3949 2229 4012 pro
2261 3950 2362 3993 me

2475 3148 2738 3206 domum
2769 3147 2987 3222 patris
3012 3146 3152 3222 ejus
3189 3150 3588 3207 sacerdotum
3629 3151 3748 3227 qui
3773 3160 3966 3210 erant

2475 3245 2548 3303 in
2572 3245 2915 3323 Nobe:qui
2943 3246 3238 3304 universi
3265 3254 3577 3305 venerunt
3607 3250 3696 3306 ad
3725 3268 3958 3325 reyem.

2474 3344 2559 3403 Et
2581 3344 2678 3404 ait
2697 3345 2864 3403 Saul
2883 3346 2971 3402 ad
2989 3344 3422 3413 Achimelech,
3441 3362 3632 3424 quem
3663 3344 3852 3407 etiam
3883 3364 3964 3408 ex

2475 3440 2568 3501 ira
2601 3448 2664 3502 et
2707 3439 3144 3521 indignatione
3187 3458 3314 3503 non
3360 3442 3657 3523 exprimit
3699 3444 3964 3526 proprio

2474 3538 2732 3601 nomine
2765 3558 2780 3603 t
2823 3541 3032 3609 Audi,
3070 3542 3177 3616 fili
3213 3542 3504 3602 Aclzitob.
3547 3544 3676 3610 Qui
3711 3562 3965 3619 respon-

2471 3638 2572 3697 dit
2591 3640 2868 3699 :Praesto
2883 3658 3054 3705 sum,
3075 3640 3353 3700 domine.
3371 3640 3682 3718 Dimitquc
3701 3643 3790 3699 ad
3815 3660 3965 3701 eum

2477 3737 2684 3796 Saul:
2709 3739 2920 3805 Quare
2947 3737 3336 3812 conjurastis
3365 3740 3712 3798 adversum
3745 3758 3861 3808 me,
3887 3749 3963 3799 tu

2471 3844 2530 3893 et
2547 3836 2731 3911 filius
2751 3836 2888 3895 Isai
2903 3836 2933 3893 t
2963 3833 3051 3894 Ex
3084 3833 3450 3915 suspicione
3475 3833 3782 3916 loquitur,
3806 3855 3966 3917 qua-

2473 3932 2525 3993 si
2560 3950 2636 3994 ex
2663 3940 2836 3994 certa
2865 3931 3152 3994 scientia.
3196 3934 3283 3993 Et
3311 3936 3551 3994 dedisti
3585 3936 3649 3993 ei
3669 3954 3873 4011 panes
3897 3948 3966 3996 et

879 4032 1184 4107 tristetur,
1218 4052 1299 4090 ex
1342 4033 1537 4098 vobis‘,
1570 4050 1685 4090 nec
1718 4039 1809 4089 est
1847 4030 1964 4109 qui
2007 4031 2362 4090 annuntiet
2465 4032 2796 4108 ytadium,
2835 4040 2896 4091 et
2925 4033 3308 4091 consuluisti
3331 4050 3450 4108 pro
3483 4052 3553 4091 eo
3580 4035 3964 4105 Dominum,

876 4132 1068 4200 mihi,
1098 4128 1373 4211 qualiter
1402 4146 1661 4209 possum
1692 4145 1917 4208 capere
1949 4125 2159 4189 filium
2192 4126 2306 4189 lsai
2344 4152 2359 4202 ;

2474 4140 2545 4189 ut
2593 4140 2996 4206 consurqcret
3045 4133 3386 4189 adversum
3437 4150 3560 4201 me,
3609 4133 3966 4193 insidiator

873 4249 942 4289 eo
985 4232 1156 4307 quod
1200 4228 1606 4287 suscitaverit
1653 4228 1837 4304 fitius
1879 4246 2057 4286 meus
2103 4247 2360 4286 servum
2395 4230 2443 4289 D
2474 4249 2670 4307 usque
2716 4229 2904 4288 hodie
2943 4246 3331 4304 permanens
3362 4230 3392 4288 ?
3429 4232 3965 4311 Respondcnsque

874 4346 1089 4387 meum
1126 4328 1469 4386 adversum
1512 4345 1631 4396 me,
1678 4323 1830 4406 quia
1883 4322 2091 4386 foedus
2142 4343 2358 4386 secum

876 4424 1175 4499 ineund0,
1210 4422 1385 4487 auxit
1414 4422 1617 4504 ipsius
1648 4422 2003 4497 audaciam,
2040 4424 2365 4484 insidian-

2473 4328 2874 4387 Aclzimelech
2908 4326 3065 4401 reyi,
3090 4326 3186 4386 ait
3217 4346 3240 4385 .·
3270 4328 3356 4387 Et
3385 4328 3532 4406 quis
3563 4329 3629 4387 in
3663 4332 3968 4390 omnibus

2469 4426 2670 4484 servis
2703 4426 2831 4484 tuis
2867 4426 3033 4484 sicut
3066 4426 3286 4484 David
3313 4427 3528 4501 fidelis
3554 4436 3614 4486 et
3635 4447 3834 4503 ρεπεν
3859 4448 3964 4487 re·-

876 4534 998 4585 tem
1019 4524 1189 4584 mihi
1218 4542 1415 4601 usque
1435 4523 1643 4593 hodie,
1676 4528 1991 4602 quatenus
2022 4539 2124 4583 me
2156 4522 2361 4602 ejecto
2465 4525 2594 4600 qis,
2629 4520 2690 4583 id
2730 4529 2845 4597 est,
2882 4540 3012 4603 prae
3042 4522 3268 4583 ceteris
3301 4521 3514 4585 fidelis
3547 4533 3642 4586 est
3675 4524 3813 4601 tibi,
3847 4526 3970 4589 ob-

874 4630 983 4685 aut
1004 4620 1361 4697 interfeetO,
1377 4619 1578 4701 possit
1598 4638 1879 4700 regnare.
1895 4620 2054 4682 Ecce
2085 4620 2365 4701 qualiter

874 4721 1201 4804 passiones
1230 4728 1293 4783 et
1313 4718 1470 4783 vitia
1497 4726 1869 4800 pervertunt
1902 4718 2167 4781 rationis
2200 4718 2362 4800 judi-

875 4821 1069 4896 cium,
1104 4838 1245 4901 quae
1270 4827 1333 4883 et
1374 4817 1623 4881 Saulem
1666 4825 1790 4878 tam
1834 4816 2365 4880 irrationabiliter

878 4920 1056 5001 loqui
1102 4917 1409 4982 fecerunt.
1445 4918 1519 4978 Et
1560 4916 1768 4998 qualis
1806 4916 1951 4997 quis
1991 4925 2107 4988 est,
2154 4917 2366 4979 taliter

882 5018 1077 5081 sentit
1117 5017 1486 5098 judicatque
1528 5016 1605 5077 de
1650 5014 1814 5076 aliis.
1850 5014 2007 5076 Hinc
2050 5014 2198 5076 Saul
2245 5015 2364 5079 iste

880 5126 1051 5181 totus
1070 5115 1470 5190 ambitiosuS,
1488 5113 1797 5194 judicavit
1819 5112 2029 5193 ipsum
2051 5114 2247 5177 David
2269 5116 2370 5177 de-

879 5214 1115 5280 siderio
1144 5212 1449 5294 regnandi
1480 5211 1602 5274 sibi
1634 5210 1945 5273 insidiari.
1971 5211 2186 5293 Itaque
2217 5210 2364 5275 Saul

879 5315 1128 5379 locutus
1148 5319 1245 5375 est
1262 5310 1455 5375 verba
1474 5310 1621 5385 haec,
1642 5311 1719 5372 ad
1742 5308 2197 5373 insinuandum
2227 5311 2360 5373 suis

2473 4620 2830 4702 sequiosuS,
2863 4618 3166 4682 obediens
3209 4628 3272 4681 et
3313 4619 3561 4697 affinis,
3595 4633 3654 4683 et
3688 4644 3970 4701 pet-qens

2473 4724 2561 4781 ad
2590 4721 2938 4796 imperium
2980 4727 3186 4789 tuum,
3219 4728 3279 4777 el
3311 4722 3630 4795 qloriosus
3669 4726 3742 4783 in
3769 4728 3966 4785 domo

2477 4820 2830 4879 tua?Nu-m
2861 4818 3049 4876 leodic
3065 4818 3228 4893 coepi
3255 4822 3579 4878 consulere
3599 4822 3960 4885 Dominum

2469 4937 2592 4996 pro
2619 4918 2734 4976 eo?
2763 4912 2944 4996 quasi
2986 4913 3174 4990 dicat,
3208 4913 3413 4988 Quum
3457 4915 3598 4979 talis
3638 4927 3698 4982 et
3747 4928 3968 4984 tantus

2475 5015 2579 5092 sit,
2617 5032 2742 5077 non
2773 5014 2980 5077 solum
3010 5015 3074 5077 in
3108 5023 3392 5097 tempore
3423 5016 3566 5091 isto,
3591 5018 3698 5079 sed
3719 5026 3783 5080 et
3811 5028 3968 5083 ante

2481 5114 2844 5195 frequenter
2874 5132 2988 5196 pro
3020 5133 3095 5177 eo
3125 5114 3418 5177 consului
3450 5116 3807 5179 Dominum.
3843 5118 3972 5183 Ve-

2477 5221 2854 5289 rumtamen,
2891 5213 3002 5293 qui
3049 5214 3270 5276 dieunt
3307 5213 3514 5295 ipsum
3567 5214 3738 5296 Doeg
3780 5236 3964 5281 men-

2475 5313 2626 5375 dose
2673 5311 2930 5389 dixisse,
2968 5313 3138 5394 quod
3183 5312 3586 5377 Achimeleeh
3634 5317 3967 5381 consuluit
