4359 6250
602 842 670 884 25.

898 472 1017 538 206
1621 489 1968 536 manuario
2011 490 2070 535 m
2115 490 2252 537 cu.
2300 489 2449 536 xviu
2487 491 2760 538 Junicuu.
2807 509 2888 522 —-
2927 493 3069 539 aar.
3117 494 3268 540 xxm

899 670 1050 724 runt
1078 663 1145 725 in
1187 661 1342 724 urbe
1376 661 1507 739 illa,
1535 662 1646 723 sed
1674 679 1749 723 ea
1768 661 2175 742 pertransita,
2213 669 2390 722 extra
2417 661 2467 722 A
2497 669 2561 724 et
2607 681 2718 744 per
2767 663 3160 745 aliquantam
3209 666 3598 729 distantiam.
3663 669 3985 730 Talentm

618 777 865 826 andream.
897 769 962 823 et
1004 779 1202 844 prope
1246 780 1408 824 eam.
1452 759 1596 821 Fuit
1639 768 1852 822 autem
1898 769 1961 822 et
2005 760 2167 822 alter
2210 759 2387 822 locus
2497 763 2706 837 iyitur
2735 766 3024 844 quinque
3055 769 3189 826 viri
3217 769 3336 844 qui
3366 769 3798 838 intraverant,
3817 769 3984 826 scul-

893 869 1155 924 vocatus
1185 869 1389 923 castra
1419 860 1574 937 Dan,
1610 866 1681 921 ut
1722 879 1915 941 supra
1955 859 2184 940 patuit.
2220 861 2384 920 Inde

896 963 1300 1020 transierunt
1338 962 1409 1020 in
1446 969 1723 1020 montem
1752 961 2101 1036 Ephraim.
2141 961 2385 1026 Quum-

891 1079 1015 1139 que
1034 1062 1351 1120 venissent
1379 1061 1468 1119 ad
1496 1061 1761 1118 domum
1796 1060 2052 1130 Michoe,
2076 1057 2141 1118 id
2172 1064 2271 1118 est
2303 1056 2381 1118 ad

891 1158 1101 1221 locum
1149 1157 1207 1220 ei
1253 1157 1560 1234 vicinum,
1595 1159 1911 1217 dixerunt
1952 1158 2242 1236 quinque
2287 1157 2384 1214 vi-

891 1259 977 1330 ri,
1003 1260 1121 1336 qui
1140 1259 1336 1334 prius
1359 1257 1542 1316 missi
1569 1257 1839 1334 fuerant
1867 1259 1958 1315 ad
1975 1254 2382 1315 consideranss

890 1359 1051 1416 dum
1102 1365 1340 1416 terram
1387 1356 1564 1425 Lais,
1600 1355 1926 1432 fratribus.
1972 1357 2131 1425 suis,
2169 1353 2234 1414 id
2284 1360 2382 1415 est

892 1453 1048 1516 viris
1097 1452 1413 1516 sexcentis
1462 1473 1473 1516 :
1523 1453 1761 1524 Nostis,
1806 1452 1869 1514 id
1918 1460 2037 1530 θεῖ,
2090 1451 2375 1528 scitisne,

892 1554 995 1617 vel
1034 1553 1197 1617 scire
1240 1558 1353 1618 v'os
1392 1553 1707 1632 congruit,
1752 1556 1924 1632 quod
1964 1554 2036 1612 in
2080 1553 2377 1612 domibus

894 1656 1055 1726 istis,
1100 1653 1164 1715 id
1214 1662 1310 1716 est
1360 1652 1427 1714 in
1475 1669 1603 1715 una
1639 1651 1863 1714 harum
1916 1653 2248 1715 domorum
2299 1650 2377 1712 ad

626 1753 1154 1818 ma.x=·1·‚Mieham
1201 1751 1647 1835 spectantium,
1694 1753 1779 1811 sit
1821 1753 2024 1828 ephod
2066 1758 2125 1810 et
2171 1752 2380 1809 thera-

878 1856 1097 1931 phim,
1150 1861 1207 1913 et
1256 1853 1554 1928 sculptile
1600 1860 1793 1930 atque
1838 1852 2192 1925 conflatile.
2247 1847 2374 1911 Hoc
2412 1847 2457 1909 B
2487 1851 2760 1928 venique
2789 1853 3230 1923 nobiscum,ut
3260 1855 3607 1932 habeamus
3639 1863 3695 1913 te
3713 1863 3970 1930 patrem.

596 1837 637 1884 3,
658 1835 699 1874 5.

884 1961 1085 2014 totum
1126 1949 1507 2032 praecedenti
1549 1948 1818 2011 articulo
1850 1947 2208 2029 expositum
2250 1956 2366 2010 est.

894 2053 1108 2111 Videte
1138 2029 1302 2129 quid
1332 2050 1505 2108 vobis
1526 2052 1804 2126 placeat,
1827 2047 1890 2110 id
1922 2055 2041 2124 est,
2062 2047 2368 2109 attendite

872 2158 936 2211 et
970 2148 1154 2211 nobis
1186 2136 1529 2222 insinuate,
1547 2146 1703 2228 quid
1736 2145 1914 2209 vobis
1940 2146 2170 2208 debeat
2201 2164 2370 2209 com-

869 2249 1118 2331 placere
1166 2248 1244 2310 de
1284 2227 1567 2330 ‘praefatis
1615 2245 1846 2327 ephod,
1878 2244 2243 2327 theraphim
2303 2253 2366 2306 et

868 2349 1059 2424 idolo,
1096 2367 1177 2411 an
1209 2347 1454 2411 scilicet
1482 2346 1676 2409 vultis
1711 2345 1822 2408 illa
1850 2345 2184 2408 vobiscum
2218 2363 2364 2426 por-

868 2455 1023 2510 tare.
1076 2447 1151 2509 Et
1198 2467 1274 2510 ex
1322 2444 1740 2527 sequentibus
1791 2443 2009 2508 verbis
2060 2443 2354 2520 elicitur,

866 2546 1038 2628 quod
1079 2545 1664 2609 determinaverunt
1707 2563 1781 2606 ea
1822 2562 2039 2605 secum
2079 2541 2354 2605 deferre.

865 2648 953 2707 Ec
981 2665 1185 2725 qaum
1208 2648 1569 2744 paqululum
1598 2645 2046 2715 declinassent,
2084 2644 2362 2717 inyressi

860 2753 1016 2805 sunt
1043 2743 1331 2826 quinque
1361 2742 1482 2805 viri
1515 2745 1801 2813 domum,
1838 2740 1902 2803 id
1940 2749 2038 2802 est
2070 2740 2354 2804 diverso-

862 2843 1029 2905 rium
1060 2841 1453 2924 praediclzum,
1488 2841 1901 2900 adolescentis
1934 2841 2194 2912 Levitoe,
2229 2841 2350 2920 qui

859 2951 999 3002 erat
1033 2943 1103 3001 in
1134 2944 1347 3010 donw,
1382 2939 1446 3001 id
1485 2946 1581 3000 est
1626 2937 1870 3001 familia
1910 2941 2184 3010 Michoe,·
2223 2938 2349 3014 vel,

2487 863 2672 936 ptile,
2696 865 2918 939 ephod,
2941 865 3118 924 idola
3139 873 3334 944 atque
3363 869 3710 941 conflatile.
3735 867 3987 934 Quibus

2493 960 2672 1019 dia-it
2697 964 2986 1021 sacerdos
3015 981 3038 1022 .·
3074 965 3247 1031 Quid
3277 965 3499 1042 facitis
3520 969 3552 1024 ‚²
3569 963 3751 1045 quasi
3785 963 3981 1038 dicat,

2492 1056 2616 1119 Cur
2637 1067 2764 1120 tam
2796 1059 3318 1124 irrationabiliter
3347 1081 3458 1125 vos
3489 1063 3982 1126 habetistUnde

2491 1167 2774 1239 apparet,
2809 1161 2981 1241 quod
3019 1160 3286 1224 aedicula
3325 1161 3389 1223 in
3422 1181 3549 1243 qua
3585 1170 3766 1224 erant
3799 1181 3982 1224 sacra

2490 1254 2725 1332 Michae,
2780 1258 2955 1320 stetit
2994 1259 3179 1340 quasi
3223 1260 3521 1340 contigue
3567 1261 3646 1322 ad
3691 1260 3977 1323 diverso—

2491 1354 2656 1416 rium
2695 1358 3062 1420 sacerdotiS.
3102 1361 3225 1420 Cui
3257 1363 3723 1439 responderunt
3753 1382 3777 1448 :⁸
3819 1365 3976 1421 Tace

2487 1463 2548 1513 et
2577 1473 2746 1531 pone
2782 1459 3070 1533 digitum
3111 1468 3297 1518 tuum
3335 1479 3528 1536 super
3564 1479 3630 1518 os
3662 1445 3870 1548 tuum,
3909 1459 3973 1520 id

2489 1559 2605 1628 est,
2639 1553 2902 1618 omnino
2930 1555 3048 1617 sile
3077 1563 3142 1618 et
3169 1554 3459 1618 clausum
3491 1575 3560 1619 os
3594 1566 3770 1636 tuum
3801 1565 3970 1620 tene.

2487 1648 2663 1724 Quod
2693 1652 2990 1716 dixerunt
3017 1655 3118 1716 vel
3151 1655 3619 1732 comminand0‚
3654 1651 3976 1737 vel'quasi

2489 1746 2892 1814 familiariter
2947 1754 3362 1833 suggerendo.
3411 1753 3566 1816 Nam
3613 1754 3908 1816 subditur
3951 1775 3968 1819 :

2482 1968 2558 2007 ac
2583 1953 2991 2011 sacerdotem.
3020 1952 3194 2020 Quid
3225 1953 3344 2012 tibi
3374 1955 3609 2012 melius
3635 1962 3744 2022 est,
3769 1961 3844 2011 ut
3871 1954 3966 2012 sis

2477 2050 2767 2108 sacerdos
2798 2051 2867 2110 in
2890 2051 3076 2127 domo
3107 2053 3308 2110 unius
3339 2051 3494 2122 viri,
3527 2050 3824 2114 videlicet
3853 2050 3969 2112 llu-

2473 2143 2577 2224 jus
2609 2145 2846 2224 Miohae,
2879 2168 2968 2211 an
3009 2131 3082 2208 in
3113 2169 3250 2209 una
3281 2151 3456 2209 tribu
3492 2160 3550 2210 et
3579 2151 3848 2227 familia
3889 2152 3964 2210 iu

2475 2244 2733 2305 Israel?
2760 2246 2945 2326 quasi
2982 2246 3220 2323 dicant,
3260 2247 3431 2310 Istud
3481 2247 3595 2310 tibi
3642 2247 3967 2311 honorifi-

2473 2341 2720 2404 centius
2761 2343 3109 2426 utiliusque
3139 2346 3453 2408 consistit.
3479 2346 3711 2409 Tamen
3741 2365 3966 2410 revera

2471 2438 2598 2503 fuit
2643 2441 2702 2503 ei
2751 2443 2952 2522 magis
2991 2443 3292 2507 vitiosum
3331 2453 3526 2526 atque
3563 2445 3960 2522 damnabile,

2469 2538 2622 2620 quia
2659 2558 2787 2621 quo
2825 2541 3118 2623 pluribus
3163 2542 3228 2604 in
3275 2543 3635 2607 idololatria
3671 2543 3958 2626 praefuit,

2468 2655 2543 2700 θο
2580 2638 2863 2719 plurium
2903 2641 3352 2723 implicabatur
3381 2643 3786 2720 criminibus,
3821 2661 3960 2722 gra-

2468 2736 2737 2819 viusque
2765 2740 3074 2821 peccavit.
3091 2739 3542 2804 Verumtamen
3563 2742 3842 2804 sexcenti
3865 2742 3964 2804 vi-
4075 2823 4084 2832 ·

2468 2835 2521 2896 ri
2570 2835 2664 2897 illi
2713 2855 2840 2900 non
2883 2837 3141 2902 fuerunt
3187 2859 3316 2901 una
3363 2839 3576 2902 totalis
3627 2840 3835 2902 tribus
3883 2840 3960 2902 in

2466 2935 2674 3012 lsrael,
2709 2937 2817 2998 sed
2858 2944 3104 2999 tantum
3145 2956 3211 2999 se
3251 2937 3652 3019 reputabant,
3691 2947 3758 3001 et
3799 2947 3961 3002 tota-

861 3041 931 3103 In
962 3041 1151 3104 domo
1184 3039 1421 3116 Michae,
1452 3037 1603 3119 quia
1631 3037 1857 3100 domus
1888 3036 2123 3102 Levitae
2154 3037 2355 3118 perti·
2384 3036 2428 3098 C
2469 3032 2611 3096 liter
2648 3034 3071 3116 loquebantur
3107 3036 3185 3098 ad
3230 3036 3641 3100 alliciendum
3681 3037 3806 3099 sibi
3842 3037 3960 3100 Le—

864 3139 1053 3201 nebat
1100 3138 1179 3201 ad
1227 3137 1532 3210 Micham3
1580 3135 1703 3214 vel,
1758 3137 1825 3198 In
1876 3135 2064 3200 domo
2111 3135 2350 3213 Michae,

862 3238 1016 3320 quia
1062 3238 1286 3300 domus
1335 3235 1569 3299 Levitae
1618 3234 1742 3297 fuit
1791 3236 2017 3297 domus
2066 3234 2355 3316 partialis

865 3337 1059 3400 totius
1087 3337 1313 3399 domus
1346 3333 1723 3416 pertinentis
1756 3334 1832 3396 ad
1859 3332 2158 3408 Micham3
2182 3338 2356 3394 salu-

864 3444 1286 3514 taveruntque
1322 3454 1469 3493 eum
1502 3435 1707 3493 verbis
1735 3434 2049 3510 pacificis.
2085 3436 2356 3493 Sexcen-

865 3537 919 3595 ti
944 3543 1161 3594 autem
1193 3535 1327 3594 viri
1353 3535 1447 3592 ita
1480 3541 1551 3592 ut
1580 3540 1765 3591 erant
1799 3534 2069 3603 armati,
2096 3533 2354 3593 stabant

860 3643 1011 3695 ante
1036 3636 1299 3702 ostium,
1331 3626 1635 3713 tanquam
1665 3630 1744 3692 ad
1784 3630 2218 3711 adjuvandum
2256 3630 2352 3693 vi-

862 3753 966 3798 ros
992 3731 1279 3814 quinque
1310 3731 1536 3812 parati,
1564 3730 1619 3791 si
1656 3728 2035 3809 indigerent.

941 3837 1028 3894 At
1060 3835 1169 3892 illi
1198 3833 1317 3910 qui
1344 3830 1619 3906 ingressi
1653 3829 1923 3906 fuerant
1950 3830 2218 3887 domum
2235 3830 2354 3905 ju-

860 3935 1067 4001 venis,
1102 3938 1256 4012 puta
1299 3928 1555 4004 Levitae,
1600 3929 1899 4003 sculptile
1938 3936 1997 3987 et
2039 3930 2245 4004 ephod
2294 3936 2352 3987 et

862 4031 1227 4107 theraphim
1257 4037 1449 4106 atque
1472 4027 1799 4102 conflatile
1827 4029 2040 4085 tollere
2067 4027 2352 4087 niteban-

862 4139 991 4190 tur.
1023 4127 1114 4189 Ex
1159 4126 1280 4188 hoc
1327 4123 1506 4203 argui
1556 4129 1789 4205 posset,
1826 4123 1998 4203 quod
2048 4123 2350 4206 sculptile

2468 3132 2686 3197 vitam.

2552 3235 2732 3300 Quod
2751 3254 2955 3314 quum
2975 3230 3280 3307 audisset,
3303 3237 3627 3315 acquievit
3651 3238 3963 3297 sermoni-

2467 3332 2579 3391 bus
2617 3352 2836 3393 eorum
2883 3351 2959 3395 ex
3000 3332 3352 3397 ambitione
3393 3342 3456 3395 et
3492 3334 3863 3416 cupiditate,
3895 3345 3962 3395 et

2467 3432 2620 3492 tulit
2661 3434 2866 3509 ephod
2901 3441 2959 3492 et
3009 3434 3186 3493 idola
3236 3452 3312 3493 ac
3351 3433 3830 3513 sculptile.1am
3859 3434 3958 3496 di-

2465 3536 2636 3590 ctum
2667 3537 2764 3591 est
2792 3531 2961 3611 quod
2993 3530 3282 3612 quinque
3303 3530 3426 3595 viri
3457 3532 3741 3594 tulerunt
3767 3532 3952 3610 illud,

2464 3626 2588 3708 ipsi
2630 3628 2802 3690 enim
2847 3638 3178 3710 coeperunt
3221 3629 3331 3691 illa
3372 3629 3650 3705 afferre3
3698 3632 3810 3693 sed
3854 3651 3960 3695 ac-

2462 3726 2832 3809 quiescente
2881 3727 2974 3790 eis
3024 3727 3272 3805 Levita,
3326 3728 3758 3811 permiserunt
3805 3749 3954 3792 eum

2463 3826 2679 3887 omnia
2708 3826 2820 3887 illa
2837 3826 3090 3889 auferre
3109 3835 3173 3889 et
3205 3827 3429 3891 tollere
3459 3846 3674 3890 secum
3693 3852 3708 3902 ;
3728 3840 3787 3889 et
3803 3850 3956 3889 cum

2461 3926 2552 3984 eis
2581 3928 2904 4005 profectus
2931 3935 3039 3986 esc.
3075 3924 3304 4007 Sicque
3332 3926 3654 3990 commisit
3684 3924 3950 4003 furtum,

2462 4021 2671 4088 aliena
2709 4023 2800 4085 sic
2830 4022 3200 4086 auferendo.
3227 4026 3356 4093 Qui
3393 4024 3684 4106 quinque
3723 4032 3786 4088 et
3815 4045 3957 4087 sex-

2461 4122 2629 4185 centi
2671 4121 2793 4186 viri
2832 4141 2904 4185 ac
2948 4122 3217 4200 LeviteS,
3250 4142 3455 4203 quum
3499 4134 3863 4203 perqerant,
3888 4135 3954 4185 et

861 4226 1020 4288 illud
1052 4225 1177 4286 fuit
1207 4223 1379 4286 aliud
1410 4219 1975 4302 aeonflatili‚quia
2004 4222 2350 4303 separatim
2381 4222 2430 4283 D
2461 4230 2610 4281 ante
2646 4240 2709 4280 se
2748 4222 2844 4280 irc
2874 4222 3167 4299 fecissent
3203 4226 3510 4299 parvulos
3539 4232 3598 4282 et
3613 4224 3948 4299 jumenta,

863 4325 955 4387 sic
988 4322 1449 4405 exprimuntur,
1486 4320 1632 4381 aliis
1663 4319 1913 4383 duobus
1946 4320 2110 4383 inter
2139 4338 2214 4382 ea
2244 4339 2352 4383 ex-

868 4421 1125 4504 pressiS.
1168 4422 1253 4481 E't
1300 4421 1588 4479 sacerdos
1636 4420 1843 4477 stabat
1891 4427 2042 4478 ante
2088 4420 2347 4491 ostium,

866 4521 1175 4581 seoeccntis
1196 4521 1360 4579 viris
1388 4518 1767 4594 fortissimis
1798 4519 1979 4577 haud
1993 4521 2247 4596 procul,
2287 4516 2351 4579 id

868 4629 965 4683 est
1011 4638 1139 4682 non
1198 4616 1459 4692 remote,
1510 4617 2019 4692 exspectantibus
2068 4615 2344 4677 reditum

865 4720 1155 4803 quinque
1182 4713 1633 4781 virorum.Jam
1656 4712 2005 4790 dicebatur,
2022 4714 2194 4794 quod
2215 4734 2354 4777 sex-

865 4818 1035 4883 centi
1063 4817 1188 4880 viri
1226 4815 1479 4877 stabant
1516 4821 1662 4874 ante
1702 4811 1934 4875 ostium
1980 4831 1994 4875 :
2030 4813 2351 4893 quomodo

864 4937 1012 4999 ergo
1052 4935 1221 4979 nunc
1260 4914 1516 4990 dicitur,
1548 4912 1720 4993 quod
1749 4910 2041 4972 sacerdos
2081 4928 2195 4972 seu
2237 4911 2353 4973 Le-

862 5018 996 5081 vita
1015 5015 1220 5078 stabat
1238 5022 1385 5075 ante
1413 5011 1670 5087 ostium,
1696 5007 2008 5071 sexcentis
2031 5008 2186 5070 viris
2219 5009 2348 5073 illis

864 5116 1032 5179 haud
1062 5112 1283 5197 procul
1324 5107 1880 5193 exspectantibus?
1920 5106 2012 5168 Ad
2052 5108 2226 5188 quod
2259 5108 2352 5171 vi·-

862 5216 1048 5281 detur
1088 5212 1452 5287 dicendum,
1494 5208 1667 5290 quod
1697 5206 1955 5289 juvenis
2008 5205 2121 5269 ille
2168 5207 2350 5270 stetit

860 5322 1008 5377 ante
1055 5312 1292 5377 ostium
1334 5307 1739 5383 intrinsecuS,
1772 5305 1884 5369 alii
1922 5304 2336 5384 extrinsecuS,

2459 4330 2518 4379 et
2538 4340 2721 4379 omne
2739 4322 2912 4399 quod
2931 4329 3070 4380 erat
3097 4322 3469 4397 pretiosum,
3497 4320 3624 4383 imo
3645 4329 3709 4383 et
3739 4340 3954 4384 saeer-

2460 4417 2672 4479 dotem
2702 4437 2847 4480 cum
2879 4417 3074 4480 sacris
3113 4416 3266 4493 suiS‚
3303 4436 3448 4500 quae
3485 4418 3948 4501 pretiosissima

2461 4515 2932 4578 arbitrabantur
2967 4536 2980 4581 :
3019 4536 3163 4598 quae
3210 4516 3426 4579 omnia
3475 4517 3944 4599 praemiserunt,

2463 4634 2542 4677 ne
2573 4614 2626 4676 si
2651 4615 2763 4696 qui
2784 4634 2890 4677 eos
2913 4616 3412 4697 insequerentur,
3432 4624 3690 4698 possent
3721 4636 3953 4681 nocere

2463 4712 2745 4795 parvulis
2791 4722 2854 4776 et
2899 4712 3227 4794 jumentiS,
3280 4723 3389 4777 aut
3436 4715 3713 4797 pretiosa
3759 4716 3954 4779 attin-

2463 4831 2648 4893 gere3
2686 4813 2962 4892 jamque
2999 4833 3040 4872 a
3079 4816 3265 4873 domo
3297 4816 3529 4875 Mionae
3565 4825 3764 4875 essent
3797 4834 3954 4892 pro·

2459 4913 2745 4980 cul,viri
2773 4913 2892 4989 qui
2921 4912 3302 4972 habitabant
3341 4916 3414 4975 in
3443 4914 3714 4983 cedibus,
3746 4913 3809 4975 id
3847 4922 3946 4976 est

2459 5008 2778 5086 domibuS‚
2812 5012 3065 5082 Miclzoe,
3100 5010 3400 5074 videlicet
3431 5012 3572 5093 ejus
3603 5013 3942 5076 domestici

2459 5116 2523 5171 et
2552 5108 2768 5185 vicini,
2803 5108 3038 5190 quibus
3067 5109 3289 5171 domos
3329 5128 3474 5171 suas
3515 5109 3730 5173 forsan
3771 5110 3940 5174 loca-

2459 5206 2566 5283 vit,
2581 5210 2955 5267 conclamem
2965 5217 3049 5267 tes
3071 5210 3274 5268 secuti
3295 5219 3448 5269 sunt
3475 5207 3763 5273 Danitas:
3788 5209 3944 5291 quia

2456 5305 2688 5370 Michas
2717 5306 3090 5371 convocavit
3117 5324 3249 5383 θοε,
3287 5316 3357 5369 ut
3393 5326 3605 5371 secum
3641 5308 3942 5391 inseque-
