4359 6250
97 1855 182 1897 Jer.
203 1868 230 1903 ι,
253 1858 327 1899 15:

71 1917 328 1969 Ezeehxn.

71 1983 132 2029 2⁴,
153 1983 216 2025 25.

1175 491 1522 543 mannum
1565 492 1628 537 m
1669 488 1805 536 cn.
1852 488 1914 534 lv
1953 488 2227 537 mmmm.
2273 510 2353 521 -·
2394 492 2537 539 ΛΒΤ.
2586 493 2669 540 vu

3346 477 3463 541 127

361 664 716 746 lenitasque
760 662 1111 744 instigavit,
1148 673 1220 726 ut
1263 662 1506 726 ferrent
1551 660 1863 725 auxilium
1894 658 1942 721 A
1973 660 2120 722 dam
2151 660 2428 743 aliquem
2461 662 2655 726 vilem
2687 672 2753 728 et
2780 664 3171 727 malitiosum
3204 666 3283 729 de
3313 666 3466 731 Ben-

361 763 502 843 regi
535 763 734 839 Moab,
769 781 920 844 ergo
952 781 1080 825 non
1111 768 1540 844 peccaverunt
1571 759 1864 822 lsraelem

361 861 698 924 vastandO.
719 862 796 923 Et
826 861 1364 944 respondendum,
1383 860 1554 941 quod
1587 865 1864 940 potestas

359 959 653 1022 hostium
689 958 816 1023 suit
848 980 886 1023 a
919 960 1068 1037 Dec,
1103 978 1232 1022 non
1273 966 1484 1021 autem
1530 954 1864 1039 potestatis

361 1058 620 1121 abusio.
654 1059 819 1121 Deus
863 1076 1118 1140 quoque
1161 1056 1550 1120 confortavit
1588 1062 1650 1117 et
1691 1051 1868 1115 insti·

360 1158 545 1236 gavit
574 1156 718 1220 illos
740 1157 819 1219 ad
853 1156 1284 1220 invadendum
1311 1152 1626 1229 HebraeOS‚
1645 1153 1723 1215 ad
1755 1170 1867 1233 pu-

363 1256 679 1321 niendum
709 1256 1116 1318 Hebraeorum
1150 1261 1428 1337 peccata,
1459 1252 1524 1315 in
1555 1258 1864 1333 quantum

364 1354 483 1416 illa
530 1354 785 1437 punitio
835 1353 1034 1417 fiebat
1080 1353 1255 1434 justo
1304 1349 1566 1433 judicio.
1602 1350 1722 1411 Sed
1766 1346 1863 1409 illi

362 1471 500 1515 non
532 1452 1083 1534 prosequebantur
1111 1448 1667 1525 confortationem,
1690 1445 1866 1508 insti-

359 1550 822 1633 gationemque
854 1551 1031 1613 illam
1053 1570 1127 1613 ea
1152 1548 1524 1625 intentione,
1545 1566 1662 1610 nec
1693 1545 1865 1627 justo

359 1649 636 1731 judicio,
678 1650 789 1712 sed
838 1668 914 1712 ex
963 1647 1362 1724 crudelitate,
1410 1646 1758 1728 cupiditate
1803 1652 1867 1706 et

361 1747 540 1810 odio.
561 1746 664 1811 Sic
698 1766 809 1830 per
828 1748 1166 1811 Ieremiam
1197 1755 1261 1809 et
1281 1745 1674 1809 Ezechielem
1703 1744 1863 1806 Deus

1971 758 2172 839 jamin
2234 760 2426 823 tribu.
2479 761 2677 824 Unde.
2705 762 2996 842 Magister
3050 764 3118 825 in
3177 763 3463 827 historiis

1976 857 2226 919 scribit:
2243 858 2474 921 Jemini
2497 861 2755 941 quidam
2778 861 3003 924 dicunt
3027 861 3227 926 fuisse
3248 882 3464 945 quem-

1973 955 2115 1018 dam
2148 956 2343 1019 vilem
2375 958 2453 1020 de
2483 958 2836 1039 Benjamin,
2872 960 2984 1042 qui
3018 960 3289 1043 posteris
3329 960 3465 1023 suis

1976 1052 2207 1134 legitur
2237 1053 2318 1117 ob
2350 1055 2767 1135 ignominiam
2809 1077 2989 1120 suam
3032 1077 3198 1141 saepc
3230 1058 3464 1141 impro-

1973 1160 2252 1232 peratuS.
2286 1152 2463 1216 Unde
2492 1153 2701 1235 primo
2728 1156 2966 1233 Regum
3000 1156 3305 1219 habetur:
3338 1158 3463 1219 Au-

1974 1250 2104 1312 dite
2136 1270 2261 1327 me,
2292 1249 2417 1312 filii
2447 1253 2701 1315 semini.
2736 1253 2980 1317 Hebrae'i
3010 1274 3162 1318 vero
3200 1257 3461 1319 tradunt
3519 1270 3531 1283 ·

1974 1346 2146 1411 hunc
2167 1347 2368 1411 fuisse
2389 1350 2733 1432 Benjamin,
2751 1360 2815 1414 et
2845 1370 2955 1433 per
2979 1352 3373 1435 aphaeresim,
3398 1355 3459 1418 id

1974 1453 2071 1508 est
2099 1446 2289 1509 talem
2322 1447 2619 1529 figuram,
2646 1450 2755 1511 ubi
2788 1468 2903 1511 nos
2932 1451 3253 1531 ponimuS,
3276 1453 3463 1533 Jemi-

1975 1544 2065 1620 ni,
2100 1554 2371 1627 ponunt,
2391 1547 2620 1623 samin,
2656 1548 2824 1628 quod
2857 1557 3040 1611 sonat
3072 1551 3461 1614 dextrarium

1973 1643 2073 1705 vel
2106 1643 2474 1706 dextralem.
2500 1645 2625 1707 Ben
2627 1645 2827 1726 jamin
2858 1656 3093 1724 autem,
3114 1646 3291 1711 filius
3320 1651 3465 1712 dex-

1974 1748 2124 1804 terae
2156 1741 2630 1825 interpretatur.
2653 1746 2780 1813 Qui
2807 1754 3083 1825 utraque
3112 1768 3315 1809 manu
3338 1769 3463 1827 pro

363 1845 746 1928 frequenter
795 1854 1061 1909 testatus
1110 1853 1228 1921 est,
1282 1864 1350 1907 se
1398 1861 1749 1907 convocare
1799 1849 1864 1904 et
1892 1838 1938 1901 B
1972 1842 2237 1901 deoecera
2257 1844 2587 1903 utebatur:
2604 1842 2757 1923 quia
2788 1851 2915 1904 tam
2947 1854 3239 1927 prompte
3260 1866 3333 1909 ac
3357 1866 3463 1931 po-

359 1944 733 2008 conl'ortare
775 1963 988 2025 regem
1039 1942 1374 2025 Babylonis
1423 1943 1726 2005 adversus
1774 1941 1866 2002 Je-

359 2044 646 2107 rusalem
683 2062 758 2107 ac
795 2051 1036 2106 ceteras
1075 2044 1386 2118 nationeS,
1425 2040 1592 2103 sicut
1629 2041 1708 2102 de
1743 2040 1866 2102 hoc

357 2162 562 2225 super
588 2142 932 2225 Prophetas
962 2140 1216 2225 plenius
1247 2139 1498 2221 scripsi.

443 2244 757 2321 Abiitque
785 2240 987 2322 Eglon
1019 2258 1166 2303 cum
1195 2237 1547 2301 auxiliariis
1580 2236 1735 2313 suiS,
1773 2254 1866 2297 re·

355 2340 652 2403 cedendo
681 2340 762 2401 de
801 2348 970 2403 terra
1009 2356 1124 2400 sua
1159 2337 1238 2399 ad
1279 2345 1512 2399 terram
1553 2334 1864 2398 Israelita-

357 2458 534 2514 rum,
558 2448 620 2499 ec
639 2438 960 2516 percussit
990 2441 1216 2508 Israel,
1249 2435 1599 2498 occidendo
1628 2434 1864 2496 multos

355 2536 684 2612 HebraeOS,
707 2547 768 2597 et
795 2537 1072 2615 possedit
1102 2538 1326 2595 urbem
1357 2536 1774 2602 Palmarum,
1798 2532 1861 2594 id

355 2642 464 2697 est
505 2634 801 2697 Iericho:
835 2652 977 2715 quae
1029 2642 1240 2696 tamen
1282 2633 1382 2713 (ut
1432 2630 1664 2714 patuit)
1706 2649 1866 2693 non-

354 2734 522 2795 dum
555 2732 680 2794 ruit
711 2731 1117 2795 reaedil'icata.
1154 2730 1296 2807 Sed,
1332 2739 1403 2793 ut
1447 2730 1513 2792 in
1552 2728 1864 2793 Ecclesia-

353 2831 527 2894 stica
561 2829 762 2893 fertur
791 2829 1080 2905 historia,
1115 2828 1288 2892 Fecit
1327 2828 1452 2890 sibi
1492 2830 1752 2891 domum
1794 2826 1862 2889 in

355 2930 508 2992 loco
527 2947 656 3011 quo
680 2937 868 2991 antea
884 2927 1134 2991 Iericho
1157 2926 1331 2990 stetit
1353 2944 1367 2989 :
1389 2927 1581 3008 quod,
1604 2935 1673 2989 ut
1698 2946 1857 3004 reor,

1973 1944 2180 2001 tenter
2211 1939 2503 2001 utebatur
2535 1940 2813 2017 sinistra,
2835 1949 2906 2003 ut
2934 1943 3213 2021 dextera,
3244 1945 3371 2008 imo
3402 1955 3465 2009 et

1975 2034 2229 2113 sortiuS‚
2255 2038 2603 2100 secundum
2636 2037 2926 2103 Hebraeos
2952 2057 2967 2102 ε
3003 2042 3264 2124 propter
3291 2045 3461 2125 quod

1973 2133 2217 2211 dicunt,
2264 2137 2434 2217 quod
2483 2135 2605 2198 ruit
2652 2137 2885 2201 debilis
2936 2139 3193 2203 dextera
3241 2160 3458 2219 manu,

1976 2252 2102 2297 non
2147 2233 2544 2316 simpliciter,
2582 2236 2689 2298 sed
2722 2238 3174 2319 comparative.
3208 2239 3461 2303 Etenim

1973 2332 2129 2395 tales
2179 2331 2386 2395 solent
2436 2334 2501 2395 in
2552 2333 2825 2399 sinistrae
2876 2355 2998 2397 usu
3049 2355 3191 2400 esse
3242 2347 3467 2419 poten-.

1973 2429 2188 2493 tioreS.
2238 2430 2648 2514 Septuaginta
2701 2442 2935 2512 tamen,
2976 2434 3461 2501 Ambidextrum

1975 2529 2460 2593 transtulerunt.
3436 2590 3439 2593 ,

2053 2630 2501 2709 Mis-eruntque
2535 2632 2671 2707 filii
2697 2634 2903 2691 Israel
2932 2650 3054 2709 per
3084 2634 3279 2694 illum
3321 2654 3465 2695 mu-

1971 2746 2151 2797 nera,
2200 2727 2265 2789 id
2312 2736 2408 2789 est
2460 2727 2717 2805 tributa,
2770 2737 2880 2790 aut
2926 2730 3117 2793 etiam
3169 2733 3458 2813 quaedam

1969 2822 2201 2904 jocalia
2240 2833 2349 2886 aut
2393 2826 2675 2889 encaenia
2708 2827 2785 2889 ad
2830 2826 3300 2910 impetrandum
3342 2832 3463 2895 cle-

1970 2922 2297 3001 mentiam,
2338 2925 2478 3001 reqi
2520 2926 2729 2985 Moab.
2768 2927 2896 2994 Qui
2943 2930 3088 2988 Aod
3136 2931 3291 3007 fecit
3336 2932 3463 2991 sibi

355 3026 524 3091 fecit
567 3027 633 3088 in
677 3034 1114 3109 contemptum
1155 3024 1366 3103 Israel,
1402 3044 1477 3089 eo
1508 3025 1678 3106 quod
1718 3034 1862 3109 post
1889 3027 1934 3091 C
1962 3024 2265 3097 §laelium
2296 3023 2670 3099 ancipitem,
2696 3022 2761 3084 id
2792 3031 2908 3100 est,
2933 3043 3153 3087 ensem
3183 3025 3263 3089 ab
3298 3037 3461 3091 utra-

352 3127 707 3189 transitum
751 3125 1063 3203 Iordanis,
1102 3124 1226 3186 filii
1271 3124 1460 3188 Israel
1506 3125 1716 3206 primo
1757 3144 1861 3187 ur-

349 3225 510 3288 bem
539 3224 717 3287 illam
741 3224 1158 3288 obtinuerunt
1188 3241 1262 3286 ac
1294 3223 1773 3299 destruxerunt3
1798 3232 1861 3286 et

347 3333 596 3388 terram
619 3324 1181 3405 circumjacentem
1203 3321 1487 3404 possedit
1512 3321 1860 3401 renglon.

345 3425 878 3502 Servieruntque
892 3423 1026 3500 filii
1047 3425 1252 3482 Israel
1271 3423 1484 3497 Eylon
1510 3421 1649 3496 reqi
1665 3421 1854 3481 Moab

345 3525 576 3582 decem
616 3531 677 3581 et
720 3529 852 3581 octo
895 3521 1114 3589 annis,
1149 3517 1454 3582 solvendo
1502 3516 1764 3594 tributa,
1797 3525 1861 3579 et

347 3618 725 3682 exhibendo
755 3618 914 3680 dura
942 3616 1273 3697 obsequia,
1308 3624 1379 3677 ut
1412 3615 1608 3678 moris
1637 3623 1734 3678 est
1763 3615 1858 3680 vi-

349 3718 506 3783 ctiS.
541 3717 620 3778 Et
649 3717 906 3778 videtur
933 3715 1234 3796 Origenes
1267 3713 1525 3792 sentire,
1561 3715 1733 3795 quod
1765 3721 1856 3777 tot

350 3815 554 3881 annis
573 3815 932 3878 servierunt
953 3814 1126 3876 vitiis
1147 3815 1278 3895 jam
1299 3811 1600 3895 praefatiS,
1620 3813 1858 3877 idcirco

353 3924 452 3978 tot
479 3914 667 3976 annis
699 3931 956 3996 poenam
988 3911 1438 3974 luerunt.Nam
1462 3911 1855 3974 ait:Certum

349 4021 480 4088 est,
517 4012 872 4075 secundum
905 4011 1166 4074 modum
1198 4010 1463 4092 peccati,
1498 4009 1862 4073 conversio-

351 4111 596 4192 nisque
643 4109 1041 4185 dilationem‚
1088 4107 1526 4188 castigationis
1574 4117 1860 4191 tempora

351 4209 695 4274 terminari
725 4227 838 4271 seu
871 4207 1156 4270 definiri.

441 4312 530 4372 Ec
553 4317 775 4386 postea
803 4311 1251 4368 clamaverunt
1279 4310 1368 4367 ad
1387 4308 1765 4378 Dominum,
1792 4306 1856 4369 id

349 4417 484 4486 est,
519 4409 600 4471 de
649 4406 784 4468 suis
834 4405 1109 4486 peccatis
1159 4404 1564 4487 poenitenteS‚
1604 4407 1857 4470 veniam

349 4515 420 4570 et
449 4505 770 4568 auxilium
803 4503 1126 4585 petierunt
1155 4521 1192 4564 a
1224 4503 1367 4579 Deo,
1402 4502 1690 4567 videntes
1732 4505 1856 4568 sibi

350 4603 684 4668 idolorum
717 4600 961 4665 cultum
992 4600 1240 4677 obesse,
1275 4619 1402 4662 non
1434 4601 1756 4683 prodesse.
1782 4603 1860 4665 Et

351 4703 623 4777 mirum,
659 4700 831 4781 quod
875 4697 1048 4760 infra
1087 4705 1178 4760 tot
1213 4716 1416 4760 annos
1456 4717 1584 4761 non
1626 4699 1860 4762 clama-

351 4808 596 4864 verunt
643 4800 722 4861 ad
773 4797 1135 4873 Dominum,
1189 4796 1298 4858 sed
1348 4805 1493 4879 post
1535 4815 1685 4860 eos:
1728 4817 1856 4879 quo

349 4906 632 4973 constat,
666 4915 858 4978 quam
891 4895 1185 4958 excaecati
1227 4902 1406 4956 erant
1445 4903 1509 4956 et
1549 4894 1853 4973 indurati,

351 5006 622 5079 propter
649 4995 824 5077 quod
857 4993 1164 5057 acerrima
1193 4991 1536 5074 disciplina
1566 4993 1858 5074 indigue-

351 5103 532 5158 runt.
570 5096 701 5164 Qui
727 5094 1068 5153 suscitavit
1105 5093 1196 5150 eis
1233 5095 1640 5163 salvatorem,
1678 5113 1857 5154 voca-

351 5197 507 5254 bulo
549 5195 722 5263 Aod,
760 5193 981 5271 filium
1035 5194 1202 5252 Gera
1247 5191 1382 5266 filii
1427 5192 1695 5252 lemini.
1742 5191 1858 5252 Per

350 5290 594 5356 Jemini
623 5290 890 5374 quidam
931 5288 1301 5368 intelligunt
1330 5287 1684 5369 Benjamin,
1719 5287 1856 5369 qui-

1968 3139 2093 3201 que
2123 3129 2302 3202 parte
2331 3128 2590 3183 acutum
2622 3118 2775 3184 fecit
2806 3120 2931 3185 sibi
2963 3125 3195 3206 parari,
3224 3129 3459 3190 haben-

1971 3228 2093 3280 tem
2121 3222 2197 3280 in
2220 3222 2428 3281 medio
2456 3225 2782 3297 capulum,
2813 3221 2879 3284 id
2912 3231 3007 3284 est
3028 3224 3455 3306 manubrium,

1970 3318 2402 3393 lonqitudinis
2424 3322 2665 3396 palmoe
2694 3340 2955 3393 manus,
2992 3321 3290 3386 videlicet
3319 3325 3461 3389 bre-

1968 3434 2067 3492 ve,
2104 3423 2174 3477 ut
2212 3413 2425 3477 minus
2454 3417 3007 3494 consideraretur3
3041 3431 3100 3480 et
3138 3425 3461 3486 accinctus

1967 3524 2058 3575 est
2093 3534 2160 3574 eo
2200 3516 2412 3575 subter
2447 3537 2700 3593 saqum,
2734 3517 2799 3579 id
2840 3525 2939 3580 est
2977 3517 3145 3582 infra
3189 3521 3457 3603 pallium

1968 3611 2246 3674 militare
2295 3610 2517 3676 formae
2563 3615 2908 3695 quadratae,
2946 3618 3021 3677 in
3064 3620 3322 3681 dextero
3371 3623 3462 3699 fe·

1968 3731 2140 3772 more
2160 3732 2184 3771 .·
2214 3709 2369 3793 quia
2400 3711 2490 3775 sic
2522 3711 2646 3774 sibi
2690 3713 2888 3794 magis
2923 3716 3365 3794 conveniebat,
3402 3721 3457 3782 si

1968 3818 2104 3874 erat
2124 3809 2352 3873 fortior
2382 3809 2447 3873 in
2481 3810 2753 3888 sinistra,
2768 3815 3309 3894 quemadmodum
3337 3817 3461 3881 for-

1968 3907 2163 3971 tiores
2195 3909 2263 3970 in
2293 3909 2547 3972 dextera
2581 3912 2979 3993 suspendunt
3010 3932 3228 3977 ensem
3265 3935 3455 3980 suum

1969 4008 2035 4069 in
2067 4008 2328 4071 sinistro
2359 4007 2779 4073 latere.Porro
2800 4010 2854 4072 si
2882 4010 2946 4073 in
2972 4032 3090 4074 usu
3121 4015 3455 4098 utriusque

1969 4126 2197 4169 manus
2258 4106 2287 4168 f
2291 4106 2384 4169 uit
2439 4127 2617 4188 aeque
2671 4107 2991 4188 robustuS‚
3032 4111 3157 4175 dici
3220 4124 3455 4196 potest,

1890 4212 1940 4274 D
1969 4206 2139 4286 quod
2186 4205 2329 4268 ideo
2370 4205 2653 4286 gladium
2700 4206 2766 4268 in
2815 4209 3072 4273 dextero
3117 4214 3333 4294 posuit
3373 4214 3459 4279 fe-

1969 4323 2161 4381 more,
2179 4313 2249 4367 ut
2279 4303 2491 4366 minus
2523 4313 2847 4369 notaretur
2868 4325 3019 4371 ense
3038 4310 3457 4391 accinctuS,et

1969 4424 2112 4468 eum
2160 4403 2573 4485 improvisius
2614 4413 2829 4486 posset
2872 4409 3223 4473 extrahere.
3259 4412 3359 4476 Sic
3392 4424 3457 4480 et

1971 4502 2249 4566 secundo
2278 4501 2517 4582 Regum
2548 4502 2783 4584 legitur
2809 4504 2963 4567 Joab
2992 4507 3259 4571 vestitus
3289 4513 3455 4575 tuni·
3500 4540 3660 4600 nmo.
3678 4491 3779 4598 ns

1969 4620 2043 4663 ca
2073 4599 2312 4677 stricta,
2348 4607 2411 4662 et
2440 4601 2711 4683 desuper
2741 4603 3063 4667 accinctus
3104 4606 3315 4688 gladio
3348 4611 3453 4674 de·
3481 4605 3522 4646 ⁸·

1969 4700 2287 4782 pendente
2320 4718 2523 4780 usque
2551 4701 2629 4763 ad
2663 4699 2793 4777 ilia,-
2830 4710 2950 4765 etc.
2986 4703 3075 4764 Ex
3120 4705 3219 4768 his
3261 4726 3455 4792 appa-

1969 4806 2085 4875 ret,
2105 4798 2275 4878 quod
2297 4797 2430 4860 Aod
2462 4797 2848 4876 intendebat,
2866 4799 2921 4862 si
2952 4810 3182 4883 posset,
3204 4806 3455 4870 mittere

1968 4914 2225 4958 manum
2253 4895 2319 4957 in
2340 4895 2939 4978 Eglon.0btulitque
2960 4920 3231 4962 munera
3243 4905 3453 4981 Eylon

1968 4995 2126 5071 γεμί,
2148 4992 2213 5055 id
2246 5001 2361 5070 est,
2388 4995 2794 5074 praesentavit
2823 5003 2887 5058 et
2916 4997 3089 5060 dedit
3120 4997 3179 5062 ei
3211 5019 3287 5063 ex
3319 5020 3456 5084 par-

1969 5099 2030 5154 te
2059 5089 2344 5153 filiorum
2374 5091 2584 5153 lsrael.
2610 5095 2771 5153 Erat
2800 5104 3015 5156 autem
3045 5099 3257 5172 quon
3288 5120 3455 5161 cras-

1964 5212 2073 5251 sus
2103 5191 2324 5250 nimia
2362 5189 2774 5271 Septuaginta
2806 5193 3287 5274 transtulerunt,
3306 5197 3455 5260 Erat

1967 5288 2166 5370 Eglon
2199 5287 2382 5350 exilis
2411 5287 2634 5351 valde:
2663 5290 2831 5370 quod
2866 5293 3216 5355 secundum
3250 5294 3455 5377 Augu—
