4359 6250
1503 1359 2360 1473 PRAEFATIO

1758 1657 2128 1668 ————-

585 2127 677 2184 re,
712 2107 863 2189 quia
906 2107 972 2168 in
1014 2106 1240 2169 diebus
1277 2106 1467 2168 unius
1505 2106 1738 2187 judicis
1778 2107 2045 2171 historia
2072 2108 2238 2170 Ruth
2278 2108 2579 2171 scribitur
2617 2108 2987 2188 contigisse.
3023 2108 3259 2190 Estque
3307 2106 3472 2168 liber

584 2215 707 2277 iste
736 2214 1057 2296 quoddam
1087 2214 1261 2277 illius
1289 2214 1635 2278 voluminis
1664 2215 2224 2298 complementum.
2268 2215 2572 2290 Quocirca
2603 2215 2802 2297 quaeri
2846 2224 3074 2297 potest,
3111 2235 3226 2278 cur
3257 2214 3469 2297 potius

373 2321 739 2385 intitulatur
775 2341 813 2384 a
849 2322 1038 2399 Ruth,
1070 2341 1263 2404 quam
1307 2341 1345 2384 a
1381 2323 1539 2385 Booz
1578 2322 1679 2386 vel
1724 2323 1965 2386 Noemi.
2003 2323 2559 2405 Respondendum,
2604 2323 2780 2405 quod
2825 2322 2994 2402 ideo,
3037 2324 3194 2405 quia
3241 2323 3305 2386 in
3349 2324 3470 2387 isto

372 2429 594 2494 libello
632 2429 997 2513 specialiter
1026 2431 1374 2493 recitantur
1406 2430 1673 2494 virtutes
1704 2431 1886 2493 istius
1927 2431 2114 2507 Ruth,
2161 2439 2224 2494 et
2253 2431 2458 2512 gratia
2485 2431 2594 2494 Dei
2628 2430 2694 2492 in
2725 2449 2800 2494 ea
2829 2431 3105 2514 amplius
3149 2450 3471 2495 commen-

373 2538 583 2615 datur,
625 2545 819 2619 atque
864 2557 979 2620 per
1025 2557 1165 2601 eam
1212 2539 1475 2602 docetur
1526 2537 1786 2620 impleta
1834 2539 2169 2621 prophetia
2216 2539 2389 2601 lsaiae
2431 2540 2509 2601 de
2557 2537 2828 2615 Christo,
2869 2538 3144 2602 dicentis
3181 2557 3196 2600 ε
3239 2539 3472 2602 Emitte
3517 2555 3690 2608 nas-2,
3723 2559 3760 2599 1.

376 2647 651 2727 Agnum‚
684 2645 973 2723 Domine,
1008 2646 1469 2710 dominatorem
1500 2654 1704 2723 terrae,
1736 2647 1815 2709 de
1845 2656 2023 2728 petra
2051 2647 2286 2709 deserti
2317 2647 2394 2709 ad
2427 2655 2708 2709 montem
2742 2646 2898 2709 siliae
2930 2647 3106 2710 Sion.
3135 2648 3202 2709 ln
3234 2646 3470 2729 quibus

376 1999 783 2268 TESTE
814 2007 1031 2063 sancto
1060 1999 1462 2080 Hieronymo,
1498 1998 1737 2063 Hebraei
1768 2000 2004 2064 librum
2034 2001 2201 2062 Ruth
2231 2000 2451 2063 dicunt
2483 2000 2560 2063 ad
2597 2000 2833 2063 librum
2862 2001 3158 2063 Judicum
3189 1999 3469 2082 pertine-

377 2753 589 2818 verbis
630 2754 732 2819 vel
775 2755 913 2838 ipsa
949 2755 1115 2816 Ruth
1151 2754 1235 2818 ob
1273 2774 1453 2816 suam
1493 2754 1940 2831 constantiam,
1984 2753 2488 2837 firmitatemque
2525 2755 2746 2832 animi,
2794 2763 2976 2837 petra
3017 2764 3324 2831 vocatum
3367 2755 3468 2820 vel

376 2881 489 2944 per
514 2863 764 2927 Petram
795 2863 1049 2940 deserti,
1086 2862 1467 2942 intelligitur
1495 2862 1673 2926 locus
1701 2862 1783 2924 de
1810 2881 1939 2944 quo
1968 2862 2221 2925 exstitit
2250 2863 2545 2926 oriunda.
