<?xml version="1.0" encoding="UTF-8"?>
<!DOCTYPE html PUBLIC "-//W3C//DTD XHTML 1.0 Transitional//EN"
    "http://www.w3.org/TR/xhtml1/DTD/xhtml1-transitional.dtd">
<html xmlns="http://www.w3.org/1999/xhtml" xml:lang="en" lang="en">
 <head>
  <title>
</title>
<meta http-equiv="Content-Type" content="text/html;charset=utf-8" />
  <meta name='ocr-system' content='tesseract 3.04.00' />
  <meta name='ocr-capabilities' content='ocr_page ocr_carea ocr_par ocr_line ocrx_word'/>
</head>
<body>
  <div class='ocr_page' id='page_1' title='image "./doctorisecstati02denigoog_0541.png"; bbox 0 0 4359 6250; ppageno 0'>
   <div class='ocr_carea' id='block_1_1' title="bbox 913 473 3467 544">
    <p class='ocr_par' dir='ltr' id='par_1_1' title="bbox 913 473 3467 544">
     <span class='ocr_line' id='line_1_1' title="bbox 913 473 3467 544; baseline -0.002 -1"><span class='ocrx_word' id='word_1_1' title='bbox 913 473 1042 544; x_wconf 72' lang='lat'>498</span> <span class='ocrx_word' id='word_1_2' title='bbox 1463 493 1912 542; x_wconf 53' lang='lat' dir='ltr'>suanam-tons</span> <span class='ocrx_word' id='word_1_3' title='bbox 1956 494 2093 544; x_wconf 58' lang='lat' dir='ltr'>aar.</span> <span class='ocrx_word' id='word_1_4' title='bbox 2141 491 2205 539; x_wconf 83' lang='lat' dir='ltr'>x1</span> <span class='ocrx_word' id='word_1_5' title='bbox 2250 491 2403 536; x_wconf 78' lang='lat' dir='ltr'>uam</span> <span class='ocrx_word' id='word_1_6' title='bbox 2446 489 2699 538; x_wconf 67' lang='lat' dir='ltr'>saeuum</span> <span class='ocrx_word' id='word_1_7' title='bbox 2740 493 2965 538; x_wconf 68' lang='lat' dir='ltr'>aucun.</span> <span class='ocrx_word' id='word_1_8' title='bbox 3010 513 3089 522; x_wconf 97' lang='lat'><strong>—</strong></span> <span class='ocrx_word' id='word_1_9' title='bbox 3132 493 3273 543; x_wconf 64' lang='lat' dir='ltr'>aar.</span> <span class='ocrx_word' id='word_1_10' title='bbox 3319 491 3467 540; x_wconf 83' lang='lat' dir='ltr'>xvm</span> 
     </span>
    </p>
   </div>
   <div class='ocr_carea' id='block_1_2' title="bbox 923 660 3991 749">
    <p class='ocr_par' dir='ltr' id='par_1_2' title="bbox 923 660 3991 749">
     <span class='ocr_line' id='line_1_2' title="bbox 923 660 3991 749; baseline -0.003 -18"><span class='ocrx_word' id='word_1_11' title='bbox 923 668 1289 744; x_wconf 79' lang='lat' dir='ltr'>ciderimuS,</span> <span class='ocrx_word' id='word_1_12' title='bbox 1324 686 1451 730; x_wconf 90' lang='lat' dir='ltr'>non</span> <span class='ocrx_word' id='word_1_13' title='bbox 1483 669 1928 749; x_wconf 82' lang='lat' dir='ltr'>desperemus3</span> <span class='ocrx_word' id='word_1_14' title='bbox 1965 665 2072 728; x_wconf 89' lang='lat' dir='ltr'>sed</span> <span class='ocrx_word' id='word_1_15' title='bbox 2108 663 2419 746; x_wconf 86' lang='lat' dir='ltr'>poeniten-</span> <span class='ocrx_word' id='word_1_16' title='bbox 2447 660 2496 721; x_wconf 84' lang='lat' dir='ltr'>A</span> <span class='ocrx_word' id='word_1_17' title='bbox 2528 671 2733 744; x_wconf 89' lang='lat' dir='ltr'>potest</span> <span class='ocrx_word' id='word_1_18' title='bbox 2778 663 3031 746; x_wconf 83' lang='lat' dir='ltr'><strong>exponi.</strong></span> <span class='ocrx_word' id='word_1_19' title='bbox 3078 663 3309 740; x_wconf 87' lang='lat' dir='ltr'>Prim0,</span> <span class='ocrx_word' id='word_1_20' title='bbox 3354 665 3526 746; x_wconf 87' lang='lat' dir='ltr'>quod</span> <span class='ocrx_word' id='word_1_21' title='bbox 3576 670 3721 744; x_wconf 83' lang='lat' dir='ltr'>post</span> <span class='ocrx_word' id='word_1_22' title='bbox 3766 660 3991 723; x_wconf 88' lang='lat' dir='ltr'>coitum</span> 
     </span>
    </p>
   </div>
   <div class='ocr_carea' id='block_1_3' title="bbox 923 763 2420 1830">
    <p class='ocr_par' dir='ltr' id='par_1_3' title="bbox 923 763 2420 1830">
     <span class='ocr_line' id='line_1_3' title="bbox 926 763 2419 846; baseline -0.004 -18"><span class='ocrx_word' id='word_1_23' title='bbox 926 767 1100 844; x_wconf 91' lang='lat' dir='ltr'>tiam,</span> <span class='ocrx_word' id='word_1_24' title='bbox 1135 766 1669 842; x_wconf 80' lang='lat' dir='ltr'>humiliationem,</span> <span class='ocrx_word' id='word_1_25' title='bbox 1707 763 2289 846; x_wconf 80' lang='lat' dir='ltr'>compunctionem,</span> <span class='ocrx_word' id='word_1_26' title='bbox 2322 780 2419 822; x_wconf 88' lang='lat' dir='ltr'>sa-</span> 
     </span>
     <span class='ocr_line' id='line_1_4' title="bbox 925 851 2214 948; baseline -0.005 -20"><span class='ocrx_word' id='word_1_27' title='bbox 925 865 1354 930; x_wconf 85' lang='lat' dir='ltr'>tisfactionem</span> <span class='ocrx_word' id='word_1_28' title='bbox 1388 864 1592 948; x_wconf 89' lang='lat' dir='ltr'>ipsius</span> <span class='ocrx_word' id='word_1_29' title='bbox 1618 863 1815 928; x_wconf 90' lang='lat' dir='ltr'>David</span> <span class='ocrx_word' id='word_1_30' title='bbox 1847 851 2214 943; x_wconf 84' lang='lat' dir='ltr'>sequamur.</span> 
     </span>
     <span class='ocr_line' id='line_1_5' title="bbox 1005 959 2420 1030; baseline -0.008 -2"><span class='ocrx_word' id='word_1_31' title='bbox 1005 969 1279 1028; x_wconf 85' lang='lat' dir='ltr'>Factum</span> <span class='ocrx_word' id='word_1_32' title='bbox 1306 975 1396 1026; x_wconf 86' lang='lat' dir='ltr'>est</span> <span class='ocrx_word' id='word_1_33' title='bbox 1426 975 1642 1025; x_wconf 87' lang='lat' dir='ltr'>autem</span> <span class='ocrx_word' id='word_1_34' title='bbox 1673 972 1950 1024; x_wconf 85' lang='lat' dir='ltr'>vertente</span> <span class='ocrx_word' id='word_1_35' title='bbox 1985 980 2180 1030; x_wconf 88' lang='lat' dir='ltr'>ann0,</span> <span class='ocrx_word' id='word_1_36' title='bbox 2218 959 2280 1022; x_wconf 85' lang='lat' dir='ltr'>id</span> <span class='ocrx_word' id='word_1_37' title='bbox 2322 965 2420 1020; x_wconf 86' lang='lat' dir='ltr'>est</span> 
     </span>
     <span class='ocr_line' id='line_1_6' title="bbox 925 1068 2419 1145; baseline -0.007 -19"><span class='ocrx_word' id='word_1_38' title='bbox 925 1081 1096 1126; x_wconf 89' lang='lat' dir='ltr'>anno</span> <span class='ocrx_word' id='word_1_39' title='bbox 1139 1071 1444 1145; x_wconf 88' lang='lat' dir='ltr'>sequente</span> <span class='ocrx_word' id='word_1_40' title='bbox 1489 1081 1564 1124; x_wconf 93' lang='lat' dir='ltr'>ac</span> <span class='ocrx_word' id='word_1_41' title='bbox 1606 1068 1983 1136; x_wconf 86' lang='lat' dir='ltr'>revertente,</span> <span class='ocrx_word' id='word_1_42' title='bbox 2025 1080 2096 1120; x_wconf 87' lang='lat' dir='ltr'>eo</span> <span class='ocrx_word' id='word_1_43' title='bbox 2141 1069 2419 1134; x_wconf 74' lang='lat' dir='ltr'>tempore</span> 
     </span>
     <span class='ocr_line' id='line_1_7' title="bbox 925 1162 2417 1243; baseline -0.005 -18"><span class='ocrx_word' id='word_1_44' title='bbox 925 1184 1050 1243; x_wconf 83' lang='lat' dir='ltr'>quo</span> <span class='ocrx_word' id='word_1_45' title='bbox 1077 1167 1277 1224; x_wconf 77' lang='lat' dir='ltr'>solent</span> <span class='ocrx_word' id='word_1_46' title='bbox 1307 1182 1480 1240; x_wconf 70' lang='lat' dir='ltr'>reyes</span> <span class='ocrx_word' id='word_1_47' title='bbox 1515 1164 1602 1222; x_wconf 84' lang='lat' dir='ltr'>ad</span> <span class='ocrx_word' id='word_1_48' title='bbox 1631 1163 1794 1220; x_wconf 82' lang='lat' dir='ltr'>bella</span> <span class='ocrx_word' id='word_1_49' title='bbox 1815 1162 2417 1239; x_wconf 81' lang='lat' dir='ltr'>procedere,utpote</span> 
     </span>
     <span class='ocr_line' id='line_1_8' title="bbox 929 1257 2418 1344; baseline -0.005 -20"><span class='ocrx_word' id='word_1_50' title='bbox 929 1271 1212 1344; x_wconf 86' lang='lat' dir='ltr'>tempore</span> <span class='ocrx_word' id='word_1_51' title='bbox 1255 1261 1423 1325; x_wconf 89' lang='lat' dir='ltr'>veris</span> <span class='ocrx_word' id='word_1_52' title='bbox 1465 1260 1732 1324; x_wconf 90' lang='lat' dir='ltr'>initiove</span> <span class='ocrx_word' id='word_1_53' title='bbox 1773 1257 2028 1332; x_wconf 78' lang='lat' dir='ltr'>aestatis,</span> <span class='ocrx_word' id='word_1_54' title='bbox 2063 1257 2219 1320; x_wconf 91' lang='lat' dir='ltr'>dum</span> <span class='ocrx_word' id='word_1_55' title='bbox 2262 1273 2418 1316; x_wconf 88' lang='lat' dir='ltr'>aura</span> 
     </span>
     <span class='ocr_line' id='line_1_9' title="bbox 926 1352 2415 1442; baseline -0.006 -19"><span class='ocrx_word' id='word_1_56' title='bbox 926 1369 1024 1423; x_wconf 90' lang='lat' dir='ltr'>est</span> <span class='ocrx_word' id='word_1_57' title='bbox 1053 1369 1414 1442; x_wconf 85' lang='lat' dir='ltr'>temperata,</span> <span class='ocrx_word' id='word_1_58' title='bbox 1433 1368 1495 1422; x_wconf 92' lang='lat' dir='ltr'>et</span> <span class='ocrx_word' id='word_1_59' title='bbox 1526 1358 1675 1440; x_wconf 89' lang='lat' dir='ltr'>equi</span> <span class='ocrx_word' id='word_1_60' title='bbox 1706 1376 1780 1421; x_wconf 91' lang='lat' dir='ltr'>ac</span> <span class='ocrx_word' id='word_1_61' title='bbox 1809 1355 2112 1419; x_wconf 89' lang='lat' dir='ltr'>animalia</span> <span class='ocrx_word' id='word_1_62' title='bbox 2133 1355 2199 1416; x_wconf 92' lang='lat' dir='ltr'>in</span> <span class='ocrx_word' id='word_1_63' title='bbox 2222 1352 2415 1434; x_wconf 82' lang='lat' dir='ltr'>agris,</span> 
     </span>
     <span class='ocr_line' id='line_1_10' title="bbox 923 1454 2415 1541; baseline -0.007 -19"><span class='ocrx_word' id='word_1_64' title='bbox 923 1460 1168 1541; x_wconf 90' lang='lat' dir='ltr'>campis</span> <span class='ocrx_word' id='word_1_65' title='bbox 1211 1469 1275 1523; x_wconf 92' lang='lat' dir='ltr'>et</span> <span class='ocrx_word' id='word_1_66' title='bbox 1321 1459 1516 1540; x_wconf 88' lang='lat' dir='ltr'>pratis</span> <span class='ocrx_word' id='word_1_67' title='bbox 1562 1457 1902 1522; x_wconf 88' lang='lat' dir='ltr'>inveniunt</span> <span class='ocrx_word' id='word_1_68' title='bbox 1944 1454 2199 1537; x_wconf 89' lang='lat' dir='ltr'>pabula,</span> <span class='ocrx_word' id='word_1_69' title='bbox 2236 1454 2415 1514; x_wconf 77' lang='lat' dir='ltr'>misit</span> 
     </span>
     <span class='ocr_line' id='line_1_11' title="bbox 925 1551 2419 1620; baseline -0.007 -1"><span class='ocrx_word' id='word_1_70' title='bbox 925 1561 1146 1619; x_wconf 86' lang='lat' dir='ltr'>David</span> <span class='ocrx_word' id='word_1_71' title='bbox 1171 1561 1328 1620; x_wconf 84' lang='lat' dir='ltr'>Joab</span> <span class='ocrx_word' id='word_1_72' title='bbox 1357 1567 1416 1618; x_wconf 84' lang='lat' dir='ltr'>et</span> <span class='ocrx_word' id='word_1_73' title='bbox 1448 1577 1657 1617; x_wconf 82' lang='lat' dir='ltr'>servos</span> <span class='ocrx_word' id='word_1_74' title='bbox 1693 1576 1838 1616; x_wconf 78' lang='lat' dir='ltr'>suos</span> <span class='ocrx_word' id='word_1_75' title='bbox 1875 1575 2018 1615; x_wconf 80' lang='lat' dir='ltr'>cum</span> <span class='ocrx_word' id='word_1_76' title='bbox 2063 1573 2132 1614; x_wconf 91' lang='lat' dir='ltr'>eo</span> <span class='ocrx_word' id='word_1_77' title='bbox 2169 1563 2230 1613; x_wconf 84' lang='lat' dir='ltr'>et</span> <span class='ocrx_word' id='word_1_78' title='bbox 2271 1551 2419 1611; x_wconf 89' lang='lat' dir='ltr'>uni-</span> 
     </span>
     <span class='ocr_line' id='line_1_12' title="bbox 926 1649 2415 1729; baseline -0.005 -11"><span class='ocrx_word' id='word_1_79' title='bbox 926 1678 1181 1718; x_wconf 81' lang='lat' dir='ltr'>versum</span> <span class='ocrx_word' id='word_1_80' title='bbox 1224 1661 1450 1728; x_wconf 78' lang='lat' dir='ltr'>Israel,</span> <span class='ocrx_word' id='word_1_81' title='bbox 1486 1656 1549 1718; x_wconf 91' lang='lat' dir='ltr'>id</span> <span class='ocrx_word' id='word_1_82' title='bbox 1593 1662 1688 1717; x_wconf 88' lang='lat' dir='ltr'>est</span> <span class='ocrx_word' id='word_1_83' title='bbox 1733 1654 1970 1716; x_wconf 87' lang='lat' dir='ltr'>multos</span> <span class='ocrx_word' id='word_1_84' title='bbox 2013 1653 2092 1714; x_wconf 94' lang='lat' dir='ltr'>de</span> <span class='ocrx_word' id='word_1_85' title='bbox 2139 1649 2415 1729; x_wconf 80' lang='lat' dir='ltr'>singulis</span> 
     </span>
     <span class='ocr_line' id='line_1_13' title="bbox 926 1753 2413 1830; baseline -0.005 -12"><span class='ocrx_word' id='word_1_86' title='bbox 926 1756 1244 1830; x_wconf 84' lang='lat' dir='ltr'>tribubuS,</span> <span class='ocrx_word' id='word_1_87' title='bbox 1275 1766 1336 1816; x_wconf 84' lang='lat' dir='ltr'>et</span> <span class='ocrx_word' id='word_1_88' title='bbox 1367 1763 1785 1816; x_wconf 81' lang='lat' dir='ltr'>vastaverunt</span> <span class='ocrx_word' id='word_1_89' title='bbox 1813 1756 1984 1830; x_wconf 75' lang='lat' dir='ltr'>filios</span> <span class='ocrx_word' id='word_1_90' title='bbox 2013 1753 2322 1818; x_wconf 83' lang='lat' dir='ltr'>Ammon,</span> <span class='ocrx_word' id='word_1_91' title='bbox 2353 1758 2413 1810; x_wconf 81' lang='lat' dir='ltr'>et</span> 
     </span>
    </p>
   </div>
   <div class='ocr_carea' id='block_1_4' title="bbox 2525 759 4001 1831">
    <p class='ocr_par' dir='ltr' id='par_1_4' title="bbox 2525 759 4001 1831">
     <span class='ocr_line' id='line_1_14' title="bbox 2526 759 3989 844; baseline -0.003 -22"><span class='ocrx_word' id='word_1_92' title='bbox 2526 781 2712 825; x_wconf 90' lang='lat' dir='ltr'>mane</span> <span class='ocrx_word' id='word_1_93' title='bbox 2762 783 2829 826; x_wconf 93' lang='lat' dir='ltr'>se</span> <span class='ocrx_word' id='word_1_94' title='bbox 2878 763 3052 838; x_wconf 88' lang='lat' dir='ltr'>lavit,</span> <span class='ocrx_word' id='word_1_95' title='bbox 3096 762 3637 844; x_wconf 88' lang='lat' dir='ltr'>corporaliterque</span> <span class='ocrx_word' id='word_1_96' title='bbox 3688 759 3989 842; x_wconf 84' lang='lat' dir='ltr'>purgavit.</span> 
     </span>
     <span class='ocr_line' id='line_1_15' title="bbox 2526 860 3997 943; baseline -0.004 -19"><span class='ocrx_word' id='word_1_97' title='bbox 2526 861 2837 939; x_wconf 84' lang='lat' dir='ltr'>Secu—ndo,</span> <span class='ocrx_word' id='word_1_98' title='bbox 2892 863 3063 943; x_wconf 89' lang='lat' dir='ltr'>quod</span> <span class='ocrx_word' id='word_1_99' title='bbox 3114 863 3327 924; x_wconf 89' lang='lat' dir='ltr'>statim</span> <span class='ocrx_word' id='word_1_100' title='bbox 3383 860 3697 943; x_wconf 80' lang='lat' dir='ltr'>concepit,</span> <span class='ocrx_word' id='word_1_101' title='bbox 3752 867 3997 940; x_wconf 84' lang='lat' dir='ltr'>propter</span> 
     </span>
     <span class='ocr_line' id='line_1_16' title="bbox 2525 955 3995 1042; baseline -0.003 -20"><span class='ocrx_word' id='word_1_102' title='bbox 2525 962 2696 1042; x_wconf 89' lang='lat' dir='ltr'>quod</span> <span class='ocrx_word' id='word_1_103' title='bbox 2728 971 3094 1024; x_wconf 86' lang='lat' dir='ltr'>menstruus</span> <span class='ocrx_word' id='word_1_104' title='bbox 3122 961 3380 1042; x_wconf 84' lang='lat' dir='ltr'>sanguis</span> <span class='ocrx_word' id='word_1_105' title='bbox 3412 961 3479 1023; x_wconf 89' lang='lat' dir='ltr'>in</span> <span class='ocrx_word' id='word_1_106' title='bbox 3508 979 3585 1024; x_wconf 90' lang='lat' dir='ltr'>ea</span> <span class='ocrx_word' id='word_1_107' title='bbox 3604 957 3891 1033; x_wconf 84' lang='lat' dir='ltr'>cessavit,</span> <span class='ocrx_word' id='word_1_108' title='bbox 3904 955 3995 1020; x_wconf 83' lang='lat' dir='ltr'>vel</span> 
     </span>
     <span class='ocr_line' id='line_1_17' title="bbox 2525 1055 3995 1142; baseline -0.003 -21"><span class='ocrx_word' id='word_1_109' title='bbox 2525 1059 2828 1142; x_wconf 87' lang='lat' dir='ltr'>deinceps</span> <span class='ocrx_word' id='word_1_110' title='bbox 2861 1079 2987 1122; x_wconf 89' lang='lat' dir='ltr'>non</span> <span class='ocrx_word' id='word_1_111' title='bbox 3030 1060 3153 1123; x_wconf 86' lang='lat' dir='ltr'>fuit</span> <span class='ocrx_word' id='word_1_112' title='bbox 3192 1079 3392 1142; x_wconf 88' lang='lat' dir='ltr'>usque</span> <span class='ocrx_word' id='word_1_113' title='bbox 3432 1059 3509 1121; x_wconf 90' lang='lat' dir='ltr'>ad</span> <span class='ocrx_word' id='word_1_114' title='bbox 3536 1066 3823 1141; x_wconf 84' lang='lat' dir='ltr'>partum.</span> <span class='ocrx_word' id='word_1_115' title='bbox 3856 1055 3995 1118; x_wconf 77' lang='lat' dir='ltr'>Nam</span> 
     </span>
     <span class='ocr_line' id='line_1_18' title="bbox 2528 1164 3997 1239; baseline -0.003 -19"><span class='ocrx_word' id='word_1_116' title='bbox 2528 1169 2923 1222; x_wconf 89' lang='lat' dir='ltr'>menstruum</span> <span class='ocrx_word' id='word_1_117' title='bbox 2984 1167 3267 1223; x_wconf 84' lang='lat' dir='ltr'>reservat</span> <span class='ocrx_word' id='word_1_118' title='bbox 3312 1167 3533 1221; x_wconf 88' lang='lat' dir='ltr'>natura</span> <span class='ocrx_word' id='word_1_119' title='bbox 3586 1164 3731 1239; x_wconf 87' lang='lat' dir='ltr'>post</span> <span class='ocrx_word' id='word_1_120' title='bbox 3788 1173 3997 1218; x_wconf 82' lang='lat' dir='ltr'>conce-</span> 
     </span>
     <span class='ocr_line' id='line_1_19' title="bbox 2527 1253 4001 1336; baseline -0.003 -19"><span class='ocrx_word' id='word_1_121' title='bbox 2527 1255 2835 1336; x_wconf 90' lang='lat' dir='ltr'>ptionem,</span> <span class='ocrx_word' id='word_1_122' title='bbox 2872 1256 2937 1318; x_wconf 90' lang='lat' dir='ltr'>in</span> <span class='ocrx_word' id='word_1_123' title='bbox 2968 1256 3337 1322; x_wconf 89' lang='lat' dir='ltr'>alimoniam</span> <span class='ocrx_word' id='word_1_124' title='bbox 3371 1255 3537 1318; x_wconf 85' lang='lat' dir='ltr'>fetus</span> <span class='ocrx_word' id='word_1_125' title='bbox 3568 1273 3771 1336; x_wconf 90' lang='lat' dir='ltr'>usque</span> <span class='ocrx_word' id='word_1_126' title='bbox 3800 1253 3879 1315; x_wconf 90' lang='lat' dir='ltr'>ad</span> <span class='ocrx_word' id='word_1_127' title='bbox 3908 1271 4001 1313; x_wconf 86' lang='lat' dir='ltr'>na·</span> 
     </span>
     <span class='ocr_line' id='line_1_20' title="bbox 2527 1351 3999 1429; baseline -0.003 -13"><span class='ocrx_word' id='word_1_128' title='bbox 2527 1355 2839 1418; x_wconf 85' lang='lat' dir='ltr'>tivitatem</span> <span class='ocrx_word' id='word_1_129' title='bbox 2884 1375 2957 1418; x_wconf 82' lang='lat' dir='ltr'>ex</span> <span class='ocrx_word' id='word_1_130' title='bbox 3000 1363 3202 1418; x_wconf 91' lang='lat' dir='ltr'>utero.</span> <span class='ocrx_word' id='word_1_131' title='bbox 3234 1354 3497 1429; x_wconf 89' lang='lat' dir='ltr'>Quidam</span> <span class='ocrx_word' id='word_1_132' title='bbox 3536 1362 3749 1420; x_wconf 83' lang='lat' dir='ltr'>tamen</span> <span class='ocrx_word' id='word_1_133' title='bbox 3790 1351 3999 1416; x_wconf 80' lang='lat' dir='ltr'>dicunt</span> 
     </span>
     <span class='ocr_line' id='line_1_21' title="bbox 2526 1453 3997 1535; baseline -0.002 -20"><span class='ocrx_word' id='word_1_134' title='bbox 2526 1472 2663 1516; x_wconf 90' lang='lat' dir='ltr'>eam</span> <span class='ocrx_word' id='word_1_135' title='bbox 2711 1462 2863 1517; x_wconf 90' lang='lat' dir='ltr'>tunc</span> <span class='ocrx_word' id='word_1_136' title='bbox 2906 1462 3385 1530; x_wconf 82' lang='lat' dir='ltr'>menstruatam,</span> <span class='ocrx_word' id='word_1_137' title='bbox 3420 1461 3611 1535; x_wconf 86' lang='lat' dir='ltr'>atque</span> <span class='ocrx_word' id='word_1_138' title='bbox 3650 1453 3730 1514; x_wconf 91' lang='lat' dir='ltr'>ad</span> <span class='ocrx_word' id='word_1_139' title='bbox 3774 1459 3997 1516; x_wconf 81' lang='lat' dir='ltr'>tactum</span> 
     </span>
     <span class='ocr_line' id='line_1_22' title="bbox 2528 1549 3999 1632; baseline -0.001 -20"><span class='ocrx_word' id='word_1_140' title='bbox 2528 1551 2714 1632; x_wconf 82' lang='lat' dir='ltr'>regiS,</span> <span class='ocrx_word' id='word_1_141' title='bbox 2748 1562 3145 1616; x_wconf 89' lang='lat' dir='ltr'>menstruum</span> <span class='ocrx_word' id='word_1_142' title='bbox 3174 1571 3321 1615; x_wconf 85' lang='lat' dir='ltr'>mox</span> <span class='ocrx_word' id='word_1_143' title='bbox 3351 1571 3649 1616; x_wconf 76' lang='lat' dir='ltr'>cessasse.</span> <span class='ocrx_word' id='word_1_144' title='bbox 3672 1551 3809 1612; x_wconf 85' lang='lat' dir='ltr'>Jam</span> <span class='ocrx_word' id='word_1_145' title='bbox 3840 1549 3999 1612; x_wconf 87' lang='lat' dir='ltr'>enim</span> 
     </span>
     <span class='ocr_line' id='line_1_23' title="bbox 2527 1647 3997 1732; baseline -0.003 -20"><span class='ocrx_word' id='word_1_146' title='bbox 2527 1669 2641 1731; x_wconf 88' lang='lat' dir='ltr'>per</span> <span class='ocrx_word' id='word_1_147' title='bbox 2684 1659 2934 1732; x_wconf 87' lang='lat' dir='ltr'>tempus</span> <span class='ocrx_word' id='word_1_148' title='bbox 2979 1651 3260 1714; x_wconf 90' lang='lat' dir='ltr'>notabile</span> <span class='ocrx_word' id='word_1_149' title='bbox 3307 1649 3425 1717; x_wconf 87' lang='lat' dir='ltr'>fuit</span> <span class='ocrx_word' id='word_1_150' title='bbox 3475 1649 3807 1730; x_wconf 80' lang='lat' dir='ltr'>incognita</span> <span class='ocrx_word' id='word_1_151' title='bbox 3848 1647 3997 1710; x_wconf 79' lang='lat' dir='ltr'>viro.</span> 
     </span>
     <span class='ocr_line' id='line_1_24' title="bbox 2526 1747 3997 1831; baseline 0 -21"><span class='ocrx_word' id='word_1_152' title='bbox 2526 1748 2975 1812; x_wconf 77' lang='lat' dir='ltr'>Verumtamen</span> <span class='ocrx_word' id='word_1_153' title='bbox 3006 1749 3115 1811; x_wconf 90' lang='lat' dir='ltr'>alii</span> <span class='ocrx_word' id='word_1_154' title='bbox 3148 1749 3370 1812; x_wconf 89' lang='lat' dir='ltr'>dicunt</span> <span class='ocrx_word' id='word_1_155' title='bbox 3398 1749 3592 1831; x_wconf 87' lang='lat' dir='ltr'>hujus</span> <span class='ocrx_word' id='word_1_156' title='bbox 3620 1747 3997 1830; x_wconf 83' lang='lat' dir='ltr'>oppositum,</span> 
     </span>
    </p>
   </div>
   <div class='ocr_carea' id='block_1_5' title="bbox 924 1843 3999 1932">
    <p class='ocr_par' dir='ltr' id='par_1_5' title="bbox 924 1843 3999 1932">
     <span class='ocr_line' id='line_1_25' title="bbox 924 1843 3999 1932; baseline -0.004 -17"><span class='ocrx_word' id='word_1_157' title='bbox 924 1858 1298 1916; x_wconf 82' lang='lat' dir='ltr'>obsederunt</span> <span class='ocrx_word' id='word_1_158' title='bbox 1317 1856 1607 1916; x_wconf 75' lang='lat' dir='ltr'>Rabbatlz</span> <span class='ocrx_word' id='word_1_159' title='bbox 1631 1850 2036 1932; x_wconf 78' lang='lat' dir='ltr'>metropolim</span> <span class='ocrx_word' id='word_1_160' title='bbox 2069 1848 2270 1928; x_wconf 82' lang='lat' dir='ltr'>regni.</span> <span class='ocrx_word' id='word_1_161' title='bbox 2288 1851 2416 1908; x_wconf 87' lang='lat' dir='ltr'>Da·</span> <span class='ocrx_word' id='word_1_162' title='bbox 2453 1843 2500 1906; x_wconf 92' lang='lat' dir='ltr'>B</span> <span class='ocrx_word' id='word_1_163' title='bbox 2527 1846 2677 1927; x_wconf 90' lang='lat' dir='ltr'>quia</span> <span class='ocrx_word' id='word_1_164' title='bbox 2691 1848 2963 1910; x_wconf 77' lang='lat' dir='ltr'>durante</span> <span class='ocrx_word' id='word_1_165' title='bbox 2986 1847 3345 1928; x_wconf 86' lang='lat' dir='ltr'>hujusmodi</span> <span class='ocrx_word' id='word_1_166' title='bbox 3372 1846 3569 1922; x_wconf 82' lang='lat' dir='ltr'>fluxu,-</span> <span class='ocrx_word' id='word_1_167' title='bbox 3588 1845 3847 1910; x_wconf 75' lang='lat' dir='ltr'>feminae</span> <span class='ocrx_word' id='word_1_168' title='bbox 3864 1853 3999 1908; x_wconf 83' lang='lat' dir='ltr'>sunt</span> 
     </span>
    </p>
   </div>
   <div class='ocr_carea' id='block_1_6' title="bbox 924 1951 2415 2135">
    <p class='ocr_par' dir='ltr' id='par_1_6' title="bbox 924 1951 2415 2135">
     <span class='ocr_line' id='line_1_26' title="bbox 926 1951 2415 2027; baseline -0.005 -13"><span class='ocrx_word' id='word_1_169' title='bbox 926 1955 1041 2014; x_wconf 86' lang='lat' dir='ltr'>vid</span> <span class='ocrx_word' id='word_1_170' title='bbox 1078 1964 1294 2015; x_wconf 86' lang='lat' dir='ltr'>autem</span> <span class='ocrx_word' id='word_1_171' title='bbox 1337 1951 1648 2014; x_wconf 73' lang='lat' dir='ltr'>remansit</span> <span class='ocrx_word' id='word_1_172' title='bbox 1693 1953 1767 2012; x_wconf 87' lang='lat' dir='ltr'>in</span> <span class='ocrx_word' id='word_1_173' title='bbox 1801 1953 2182 2018; x_wconf 75' lang='lat' dir='ltr'>Jerusalem,</span> <span class='ocrx_word' id='word_1_174' title='bbox 2230 1965 2415 2027; x_wconf 88' lang='lat' dir='ltr'>repu-</span> 
     </span>
     <span class='ocr_line' id='line_1_27' title="bbox 924 2047 2410 2135; baseline -0.007 -19"><span class='ocrx_word' id='word_1_175' title='bbox 924 2061 1064 2116; x_wconf 78' lang='lat' dir='ltr'>tans</span> <span class='ocrx_word' id='word_1_176' title='bbox 1107 2051 1512 2135; x_wconf 84' lang='lat' dir='ltr'>praesentiam</span> <span class='ocrx_word' id='word_1_177' title='bbox 1557 2069 1736 2113; x_wconf 91' lang='lat' dir='ltr'>suam</span> <span class='ocrx_word' id='word_1_178' title='bbox 1778 2068 1924 2112; x_wconf 91' lang='lat' dir='ltr'>cum</span> <span class='ocrx_word' id='word_1_179' title='bbox 1970 2047 2251 2111; x_wconf 89' lang='lat' dir='ltr'>exercitu</span> <span class='ocrx_word' id='word_1_180' title='bbox 2294 2063 2410 2107; x_wconf 91' lang='lat' dir='ltr'>suo</span> 
     </span>
    </p>
   </div>
   <div class='ocr_carea' id='block_1_7' title="bbox 923 2144 2415 2310">
    <p class='ocr_par' dir='ltr' id='par_1_7' title="bbox 923 2144 2415 2310">
     <span class='ocr_line' id='line_1_28' title="bbox 926 2144 2413 2230; baseline -0.007 -15"><span class='ocrx_word' id='word_1_181' title='bbox 926 2171 1054 2217; x_wconf 92' lang='lat' dir='ltr'>non</span> <span class='ocrx_word' id='word_1_182' title='bbox 1083 2171 1222 2214; x_wconf 90' lang='lat' dir='ltr'>esse</span> <span class='ocrx_word' id='word_1_183' title='bbox 1253 2149 1676 2214; x_wconf 90' lang='lat' dir='ltr'>necessariam</span> <span class='ocrx_word' id='word_1_184' title='bbox 1708 2155 1967 2230; x_wconf 90' lang='lat' dir='ltr'>propter</span> <span class='ocrx_word' id='word_1_185' title='bbox 2005 2145 2285 2208; x_wconf 88' lang='lat' dir='ltr'>hostium</span> <span class='ocrx_word' id='word_1_186' title='bbox 2321 2144 2413 2205; x_wconf 90' lang='lat' dir='ltr'>in-</span> 
     </span>
     <span class='ocr_line' id='line_1_29' title="bbox 923 2243 2415 2310; baseline -0.007 -1"><span class='ocrx_word' id='word_1_187' title='bbox 923 2245 1384 2310; x_wconf 80' lang='lat' dir='ltr'>sufficientiam</span> <span class='ocrx_word' id='word_1_188' title='bbox 1433 2245 1514 2307; x_wconf 88' lang='lat' dir='ltr'>ad</span> <span class='ocrx_word' id='word_1_189' title='bbox 1562 2243 2006 2307; x_wconf 88' lang='lat' dir='ltr'>resistendum.</span> <span class='ocrx_word' id='word_1_190' title='bbox 2060 2246 2237 2303; x_wconf 79' lang='lat' dir='ltr'>Dum</span> <span class='ocrx_word' id='word_1_191' title='bbox 2282 2243 2415 2302; x_wconf 71' lang='lat' dir='ltr'>laec</span> 
     </span>
    </p>
   </div>
   <div class='ocr_carea' id='block_1_8' title="bbox 921 2343 2417 3015">
    <p class='ocr_par' dir='ltr' id='par_1_8' title="bbox 921 2343 2417 3015">
     <span class='ocr_line' id='line_1_30' title="bbox 923 2343 2416 2423; baseline -0.006 -17"><span class='ocrx_word' id='word_1_192' title='bbox 923 2355 1294 2423; x_wconf 72' lang='lat' dir='ltr'>ayerentur,</span> <span class='ocrx_word' id='word_1_193' title='bbox 1327 2345 1564 2406; x_wconf 86' lang='lat' dir='ltr'>accidit</span> <span class='ocrx_word' id='word_1_194' title='bbox 1612 2345 1898 2422; x_wconf 83' lang='lat' dir='ltr'>quadam</span> <span class='ocrx_word' id='word_1_195' title='bbox 1933 2343 2043 2401; x_wconf 84' lang='lat' dir='ltr'>die</span> <span class='ocrx_word' id='word_1_196' title='bbox 2083 2350 2156 2400; x_wconf 86' lang='lat' dir='ltr'>ut</span> <span class='ocrx_word' id='word_1_197' title='bbox 2198 2358 2416 2414; x_wconf 69' lang='lat' dir='ltr'>surye-</span> 
     </span>
     <span class='ocr_line' id='line_1_31' title="bbox 921 2439 2414 2517; baseline -0.007 -13"><span class='ocrx_word' id='word_1_198' title='bbox 921 2455 1017 2505; x_wconf 85' lang='lat' dir='ltr'>ret</span> <span class='ocrx_word' id='word_1_199' title='bbox 1049 2445 1266 2506; x_wconf 87' lang='lat' dir='ltr'>David</span> <span class='ocrx_word' id='word_1_200' title='bbox 1300 2446 1380 2503; x_wconf 84' lang='lat' dir='ltr'>de</span> <span class='ocrx_word' id='word_1_201' title='bbox 1407 2451 1619 2502; x_wconf 83' lang='lat' dir='ltr'>stratu</span> <span class='ocrx_word' id='word_1_202' title='bbox 1647 2461 1760 2500; x_wconf 81' lang='lat' dir='ltr'>suo</span> <span class='ocrx_word' id='word_1_203' title='bbox 1783 2449 1927 2517; x_wconf 78' lang='lat' dir='ltr'>post</span> <span class='ocrx_word' id='word_1_204' title='bbox 1957 2439 2319 2506; x_wconf 81' lang='lat' dir='ltr'>meridiem,</span> <span class='ocrx_word' id='word_1_205' title='bbox 2354 2445 2414 2495; x_wconf 84' lang='lat' dir='ltr'>et</span> 
     </span>
     <span class='ocr_line' id='line_1_32' title="bbox 921 2536 2412 2613; baseline -0.007 -10"><span class='ocrx_word' id='word_1_206' title='bbox 921 2544 1362 2603; x_wconf 84' lang='lat' dir='ltr'>deambularet</span> <span class='ocrx_word' id='word_1_207' title='bbox 1404 2543 1476 2601; x_wconf 88' lang='lat' dir='ltr'>in</span> <span class='ocrx_word' id='word_1_208' title='bbox 1509 2541 1746 2600; x_wconf 80' lang='lat' dir='ltr'>solario</span> <span class='ocrx_word' id='word_1_209' title='bbox 1783 2541 2012 2598; x_wconf 79' lang='lat' dir='ltr'>domus</span> <span class='ocrx_word' id='word_1_210' title='bbox 2049 2539 2264 2613; x_wconf 69' lang='lat' dir='ltr'>reyioe.</span> <span class='ocrx_word' id='word_1_211' title='bbox 2310 2536 2412 2594; x_wconf 90' lang='lat' dir='ltr'>Vi-</span> 
     </span>
     <span class='ocr_line' id='line_1_33' title="bbox 921 2639 2417 2720; baseline -0.004 -20"><span class='ocrx_word' id='word_1_212' title='bbox 921 2642 1142 2720; x_wconf 85' lang='lat' dir='ltr'>ditque</span> <span class='ocrx_word' id='word_1_213' title='bbox 1173 2641 1394 2702; x_wconf 86' lang='lat' dir='ltr'>David</span> <span class='ocrx_word' id='word_1_214' title='bbox 1433 2640 1770 2699; x_wconf 83' lang='lat' dir='ltr'>mulierem</span> <span class='ocrx_word' id='word_1_215' title='bbox 1800 2657 1862 2696; x_wconf 80' lang='lat' dir='ltr'>se</span> <span class='ocrx_word' id='word_1_216' title='bbox 1893 2639 2219 2698; x_wconf 77' lang='lat' dir='ltr'>lavantem</span> <span class='ocrx_word' id='word_1_217' title='bbox 2249 2651 2417 2714; x_wconf 85' lang='lat' dir='ltr'>aqua</span> 
     </span>
     <span class='ocr_line' id='line_1_34' title="bbox 922 2733 2415 2821; baseline -0.001 -21"><span class='ocrx_word' id='word_1_218' title='bbox 922 2737 1157 2818; x_wconf 68' lang='lat' dir='ltr'>irigida</span> <span class='ocrx_word' id='word_1_219' title='bbox 1184 2745 1445 2821; x_wconf 91' lang='lat' dir='ltr'>propter</span> <span class='ocrx_word' id='word_1_220' title='bbox 1476 2734 2024 2813; x_wconf 80' lang='lat' dir='ltr'>refrigerationem</span> <span class='ocrx_word' id='word_1_221' title='bbox 2056 2733 2415 2808; x_wconf 79' lang='lat' dir='ltr'>caloriS,sc·</span> 
     </span>
     <span class='ocr_line' id='line_1_35' title="bbox 921 2834 2413 2917; baseline -0.005 -18"><span class='ocrx_word' id='word_1_222' title='bbox 921 2838 1204 2900; x_wconf 86' lang='lat' dir='ltr'>cundum</span> <span class='ocrx_word' id='word_1_223' title='bbox 1233 2835 1570 2917; x_wconf 86' lang='lat' dir='ltr'>quosdam;</span> <span class='ocrx_word' id='word_1_224' title='bbox 1594 2834 1696 2896; x_wconf 84' lang='lat' dir='ltr'>vel</span> <span class='ocrx_word' id='word_1_225' title='bbox 1724 2841 1983 2915; x_wconf 90' lang='lat' dir='ltr'>propter</span> <span class='ocrx_word' id='word_1_226' title='bbox 2015 2839 2413 2894; x_wconf 86' lang='lat' dir='ltr'>menstruum</span> 
     </span>
     <span class='ocr_line' id='line_1_36' title="bbox 922 2931 2417 3015; baseline -0.003 -18"><span class='ocrx_word' id='word_1_227' title='bbox 922 2934 1169 2997; x_wconf 85' lang='lat' dir='ltr'>fluxum</span> <span class='ocrx_word' id='word_1_228' title='bbox 1203 2934 1626 3015; x_wconf 86' lang='lat' dir='ltr'>purgandum,</span> <span class='ocrx_word' id='word_1_229' title='bbox 1655 2939 1724 2994; x_wconf 90' lang='lat' dir='ltr'>ut</span> <span class='ocrx_word' id='word_1_230' title='bbox 1753 2931 1863 2993; x_wconf 89' lang='lat' dir='ltr'>alii</span> <span class='ocrx_word' id='word_1_231' title='bbox 1895 2931 2154 3006; x_wconf 87' lang='lat' dir='ltr'>dicunt;</span> <span class='ocrx_word' id='word_1_232' title='bbox 2190 2951 2272 2991; x_wconf 72' lang='lat' dir='ltr'>em</span> <span class='ocrx_word' id='word_1_233' title='bbox 2300 2935 2417 2992; x_wconf 87' lang='lat' dir='ltr'>ad-</span> 
     </span>
    </p>
   </div>
   <div class='ocr_carea' id='block_1_9' title="bbox 2520 1944 4007 3016">
    <p class='ocr_par' dir='ltr' id='par_1_9' title="bbox 2520 1944 4007 3016">
     <span class='ocr_line' id='line_1_37' title="bbox 2524 1944 3991 2028; baseline -0.003 -20"><span class='ocrx_word' id='word_1_234' title='bbox 2524 1947 2689 2009; x_wconf 88' lang='lat' dir='ltr'>male</span> <span class='ocrx_word' id='word_1_235' title='bbox 2738 1947 3033 2010; x_wconf 82' lang='lat' dir='ltr'>coloratae</span> <span class='ocrx_word' id='word_1_236' title='bbox 3080 1953 3273 2028; x_wconf 91' lang='lat' dir='ltr'>atque</span> <span class='ocrx_word' id='word_1_237' title='bbox 3324 1945 3553 2027; x_wconf 77' lang='lat' dir='ltr'>ineptae</span> <span class='ocrx_word' id='word_1_238' title='bbox 3602 1945 3681 2012; x_wconf 85' lang='lat' dir='ltr'>ad</span> <span class='ocrx_word' id='word_1_239' title='bbox 3740 1944 3991 2008; x_wconf 66' lang='lat' dir='ltr'>coitum.</span> 
     </span>
     <span class='ocr_line' id='line_1_38' title="bbox 2520 2042 3998 2110; baseline -0.002 -3"><span class='ocrx_word' id='word_1_240' title='bbox 2520 2045 2821 2109; x_wconf 90' lang='lat' dir='ltr'>Nonnulli</span> <span class='ocrx_word' id='word_1_241' title='bbox 2880 2045 3102 2108; x_wconf 88' lang='lat' dir='ltr'>dicunt</span> <span class='ocrx_word' id='word_1_242' title='bbox 3150 2064 3291 2108; x_wconf 89' lang='lat' dir='ltr'>eam</span> <span class='ocrx_word' id='word_1_243' title='bbox 3338 2065 3376 2107; x_wconf 91' lang='lat' dir='ltr'>a</span> <span class='ocrx_word' id='word_1_244' title='bbox 3424 2063 3540 2110; x_wconf 88' lang='lat' dir='ltr'>sua</span> <span class='ocrx_word' id='word_1_245' title='bbox 3598 2042 3998 2110; x_wconf 83' lang='lat' dir='ltr'>immunditia</span> 
     </span>
     <span class='ocr_line' id='line_1_39' title="bbox 2524 2139 4003 2226; baseline -0.001 -20"><span class='ocrx_word' id='word_1_246' title='bbox 2524 2139 3013 2222; x_wconf 81' lang='lat' dir='ltr'>sanctificatam,</span> <span class='ocrx_word' id='word_1_247' title='bbox 3034 2143 3097 2206; x_wconf 89' lang='lat' dir='ltr'>id</span> <span class='ocrx_word' id='word_1_248' title='bbox 3118 2152 3214 2206; x_wconf 89' lang='lat' dir='ltr'>est</span> <span class='ocrx_word' id='word_1_249' title='bbox 3233 2164 3270 2206; x_wconf 89' lang='lat' dir='ltr'>a</span> <span class='ocrx_word' id='word_1_250' title='bbox 3288 2143 3641 2207; x_wconf 86' lang='lat' dir='ltr'>sterilitatis</span> <span class='ocrx_word' id='word_1_251' title='bbox 3668 2141 4003 2226; x_wconf 84' lang='lat' dir='ltr'>opprobrio</span> 
     </span>
     <span class='ocr_line' id='line_1_40' title="bbox 2524 2242 4003 2325; baseline -0.003 -19"><span class='ocrx_word' id='word_1_252' title='bbox 2524 2243 2875 2320; x_wconf 89' lang='lat' dir='ltr'>liberatam,</span> <span class='ocrx_word' id='word_1_253' title='bbox 2904 2243 3205 2325; x_wconf 88' lang='lat' dir='ltr'>quoniam</span> <span class='ocrx_word' id='word_1_254' title='bbox 3236 2252 3383 2306; x_wconf 90' lang='lat' dir='ltr'>ante</span> <span class='ocrx_word' id='word_1_255' title='bbox 3422 2261 3549 2308; x_wconf 88' lang='lat' dir='ltr'>non</span> <span class='ocrx_word' id='word_1_256' title='bbox 3590 2243 3837 2324; x_wconf 79' lang='lat' dir='ltr'>genuit.</span> <span class='ocrx_word' id='word_1_257' title='bbox 3872 2242 4003 2305; x_wconf 85' lang='lat' dir='ltr'>Bre-</span> 
     </span>
     <span class='ocr_line' id='line_1_41' title="bbox 2521 2341 4001 2424; baseline -0.001 -19"><span class='ocrx_word' id='word_1_258' title='bbox 2521 2342 2685 2405; x_wconf 88' lang='lat' dir='ltr'>viter</span> <span class='ocrx_word' id='word_1_259' title='bbox 2724 2351 2935 2405; x_wconf 90' lang='lat' dir='ltr'>autem</span> <span class='ocrx_word' id='word_1_260' title='bbox 2974 2351 3038 2406; x_wconf 92' lang='lat' dir='ltr'>et</span> <span class='ocrx_word' id='word_1_261' title='bbox 3074 2351 3247 2406; x_wconf 90' lang='lat' dir='ltr'>certe</span> <span class='ocrx_word' id='word_1_262' title='bbox 3282 2342 3407 2405; x_wconf 92' lang='lat' dir='ltr'>dici</span> <span class='ocrx_word' id='word_1_263' title='bbox 3451 2350 3679 2424; x_wconf 88' lang='lat' dir='ltr'>potest,</span> <span class='ocrx_word' id='word_1_264' title='bbox 3712 2342 3887 2423; x_wconf 85' lang='lat' dir='ltr'>quod</span> <span class='ocrx_word' id='word_1_265' title='bbox 3924 2341 4001 2404; x_wconf 86' lang='lat' dir='ltr'>ab</span> 
     </span>
     <span class='ocr_line' id='line_1_42' title="bbox 2524 2439 3999 2523; baseline -0.001 -20"><span class='ocrx_word' id='word_1_266' title='bbox 2524 2441 2950 2518; x_wconf 89' lang='lat' dir='ltr'>immunditia,</span> <span class='ocrx_word' id='word_1_267' title='bbox 2970 2441 3089 2504; x_wconf 94' lang='lat' dir='ltr'>hoc</span> <span class='ocrx_word' id='word_1_268' title='bbox 3110 2449 3207 2504; x_wconf 90' lang='lat' dir='ltr'>est</span> <span class='ocrx_word' id='word_1_269' title='bbox 3236 2440 3566 2523; x_wconf 90' lang='lat' dir='ltr'>superfluo</span> <span class='ocrx_word' id='word_1_270' title='bbox 3596 2440 3863 2503; x_wconf 89' lang='lat' dir='ltr'>seminis</span> <span class='ocrx_word' id='word_1_271' title='bbox 3884 2439 3999 2515; x_wconf 89' lang='lat' dir='ltr'>sui,</span> 
     </span>
     <span class='ocr_line' id='line_1_43' title="bbox 2522 2538 4003 2622; baseline -0.002 -21"><span class='ocrx_word' id='word_1_272' title='bbox 2522 2548 2791 2622; x_wconf 84' lang='lat' dir='ltr'>purgata</span> <span class='ocrx_word' id='word_1_273' title='bbox 2820 2540 2922 2602; x_wconf 90' lang='lat' dir='ltr'>sit.</span> <span class='ocrx_word' id='word_1_274' title='bbox 2940 2539 3121 2603; x_wconf 89' lang='lat' dir='ltr'>Circa</span> <span class='ocrx_word' id='word_1_275' title='bbox 3148 2539 3285 2602; x_wconf 84' lang='lat' dir='ltr'>haec</span> <span class='ocrx_word' id='word_1_276' title='bbox 3308 2539 3599 2619; x_wconf 78' lang='lat' dir='ltr'>Magister</span> <span class='ocrx_word' id='word_1_277' title='bbox 3629 2538 3697 2601; x_wconf 90' lang='lat' dir='ltr'>in</span> <span class='ocrx_word' id='word_1_278' title='bbox 3730 2538 4003 2602; x_wconf 88' lang='lat' dir='ltr'>historiis</span> 
     </span>
     <span class='ocr_line' id='line_1_44' title="bbox 2523 2638 4005 2721; baseline 0 -21"><span class='ocrx_word' id='word_1_279' title='bbox 2523 2638 2719 2702; x_wconf 89' lang='lat' dir='ltr'>refert</span> <span class='ocrx_word' id='word_1_280' title='bbox 2755 2657 2768 2701; x_wconf 92' lang='lat'>:</span> <span class='ocrx_word' id='word_1_281' title='bbox 2807 2639 2967 2702; x_wconf 86' lang='lat' dir='ltr'>Dicit</span> <span class='ocrx_word' id='word_1_282' title='bbox 3004 2638 3425 2721; x_wconf 80' lang='lat' dir='ltr'>EpiphaniuS,</span> <span class='ocrx_word' id='word_1_283' title='bbox 3459 2639 3634 2720; x_wconf 89' lang='lat' dir='ltr'>quod</span> <span class='ocrx_word' id='word_1_284' title='bbox 3665 2658 3869 2720; x_wconf 86' lang='lat' dir='ltr'>quum</span> <span class='ocrx_word' id='word_1_285' title='bbox 3900 2656 4005 2700; x_wconf 86' lang='lat' dir='ltr'>vo-</span> 
     </span>
     <span class='ocr_line' id='line_1_45' title="bbox 2522 2736 4003 2820; baseline -0.001 -20"><span class='ocrx_word' id='word_1_286' title='bbox 2522 2745 2725 2800; x_wconf 89' lang='lat' dir='ltr'>casset</span> <span class='ocrx_word' id='word_1_287' title='bbox 2754 2738 2951 2802; x_wconf 88' lang='lat' dir='ltr'>David</span> <span class='ocrx_word' id='word_1_288' title='bbox 2981 2738 3057 2800; x_wconf 91' lang='lat' dir='ltr'>ad</span> <span class='ocrx_word' id='word_1_289' title='bbox 3090 2757 3158 2800; x_wconf 94' lang='lat' dir='ltr'>se</span> <span class='ocrx_word' id='word_1_290' title='bbox 3188 2736 3555 2815; x_wconf 88' lang='lat' dir='ltr'>Bethsabee,</span> <span class='ocrx_word' id='word_1_291' title='bbox 3590 2737 3839 2800; x_wconf 84' lang='lat' dir='ltr'>Nathan</span> <span class='ocrx_word' id='word_1_292' title='bbox 3870 2755 4003 2820; x_wconf 84' lang='lat' dir='ltr'>pro-</span> 
     </span>
     <span class='ocr_line' id='line_1_46' title="bbox 2523 2835 4005 2919; baseline -0.001 -21"><span class='ocrx_word' id='word_1_293' title='bbox 2523 2836 2715 2917; x_wconf 91' lang='lat' dir='ltr'>pheta</span> <span class='ocrx_word' id='word_1_294' title='bbox 2758 2837 3060 2918; x_wconf 81' lang='lat' dir='ltr'>cognovit</span> <span class='ocrx_word' id='word_1_295' title='bbox 3106 2836 3227 2898; x_wconf 89' lang='lat' dir='ltr'>hoc</span> <span class='ocrx_word' id='word_1_296' title='bbox 3276 2835 3488 2917; x_wconf 91' lang='lat' dir='ltr'>ipsum</span> <span class='ocrx_word' id='word_1_297' title='bbox 3536 2835 3603 2898; x_wconf 89' lang='lat' dir='ltr'>in</span> <span class='ocrx_word' id='word_1_298' title='bbox 3652 2835 3907 2919; x_wconf 86' lang='lat' dir='ltr'>spiritu,</span> <span class='ocrx_word' id='word_1_299' title='bbox 3946 2843 4005 2898; x_wconf 89' lang='lat' dir='ltr'>et</span> 
     </span>
     <span class='ocr_line' id='line_1_47' title="bbox 2526 2934 4007 3016; baseline 0 -20"><span class='ocrx_word' id='word_1_300' title='bbox 2526 2934 2852 2997; x_wconf 87' lang='lat' dir='ltr'>festinavit</span> <span class='ocrx_word' id='word_1_301' title='bbox 2870 2936 2948 2997; x_wconf 88' lang='lat' dir='ltr'>ad</span> <span class='ocrx_word' id='word_1_302' title='bbox 2969 2934 3181 3010; x_wconf 89' lang='lat' dir='ltr'>David,</span> <span class='ocrx_word' id='word_1_303' title='bbox 3200 2943 3271 2997; x_wconf 85' lang='lat' dir='ltr'>ut</span> <span class='ocrx_word' id='word_1_304' title='bbox 3298 2943 3637 3016; x_wconf 84' lang='lat' dir='ltr'>antequam</span> <span class='ocrx_word' id='word_1_305' title='bbox 3672 2935 3903 2998; x_wconf 84' lang='lat' dir='ltr'>mulier</span> <span class='ocrx_word' id='word_1_306' title='bbox 3924 2953 4007 2996; x_wconf 77' lang='lat' dir='ltr'>ve·</span> 
     </span>
    </p>
   </div>
   <div class='ocr_carea' id='block_1_10' title="bbox 923 3032 4001 3116">
    <p class='ocr_par' dir='ltr' id='par_1_10' title="bbox 923 3032 4001 3116">
     <span class='ocr_line' id='line_1_48' title="bbox 923 3032 4001 3116; baseline 0 -21"><span class='ocrx_word' id='word_1_307' title='bbox 923 3054 1097 3095; x_wconf 81' lang='lat' dir='ltr'>verso</span> <span class='ocrx_word' id='word_1_308' title='bbox 1131 3054 1326 3112; x_wconf 78' lang='lat' dir='ltr'>super</span> <span class='ocrx_word' id='word_1_309' title='bbox 1367 3034 1682 3092; x_wconf 83' lang='lat' dir='ltr'>solarium</span> <span class='ocrx_word' id='word_1_310' title='bbox 1724 3051 1941 3092; x_wconf 84' lang='lat' dir='ltr'>suum.</span> <span class='ocrx_word' id='word_1_311' title='bbox 1983 3033 2144 3092; x_wconf 81' lang='lat' dir='ltr'>E’rat</span> <span class='ocrx_word' id='word_1_312' title='bbox 2188 3039 2406 3092; x_wconf 82' lang='lat' dir='ltr'>autem</span> <span class='ocrx_word' id='word_1_313' title='bbox 2446 3032 2711 3110; x_wconf 79' lang='lat' dir='ltr'>Cniret,</span> <span class='ocrx_word' id='word_1_314' title='bbox 2747 3033 3113 3116; x_wconf 85' lang='lat' dir='ltr'>prohiberet</span> <span class='ocrx_word' id='word_1_315' title='bbox 3142 3032 3352 3114; x_wconf 83' lang='lat' dir='ltr'>ipsum</span> <span class='ocrx_word' id='word_1_316' title='bbox 3393 3033 3587 3097; x_wconf 85' lang='lat' dir='ltr'>David</span> <span class='ocrx_word' id='word_1_317' title='bbox 3628 3053 3665 3095; x_wconf 86' lang='lat' dir='ltr'>a</span> <span class='ocrx_word' id='word_1_318' title='bbox 3706 3033 4001 3108; x_wconf 85' lang='lat' dir='ltr'>criminc;</span> 
     </span>
    </p>
   </div>
   <div class='ocr_carea' id='block_1_11' title="bbox 917 3132 2417 4081">
    <p class='ocr_par' dir='ltr' id='par_1_11' title="bbox 917 3132 2417 4081">
     <span class='ocr_line' id='line_1_49' title="bbox 925 3132 2414 3210; baseline -0.004 -16"><span class='ocrx_word' id='word_1_319' title='bbox 925 3136 1163 3194; x_wconf 83' lang='lat' dir='ltr'>mulier</span> <span class='ocrx_word' id='word_1_320' title='bbox 1195 3134 1478 3210; x_wconf 77' lang='lat' dir='ltr'>pulchra</span> <span class='ocrx_word' id='word_1_321' title='bbox 1523 3134 1731 3191; x_wconf 83' lang='lat' dir='ltr'>valde.</span> <span class='ocrx_word' id='word_1_322' title='bbox 1767 3132 1952 3191; x_wconf 82' lang='lat' dir='ltr'>Misit</span> <span class='ocrx_word' id='word_1_323' title='bbox 1990 3149 2136 3205; x_wconf 71' lang='lat' dir='ltr'>erqo</span> <span class='ocrx_word' id='word_1_324' title='bbox 2184 3150 2326 3197; x_wconf 72' lang='lat' dir='ltr'>rex,</span> <span class='ocrx_word' id='word_1_325' title='bbox 2354 3139 2414 3188; x_wconf 86' lang='lat' dir='ltr'>et</span> 
     </span>
     <span class='ocr_line' id='line_1_50' title="bbox 925 3227 2416 3311; baseline 0 -20"><span class='ocrx_word' id='word_1_326' title='bbox 925 3233 1264 3311; x_wconf 78' lang='lat' dir='ltr'>requisivit</span> <span class='ocrx_word' id='word_1_327' title='bbox 1295 3252 1438 3309; x_wconf 81' lang='lat' dir='ltr'>quoe</span> <span class='ocrx_word' id='word_1_328' title='bbox 1463 3239 1617 3289; x_wconf 80' lang='lat' dir='ltr'>esset</span> <span class='ocrx_word' id='word_1_329' title='bbox 1647 3231 1910 3297; x_wconf 78' lang='lat' dir='ltr'>mulier,</span> <span class='ocrx_word' id='word_1_330' title='bbox 1934 3247 2015 3290; x_wconf 86' lang='lat' dir='ltr'>an</span> <span class='ocrx_word' id='word_1_331' title='bbox 2049 3227 2296 3290; x_wconf 83' lang='lat' dir='ltr'>scilicet</span> <span class='ocrx_word' id='word_1_332' title='bbox 2326 3246 2416 3291; x_wconf 85' lang='lat' dir='ltr'>es-</span> 
     </span>
     <span class='ocr_line' id='line_1_51' title="bbox 925 3325 2406 3408; baseline -0.003 -17"><span class='ocrx_word' id='word_1_333' title='bbox 925 3330 1259 3393; x_wconf 83' lang='lat' dir='ltr'>setsoluta</span> <span class='ocrx_word' id='word_1_334' title='bbox 1285 3336 1348 3391; x_wconf 88' lang='lat' dir='ltr'>et</span> <span class='ocrx_word' id='word_1_335' title='bbox 1376 3328 1579 3408; x_wconf 86' lang='lat' dir='ltr'>virgo,</span> <span class='ocrx_word' id='word_1_336' title='bbox 1604 3346 1684 3390; x_wconf 90' lang='lat' dir='ltr'>an</span> <span class='ocrx_word' id='word_1_337' title='bbox 1717 3326 1910 3389; x_wconf 90' lang='lat' dir='ltr'>vidua</span> <span class='ocrx_word' id='word_1_338' title='bbox 1937 3334 2047 3387; x_wconf 88' lang='lat' dir='ltr'>aut</span> <span class='ocrx_word' id='word_1_339' title='bbox 2078 3325 2406 3389; x_wconf 87' lang='lat' dir='ltr'>maritata:</span> 
     </span>
     <span class='ocr_line' id='line_1_52' title="bbox 928 3424 2411 3505; baseline -0.003 -15"><span class='ocrx_word' id='word_1_340' title='bbox 928 3437 998 3490; x_wconf 88' lang='lat' dir='ltr'>ut</span> <span class='ocrx_word' id='word_1_341' title='bbox 1039 3428 1092 3489; x_wconf 91' lang='lat' dir='ltr'>si</span> <span class='ocrx_word' id='word_1_342' title='bbox 1137 3435 1302 3491; x_wconf 90' lang='lat' dir='ltr'>esset</span> <span class='ocrx_word' id='word_1_343' title='bbox 1350 3426 1578 3502; x_wconf 86' lang='lat' dir='ltr'>soluta,</span> <span class='ocrx_word' id='word_1_344' title='bbox 1613 3433 1676 3488; x_wconf 93' lang='lat' dir='ltr'>et</span> <span class='ocrx_word' id='word_1_345' title='bbox 1719 3425 1900 3505; x_wconf 85' lang='lat' dir='ltr'>virgo</span> <span class='ocrx_word' id='word_1_346' title='bbox 1941 3432 2050 3487; x_wconf 92' lang='lat' dir='ltr'>aut</span> <span class='ocrx_word' id='word_1_347' title='bbox 2090 3424 2303 3501; x_wconf 88' lang='lat' dir='ltr'>vidua,</span> <span class='ocrx_word' id='word_1_348' title='bbox 2346 3425 2411 3486; x_wconf 90' lang='lat' dir='ltr'>in</span> 
     </span>
     <span class='ocr_line' id='line_1_53' title="bbox 923 3523 2417 3608; baseline -0.004 -17"><span class='ocrx_word' id='word_1_349' title='bbox 923 3526 1265 3608; x_wconf 83' lang='lat' dir='ltr'>conjugem</span> <span class='ocrx_word' id='word_1_350' title='bbox 1283 3544 1421 3589; x_wconf 91' lang='lat' dir='ltr'>eam</span> <span class='ocrx_word' id='word_1_351' title='bbox 1445 3523 1776 3605; x_wconf 82' lang='lat' dir='ltr'>acciperet,</span> <span class='ocrx_word' id='word_1_352' title='bbox 1797 3523 2017 3603; x_wconf 90' lang='lat' dir='ltr'>sicque</span> <span class='ocrx_word' id='word_1_353' title='bbox 2037 3531 2254 3605; x_wconf 90' lang='lat' dir='ltr'>optato</span> <span class='ocrx_word' id='word_1_354' title='bbox 2288 3530 2417 3585; x_wconf 93' lang='lat' dir='ltr'>ute-</span> 
     </span>
     <span class='ocr_line' id='line_1_54' title="bbox 929 3624 2417 3706; baseline -0.003 -20"><span class='ocrx_word' id='word_1_355' title='bbox 929 3624 1448 3706; x_wconf 83' lang='lat' dir='ltr'>returamplexu.</span> <span class='ocrx_word' id='word_1_356' title='bbox 1477 3624 1999 3701; x_wconf 79' lang='lat' dir='ltr'>Nuntiat-umque</span> <span class='ocrx_word' id='word_1_357' title='bbox 2027 3631 2116 3681; x_wconf 81' lang='lat' dir='ltr'>est</span> <span class='ocrx_word' id='word_1_358' title='bbox 2144 3624 2228 3692; x_wconf 83' lang='lat' dir='ltr'>ei,</span> <span class='ocrx_word' id='word_1_359' title='bbox 2247 3624 2417 3701; x_wconf 84' lang='lat' dir='ltr'>quod</span> 
     </span>
     <span class='ocr_line' id='line_1_55' title="bbox 925 3721 2417 3799; baseline -0.003 -16"><span class='ocrx_word' id='word_1_360' title='bbox 925 3734 1078 3784; x_wconf 78' lang='lat' dir='ltr'>esset</span> <span class='ocrx_word' id='word_1_361' title='bbox 1099 3724 1437 3784; x_wconf 65' lang='lat' dir='ltr'>Beth-sabee</span> <span class='ocrx_word' id='word_1_362' title='bbox 1465 3723 1612 3799; x_wconf 81' lang='lat' dir='ltr'>filia</span> <span class='ocrx_word' id='word_1_363' title='bbox 1633 3721 1880 3790; x_wconf 75' lang='lat' dir='ltr'>Etiam,</span> <span class='ocrx_word' id='word_1_364' title='bbox 1905 3740 2072 3779; x_wconf 69' lang='lat' dir='ltr'>uoeor</span> <span class='ocrx_word' id='word_1_365' title='bbox 2104 3722 2275 3781; x_wconf 65' lang='lat' dir='ltr'>Uriae</span> <span class='ocrx_word' id='word_1_366' title='bbox 2297 3724 2417 3785; x_wconf 84' lang='lat' dir='ltr'>He-</span> 
     </span>
     <span class='ocr_line' id='line_1_56' title="bbox 929 3816 2412 3899; baseline -0.001 -16"><span class='ocrx_word' id='word_1_367' title='bbox 929 3824 1101 3884; x_wconf 68' lang='lat' dir='ltr'>tlzaei.</span> <span class='ocrx_word' id='word_1_368' title='bbox 1148 3822 1215 3882; x_wconf 87' lang='lat' dir='ltr'>In</span> <span class='ocrx_word' id='word_1_369' title='bbox 1257 3819 1644 3883; x_wconf 87' lang='lat' dir='ltr'>Scholastica</span> <span class='ocrx_word' id='word_1_370' title='bbox 1685 3818 1885 3879; x_wconf 86' lang='lat' dir='ltr'>fcrtur</span> <span class='ocrx_word' id='word_1_371' title='bbox 1925 3816 2207 3893; x_wconf 87' lang='lat' dir='ltr'>historia,</span> <span class='ocrx_word' id='word_1_372' title='bbox 2244 3820 2412 3899; x_wconf 91' lang='lat' dir='ltr'>quod</span> 
     </span>
     <span class='ocr_line' id='line_1_57' title="bbox 927 3915 2415 3997; baseline -0.003 -14"><span class='ocrx_word' id='word_1_373' title='bbox 927 3929 1062 3983; x_wconf 87' lang='lat' dir='ltr'>erat</span> <span class='ocrx_word' id='word_1_374' title='bbox 1108 3919 1246 3981; x_wconf 90' lang='lat' dir='ltr'>filia</span> <span class='ocrx_word' id='word_1_375' title='bbox 1282 3918 1437 3981; x_wconf 80' lang='lat' dir='ltr'>Eliae</span> <span class='ocrx_word' id='word_1_376' title='bbox 1479 3916 1604 3979; x_wconf 87' lang='lat' dir='ltr'>filii</span> <span class='ocrx_word' id='word_1_377' title='bbox 1645 3915 2022 3997; x_wconf 83' lang='lat' dir='ltr'>Achitophel</span> <span class='ocrx_word' id='word_1_378' title='bbox 2063 3917 2415 3980; x_wconf 87' lang='lat' dir='ltr'>consiliarii</span> 
     </span>
     <span class='ocr_line' id='line_1_58' title="bbox 917 4018 1147 4081; baseline -0.004 0"><span class='ocrx_word' id='word_1_379' title='bbox 917 4018 1147 4081; x_wconf 88' lang='lat' dir='ltr'>David.</span> 
     </span>
    </p>
   </div>
   <div class='ocr_carea' id='block_1_12' title="bbox 1012 4115 2417 4195">
    <p class='ocr_par' dir='ltr' id='par_1_12' title="bbox 1012 4115 2417 4195">
     <span class='ocr_line' id='line_1_59' title="bbox 1012 4115 2417 4195; baseline -0.001 -18"><span class='ocrx_word' id='word_1_380' title='bbox 1012 4118 1232 4177; x_wconf 79' lang='lat' dir='ltr'>Missis</span> <span class='ocrx_word' id='word_1_381' title='bbox 1263 4118 1480 4195; x_wconf 82' lang='lat' dir='ltr'>itaque</span> <span class='ocrx_word' id='word_1_382' title='bbox 1513 4116 1729 4175; x_wconf 84' lang='lat' dir='ltr'>David</span> <span class='ocrx_word' id='word_1_383' title='bbox 1769 4115 2046 4183; x_wconf 69' lang='lat' dir='ltr'>nuntiiS,</span> <span class='ocrx_word' id='word_1_384' title='bbox 2083 4116 2238 4175; x_wconf 82' lang='lat' dir='ltr'>tulit</span> <span class='ocrx_word' id='word_1_385' title='bbox 2276 4134 2417 4175; x_wconf 85' lang='lat' dir='ltr'>eam</span> 
     </span>
    </p>
   </div>
   <div class='ocr_carea' id='block_1_13' title="bbox 2522 3132 4009 4197">
    <p class='ocr_par' dir='ltr' id='par_1_13' title="bbox 2522 3132 4009 4197">
     <span class='ocr_line' id='line_1_60' title="bbox 2524 3132 4007 3215; baseline 0.001 -22"><span class='ocrx_word' id='word_1_386' title='bbox 2524 3134 2634 3195; x_wconf 88' lang='lat' dir='ltr'>sed</span> <span class='ocrx_word' id='word_1_387' title='bbox 2680 3132 2891 3215; x_wconf 87' lang='lat' dir='ltr'>ipsum</span> <span class='ocrx_word' id='word_1_388' title='bbox 2935 3132 3179 3195; x_wconf 88' lang='lat' dir='ltr'>Nathan</span> <span class='ocrx_word' id='word_1_389' title='bbox 3228 3132 3565 3215; x_wconf 88' lang='lat' dir='ltr'>impedivit</span> <span class='ocrx_word' id='word_1_390' title='bbox 3606 3132 3828 3210; x_wconf 89' lang='lat' dir='ltr'>Belial,</span> <span class='ocrx_word' id='word_1_391' title='bbox 3860 3133 4007 3214; x_wconf 75' lang='lat' dir='ltr'>quia</span> 
     </span>
     <span class='ocr_line' id='line_1_61' title="bbox 2526 3230 4005 3307; baseline 0.001 -16"><span class='ocrx_word' id='word_1_392' title='bbox 2526 3230 2591 3292; x_wconf 90' lang='lat' dir='ltr'>in</span> <span class='ocrx_word' id='word_1_393' title='bbox 2624 3230 3007 3294; x_wconf 82' lang='lat' dir='ltr'>viainvenit</span> <span class='ocrx_word' id='word_1_394' title='bbox 3050 3230 3377 3293; x_wconf 91' lang='lat' dir='ltr'>hominem</span> <span class='ocrx_word' id='word_1_395' title='bbox 3415 3231 3721 3307; x_wconf 88' lang='lat' dir='ltr'>occisum,</span> <span class='ocrx_word' id='word_1_396' title='bbox 3772 3232 4005 3293; x_wconf 84' lang='lat' dir='ltr'>nudum</span> 
     </span>
     <span class='ocr_line' id='line_1_62' title="bbox 2522 3326 3999 3419; baseline -0.001 -28"><span class='ocrx_word' id='word_1_397' title='bbox 2522 3330 2860 3410; x_wconf 85' lang='lat' dir='ltr'>jacentem,</span> <span class='ocrx_word' id='word_1_398' title='bbox 2895 3336 2959 3392; x_wconf 85' lang='lat' dir='ltr'>et</span> <span class='ocrx_word' id='word_1_399' title='bbox 3003 3326 3177 3419; x_wconf 49' lang='lat' dir='ltr'>fecit·</span> <span class='ocrx_word' id='word_1_400' title='bbox 3200 3347 3441 3392; x_wconf 88' lang='lat' dir='ltr'>moram</span> <span class='ocrx_word' id='word_1_401' title='bbox 3476 3330 3647 3411; x_wconf 87' lang='lat' dir='ltr'>apud</span> <span class='ocrx_word' id='word_1_402' title='bbox 3686 3330 3999 3393; x_wconf 87' lang='lat' dir='ltr'>eumdem.</span> 
     </span>
     <span class='ocr_line' id='line_1_63' title="bbox 2525 3427 4007 3509; baseline 0 -20"><span class='ocrx_word' id='word_1_403' title='bbox 2525 3428 2739 3509; x_wconf 84' lang='lat' dir='ltr'>anue</span> <span class='ocrx_word' id='word_1_404' title='bbox 2785 3436 2968 3490; x_wconf 90' lang='lat' dir='ltr'>nocte</span> <span class='ocrx_word' id='word_1_405' title='bbox 3012 3427 3298 3509; x_wconf 88' lang='lat' dir='ltr'>peccavit</span> <span class='ocrx_word' id='word_1_406' title='bbox 3337 3428 3553 3503; x_wconf 86' lang='lat' dir='ltr'>David,</span> <span class='ocrx_word' id='word_1_407' title='bbox 3598 3436 3663 3490; x_wconf 85' lang='lat' dir='ltr'>et</span> <span class='ocrx_word' id='word_1_408' title='bbox 3708 3428 3869 3491; x_wconf 80' lang='lat' dir='ltr'>luxit</span> <span class='ocrx_word' id='word_1_409' title='bbox 3903 3428 4007 3489; x_wconf 78' lang='lat' dir='ltr'>Na·</span> 
     </span>
     <span class='ocr_line' id='line_1_64' title="bbox 2530 3526 4005 3595; baseline -0.001 -8"><span class='ocrx_word' id='word_1_410' title='bbox 2530 3526 2701 3588; x_wconf 87' lang='lat' dir='ltr'>than.</span> <span class='ocrx_word' id='word_1_411' title='bbox 2732 3530 2811 3588; x_wconf 84' lang='lat' dir='ltr'>Et</span> <span class='ocrx_word' id='word_1_412' title='bbox 2842 3546 3093 3587; x_wconf 72' lang='lat' dir='ltr'>reversa</span> <span class='ocrx_word' id='word_1_413' title='bbox 3122 3535 3211 3585; x_wconf 83' lang='lat' dir='ltr'>est</span> <span class='ocrx_word' id='word_1_414' title='bbox 3242 3527 3315 3587; x_wconf 88' lang='lat' dir='ltr'>in</span> <span class='ocrx_word' id='word_1_415' title='bbox 3343 3530 3607 3588; x_wconf 86' lang='lat' dir='ltr'>domum</span> <span class='ocrx_word' id='word_1_416' title='bbox 3636 3546 4005 3595; x_wconf 65' lang='lat' dir='ltr'>suammeti-</span> 
     </span>
     <span class='ocr_line' id='line_1_65' title="bbox 2526 3624 4001 3703; baseline 0.001 -20"><span class='ocrx_word' id='word_1_417' title='bbox 2526 3635 2697 3701; x_wconf 78' lang='lat' dir='ltr'>cepto</span> <span class='ocrx_word' id='word_1_418' title='bbox 2725 3627 2889 3703; x_wconf 81' lang='lat' dir='ltr'>fetu.</span> <span class='ocrx_word' id='word_1_419' title='bbox 2920 3626 3303 3703; x_wconf 54' lang='lat' dir='ltr'>[metensque</span> <span class='ocrx_word' id='word_1_420' title='bbox 3334 3624 3678 3687; x_wconf 87' lang='lat' dir='ltr'>Bethsabee</span> <span class='ocrx_word' id='word_1_421' title='bbox 3708 3624 4001 3687; x_wconf 87' lang='lat' dir='ltr'>nuntium</span> 
     </span>
     <span class='ocr_line' id='line_1_66' title="bbox 2529 3722 4008 3798; baseline 0 -17"><span class='ocrx_word' id='word_1_422' title='bbox 2529 3722 2909 3785; x_wconf 79' lang='lat' dir='ltr'>familiarem</span> <span class='ocrx_word' id='word_1_423' title='bbox 2942 3730 3277 3798; x_wconf 80' lang='lat' dir='ltr'>secretum,</span> <span class='ocrx_word' id='word_1_424' title='bbox 3296 3724 3631 3783; x_wconf 84' lang='lat' dir='ltr'>nuntia-vit</span> <span class='ocrx_word' id='word_1_425' title='bbox 3652 3724 3899 3793; x_wconf 70' lang='lat' dir='ltr'>David,</span> <span class='ocrx_word' id='word_1_426' title='bbox 3918 3724 4008 3782; x_wconf 80' lang='lat' dir='ltr'>di-</span> 
     </span>
     <span class='ocr_line' id='line_1_67' title="bbox 2524 3820 4009 3902; baseline 0.001 -22"><span class='ocrx_word' id='word_1_427' title='bbox 2524 3842 2668 3881; x_wconf 76' lang='lat' dir='ltr'>cens</span> <span class='ocrx_word' id='word_1_428' title='bbox 2707 3839 2731 3881; x_wconf 91' lang='grc'>.·</span> <span class='ocrx_word' id='word_1_429' title='bbox 2772 3822 3060 3897; x_wconf 79' lang='lat' dir='ltr'>Concepi.</span> <span class='ocrx_word' id='word_1_430' title='bbox 3106 3820 3317 3881; x_wconf 89' lang='lat' dir='ltr'>Sensit</span> <span class='ocrx_word' id='word_1_431' title='bbox 3365 3840 3433 3882; x_wconf 88' lang='lat' dir='ltr'>se</span> <span class='ocrx_word' id='word_1_432' title='bbox 3481 3820 3853 3901; x_wconf 84' lang='lat' dir='ltr'>concepisse</span> <span class='ocrx_word' id='word_1_433' title='bbox 3906 3840 4009 3902; x_wconf 87' lang='lat' dir='ltr'>per</span> 
     </span>
     <span class='ocr_line' id='line_1_68' title="bbox 2529 3918 4009 4000; baseline 0 -19"><span class='ocrx_word' id='word_1_434' title='bbox 2529 3920 2729 3999; x_wconf 85' lang='lat' dir='ltr'>signa,</span> <span class='ocrx_word' id='word_1_435' title='bbox 2764 3918 3001 4000; x_wconf 91' lang='lat' dir='ltr'>quibus</span> <span class='ocrx_word' id='word_1_436' title='bbox 3040 3918 3157 3981; x_wconf 91' lang='lat' dir='ltr'>hoc</span> <span class='ocrx_word' id='word_1_437' title='bbox 3198 3918 3416 3981; x_wconf 89' lang='lat' dir='ltr'>scitur.</span> <span class='ocrx_word' id='word_1_438' title='bbox 3450 3919 3599 3981; x_wconf 89' lang='lat' dir='ltr'>Nam</span> <span class='ocrx_word' id='word_1_439' title='bbox 3631 3926 3693 3981; x_wconf 92' lang='lat' dir='ltr'>et</span> <span class='ocrx_word' id='word_1_440' title='bbox 3726 3928 3887 3982; x_wconf 89' lang='lat' dir='ltr'>tunc·</span> <span class='ocrx_word' id='word_1_441' title='bbox 3924 3918 4009 3981; x_wconf 90' lang='lat' dir='ltr'>fe-</span> 
     </span>
     <span class='ocr_line' id='line_1_69' title="bbox 2528 4014 4009 4099; baseline 0 -21"><span class='ocrx_word' id='word_1_442' title='bbox 2528 4018 2717 4079; x_wconf 85' lang='lat' dir='ltr'>minae</span> <span class='ocrx_word' id='word_1_443' title='bbox 2744 4016 3021 4099; x_wconf 81' lang='lat' dir='ltr'>graviter</span> <span class='ocrx_word' id='word_1_444' title='bbox 3060 4014 3465 4098; x_wconf 83' lang='lat' dir='ltr'>affliguntur,</span> <span class='ocrx_word' id='word_1_445' title='bbox 3501 4026 3563 4079; x_wconf 92' lang='lat' dir='ltr'>et</span> <span class='ocrx_word' id='word_1_446' title='bbox 3600 4034 3827 4097; x_wconf 84' lang='lat' dir='ltr'>graves</span> <span class='ocrx_word' id='word_1_447' title='bbox 3868 4026 4009 4079; x_wconf 90' lang='lat' dir='ltr'>sunt</span> 
     </span>
     <span class='ocr_line' id='line_1_70' title="bbox 2527 4114 4008 4197; baseline -0.001 -19"><span class='ocrx_word' id='word_1_448' title='bbox 2527 4133 2813 4197; x_wconf 90' lang='lat' dir='ltr'>corpore.</span> <span class='ocrx_word' id='word_1_449' title='bbox 2837 4114 3193 4188; x_wconf 89' lang='lat' dir='ltr'>Quocontra</span> <span class='ocrx_word' id='word_1_450' title='bbox 3221 4114 3588 4177; x_wconf 86' lang='lat' dir='ltr'>beatissima</span> <span class='ocrx_word' id='word_1_451' title='bbox 3614 4124 3809 4197; x_wconf 85' lang='lat' dir='ltr'>atque</span> <span class='ocrx_word' id='word_1_452' title='bbox 3838 4135 4008 4179; x_wconf 90' lang='lat' dir='ltr'>mun·</span> 
     </span>
    </p>
   </div>
   <div class='ocr_carea' id='block_1_14' title="bbox 929 4210 4006 4296">
    <p class='ocr_par' dir='ltr' id='par_1_14' title="bbox 929 4210 4006 4296">
     <span class='ocr_line' id='line_1_71' title="bbox 929 4210 4006 4296; baseline -0.001 -17"><span class='ocrx_word' id='word_1_453' title='bbox 929 4215 1138 4279; x_wconf 89' lang='lat' dir='ltr'>victus</span> <span class='ocrx_word' id='word_1_454' title='bbox 1167 4211 1686 4294; x_wconf 84' lang='lat' dir='ltr'>concupiscentia</span> <span class='ocrx_word' id='word_1_455' title='bbox 1725 4211 1912 4286; x_wconf 87' lang='lat' dir='ltr'>mala,</span> <span class='ocrx_word' id='word_1_456' title='bbox 1949 4218 2012 4272; x_wconf 85' lang='lat' dir='ltr'>et</span> <span class='ocrx_word' id='word_1_457' title='bbox 2050 4210 2287 4273; x_wconf 88' lang='lat' dir='ltr'>oblitus</span> <span class='ocrx_word' id='word_1_458' title='bbox 2328 4214 2419 4275; x_wconf 88' lang='lat' dir='ltr'>di·</span> <span class='ocrx_word' id='word_1_459' title='bbox 2448 4218 2499 4279; x_wconf 92' lang='lat' dir='ltr'>D</span> <span class='ocrx_word' id='word_1_460' title='bbox 2527 4213 2793 4276; x_wconf 88' lang='lat' dir='ltr'>dissima</span> <span class='ocrx_word' id='word_1_461' title='bbox 2834 4214 3012 4292; x_wconf 81' lang='lat' dir='ltr'>virgo</span> <span class='ocrx_word' id='word_1_462' title='bbox 3050 4212 3238 4275; x_wconf 85' lang='lat' dir='ltr'>Maria</span> <span class='ocrx_word' id='word_1_463' title='bbox 3270 4232 3467 4294; x_wconf 85' lang='lat' dir='ltr'>quum</span> <span class='ocrx_word' id='word_1_464' title='bbox 3505 4214 3903 4296; x_wconf 86' lang='lat' dir='ltr'>concepisset</span> <span class='ocrx_word' id='word_1_465' title='bbox 3934 4216 4006 4276; x_wconf 78' lang='lat' dir='ltr'>de</span> 
     </span>
    </p>
   </div>
   <div class='ocr_carea' id='block_1_15' title="bbox 835 4308 2419 5374">
    <p class='ocr_par' dir='ltr' id='par_1_15' title="bbox 835 4308 2419 5374">
     <span class='ocr_line' id='line_1_72' title="bbox 930 4308 2419 4394; baseline -0.004 -17"><span class='ocrx_word' id='word_1_466' title='bbox 930 4313 1064 4377; x_wconf 88' lang='lat' dir='ltr'>vini</span> <span class='ocrx_word' id='word_1_467' title='bbox 1099 4310 1366 4387; x_wconf 80' lang='lat' dir='ltr'>timoriS‚</span> <span class='ocrx_word' id='word_1_468' title='bbox 1404 4328 1530 4373; x_wconf 93' lang='lat' dir='ltr'>non</span> <span class='ocrx_word' id='word_1_469' title='bbox 1574 4308 1864 4372; x_wconf 85' lang='lat' dir='ltr'>obstante</span> <span class='ocrx_word' id='word_1_470' title='bbox 1903 4310 2072 4390; x_wconf 89' lang='lat' dir='ltr'>quod</span> <span class='ocrx_word' id='word_1_471' title='bbox 2113 4311 2245 4391; x_wconf 88' lang='lat' dir='ltr'>jam</span> <span class='ocrx_word' id='word_1_472' title='bbox 2278 4329 2419 4394; x_wconf 84' lang='lat' dir='ltr'>per-</span> 
     </span>
     <span class='ocr_line' id='line_1_73' title="bbox 928 4407 2417 4491; baseline -0.002 -19"><span class='ocrx_word' id='word_1_473' title='bbox 928 4410 1100 4491; x_wconf 89' lang='lat' dir='ltr'>cepit</span> <span class='ocrx_word' id='word_1_474' title='bbox 1128 4428 1266 4471; x_wconf 88' lang='lat' dir='ltr'>eam</span> <span class='ocrx_word' id='word_1_475' title='bbox 1305 4428 1444 4471; x_wconf 89' lang='lat' dir='ltr'>esse</span> <span class='ocrx_word' id='word_1_476' title='bbox 1484 4407 1863 4469; x_wconf 87' lang='lat' dir='ltr'>maritatam.</span> <span class='ocrx_word' id='word_1_477' title='bbox 1903 4412 2057 4476; x_wconf 81' lang='lat' dir='ltr'>Quae</span> <span class='ocrx_word' id='word_1_478' title='bbox 2087 4429 2289 4487; x_wconf 82' lang='lat' dir='ltr'>quum</span> <span class='ocrx_word' id='word_1_479' title='bbox 2320 4412 2417 4469; x_wconf 81' lang='lat' dir='ltr'>in-</span> 
     </span>
     <span class='ocr_line' id='line_1_74' title="bbox 921 4507 2412 4586; baseline 0.001 -19"><span class='ocrx_word' id='word_1_480' title='bbox 921 4528 1142 4586; x_wconf 71' lang='lat' dir='ltr'>qressa</span> <span class='ocrx_word' id='word_1_481' title='bbox 1183 4518 1334 4568; x_wconf 83' lang='lat' dir='ltr'>esset</span> <span class='ocrx_word' id='word_1_482' title='bbox 1378 4510 1465 4568; x_wconf 83' lang='lat' dir='ltr'>ad</span> <span class='ocrx_word' id='word_1_483' title='bbox 1508 4508 1722 4575; x_wconf 73' lang='lat' dir='ltr'>illum,</span> <span class='ocrx_word' id='word_1_484' title='bbox 1759 4507 2072 4566; x_wconf 78' lang='lat' dir='ltr'>dormivit</span> <span class='ocrx_word' id='word_1_485' title='bbox 2119 4527 2267 4566; x_wconf 81' lang='lat' dir='ltr'>eum</span> <span class='ocrx_word' id='word_1_486' title='bbox 2314 4529 2412 4570; x_wconf 84' lang='lat' dir='ltr'>ea.</span> 
     </span>
     <span class='ocr_line' id='line_1_75' title="bbox 929 4604 2415 4685; baseline -0.002 -16"><span class='ocrx_word' id='word_1_487' title='bbox 929 4608 1295 4685; x_wconf 83' lang='lat' dir='ltr'>Statimque</span> <span class='ocrx_word' id='word_1_488' title='bbox 1322 4606 1724 4681; x_wconf 79' lang='lat' dir='ltr'>sanctificata</span> <span class='ocrx_word' id='word_1_489' title='bbox 1755 4612 1845 4663; x_wconf 80' lang='lat' dir='ltr'>est</span> <span class='ocrx_word' id='word_1_490' title='bbox 1874 4604 1954 4661; x_wconf 79' lang='lat' dir='ltr'>ab</span> <span class='ocrx_word' id='word_1_491' title='bbox 1988 4606 2415 4666; x_wconf 82' lang='lat' dir='ltr'>immunditia</span> 
     </span>
     <span class='ocr_line' id='line_1_76' title="bbox 927 4700 2414 4784; baseline 0.001 -19"><span class='ocrx_word' id='word_1_492' title='bbox 927 4726 1070 4765; x_wconf 68' lang='lat' dir='ltr'>sua,</span> <span class='ocrx_word' id='word_1_493' title='bbox 1089 4702 1290 4777; x_wconf 86' lang='lat' dir='ltr'>Quare</span> <span class='ocrx_word' id='word_1_494' title='bbox 1312 4722 1439 4766; x_wconf 93' lang='lat' dir='ltr'>non</span> <span class='ocrx_word' id='word_1_495' title='bbox 1461 4701 1670 4784; x_wconf 92' lang='lat' dir='ltr'>potius</span> <span class='ocrx_word' id='word_1_496' title='bbox 1701 4701 1811 4777; x_wconf 87' lang='lat' dir='ltr'>ait,</span> <span class='ocrx_word' id='word_1_497' title='bbox 1829 4700 2054 4763; x_wconf 82' lang='lat' dir='ltr'>Statim</span> <span class='ocrx_word' id='word_1_498' title='bbox 2079 4702 2414 4784; x_wconf 89' lang='lat' dir='ltr'>inquinata</span> 
     </span>
     <span class='ocr_line' id='line_1_77' title="bbox 929 4799 2418 4885; baseline -0.001 -19"><span class='ocrx_word' id='word_1_499' title='bbox 929 4812 1026 4867; x_wconf 90' lang='lat' dir='ltr'>est</span> <span class='ocrx_word' id='word_1_500' title='bbox 1056 4810 1120 4865; x_wconf 90' lang='lat' dir='ltr'>et</span> <span class='ocrx_word' id='word_1_501' title='bbox 1150 4802 1388 4885; x_wconf 88' lang='lat' dir='ltr'>privata</span> <span class='ocrx_word' id='word_1_502' title='bbox 1419 4800 1733 4863; x_wconf 89' lang='lat' dir='ltr'>munditia</span> <span class='ocrx_word' id='word_1_503' title='bbox 1753 4803 1902 4862; x_wconf 71' lang='lat' dir='ltr'>sua&#39;t</span> <span class='ocrx_word' id='word_1_504' title='bbox 1922 4799 2076 4881; x_wconf 90' lang='lat' dir='ltr'>quia</span> <span class='ocrx_word' id='word_1_505' title='bbox 2094 4809 2158 4863; x_wconf 90' lang='lat' dir='ltr'>et</span> <span class='ocrx_word' id='word_1_506' title='bbox 2188 4802 2241 4863; x_wconf 89' lang='lat' dir='ltr'>si</span> <span class='ocrx_word' id='word_1_507' title='bbox 2274 4810 2418 4865; x_wconf 90' lang='lat' dir='ltr'>ante</span> 
     </span>
     <span class='ocr_line' id='line_1_78' title="bbox 849 4899 2419 4989; baseline -0.002 -24"><span class='ocrx_word' id='word_1_508' title='bbox 849 4981 856 4989; x_wconf 18' lang='grc' dir='ltr'>ἢ</span> <span class='ocrx_word' id='word_1_509' title='bbox 929 4904 1050 4967; x_wconf 90' lang='lat' dir='ltr'>hoc</span> <span class='ocrx_word' id='word_1_510' title='bbox 1080 4902 1320 4965; x_wconf 90' lang='lat' dir='ltr'>crimen</span> <span class='ocrx_word' id='word_1_511' title='bbox 1355 4899 1552 4962; x_wconf 87' lang='lat' dir='ltr'>fuerit</span> <span class='ocrx_word' id='word_1_512' title='bbox 1580 4900 1883 4974; x_wconf 87' lang='lat' dir='ltr'>virtuosa,</span> <span class='ocrx_word' id='word_1_513' title='bbox 1921 4906 2133 4960; x_wconf 84' lang='lat' dir='ltr'>tamen</span> <span class='ocrx_word' id='word_1_514' title='bbox 2174 4900 2419 4963; x_wconf 89' lang='lat' dir='ltr'>adulte-</span> 
     </span>
     <span class='ocr_line' id='line_1_79' title="bbox 835 4996 2417 5079; baseline -0.001 -17"><span class='ocrx_word' id='word_1_515' title='bbox 835 5029 847 5039; x_wconf 90' lang='lat'>·</span> <span class='ocrx_word' id='word_1_516' title='bbox 929 5001 1072 5065; x_wconf 87' lang='lat' dir='ltr'>rino</span> <span class='ocrx_word' id='word_1_517' title='bbox 1099 5001 1212 5063; x_wconf 91' lang='lat' dir='ltr'>illo</span> <span class='ocrx_word' id='word_1_518' title='bbox 1243 4999 1588 5061; x_wconf 86' lang='lat' dir='ltr'>concubitu</span> <span class='ocrx_word' id='word_1_519' title='bbox 1627 4997 1754 5059; x_wconf 85' lang='lat' dir='ltr'>fuit</span> <span class='ocrx_word' id='word_1_520' title='bbox 1791 4996 2067 5079; x_wconf 88' lang='lat' dir='ltr'>puritate</span> <span class='ocrx_word' id='word_1_521' title='bbox 2109 4998 2417 5061; x_wconf 87' lang='lat' dir='ltr'>virtutum</span> 
     </span>
     <span class='ocr_line' id='line_1_80' title="bbox 851 5085 2419 5179; baseline -0.004 -14"><span class='ocrx_word' id='word_1_522' title='bbox 851 5085 864 5166; x_wconf 67' lang='grc' dir='ltr'>’ῑ</span> <span class='ocrx_word' id='word_1_523' title='bbox 930 5119 1002 5163; x_wconf 91' lang='lat' dir='ltr'>ac</span> <span class='ocrx_word' id='word_1_524' title='bbox 1029 5099 1248 5179; x_wconf 82' lang='lat' dir='ltr'>gratiae</span> <span class='ocrx_word' id='word_1_525' title='bbox 1279 5098 1568 5179; x_wconf 87' lang='lat' dir='ltr'>spoliata.</span> <span class='ocrx_word' id='word_1_526' title='bbox 1606 5098 1725 5159; x_wconf 92' lang='lat' dir='ltr'>Sed</span> <span class='ocrx_word' id='word_1_527' title='bbox 1755 5098 1874 5160; x_wconf 89' lang='lat' dir='ltr'>hoc</span> <span class='ocrx_word' id='word_1_528' title='bbox 1904 5096 2032 5160; x_wconf 88' lang='lat' dir='ltr'>dici</span> <span class='ocrx_word' id='word_1_529' title='bbox 2075 5115 2201 5159; x_wconf 90' lang='lat' dir='ltr'>non</span> <span class='ocrx_word' id='word_1_530' title='bbox 2233 5115 2419 5178; x_wconf 87' lang='lat' dir='ltr'>opor-</span> 
     </span>
     <span class='ocr_line' id='line_1_81' title="bbox 853 5179 2417 5279; baseline -0.001 -20"><span class='ocrx_word' id='word_1_531' title='bbox 853 5179 879 5236; x_wconf 61' lang='lat'>²=</span> <span class='ocrx_word' id='word_1_532' title='bbox 931 5198 1071 5273; x_wconf 88' lang='lat' dir='ltr'>tuit,</span> <span class='ocrx_word' id='word_1_533' title='bbox 1107 5198 1261 5279; x_wconf 87' lang='lat' dir='ltr'>quia</span> <span class='ocrx_word' id='word_1_534' title='bbox 1303 5214 1416 5279; x_wconf 90' lang='lat' dir='ltr'>per</span> <span class='ocrx_word' id='word_1_535' title='bbox 1457 5214 1526 5259; x_wconf 88' lang='lat' dir='ltr'>se</span> <span class='ocrx_word' id='word_1_536' title='bbox 1567 5195 1832 5259; x_wconf 87' lang='lat' dir='ltr'>evidens</span> <span class='ocrx_word' id='word_1_537' title='bbox 1877 5194 2019 5256; x_wconf 88' lang='lat' dir='ltr'>fuit.</span> <span class='ocrx_word' id='word_1_538' title='bbox 2054 5195 2245 5257; x_wconf 90' lang='lat' dir='ltr'>Porro</span> <span class='ocrx_word' id='word_1_539' title='bbox 2280 5214 2417 5257; x_wconf 88' lang='lat' dir='ltr'>san-</span> 
     </span>
     <span class='ocr_line' id='line_1_82' title="bbox 929 5293 2416 5374; baseline -0.001 -15"><span class='ocrx_word' id='word_1_540' title='bbox 929 5296 1236 5359; x_wconf 89' lang='lat' dir='ltr'>ctificatio</span> <span class='ocrx_word' id='word_1_541' title='bbox 1265 5295 1485 5359; x_wconf 78' lang='lat' dir='ltr'>illa-,ah</span> <span class='ocrx_word' id='word_1_542' title='bbox 1517 5294 1945 5370; x_wconf 84' lang='lat' dir='ltr'>immunditia,</span> <span class='ocrx_word' id='word_1_543' title='bbox 1970 5293 2416 5374; x_wconf 90' lang='lat' dir='ltr'>multipliciter</span> 
     </span>
    </p>
   </div>
   <div class='ocr_carea' id='block_1_16' title="bbox 2523 4310 4227 5375">
    <p class='ocr_par' dir='ltr' id='par_1_16' title="bbox 2526 4310 4227 4887">
     <span class='ocr_line' id='line_1_83' title="bbox 2528 4310 4227 4394; baseline -0.003 -19"><span class='ocrx_word' id='word_1_544' title='bbox 2528 4312 2767 4394; x_wconf 89' lang='lat' dir='ltr'>Spiritu</span> <span class='ocrx_word' id='word_1_545' title='bbox 2808 4311 3058 4389; x_wconf 85' lang='lat' dir='ltr'>Sancte,</span> <span class='ocrx_word' id='word_1_546' title='bbox 3092 4310 3253 4374; x_wconf 86' lang='lat' dir='ltr'>abiit</span> <span class='ocrx_word' id='word_1_547' title='bbox 3284 4331 3429 4375; x_wconf 89' lang='lat' dir='ltr'>cum</span> <span class='ocrx_word' id='word_1_548' title='bbox 3471 4312 3648 4374; x_wconf 91' lang='lat' dir='ltr'>omni</span> <span class='ocrx_word' id='word_1_549' title='bbox 3683 4313 4003 4377; x_wconf 88' lang='lat' dir='ltr'>alacritate</span> <span class='ocrx_word' id='word_1_550' title='bbox 4052 4326 4227 4371; x_wconf 57' lang='lat' dir='ltr'>2221.ae-</span> 
     </span>
     <span class='ocr_line' id='line_1_84' title="bbox 2526 4408 4003 4494; baseline 0 -21"><span class='ocrx_word' id='word_1_551' title='bbox 2526 4419 2588 4473; x_wconf 89' lang='lat' dir='ltr'>et</span> <span class='ocrx_word' id='word_1_552' title='bbox 2626 4411 2909 4492; x_wconf 88' lang='lat' dir='ltr'>agilitate</span> <span class='ocrx_word' id='word_1_553' title='bbox 2948 4408 3015 4471; x_wconf 93' lang='lat' dir='ltr'>in</span> <span class='ocrx_word' id='word_1_554' title='bbox 3056 4418 3375 4474; x_wconf 83' lang='lat' dir='ltr'>montana.</span> <span class='ocrx_word' id='word_1_555' title='bbox 3410 4410 3761 4475; x_wconf 87' lang='lat' dir='ltr'>Insinuavit</span> <span class='ocrx_word' id='word_1_556' title='bbox 3796 4412 4003 4494; x_wconf 86' lang='lat' dir='ltr'>itaque</span> 
     </span>
     <span class='ocr_line' id='line_1_85' title="bbox 2526 4510 4005 4593; baseline 0.001 -19"><span class='ocrx_word' id='word_1_557' title='bbox 2526 4511 2756 4574; x_wconf 87' lang='lat' dir='ltr'>mulier</span> <span class='ocrx_word' id='word_1_558' title='bbox 2787 4510 2919 4590; x_wconf 81' lang='lat' dir='ltr'>regi</span> <span class='ocrx_word' id='word_1_559' title='bbox 2952 4529 3018 4572; x_wconf 89' lang='lat' dir='ltr'>se</span> <span class='ocrx_word' id='word_1_560' title='bbox 3048 4510 3437 4591; x_wconf 84' lang='lat' dir='ltr'>concepisse,</span> <span class='ocrx_word' id='word_1_561' title='bbox 3472 4519 3543 4572; x_wconf 91' lang='lat' dir='ltr'>ut</span> <span class='ocrx_word' id='word_1_562' title='bbox 3572 4530 3682 4573; x_wconf 86' lang='lat' dir='ltr'>rex</span> <span class='ocrx_word' id='word_1_563' title='bbox 3719 4512 4005 4593; x_wconf 84' lang='lat' dir='ltr'>provide-</span> 
     </span>
     <span class='ocr_line' id='line_1_86' title="bbox 2528 4608 4005 4690; baseline -0.002 -17"><span class='ocrx_word' id='word_1_564' title='bbox 2528 4620 2621 4673; x_wconf 89' lang='lat' dir='ltr'>ret</span> <span class='ocrx_word' id='word_1_565' title='bbox 2662 4628 2775 4672; x_wconf 92' lang='lat' dir='ltr'>suo</span> <span class='ocrx_word' id='word_1_566' title='bbox 2816 4608 3066 4685; x_wconf 91' lang='lat' dir='ltr'>honori,</span> <span class='ocrx_word' id='word_1_567' title='bbox 3102 4618 3559 4690; x_wconf 86' lang='lat' dir='ltr'>nec-tanquam</span> <span class='ocrx_word' id='word_1_568' title='bbox 3598 4609 3853 4673; x_wconf 85' lang='lat' dir='ltr'>adulter</span> <span class='ocrx_word' id='word_1_569' title='bbox 3888 4610 4005 4673; x_wconf 88' lang='lat' dir='ltr'>dif-</span> 
     </span>
     <span class='ocr_line' id='line_1_87' title="bbox 2528 4706 4223 4789; baseline -0.005 -19"><span class='ocrx_word' id='word_1_570' title='bbox 2528 4708 2895 4781; x_wconf 87' lang='lat' dir='ltr'>famaretur‚</span> <span class='ocrx_word' id='word_1_571' title='bbox 2930 4714 2993 4769; x_wconf 92' lang='lat' dir='ltr'>et</span> <span class='ocrx_word' id='word_1_572' title='bbox 3022 4706 3213 4769; x_wconf 84' lang='lat' dir='ltr'>ctiam</span> <span class='ocrx_word' id='word_1_573' title='bbox 3247 4726 3327 4769; x_wconf 91' lang='lat' dir='ltr'>ne</span> <span class='ocrx_word' id='word_1_574' title='bbox 3355 4706 3493 4789; x_wconf 90' lang='lat' dir='ltr'>ipsa</span> <span class='ocrx_word' id='word_1_575' title='bbox 3522 4706 3698 4769; x_wconf 89' lang='lat' dir='ltr'>velut</span> <span class='ocrx_word' id='word_1_576' title='bbox 3728 4708 4007 4771; x_wconf 85' lang='lat' dir='ltr'>adultera</span> <span class='ocrx_word' id='word_1_577' title='bbox 4031 4724 4223 4771; x_wconf 51' lang='lat' dir='ltr'>mule.</span> 
     </span>
     <span class='ocr_line' id='line_1_88' title="bbox 2528 4804 2937 4887; baseline -0.007 -20"><span class='ocrx_word' id='word_1_578' title='bbox 2528 4804 2937 4887; x_wconf 86' lang='lat' dir='ltr'>lapidaretur.</span> 
     </span>
    </p>

    <p class='ocr_par' dir='ltr' id='par_1_17' title="bbox 2523 4904 4005 5375">
     <span class='ocr_line' id='line_1_89' title="bbox 2616 4904 4004 4972; baseline -0.002 -9"><span class='ocrx_word' id='word_1_579' title='bbox 2616 4904 2801 4963; x_wconf 78' lang='lat' dir='ltr'>Misit</span> <span class='ocrx_word' id='word_1_580' title='bbox 2850 4913 3067 4965; x_wconf 82' lang='lat' dir='ltr'>autem</span> <span class='ocrx_word' id='word_1_581' title='bbox 3113 4904 3333 4963; x_wconf 86' lang='lat' dir='ltr'>David</span> <span class='ocrx_word' id='word_1_582' title='bbox 3374 4906 3462 4964; x_wconf 87' lang='lat' dir='ltr'>ad</span> <span class='ocrx_word' id='word_1_583' title='bbox 3506 4904 3689 4972; x_wconf 79' lang='lat' dir='ltr'>Joab,</span> <span class='ocrx_word' id='word_1_584' title='bbox 3732 4904 3947 4962; x_wconf 80' lang='lat' dir='ltr'>dicens</span> <span class='ocrx_word' id='word_1_585' title='bbox 3982 4918 4004 4959; x_wconf 94' lang='grc'>.·</span> 
     </span>
     <span class='ocr_line' id='line_1_90' title="bbox 2528 5002 4005 5077; baseline -0.004 -14"><span class='ocrx_word' id='word_1_586' title='bbox 2528 5004 2715 5063; x_wconf 82' lang='lat' dir='ltr'>Mitte</span> <span class='ocrx_word' id='word_1_587' title='bbox 2756 5003 2845 5059; x_wconf 86' lang='lat' dir='ltr'>ad</span> <span class='ocrx_word' id='word_1_588' title='bbox 2888 5022 2986 5061; x_wconf 83' lang='lat' dir='ltr'>me</span> <span class='ocrx_word' id='word_1_589' title='bbox 3030 5002 3256 5061; x_wconf 84' lang='lat' dir='ltr'>Uriam</span> <span class='ocrx_word' id='word_1_590' title='bbox 3296 5003 3653 5062; x_wconf 67' lang='lat' dir='ltr'>Hetleoeum.</span> <span class='ocrx_word' id='word_1_591' title='bbox 3706 5002 4005 5077; x_wconf 76' lang='lat' dir='ltr'>Misicque</span> 
     </span>
     <span class='ocr_line' id='line_1_91' title="bbox 2523 5100 4005 5180; baseline -0.001 -19"><span class='ocrx_word' id='word_1_592' title='bbox 2523 5102 2681 5161; x_wconf 78' lang='lat' dir='ltr'>Joab</span> <span class='ocrx_word' id='word_1_593' title='bbox 2722 5101 2949 5160; x_wconf 81' lang='lat' dir='ltr'>Uria-m</span> <span class='ocrx_word' id='word_1_594' title='bbox 2997 5102 3085 5159; x_wconf 89' lang='lat' dir='ltr'>ad</span> <span class='ocrx_word' id='word_1_595' title='bbox 3126 5101 3367 5161; x_wconf 86' lang='lat' dir='ltr'>David.</span> <span class='ocrx_word' id='word_1_596' title='bbox 3410 5100 3848 5180; x_wconf 73' lang='lat' dir='ltr'>Quoesivitque</span> <span class='ocrx_word' id='word_1_597' title='bbox 3890 5102 4005 5159; x_wconf 81' lang='lat' dir='ltr'>Da-</span> 
     </span>
     <span class='ocr_line' id='line_1_92' title="bbox 2529 5198 4001 5276; baseline -0.003 -19"><span class='ocrx_word' id='word_1_598' title='bbox 2529 5200 2639 5257; x_wconf 81' lang='lat' dir='ltr'>vid</span> <span class='ocrx_word' id='word_1_599' title='bbox 2668 5218 2865 5276; x_wconf 83' lang='lat' dir='ltr'>quam</span> <span class='ocrx_word' id='word_1_600' title='bbox 2894 5207 3057 5256; x_wconf 79' lang='lat' dir='ltr'>recte</span> <span class='ocrx_word' id='word_1_601' title='bbox 3084 5206 3297 5273; x_wconf 75' lang='lat' dir='ltr'>ayeret</span> <span class='ocrx_word' id='word_1_602' title='bbox 3323 5198 3507 5267; x_wconf 78' lang='lat' dir='ltr'>Joab,</span> <span class='ocrx_word' id='word_1_603' title='bbox 3535 5206 3594 5257; x_wconf 83' lang='lat' dir='ltr'>et</span> <span class='ocrx_word' id='word_1_604' title='bbox 3615 5202 3922 5274; x_wconf 80' lang='lat' dir='ltr'>populus,</span> <span class='ocrx_word' id='word_1_605' title='bbox 3948 5204 4001 5254; x_wconf 81' lang='lat' dir='ltr'>et</span> 
     </span>
     <span class='ocr_line' id='line_1_93' title="bbox 2525 5295 4001 5375; baseline -0.003 -19"><span class='ocrx_word' id='word_1_606' title='bbox 2525 5298 2836 5375; x_wconf 81' lang='lat' dir='ltr'>quomodo</span> <span class='ocrx_word' id='word_1_607' title='bbox 2856 5297 3432 5357; x_wconf 77' lang='lat' dir='ltr'>administraretur</span> <span class='ocrx_word' id='word_1_608' title='bbox 3452 5298 3711 5357; x_wconf 83' lang='lat' dir='ltr'>bellum.</span> <span class='ocrx_word' id='word_1_609' title='bbox 3730 5299 3819 5357; x_wconf 82' lang='lat' dir='ltr'>Et</span> <span class='ocrx_word' id='word_1_610' title='bbox 3836 5295 4001 5356; x_wconf 71' lang='lat' dir='ltr'>dixit</span> 
     </span>
    </p>
   </div>
   <div class='ocr_carea' id='block_1_17' title="bbox 4265 4254 4276 5172">
    <p class='ocr_par' dir='ltr' id='par_1_18' title="bbox 4265 4254 4276 5172">
     <span class='ocr_line' id='line_1_94' title="bbox 4265 4254 4276 5172; baseline 0 0"><span class='ocrx_word' id='word_1_611' title='bbox 4265 4254 4276 5172; x_wconf 95' lang='lat' dir='ltr'> </span> 
     </span>
    </p>
   </div>
   <div class='ocr_carea' id='block_1_18' title="bbox 4259 5430 4268 6132">
    <p class='ocr_par' dir='ltr' id='par_1_19' title="bbox 4259 5430 4268 6132">
     <span class='ocr_line' id='line_1_95' title="bbox 4259 5430 4268 6132; baseline 0 0"><span class='ocrx_word' id='word_1_612' title='bbox 4259 5430 4268 6132; x_wconf 95' lang='lat' dir='ltr'> </span> 
     </span>
    </p>
   </div>
  </div>
 </body>
</html>
