4359 6250
580 1657 716 1699 Josue
730 1669 799 1697 vu.

579 2047 594 2089 l
609 2045 823 2093 Ecdrxn,

555 2113 661 2160 ¹1,24;
672 2122 756 2162 vm,
765 2111 780 2148 ί
789 2110 823 2152 7.

556 2175 622 2224 2⁰3
636 2173 823 2223 lPamx,

566 2237 605 2276 2.

601 5304 760 5353 Pmcx.
778 5306 842 5347 ¹0.

840 467 919 532 56

1668 485 2014 531 ENARRATIO
2058 486 2120 530 [N
2162 486 2297 531 CAP.
2346 485 2410 530 lx
2450 485 2651 531 Josmz.
2698 503 2778 514 —
2818 484 2961 530 Am.
3008 485 3112 530 xv1

843 658 1053 720 locum
1084 657 1293 719 cultus
1324 656 1527 718 divini
1561 674 1678 738 pro
1716 656 2088 718 necessariis
2131 655 2198 716 in
2233 673 2336 718 eo·
2364 655 2415 717 Α
2444 655 2772 736 sapientiai
2811 663 2874 717 et
2913 654 3158 731 salutiS,
3193 652 3521 716 retrahens
3567 671 3605 714 a
3644 659 3922 733 peccate,

844 757 1010 832 dem,
1058 754 1302 818 scilicet
1331 755 1410 818 ad
1455 754 1926 817 incendendum
1965 753 2335 816 holocausta

843 873 916 916 ac
956 854 1196 917 hostias
1236 853 1606 916 abluendas

924 954 1140 1034 ltaque
1174 953 1360 1016 Josue
1403 961 1702 1033 tanquam
1743 970 2079 1033 supremus
2122 950 2189 1012 in
2233 968 2337 1031 po-

845 1051 997 1134 pulo
1047 1069 1183 1127 suc,
1219 1050 1481 1115 dictavit
1525 1059 1586 1112 et
1625 1050 1773 1112 tulit
1823 1050 2227 1126 sententiam,
2262 1068 2336 1111 ac

845 1149 1315 1232 sapientissime
1351 1148 1653 1213 mediavit
1696 1149 1861 1212 inter
1889 1157 2156 1212 mortem
2202 1167 2337 1211 eor-

846 1249 1127 1330 poralem
1157 1257 1222 1310 et
1251 1248 1518 1311 liberam
1539 1248 1757 1324 vitam,
1780 1247 2085 1328 infligens
2106 1247 2339 1310 Gabao-

848 1346 999 1409 nitis
1030 1355 1297 1410 mortem
1329 1347 1586 1410 civilem
1613 1371 1627 1421 3
1664 1367 1780 1410 nec
1812 1347 1930 1410 hoc
1963 1346 1990 1407 f
1995 1346 2088 1408 uit
2117 1354 2337 1409 contra

846 1444 1181 1526 justitiam,
1202 1446 1372 1526 quod
1403 1454 1466 1508 et
1496 1454 1782 1527 posteros
1803 1464 2020 1508 eorum
2054 1453 2181 1506 'tam
2206 1463 2340 1527 per-

848 1551 1056 1626 petuae
1087 1543 1378 1607 servituti
1423 1543 1685 1620 addixit,
1721 1552 1791 1605 ut
1828 1552 2002 1626 patet
2031 1563 2106 1606 ex
2149 1544 2337 1606 dictis

852 1643 919 1705 in
951 1643 1348 1725 expositione
1378 1642 1640 1724 capituli
1683 1643 1960 1725 septimi.
1997 1643 2235 1725 Nempe
2278 1650 2340 1705 et

852 1743 1124 1825 posteris
1153 1741 1645 1804 Gabaonitarurn
1688 1742 1889 1805 multo
1933 1742 2161 1804 melius
2194 1741 2336 1817 fuit,

2444 762 2507 816 et
2548 753 2892 836 disponens
2942 755 3019 816 ad
3064 753 3373 834 gratiam3
3426 763 3484 813 et
3517 753 3929 829 providimus

2444 857 2788 915 animabus
2818 855 3078 924 nostris,
3112 853 3176 914 id
3208 861 3304 915 est
3345 851 3494 914 vitae
3538 859 3769 913 nostrae
3796 868 3930 912 cor-

2446 952 2648 1035 porali
2698 961 2761 1014 et
2810 951 3093 1027 animali,
3144 950 3322 1013 illam
3372 949 3491 1012 hoc
3541 950 3730 1012 modo
3772 967 3930 1030 prae-

2447 1052 2758 1114 servando
2817 1070 2854 1112 a
2913 1059 3157 1124 morte3
3220 1048 3615 1131 providimus
3672 1066 3929 1129 quoque

2448 1151 2635 1212 saluti
2681 1149 3039 1212 animarum
3080 1156 3458 1224 nostrarum,
3504 1145 3931 1226 confugiendo

2445 1250 2523 1311 ad
2560 1249 2749 1312 Deum
2786 1256 3090 1323 vestrum,
3128 1259 3326 1308 vestro
3360 1249 3627 1308 timore*
3654 1249 3931 1322 compul-

2444 1351 2525 1419 si,
2562 1347 2625 1409 id
2668 1354 2765 1409 est
2793 1347 3202 1411 vehementer
3244 1345 3510 1422 inducti,
3546 1363 3673 1408 non
3718 1352 3931 1406 tamen

2446 1446 2739 1510 absolute
2769 1446 2992 1509 coacti.
3022 1444 3290 1508 Servitia
3318 1453 3529 1507 autem
3559 1462 3703 1525 quae
3732 1462 3809 1506 ex
3838 1461 3935 1506 co-

2447 1545 2697 1608 actione
2728 1545 2999 1625 quadam
3032 1543 3269 1606 habent
3306 1541 3639 1622 originem,
3674 1548 3738 1604 et
3766 1541 3939 1604 dein·

2451 1645 2529 1706 dc
2561 1642 2763 1706 libere
2793 1641 3174 1705 exhibentur
3192 1641 3539 1718 Altissimo,
3566 1641 3819 1722 placent
3848 1639 3933 1702 ei.

2454 1746 2647 1804 Nunc
2686 1753 2905 1803 autem
2946 1743 3019 1800 in
3057 1761 3261 1801 manu
3300 1751 3413 1800 tua
3461 1761 3682 1800 sumus
3712 1760 3735 1798 :
3765 1743 3937 1818 qnod

852 1841 918 1903 in
950 1840 1061 1902 tali
1093 1841 1395 1904 servitute
1424 1840 1694 1917 gravari,
1721 1859 1908 1920 quam
1932 1839 2218 1923 patribus
2240 1858 2343 1902 eo-
2376 1844 2421 1905 B
2454 1845 2571 1903 tibi
2602 1845 2835 1902 bonum
2870 1851 2927 1901 et
2974 1850 3218 1900 rectum
3250 1842 3533 1909 videtur,
3569 1841 3680 1917 fac
3726 1840 3930 1899 nobis.

855 1956 996 1998 rum
1027 1937 1277 2013 occisiS,
1315 1955 1441 2000 non
1485 1937 1756 2016 gravari.
1793 1937 1936 1998 Fuit
1964 1955 2219 2019 quoque
2250 1937 2341 1998 eis

855 2035 1130 2111 salubre,
1166 2034 1253 2097 ita
1298 2035 1364 2096 in
1409 2036 1646 2116 templo
1687 2035 1948 2097 servire.
1980 2035 2056 2096 Hi
2104 2035 2339 2098 etenim

855 2141 1025 2209 sunt,
1060 2132 1168 2215 qui
1223 2133 1287 2194 in
1329 2132 1510 2194 libris
1541 2134 1777 2212 Regum
1823 2141 1886 2195 et
1922 2133 2343 2215 Paralipome-

857 2251 1007 2310 non,
1033 2232 1343 2294 Nathinaei
1375 2240 1700 2296 vocantur.
1728 2231 1847 2294 Sed
1879 2233 2076 2314 quaeri
2109 2240 2337 2315 potest,

855 2331 1132 2412 qualiter
1163 2330 1478 2392 sententia
1505 2331 1694 2393 Josue
1733 2332 2071 2395 concordet
2101 2331 2342 2412 judicio

856 2427 1242 2510 principum,
1287 2427 1399 2507 qui
1449 2427 1744 2489 dixerunt
1789 2427 2169 2492 Gabaonitas
2218 2448 2344 2491 ser—

855 2527 1092 2590 vandos
1126 2526 1191 2587 in
1222 2545 1623 2589 communem
1670 2526 1860 2588 totius
1903 2527 2120 2608 populi
2154 2528 2341 2590 Israel

851 2646 1062 2688 usum.
1097 2625 1558 2706 Respondetur,
1595 2626 1765 2707 quod
1807 2625 2078 2688 servitus
2115 2625 2234 2688 ista
2276 2626 2341 2687 in

853 2725 1114 2806 templo,
1142 2723 1266 2785 fuit
1297 2742 1411 2806 pro
1443 2724 1767 2787 communi
1792 2745 1909 2786 usu
1941 2725 2343 2806 utilitateque

854 2821 1100 2905 populi,
1134 2821 1248 2903 qui
1279 2822 1437 2883 alias
1469 2821 1786 2902 obligatus
1819 2822 2043 2885 fuisset
2073 2824 2344 2886 servitu-

854 2929 978 2984 tem
1015 2921 1176 2983 hanc
1207 2919 1506 2983 exhibere
1535 2939 1550 2982 ε
1582 2929 1645 2983 et
1689 2921 1903 2984 forsan
1945 2931 2201 2985 sanctus
2244 2923 2342 2984 vir

853 3021 1040 3082 Josue
1071 3019 1433 3083 emendavit
1461 3019 1773 3101 judicium
1804 3021 2191 3104 principum,
2212 3031 2343 3084 tan·
2371 3019 2414 3082 C
2452 3024 2533 3087 de
2590 3022 2735 3084 aliis
2782 3020 2882 3084 inl*
2888 3041 2953 3084 ra
3004 3021 3208 3084 fertur

856 3138 1046 3201 quam
1080 3118 1267 3182 altior
1311 3128 1372 3181 et
1414 3118 1760 3201 sapientior
1803 3119 1916 3183 eiS.
1953 3118 2073 3183 Sed
2113 3130 2176 3183 et
2215 3119 2340 3185 dici

856 3226 1089 3299 posset,
1132 3218 1302 3298 quod
1349 3217 1709 3281 Gabaonitae
1759 3218 1922 3282 forte
1965 3220 2044 3281 ad
2092 3228 2343 3301 tempus

857 3324 920 3378 et
944 3316 1258 3378 interdum
1289 3318 1689 3379 adduxerunt
1720 3337 1834 3400 pro
1865 3318 2190 3381 communi
2224 3338 2342 3380 usu

857 3415 1079 3497 populi
1122 3414 1296 3496 ligna
1336 3434 1682 3496 aquasque,
1716 3436 1914 3497 quum
1965 3417 2134 3479 infra
2175 3418 2347 3479 dica-

861 3522 960 3575 tur
997 3530 1010 3573 :
1043 3513 1331 3575 Decrevit
1359 3516 1545 3577 Josuc
1578 3514 1642 3575 in
1676 3515 1785 3578 illo
1817 3515 1940 3591 die,
1968 3534 2107 3578 esse
2137 3534 2247 3578 eos
2278 3515 2343 3577 in

856 3610 1282 3674 ministerium
1327 3614 1542 3675 cuncti
1588 3612 1809 3695 populi
1854 3622 1915 3676 et
1967 3613 2185 3676 altaris
2236 3614 2347 3678 Do-

859 3709 1038 3771 mini.

941 3812 1088 3881 Qui,
1145 3809 1388 3872 scilicet
1435 3809 1827 3888 Gabaonitae,
1881 3814 2347 3890 responderunt

858 3910 948 3966 eis
970 3929 992 3967 .·
1017 3909 1418 3969 Nuntiatum
1446 3919 1535 3968 est
1565 3911 1746 3969 nobis
1774 3910 1973 3969 servis
2005 3912 2157 3981 tuis,
2177 3914 2349 3989 quod

851 4010 1250 4085 promisisset
1281 4009 1600 4067 Dominus
1634 4011 1847 4085 Moysi
1876 4029 2052 4068 servo
2093 4031 2233 4081 sue,
2278 4022 2349 4071 ut

863 4108 1140 4165 traderet
1171 4107 1342 4164 vobis
1361 4126 1610 4167 omnem
1644 4117 1882 4167 terram
1903 4106 2085 4184 hanc,
2105 4108 2349 4172 scilicet

2451 1943 2629 2003 Fecit
2648 1960 2793 2016 erqo
2813 1943 3002 2001 losue
3032 1948 3104 1998 ut
3133 1939 3419 2007 dixerat,
3438 1947 3497 1997 et
3522 1938 3818 1998 liberavit
3836 1955 3937 1996 eos

2448 2044 2529 2101 de
2562 2041 2859 2100 manibus
2900 2039 3193 2114 filiorum
3234 2040 3460 2108 Israel,
3497 2045 3567 2097 ut
3608 2055 3739 2096 non
3780 2037 3939 2120 occi7

2449 2143 2780 2200 darentur.
2820 2138 3233 2214 Decrevitque
3262 2155 3361 2195 eos
3400 2137 3473 2195 in
3504 2137 3618 2194 illo
3648 2138 3780 2206 die,
3812 2155 3939 2194 esse

2452 2240 2525 2298 in
2559 2237 2918 2298 ministerio
2947 2236 3165 2294 cuncti
3190 2235 3420 2312 populi
3460 2244 3519 2294 et
3558 2235 3793 2294 altaris
3818 2236 3939 2295 Do-

2454 2336 2648 2404 mini,
2676 2336 2885 2394 coeden
2896 2344 2980 2393 tes
3012 2337 3195 2409 liqna
3222 2342 3281 2392 et
3309 2352 3513 2411 aquas
3544 2341 3941 2410 comportan-

2456 2443 2542 2493 tes
2570 2452 2769 2511 ‘as-que
2800 2433 2871 2490 in
2895 2450 3177 2507 proesens
3210 2440 3477 2506 tempus,
3501 2432 3574 2490 in
3605 2433 3731 2489 loco
3752 2450 3941 2508 quem

2454 2533 2773 2592 Dominus
2791 2532 3094 2605 eleye’sset.
3120 2529 3431 2590 Videntur
3450 2528 3814 2591 Gabaonitae
3836 2527 3939 2589 isti

2453 2638 2517 2692 et
2547 2629 2638 2691 eis
2668 2628 2987 2704 associati,
3025 2647 3153 2690 non
3198 2627 3399 2690 fuisse
3444 2637 3569 2689 tam
3612 2626 3937 2702 malitiosi,

2453 2727 2745 2792 excaecati
2766 2736 2829 2789 et
2850 2725 3167 2800 obstinati,
3186 2734 3257 2787 ut
3275 2725 3381 2788 alii
3406 2725 3738 2788 Chananaei
3762 2743 3775 2786 :
3798 2725 3939 2788 ideo

2451 2826 2755 2890 Dominus
2788 2825 2881 2888 eis
2902 2825 3201 2888 misertus
3231 2833 3346 2901 est,
3366 2833 3557 2906 atque
3577 2824 3765 2888 modo
3788 2842 3940 2906 prae—

2453 2933 2618 2988 tacto
2649 2925 2727 2986 ad
2760 2924 3026 2986 salutem
3068 2923 3362 3004 perduxit
3392 2924 3668 2986 eosdem.
3702 2923 3938 3004 Nempe

2456 3120 2600 3198 fuit,
2638 3129 2707 3182 ut
2754 3121 3227 3196 indurarentur,
3264 3129 3325 3183 et
3370 3139 3498 3184 non
3549 3129 3941 3184 mererentur

2454 3221 2650 3282 ullam
2683 3218 3109 3282 clementiam.

2534 3319 2865 3393 Quaeritur,
2892 3338 2973 3380 an
3002 3318 3191 3382 Josue
3213 3326 3275 3381 et
3304 3320 3497 3383 duces
3519 3318 3737 3401 populi
3771 3326 3943 3381 tene-

2455 3419 2685 3481 bantur
2716 3436 2965 3480 servare
2989 3417 3421 3499 juramentum
3453 3417 3810 3499 praefatum.
3845 3417 3946 3479 Vi—

2454 3519 2639 3580 detur
2670 3518 2837 3599 quod
2881 3534 3032 3593 non,
3068 3515 3374 3597 quoniam
3423 3515 3645 3579 fraude
3692 3517 3948 3579 menda-

2455 3616 2702 3697 ciisque
2723 3615 2971 3695 decepti
2996 3614 3087 3676 sic
3108 3615 3503 3695 juraverunt.
3520 3615 3713 3677 Fraus
3734 3624 3944 3678 autem

2456 3724 2519 3778 et
2547 3715 2731 3778 dolus
2766 3732 2891 3776 non
2924 3714 3160 3777 debent
3178 3713 3371 3777 alicui
3404 3712 3769 3796 suffragari.
3794 3714 3947 3777 Item

2458 3833 2587 3877 non
2651 3812 3067 3875 intendebant
3112 3812 3485 3875 Chananaeis
3543 3813 3944 3894 propinquis,

2460 3914 2567 3975 scd
2601 3910 2861 3974 remotis
2908 3919 2971 3973 et
3016 3911 3353 3987 extraneis,
3387 3910 3815 3992 juramentum
3862 3910 3951 3973 fa-

2458 4031 2601 4075 cere
2646 4030 2719 4073 ac
2770 4009 3178 4091 promissum.
3222 4010 3311 4071 Ad
3363 4010 3534 4091 quod
3581 4010 3946 4086 dicendum,

2460 4110 2630 4191 quod
2682 4108 2848 4170 sicut
2894 4127 2969 4170 ex
3020 4108 3390 4189 praehabitis
3430 4107 3790 4185 innotescit,
3826 4110 3949 4172 Deo

863 4211 1094 4265 terram
1115 4201 1410 4264 Chanaan
1448 4202 1658 4279 istam,
1685 4215 1743 4264 et
1773 4207 2166 4283 disperderet
2198 4228 2350 4268 cun·
2380 4212 2428 4273 D
2459 4208 2862 4289 disponente,
2913 4206 3144 4269 accidit
3180 4206 3301 4268 ista
3346 4206 3651 4280 historia3
3694 4214 3757 4269 et
3800 4226 3953 4289 quo-

862 4312 988 4361 ctos
1017 4304 1402 4361 habitatores
1441 4302 1601 4378 ejus,
1639 4302 1701 4364 Si
1734 4302 2096 4366 Gabaonitae
2137 4306 2352 4368 crede-

863 4399 1015 4461 bant
1059 4399 1391 4462 Dominum
1436 4399 1557 4463 hoc
1599 4400 1987 4482 promisisse,
2032 4406 2349 4483 quomodo

865 4498 989 4581 ipsi
1022 4505 1402 4579 putaverunt
1431 4498 1616 4561 aliter
1651 4497 1674 4559 f
1679 4499 1793 4561 ieri
1825 4518 2031 4581 posse,
2053 4502 2353 4566 videlicet

865 4616 932 4659 se
963 4613 1150 4677 posse
1180 4603 1446 4657 mortem
1472 4595 1646 4658 illam
1677 4599 1980 4661 evadere?
2003 4599 2076 4659 Et
2101 4617 2355 4681 respon-

865 4696 1169 4771 dendum,
1218 4695 1388 4775 quod
1433 4693 1599 4759 sorte
1637 4697 1980 4760 credebant
2019 4698 2215 4760 verba
2244 4699 2353 4761 Dei

869 4794 990 4857 sub
1020 4793 1385 4857 conditione
1415 4812 1554 4858 esse
1589 4796 2023 4878 intelligenda,
2059 4797 2357 4861 videlicet

872 4894 994 4956 nisi
1017 4894 1404 4957 habitatores
1426 4894 1519 4956 illi
1544 4914 1612 4959 se
1632 4895 2257 4978 humiliarentatque
2278 4900 2355 4961 ad

873 4992 1047 5056 filios
1075 4992 1265 5055 Israel
1309 5000 1370 5055 et
1412 4994 1488 5055 ad
1520 4994 1759 5056 cultum
1794 4995 1904 5056 Dei
1948 5014 2168 5058 eorum
2215 5015 2358 5058 con-

874 5091 1360 5172 fugerent.Nam
1393 5099 1455 5153 et
1483 5090 1678 5153 verba
1704 5092 1813 5154 Dei
1850 5092 1942 5155 sie
1973 5102 2154 5155 erant
2185 5114 2359 5157 vera-

873 5190 1028 5252 citer
1052 5188 1484 5267 intelligenda.
1511 5191 1874 5251 Timuimus
1897 5193 2104 5269 igitur
2125 5196 2315 5254 valde
2335 5218 2357 5255 .·

875 5287 992 5349 iste
1025 5288 1148 5350 suit
1176 5287 1366 5349 timor
1399 5287 1666 5362 servilis,
1693 5290 1802 5369 qui
1841 5297 1936 5351 est
1967 5290 2354 5372 principium

2461 4306 2632 4369 niam
2665 4305 3029 4367 Gabaonitae
3059 4305 3188 4385 jam
3226 4304 3603 4386 inceperunt
3644 4306 3723 4367 ad
3753 4305 3950 4368 Deum

2460 4403 2649 4467 Israel
2684 4424 2752 4467 se
2783 4411 3177 4479 convertere,
3204 4422 3479 4485 eumque
3508 4404 3587 4465 de
3617 4410 3826 4466 cetero
3856 4421 3953 4467 co-

2462 4504 2592 4567 lere
2627 4503 3058 4577 intenderunt‚
3086 4501 3209 4563 fuit
3238 4501 3329 4563 eis
3364 4500 3527 4563 fides
3560 4502 3681 4564 ista
3710 4501 3776 4563 in
3809 4520 3955 4583 pro-

2464 4602 2772 4664 missione
2803 4608 2865 4664 et
2908 4601 3269 4682 juramento
3316 4601 3647 4665 servanda.
3680 4600 3805 4663 Nec
3844 4619 3953 4664 ex-

2464 4702 2745 4784 emplare
2777 4699 3003 4761 fuisset
3022 4706 3131 4761 aut
3151 4700 3401 4776 decenS,
3418 4700 3587 4779 quod
3620 4698 3740 4761 filii
3764 4699 3951 4761 lsrael

2466 4800 2677 4863 statim
2714 4799 2777 4860 in
2802 4815 2916 4860 suo
2942 4798 3232 4877 ingressu
3264 4797 3749 4879 promissionem
3772 4817 3953 4861 suam

2466 4919 2539 4962 ac
2578 4901 3006 4981 juramentum
3052 4896 3325 4959 fuissent
3366 4897 3765 4978 transgressi.
3796 4897 3955 4961 Hinc

2466 4998 2635 5061 circa
2664 4997 2783 5059 hoc
2817 4994 3100 5077 loquitur
3131 4994 3522 5076 Augustinus
3558 5012 3572 5055 :
3608 4994 3959 5058 Noluerunt

2468 5096 2761 5176 frangere
2782 5095 3189 5176 jurationem,
3216 5093 3511 5175 quamvis
3536 5104 3959 5176 perceperunt

2467 5195 2846 5258 Gabaonitas
2877 5212 3015 5256 esse
3055 5193 3393 5267 mentitos;
3436 5199 3500 5255 et
3528 5211 3787 5273 parcere
3832 5214 3959 5257 ma-

2469 5294 2746 5371 luerunt,
2781 5292 3074 5373 quamvis
3105 5291 3315 5353 dicere
3344 5290 3700 5373 potuissent
3730 5310 3797 5354 se
3826 5292 3957 5356 illis

3999 1265 4021 1285 ⁶
4044 1270 4211 1306 terrore

3259 3039 3273 3083 τ
3328 3021 3576 3085 Domini
3626 3022 3939 3084 sententia
3965 3045 4233 3092 amun-zu.
