4359 6250
921 499 1037 564 344

1491 519 1839 566 ENARRATIO
1881 521 1944 566 IN
1985 520 2121 566 GAP.
2168 518 2250 563 XV
2294 517 2450 563 1„an1
2490 517 2659 564 muln
2700 518 2923 564 amun.
2969 537 3049 548 —
3090 517 3232 564 Am.
3275 516 3424 565 xxix

919 689 1072 752 dum
1122 689 1345 750 merita
1390 689 1489 752 vel
1527 689 1856 764 demerita,
1905 708 2015 752 seu
2056 707 2409 768 congruen-
2436 689 2485 751 A
2515 689 2739 771 Moysis
2772 697 3038 766 uxor,ut
3072 689 3137 752 in
3169 689 3333 753 libro
3364 689 3560 754 Exodi
3592 690 4007 754 habetur:ex

921 787 1076 849 tiam
1108 787 1462 864 hominum,
1498 786 1653 868 quia
1680 787 1758 849 de
1789 787 2017 850 mediis
2056 789 2405 850 secundum

919 885 1300 966 exigentiam
1327 885 1355 946 s
1358 885 1480 947 inis
1514 885 1897 966 disponitur.
1918 881 2132 949 Refert
2151 905 2409 968 quoque

917 983 1212 1065 Magister
1264 983 1329 1046 in
1380 983 1664 1046 historiis
1719 1004 1733 1048 ε
1791 983 1950 1046 Sunt
1995 985 2108 1067 qui
2158 985 2402 1061 dicunt,

918 1082 1296 1145 Amalecitas
1349 1083 1547 1145 fuisse
1600 1082 1929 1146 maleficos
1981 1102 2053 1146 ac
2105 1084 2406 1147 habuisse

919 1182 1214 1264 peritiam
1247 1200 1314 1244 se
1345 1181 1633 1244 vertendi
1667 1181 1733 1242 in
1767 1183 2043 1262 pecudes
2073 1203 2086 1245 :
2125 1183 2288 1259 ideO,
2326 1203 2406 1246 ne

918 1280 1040 1342 sub
1072 1279 1279 1342 forma
1309 1278 1420 1341 illa
1461 1280 1821 1357 evaderent,
1868 1280 2203 1344 Dominum
2248 1301 2407 1364 prae-

917 1379 1187 1460 cepisse,
1236 1387 1305 1441 ut
1356 1397 1586 1460 pecora
1633 1397 1889 1460 quoque
1937 1379 2241 1461 perirent.
2278 1380 2405 1443 Hoc

918 1477 1086 1539 idem
1145 1475 1344 1538 Rabbi
1396 1476 1691 1539 Salomon
1753 1477 2008 1552 asserit,
2059 1487 2130 1540 ut
2180 1480 2406 1542 recitat

917 1577 1100 1657 Lyra,
1133 1576 1305 1657 quod
1347 1583 1556 1638 tamen
1587 1575 1745 1637 dicit
1775 1595 1914 1638 esse
1947 1575 2283 1639 ficticium.
2309 1579 2405 1640 Ni—

917 1674 1050 1736 hilo
1097 1674 1312 1736 minus
1355 1673 1746 1754 Augustinus
1797 1674 1962 1737 libro
2011 1675 2090 1738 de
2134 1675 2403 1738 Civitate

915 1773 1049 1849 Dei,
1083 1771 1284 1834 multa
1326 1779 1538 1834 narrat
1568 1773 1647 1834 de
1686 1773 2055 1852 hujusmodi
2100 1773 2404 1838 transfor-

2515 789 2697 871 cujus
2728 788 3027 852 videlicet
3066 788 3359 870 Raguelis
3402 789 3645 852 semine
3678 797 3871 852 natus
3908 798 4011 852 est

2515 886 2793 949 Reehab.
2828 890 3017 949 Abite
3046 889 3255 964 eorde,
3290 890 3560 949 recedite
3588 906 3881 970 corpore,
3912 900 4009 949 at-

2514 1006 2636 1065 que
2665 987 2969 1047 discedite
2989 1006 3133 1048 eum
3158 987 3482 1069 proposito
3504 1004 3631 1048 non
3668 986 4001 1063 redeundi,

2514 1087 2594 1144 ab
2622 1087 2913 1156 Amalec,
2956 1105 3036 1144 ne
3064 1087 3230 1163 forte
3270 1088 3599 1146 involvam
3646 1096 3704 1145 te
3732 1106 3885 1146 cum
3910 1105 4006 1154 ec,

2515 1181 2579 1243 id
2610 1190 2728 1258 est,
2746 1201 2827 1244 ne
2856 1182 3057 1263 aliqui
3099 1183 3175 1245 de
3212 1183 3450 1265 populo
3483 1201 3626 1246 meo
3657 1182 4007 1265 improvise

2514 1288 2621 1341 aut
2667 1279 3005 1344 casualiter
3050 1290 3321 1344 noceant
3360 1281 3545 1345 vobis
3585 1300 3733 1343 cum
3781 1281 4007 1344 ceteris

2514 1377 2981 1441 habitatoribus
3026 1386 3209 1442 terrae
3251 1379 3463 1462 huJus.
3497 1378 3704 1453 Quum
3752 1379 4008 1461 plurali-

2513 1485 2609 1539 ter
2657 1477 3101 1559 praemisisset,
3157 1477 3372 1554 Abite‚
3426 1497 3539 1540 cur
3598 1477 4008 1556 singulariter

2514 1574 2751 1651 subdit,
2772 1576 2878 1652 Te,
2900 1575 3025 1636 nisi
3060 1575 3277 1639 forsan
3306 1577 3387 1638 ad
3416 1575 3697 1657 aliquem
3728 1575 4008 1640 eminen-

2514 1673 2741 1736 tiorem
2774 1674 2939 1736 inter
2967 1673 3210 1738 Cinaeos
3244 1673 3305 1736 id
3338 1674 3701 1758 specialiter
3730 1674 4005 1737 dixerit?

2519 1776 2615 1833 Tu
2662 1775 2860 1844 enim,
2914 1772 2980 1833 id
3035 1781 3133 1835 est
3180 1781 3360 1854 pater
3406 1781 3549 1834 tuus
3596 1773 3841 1849 Jethro,
3894 1791 3999 1835 seu

914 1871 1101 1933 matis
1153 1887 1166 1932 ε
1217 1878 1588 1951 certumque
1637 1877 1732 1932 est
1780 1870 2014 1933 multos
2063 1871 2399 1950 gentilium
2432 1869 2478 1930 B
2512 1869 2730 1933 Hohab
2762 1870 2957 1933 frater
2994 1870 3209 1934 uxoris
3243 1870 3469 1952 Moysis
3504 1891 3516 1935 :
3552 1889 3748 1952 quem
3792 1879 3997 1934 tamen

809 1969 813 1974 ’
916 1968 1118 2031 fuisse
1147 1969 1423 2031 intentos
1444 1967 1814 2048 hujusmodi
1847 1969 2108 2048 magieis
2131 1971 2397 2033 artibus,

991 2069 1308 2143 Praecepit
1351 2068 1570 2145 itaque
1598 2069 1768 2127 Saul
1804 2071 2068 2145 popul0,
2109 2067 2230 2131 hoc
2278 2077 2395 2146 est,

913 2165 1061 2228 Saul
1093 2183 1206 2247 per
1232 2164 1476 2227 litteras
1504 2173 1612 2226 aut
1645 2165 1904 2226 nuntios
1936 2166 2176 2246 populo
2210 2167 2401 2230 lsrae-

913 2263 1088 2327 litico
1118 2262 1316 2345 jussit
1339 2264 1416 2325 ad
1446 2271 1690 2326 certum
1725 2262 1932 2325 locum
1967 2263 2317 2340 confluere,
2338 2273 2401 2328 et

912 2381 1050 2424 esse
1074 2368 1364 2445 paratum
1396 2360 1473 2422 ad
1506 2378 1784 2442 pugnam
1815 2377 1828 2421 :
1855 2361 2175 2442 siquidem
2209 2363 2401 2426 verba

913 2459 1022 2523 Dei
1063 2479 1178 2542 per
1210 2458 1570 2522 Samuelem
1614 2458 1736 2520 sibi
1768 2458 2160 2536 denuntiata,
2196 2461 2287 2524 eis
2317 2461 2401 2522 si-

908 2557 1247 2640 gnificavit
1273 2581 1288 2632 ;
1333 2567 1392 2618 et
1423 2561 1743 2618 recensuit
1774 2579 1895 2629 eos,
1932 2557 1995 2619 id
2027 2567 2145 2634 est,
2179 2579 2401 2623 nume-

911 2657 1075 2720 ravit
1119 2665 1182 2720 et
1229 2655 1570 2732 ordinavit,
1621 2674 1732 2718 seu
1782 2655 2237 2720 convenienter
2273 2658 2401 2721 dis-

910 2754 1145 2839 posuit,
1197 2757 1388 2834 quasi
1436 2755 1655 2831 a9n6s‚
1712 2754 1830 2817 hoc
1875 2763 1972 2816 est
2017 2756 2095 2817 ad
2146 2755 2395 2818 libitum

910 2872 1119 2930 suum,
1137 2853 1224 2915 ita
1251 2853 1421 2934 quod
1443 2851 1828 2915 obediebant
1853 2852 1995 2929 sibi,
2016 2861 2078 2915 et
2111 2854 2228 2916 sub
2258 2854 2398 2936 ejus

911 2952 1222 3034 regimine
1264 2950 1464 3028 ibant,
1509 2952 2047 3033 quemadmodum
2093 2954 2241 3032 agni
2281 2954 2399 3016 sub

2509 1967 2728 2030 Hobab
2760 1968 3018 2049 quidam
3041 1968 3263 2030 dieunt
3294 1968 3497 2032 fuisse
3527 1970 3739 2050 ipsum
3759 1969 3992 2033 Jethro.

2510 2065 2751 2139 Quibus
2781 2066 3037 2129 obviare
3068 2067 3321 2130 videtur
3350 2067 3509 2130 illud
3538 2067 3989 2131 Numerorum:

2485 2165 2675 2241 ‘Dixit
2695 2165 2931 2246 Moyses
2950 2163 3168 2227 Hohab
3187 2164 3331 2228 sino
3352 2165 3607 2244 Raguel,
3622 2175 3745 2229 ete.
3768 2169 3995 2228 Fecisti
4017 2191 4238 2234 mma.
4276 2189 4278 2270 3

2509 2266 3017 2326 misericordiam
3046 2283 3193 2325 cum
3234 2267 3531 2325 omnibus
3568 2267 3735 2340 filiis
3764 2269 3987 2338 Israel,

2508 2384 2702 2442 quum
2743 2365 3153 2423 ascenderent
3190 2366 3270 2422 de
3304 2363 3589 2440 AEyypto
3626 2382 3652 2424 .·
3692 2363 3989 2444 quoniam

2504 2460 2719 2523 Jethro
2762 2460 3015 2522 salubre
3059 2459 3401 2523 consilium
3444 2461 3739 2542 praestitit
3774 2461 3985 2544 Moysi,
4024 2483 4235 2588 azam
4277 2459 4278 2476 ²

4016 2550 4075 2590 ¹5-
4126 2579 4136 2588 .

4027 2608 4233 2652 Nun-1²¹-

2507 2568 2577 2620 ut
2623 2559 2687 2620 in
2731 2560 2943 2622 Exodo
2984 2559 3389 2622 describitur.
3424 2558 3641 2622 Hohab
3686 2578 3839 2624 vero
3886 2561 3991 2623 du-

2508 2666 2643 2722 ctor
2684 2657 2807 2719 ruit
2848 2656 3133 2720 filiorum
3177 2657 3365 2720 lsrael
3412 2658 3477 2719 in
3522 2659 3799 2735 deserto,
3830 2660 3987 2722 utin

2508 2756 2799 2819 Numeris
2847 2757 3153 2838 seriptum
3202 2763 3318 2818 est.
3342 2759 3429 2817 Et
3458 2761 3711 2818 recessit
3744 2760 3992 2819 Cinoeus

2506 2859 2586 2916 de
2616 2858 2824 2915 medio
2844 2858 3128 2916 Amalec.
3164 2853 3397 2935 Sieque
3425 2854 3729 2937 deinceps
3758 2856 3994 2919 habita-

2510 2959 2738 3017 verunt
2766 2951 2961 3015 Cinaei
2993 2951 3158 3014 inter
3190 2951 3365 3016 filios
3397 2953 3607 3016 lsrael.

910 3051 1089 3132 virga
1118 3048 1410 3134 pastoriS‚
1433 3054 1712 3111 ducenta
1741 3053 1961 3113 millia
1981 3055 2309 3129 peditum,
2340 3065 2399 3115 et
2434 3053 2479 3117 C
2598 3053 3049 3131 Percussitque
3104 3053 3270 3111 Saul
3317 3053 3582 3112 Amalec
3628 3055 3713 3112 ab
3760 3055 3992 3114 Hevila
4277 3124 4278 3127 Ἴ

907 3154 1121 3213 decem
1151 3152 1366 3212 millia
1407 3152 1702 3210 virorum
1729 3152 1926 3211 Juda.
1951 3149 2082 3213 Viri
2115 3152 2399 3215 detribu
2509 3153 2705 3210 donec
2744 3150 2961 3209 venit*
3002 3152 3091 3209 ad
3139 3152 3299 3219 Sur,
3340 3170 3484 3229 quw
3524 3160 3611 3210 est
3658 3170 3694 3209 e
3742 3153 3995 3227 reyione
4036 3162 4203 3205 ’ee-5⁰·
4277 3164 4278 3215 ξ

906 3249 1065 3311 Juda
1084 3248 1506 3311 communiter
1528 3256 1942 3310 numerantur
1963 3260 2402 3326 seorsum,tan-
2506 3250 2810 3325 AEqypti,
2843 3246 2906 3308 id
2951 3253 3047 3307 est
3090 3246 3169 3309 ab
3214 3266 3345 3309 una
3384 3248 3781 3311 extremitate
3820 3249 3991 3328 regni

909 3365 1106 3427 quam
1151 3345 1562 3427 potentioreS,
1600 3345 1971 3421 nobilioreS,
2016 3356 2080 3409 et
2122 3348 2399 3430 amplius
2510 3345 2587 3407 ad
2636 3345 2849 3421 aliam,
2902 3345 3437 3425 quemadmodum
3498 3346 3563 3407 in
3614 3346 3995 3409 Deuterono-

908 3443 1220 3507 bellicosi.
1261 3444 1394 3506 Non
1437 3452 1534 3506 est
1573 3452 1782 3511 autem
1816 3446 2193 3525 putandum,
2226 3448 2398 3527 quod

909 3542 978 3605 in
1025 3541 1193 3603 tribu
1235 3542 1394 3604 Juda
1435 3560 1563 3605 non
1612 3542 1854 3605 suerint
1897 3561 2014 3624 pro
2065 3552 2238 3619 tunc,
2273 3545 2397 3607 nisi

2510 3442 2639 3504 mio
2668 3442 2941 3525 jusserat
2970 3442 3230 3525 Moyses,
3260 3443 3477 3506 dicens
3512 3462 3526 3505 :
3557 3443 3764 3517 Quum
3798 3445 3995 3507 Domi·
4034 3465 4233 3507 natm.

2510 3561 2631 3603 nus
2671 3541 2917 3603 dederit
2968 3540 3082 3602 tibi
3133 3542 3440 3624 requiem,
3476 3543 3717 3606 delebis
3762 3562 3991 3607 nomen
4018 3530 4072 3569 ¹⁹·

623 3950 762 4006 lReq.
774 3958 879 4003 xus.

669 5276 811 5321 exod.
829 5291 874 5329 u.

613 5342 679 5391 ¹8,
701 5342 768 5382 2¹.

909 3641 1128 3703 decem
1177 3639 1384 3702 millia
1431 3640 1736 3717 vii-orum,
1791 3648 1854 3702 et
1905 3640 1968 3702 in
2018 3642 2245 3709 ceteris
2296 3643 2401 3705 tri-

909 3737 1118 3800 bubus
1155 3757 1282 3801 non
1327 3737 1452 3800 nisi
1495 3739 1766 3801 ducenta
1813 3738 2037 3814 millia,
2081 3759 2280 3821 quum
2332 3742 2397 3803 in

909 3836 1078 3900 bello
1137 3846 1358 3899 contra
1405 3837 1562 3899 Naas
1612 3854 1823 3916 regem
1867 3838 2393 3917 Ammonitarum,

913 3934 1153 3999 fuerint
1203 3935 1463 4016 triginta
1511 3935 1716 3998 millia
1763 3936 2045 4000 virorum
2095 3938 2283 4015 Juda,
2336 3946 2401 4002 et

910 4043 1192 4098 trecenta
1217 4034 1420 4097 millia
1450 4036 1530 4097 de
1562 4034 1856 4097 tribubus
1887 4035 2056 4111 aliis,
2075 4043 2146 4096 ut
2167 4056 2394 4117 supra;

909 4133 1020 4196 sed
1070 4133 1217 4195 Saul
1264 4133 1381 4195 hac
1430 4132 1570 4196 viee
1620 4151 1764 4195 eum
1815 4132 2081 4214 prael'ato
2130 4152 2397 4197 numero

907 4330 1330 4411 promissione
1351 4338 1517 4393 esset
1537 4331 1616 4392 (16
1633 4329 1900 4392 victoria
1920 4338 2142 4393 certus.
2164 4335 2399 4400 Quum-

904 4448 1028 4508 que
1049 4430 1315 4489 venisset
1335 4433 1504 4490 Saul
1525 4448 1724 4507 usque
1743 4432 1832 4489 ad
1854 4430 2184 4490 civitatem
2198 4432 2398 4491 Ama-

906 4533 1018 4589 lec.
1053 4528 1119 4589 ln
1154 4546 1347 4608 regno
1377 4528 1868 4591 Amaleeitarum
1901 4528 2163 4592 fuerunt
2199 4530 2398 4612 pluri-

905 4646 1023 4689 mae
1043 4626 1368 4691 civitates:
1392 4626 1630 4690 idcirco
1662 4646 1776 4709 per
1797 4626 2118 4690 civitatem
2141 4627 2394 4691 Amalec

902 4726 1008 4789 hic
1047 4725 1429 4806 intelligitur
1471 4726 1571 4790 vel
1623 4726 1995 4807 metropolis
2043 4726 2246 4806 regni,
2293 4727 2392 4789 vel

903 4823 1055 4886 urbs
1091 4824 1299 4906 prima
1338 4824 1405 4886 in
1441 4824 1546 4888 via
1576 4842 1940 4901 occurrenS,
1977 4824 2077 4889 vel
2119 4843 2234 4907 per
2266 4824 2396 4887 sin-

904 4922 1124 5003 gulare
1165 4922 1532 5002 designatur
1576 4921 1847 5003 plurale.
1897 4925 2192 4984 Tetendit
2236 4925 2395 4983 insi-

901 5024 1048 5083 dias
1076 5023 1149 5083 in
1183 5031 1478 5082 torrente.

1011 5120 1324 5199 Dia-itque
1373 5121 1541 5179 Saul
1593 5120 1831 5189 CinceO,
1865 5118 1926 5180 id
1975 5128 2071 5181 est
2121 5118 2391 5200 posteris

904 5216 1070 5280 natis
1099 5235 1175 5279 ex
1209 5216 1447 5292 Jethro,
1481 5216 1594 5299 qui
1619 5217 1745 5280 alio
1778 5218 2036 5281 nomine
2067 5218 2393 5300 cognomi-

904 5324 1090 5379 natus
1132 5323 1228 5378 est
1269 5314 1527 5394 Raguel,
1569 5324 1634 5379 et
1673 5316 1810 5392 Cin,
1845 5316 2030 5396 cujus
2079 5316 2219 5380 filia
2265 5315 2390 5379 fuit

2507 3639 2763 3702 Amalec
2795 3640 2873 3703 de
2905 3639 3024 3701 sub
3052 3640 3238 3703 eoelO.
3257 3644 3344 3702 Et
3364 3643 3794 3719 apprehendit
3808 3648 3992 3721 Ayay

2508 3758 2718 3815 reyem
2748 3740 3017 3799 Amalec
3048 3740 3273 3799 vivum
3303 3760 3326 3799 .·
3356 3758 3547 3819 quem
3580 3748 3643 3802 et
3674 3740 3991 3804 viventem

2508 3856 2723 3899 secum
2772 3836 2955 3897 duxit
3003 3836 3081 3899 ad
3133 3837 3392 3918 propria
3441 3838 3517 3899 ad
3565 3839 3991 3903 ostensionem

2508 3954 2638 3997 suae
2675 3934 2978 4011 victoriae‚
3013 3935 3183 4016 quod
3230 3934 3350 3997 fuit
3400 3935 3751 4017 superbiae3
3786 3937 3887 4000 vel
3926 3947 3993 4000 ut

2506 4033 2711 4095 multa
2740 4041 3145 4113 extorqueret
3176 4052 3213 4094 a
3252 4051 3397 4113 rege
3430 4042 3613 4115 capto
3645 4053 3762 4116 pro
3792 4036 3990 4117 ipsius

2506 4132 2902 4207 dimissione,
2948 4132 3121 4213 quod
3168 4131 3290 4193 suit
3335 4131 3635 4195 avaritiae.
3668 4133 3992 4196 Verumta-

799 4236 806 4243 '
907 4239 1244 4295 contentus
1282 4230 1428 4308 fuit,
1461 4230 1814 4313 praesertim
1845 4251 2044 4313 quum
2075 4251 2150 4294 ex
2179 4233 2400 4297 divina
2427 4237 2476 4299 D
2507 4249 2653 4293 men
2682 4229 2992 4311 Josephus
3024 4229 3189 4293 velle
3217 4230 3491 4307 videtur,
3511 4232 3681 4311 quod
3714 4231 3860 4294 Saul
3893 4252 3992 4314 pe-

2507 4328 2709 4411 percit
2753 4336 2815 4390 et
2857 4328 3154 4391 misertus
3197 4326 3321 4389 fuit
3364 4328 3483 4410 ipsi
3524 4328 3696 4410 Agag
3738 4340 3991 4413 propter

2506 4426 3047 4509 pulchritudinem
3082 4425 3243 4505 ejus.
3273 4429 3469 4487 Omne
3486 4437 3703 4487 autem
3734 4432 3982 4505 vulqus,

2507 4525 2635 4588 imo
2666 4533 2729 4588 et
2760 4524 3029 4599 nobileS‚
3064 4525 3393 4601 interfecit
3424 4526 3497 4585 in
3527 4545 3633 4585 ore
3654 4529 3893 4602 qladii,
3924 4526 3983 4588 id

2505 4633 2599 4687 est
2630 4623 2923 4687 acumine
2953 4624 3147 4685 ensis.
3182 4624 3269 4684 Et
3292 4625 3577 4700 pepercit
3608 4628 3777 4685 Saul
3802 4635 3863 4686 et
3882 4646 3985 4703 po-

2495 4728 2723 4802 pulus,
2756 4726 2939 4800 Aqay
2969 4732 3029 4782 et
3057 4724 3319 4800 optimis
3341 4724 3649 4800 yreyibus
3674 4726 3893 4785 ovium
3926 4735 3982 4784 et

2503 4831 2968 4892 armentorum,
3006 4822 3278 4881 vestibus
3306 4830 3366 4881 et
3396 4822 3733 4892 arietibus,
3752 4832 3813 4883 et
3842 4825 3981 4883 uni·

2505 4921 2703 4980 versis
2745 4940 2887 4999 quoe
2923 4921 3208 4996 pulchra
3249 4929 3459 4991 erant,
3490 4940 3608 4979 nec
3651 4924 3981 4981 voluerunt

2502 5021 2871 5097 disperdere
2910 5038 3007 5078 ea.
3048 5020 3385 5096 Quidquid
3416 5037 3559 5077 vero
3592 5020 3719 5078 vile
3755 5020 3891 5099 fuit
3928 5028 3980 5079 et

2500 5119 2859 5197 reprobum,
2886 5120 2999 5177 hoc
3026 5117 3319 5176 demoliti
3346 5126 3523 5177 sunt.

2582 5220 2856 5279 Factum
2898 5225 2988 5276 est
3029 5225 3245 5276 autem
3290 5216 3551 5275 verbum
3590 5218 3882 5287 Domini,
3920 5216 3979 5277 id

2498 5322 2614 5391 est,
2633 5312 2937 5377 Dominus
2963 5332 3077 5395 per
3108 5310 3405 5391 angelum
3435 5310 3619 5389 dixit,
3640 5316 3729 5374 acl
3758 5318 3976 5376 Samu—
