4359 6250
101 767 154 804 3&

106 4054 338 4105 Eutheruu.

89 4122 229 4169 12,13.

934 517 1284 563 manuario
1327 518 1388 562 IN
1430 519 1564 563 CAP-
1613 517 1719 564 xx!
1762 517 1920 564 LIBRI
1962 520 2161 565 TERTu
2204 515 2429 568 REGUH.
2473 543 2553 552 —
2594 519 2735 570 ΛΒΤ.
2784 524 2935 571 xxxl

367 782 594 847 coloni
627 785 754 846 mei
799 786 976 848 estis.
1013 786 1228 849 Achab
1272 795 1483 849 autem
1527 787 1684 868 legis
1719 808 1876 870 prze-

369 882 698 946 varicator
737 892 930 965 atque
962 884 1298 948 idololatra
1342 904 1470 947 non
1513 887 1760 949 curavit
1797 888 1874 950 de

370 979 520 1061 lege
566 981 810 1060 divina,
864 983 1198 1064 voluitque
1246 983 1498 1046 vineam
1549 1004 1758 1047 emere
1806 985 1873 1046 in

369 1080 848 1158 possessionem
873 1089 1262 1163 perpetuam.
1289 1085 1470 1143 Venit
1489 1104 1636 1160 erqo
1655 1085 1875 1144 Achab

368 1180 446 1236 in
492 1182 762 1240 domum
803 1201 1014 1252 suam,
1065 1183 1420 1257 indiynans
1466 1191 1526 1240 et
1567 1182 1874 1258 fre-ndens

365 1295 572 1352 super
613 1279 820 1349 verbe,
853 1281 1025 1358 quod
1069 1282 1318 1338 locutus
1345 1281 1568 1358 fuerat
1598 1282 1686 1340 ad
1725 1300 1874 1339 eum

371 1375 638 1435 N'abotlz
667 1377 1064 1447 Jezraelites,
1097 1377 1316 1436 dicens
1337 1398 1359 1436 .·
1383 1379 1532 1438 Non
1561 1380 1724 1438 dabo
1755 1380 1873 1438 tibi

371 1474 802 1534 hereditatem
846 1484 1118 1552 patrum
1180 1495 1487 1536 meorum.
1545 1479 1628 1536 Et
1665 1477 1874 1552 proji—

367 1573 550 1631 ciens
579 1591 644 1630 se
675 1573 747 1631 in
779 1576 1084 1633 lectulum
1114 1594 1329 1644 suum,
1369 1577 1606 1634 avertit
1636 1576 1872 1650 faciem

365 1689 565 1730 suam
595 1672 686 1730 ad
707 1672 1054 1748 parietem,
1073 1681 1134 1732 et
1153 1693 1282 1732 non
1313 1675 1585 1734 comedit
1607 1693 1865 1751 panem.

455 1773 758 1847 Inqressa
787 1781 876 1831 est
895 1781 1114 1832 autem
1142 1775 1230 1833 ad
1257 1793 1404 1832 eum
1422 1774 1676 1833 lezabel
1705 1793 1872 1832 uxor

3358 510 3475 574 723

135 701 220 742 ter.
242 715 338 750 m.
373 684 688 747 Dominus
723 686 882 749 dixit
918 703 932 748 τ
968 688 1160 750 Terra
1190 688 1324 750 haec
1367 707 1510 750 mea
1540 697 1656 764 est,
1683 697 1746 751 et
1764 706 1873 751 vos
1901 688 1952 750 A
1987 688 2130 766 fuit,
2169 711 2247 754 nc
2278 691 2624 756 videamini
2657 714 2801 756 eum
2834 694 3161 777 despicere
3189 706 3339 760 ante
3367 718 3473 761 ac-

1983 790 2379 853 cusationem
2404 791 2605 873 ipsius
2629 801 2694 855 et
2713 793 3135 857 accusationis
3157 796 3475 877 probatio-

1986 906 2155 950 nem.
2179 891 2267 949 Et
2294 892 2647 951 submittite
2665 894 2826 952 duos
2848 895 3019 952 viros
3038 895 3209 969 filios
3229 897 3473 965 Belial,

1986 985 2048 1046 id
2091 995 2187 1048 est
2228 987 2366 1050 sine
2409 987 2558 1068 jugo
2593 989 2953 1072 disciplinae
2994 1001 3185 1072 atque
3225 993 3473 1056 timoris

1983 1083 2116 1160 Dei,
2157 1096 2381 1147 contra
2426 1107 2599 1156 eum,
2630 1097 2693 1147 et
2739 1089 2984 1165 falsum
3036 1093 3473 1152 testimonium

1980 1185 2231 1252 dicant,
2254 1183 2550 1248 videlicet
2585 1203 2597 1246 :
2636 1189 3011 1258 Benedioeit,
3033 1187 3097 1249 id
3129 1196 3247 1266 est,
3280 1188 3473 1251 male-

1980 1279 2141 1342 dixit
2190 1284 2443 1345 Naboth
2490 1286 2699 1344 Deum
2746 1295 2805 1345 et
2850 1306 3083 1362 reyem,
3119 1286 3184 1348 id
3234 1294 3349 1364 est,
3403 1287 3469 1350 in

1981 1378 2178 1440 Deum
2238 1379 2650 1462 blasphemus
2699 1391 2817 1457 est,
2869 1391 2933 1444 et
2982 1403 3126 1446 reus
3178 1385 3467 1449 criminis

1982 1477 2146 1540 laesae
2195 1478 2543 1559 majestatis
2598 1479 2665 1541 in
2710 1499 2944 1560 regem,
2992 1482 3215 1564 sicque
3258 1483 3471 1565 dupli-

1981 1575 2138 1638 citer
2187 1585 2389 1639 morte
2452 1577 2705 1657 dignus,
2758 1579 3209 1643 Verumtamen
3272 1581 3472 1663 impia

1977 1674 2226 1737 Jezabel
2272 1675 2476 1738 voluit
2522 1685 2593 1738 ut
2641 1697 2770 1741 non
2823 1678 3277 1760 publicaretur,
3330 1699 3469 1743 eam

1981 1773 2315 1854 scripsisse
2349 1774 2507 1837 illud
2530 1776 2608 1838 de
2630 1776 2887 1839 testium
2910 1777 3337 1841 submissione
3360 1777 3471 1840 sal-

370 1890 524 1939 sua,
553 1871 859 1949 dioeitque
887 1871 950 1929 ei
983 1891 1005 1929 .·
1029 1873 1202 1939 Quid
1230 1880 1320 1931 est
1349 1873 1483 1942 hoe,
1527 1875 1698 1932 unde
1725 1874 1871 1932 ani·
1906 1872 1953 1934 B
1981 1889 2220 1932 sorum.
2272 1870 2561 1953 Denique
2608 1881 2737 1935 tam
2787 1874 3176 1938 horrendum
3224 1876 3467 1938 crimen

373 1987 482 2027 ma
520 1977 634 2028 tua
673 1969 1054 2030 contristata
1090 1971 1230 2028 est?
1271 1979 1330 2029 et
1369 1990 1570 2049 quare
1609 1990 1735 2030 non
1779 1990 1872 2029 co-

371 2068 582 2126 medis
605 2087 847 2143 panem
869 2070 900 2126 ?
932 2069 1059 2136 Qui
1087 2071 1415 2144 respondit
1441 2070 1504 2126 ei
1540 2089 1563 2126 .·
1593 2071 1870 2130 Locutus

367 2185 522 2224 sum
549 2167 804 2228 Naboth
833 2166 1220 2236 Iezraelitae,
1243 2175 1302 2225 et
1322 2167 1472 2225 dimi
1501 2168 1562 2224 ei
1583 2187 1604 2224 .·
1625 2169 1728 2227 Da
1750 2169 1871 2226 mi-

371 2263 448 2320 ln·
481 2264 744 2323 vineam
785 2273 992 2334 tuam,
1024 2273 1279 2342 accepta
1305 2265 1631 2341 pecunia,·
1665 2274 1781 2324 aut
1811 2285 1868 2324 st
1912 2280 1918 2286 ·

375 2363 500 2420 tibi
521 2365 764 2439 placet,
785 2364 945 2422 dabo
981 2364 1098 2422 tibi
1127 2365 1384 2422 vineam
1407 2365 1735 2424 meliorem
1747 2383 1868 2440 pro

372 2481 477 2521 ea.
529 2464 614 2522 Et
663 2463 776 2521 ille
825 2463 921 2521 ait
965 2480 988 2522 .·
1038 2465 1184 2522 Non
1232 2464 1394 2521 dabo
1448 2464 1564 2521 tibi
1611 2464 1864 2523 vineam

371 2580 605 2621 meam.
655 2559 884 2622 Textus
934 2568 1030 2622 est
1072 2559 1324 2640 planuS.
1359 2562 1552 2621 Dixit
1593 2581 1738 2637 erqo
1783 2564 1870 2621 ad

375 2679 534 2718 eum
559 2661 821 2720 Iezabel
849 2679 1019 2719 uaeor
1047 2659 1188 2734 ejus
1218 2678 1240 2719 .·
1276 2661 1559 2720 Grandis
1595 2661 1871 2720 auctori—

370 2757 528 2816 tatis
571 2777 662 2826 es,
689 2767 752 2816 et
781 2759 932 2816 bene
971 2758 1142 2832 reyis
1179 2777 1452 2834 reynum
1480 2757 1706 2816 Israel.
1743 2756 1868 2818 Hoc

367 2853 606 2918 mulier
657 2854 992 2934 tyrannica
1056 2854 1338 2916 irrisorie
1397 2854 1557 2915 dixit
1614 2855 1864 2932 marim,

367 2953 559 3035 quasi
592 2953 802 3016 dicat:
839 2955 928 3016 Ita
959 2962 1020 3016 te
1048 2953 1260 3028 habeS‚
1285 2955 1456 3035 quod
1505 2954 1744 3016 subditi
1778 2953 1868 3015 tui

1981 1977 2094 2046 est,
2129 1969 2509 2033 maledicere
2528 1970 2747 2049 Deum,
2773 1973 2946 2053 quod
2975 1974 3153 2054 juxta
3184 1974 3467 2056 proprie-

1981 2075 2172 2131 tatem
2206 2067 2441 2149 linguae
2460 2068 2735 2132 Hebraeae
2754 2069 3123 2150 designatur
3140 2090 3255 2154 per
3276 2091 3459 2135 suum

1979 2165 2391 2244 contrarium,
2428 2166 2593 2229 sicut
2624 2176 2686 2229 et
2730 2167 2798 2229 in
2840 2167 3005 2231 libro
3032 2169 3147 2232 Job
3183 2187 3197 2230 ε
3232 2169 3361 2232 Nisi
3396 2169 3461 2232 in
3516 2195 3734 2248 10⁶1‚11.

1981 2262 2210 2326 faciem
2233 2264 2625 2328 benedixerit
2656 2265 2796 2328 tibi.
2831 2267 3111 2350 Itemque
3146 2285 3159 2330 :
3194 2267 3465 2332 Benedic
3495 2294 3615 2339 ma.
3636 2311 3679 2346 1„
3700 2299 3741 2339 ο,

1977 2362 2125 2440 Deo,
2161 2370 2224 2426 et
2262 2382 2529 2427 morere.
2564 2367 2650 2426 Et
2676 2368 2923 2427 educite
2952 2387 3100 2427 eum
3144 2376 3319 2430 extra
3364 2389 3467 2430 ur-

1980 2461 2146 2538 bem,
2179 2471 2241 2522 et
2268 2465 2579 2539 lapidate,
2598 2468 2813 2542 sicque
2840 2467 3180 2527 moriatur.

2061 2564 2374 2620 Fecerunt
2402 2582 2547 2638 erqo
2586 2563 2752 2622 cives
2788 2565 2949 2640 ejus,
2974 2565 3245 2641 majores
3274 2576 3465 2636 natu,

1977 2668 2036 2717 et
2089 2661 2450 2734 optimate&
2486 2661 2605 2739 qui
2646 2663 3021 2722 habitabant
3074 2683 3218 2724 cum
3280 2683 3349 2724 eo
3392 2667 3465 2725 in

1980 2758 2162 2828 urbe„
2186 2759 2353 2818 sicut
2374 2770 2765 2835 prceceperat
2799 2761 2890 2819 cis
2917 2763 3190 2834 Iezabel,
3211 2770 3271 2821 et
3298 2763 3466 2822 sicut

1979 2858 2295 2932 scriptum
2324 2866 2463 2916 erat
2493 2858 2567 2915 in
2610 2859 2867 2926 litteris,
2898 2879 3058 2938 quas
3088 2861 3349 2920 miserat
3379 2863 3467 2920 ad

1979 2973 2078 3013 eos
2117 2975 2138 3012 .·
2177 2972 2371 3035 quam
2422 2953 2504 3016 ob
2550 2973 2727 3016 suam
2777 2956 3089 3018 malitiam
3149 2957 3467 3020 serviliter

367 3071 501 3115 non
534 3060 762 3116 curant
790 3054 869 3116 de
889 3052 1212 3116 te.Voluit
1243 3051 1440 3136 impia
1464 3052 1705 3116 femina
1734 3053 1864 3130 illa,
1905 3061 1948 3125 C.
1983 3051 2353 3114 timuerunt.
2366 3054 2903 3114 Proedicaverunt
2918 3054 3284 3132 jejunium,
3307 3066 3367 3116 et
3384 3077 3467 3116 se-

369 3161 443 3215 ut
473 3152 679 3232 magis
708 3151 1011 3215 timerent
1042 3170 1254 3231 regem
1287 3152 1640 3229 mortalem,
1674 3171 1868 3234 quam

367 3251 573 3313 Deum
605 3252 1128 3333 omnipotentem.
1153 3254 1363 3327 Surye
1391 3260 1450 3311 et
1479 3256 1730 3312 comede
1750 3272 1870 3329 pa-

370 3370 548 3420 nem,
577 3361 636 3411 et
665 3369 844 3430 oequo
875 3352 1094 3410 animo
1125 3359 1274 3421 esto,
1297 3369 1406 3426 eqo
1435 3352 1597 3410 dabo
1631 3351 1749 3411 tibi
1779 3352 1871 3411 vi-

371 3469 567 3509 neam
601 3451 856 3511 Naboth
877 3450 1262 3510 Jezraelitce.

467 3549 748 3625 Scripsit
793 3549 1011 3626 itaque
1052 3545 1298 3609 lezabel
1350 3548 1598 3607 litteras
1637 3568 1717 3607 ex
1765 3567 1870 3608 no·

369 3648 553 3707 mine
595 3648 840 3718 Achab,
875 3644 941 3706 id
989 3652 1085 3707 est
1132 3644 1252 3707 sub
1300 3645 1438 3726 ejus
1486 3664 1778 3727 persona,
1809 3656 1868 3705 et

367 3747 663 3822 signavit
699 3765 804 3804 eas
842 3747 1091 3805 annulo
1128 3745 1268 3820 ejus
1307 3764 1329 3804 .·
1369 3744 1673 3825 quoniam
1715 3743 1868 3807 olim

369 3850 849 3907 consueverunt
887 3840 1174 3925 epistolae
1225 3860 1444 3922 regum
1493 3861 1714 3905 eorum
1761 3862 1872 3905 an-

373 3941 548 4004 nulis
571 3940 864 4021 sigillari,
887 3948 960 4002 ut
981 3948 1154 4021 patet
1184 3939 1252 4001 in
1276 3938 1440 4002 libro
1470 3940 1716 4017 Esther,
1743 3959 1870 4021 quo

371 4039 648 4103 habetur
696 4056 710 4100 :
757 4039 1010 4101 Litterae
1059 4038 1323 4119 signatae
1381 4038 1620 4100 annulo
1677 4038 1866 4116 regiS,

371 4138 591 4200 missae
621 4144 791 4199 sunt.
828 4138 894 4200 In
926 4136 1314 4199 Scholastica
1345 4134 1548 4199 fertur
1579 4135 1864 4211 historia,

1977 3154 2128 3210 dere
2161 3151 2456 3229 fecerunt
2494 3154 2747 3213 Naboth
2790 3154 2961 3213 inter
2982 3157 3233 3230 primos
3268 3174 3467 3233 popu·

1979 3250 2052 3309 li.
2076 3251 2162 3310 Et
2193 3251 2495 3309 adductis
2524 3252 2768 3309 duobus
2800 3251 2985 3322 viris,
3002 3254 3168 3329 filiis
3195 3252 3467 3322 diaboli,

1975 3350 2271 3423 lecerunt
2317 3367 2415 3407 eos
2462 3350 2676 3408 sedere
2724 3359 2947 3410 contra
2993 3370 3162 3411 eum.
3210 3352 3299 3411 At
3335 3354 3463 3423 illi,

1975 3446 2216 3505 scilicet
2256 3455 2329 3505 ut
2368 3446 2502 3505 viri
2540 3448 2869 3517 diabolici,
2902 3450 3217 3509 disserunt
3244 3460 3469 3509 contra

1976 3564 2124 3603 eum
2150 3544 2587 3603 testimonium
2615 3564 2831 3604 coram
2864 3548 3289 3607 multitudine
3309 3566 3331 3607 .·
3352 3551 3469 3608 Be-

1977 3643 2235 3703 nedixit
2278 3642 2529 3703 Nabotlz
2575 3645 2784 3703 Deum
2838 3653 2897 3703 et
2956 3663 3185 3720 reyem.
3236 3647 3467 3714 Quam-

1979 3745 2191 3802 obrem
2220 3744 2587 3802 eduoecrunt
2630 3760 2778 3800 eum
2822 3751 3009 3801 eoetra
3049 3743 3379 3804 civitatem
3407 3754 3467 3804 et

1981 3842 2309 3916 lapidibus
2357 3839 2845 3916 interfecerunt.
2886 3841 3331 3920 Miseruntque
3377 3844 3466 3901 ad

1975 3938 2249 4007 Iezabel,
2276 3938 2459 3995 dicen
2470 3945 2554 3996 tes
2576 3956 2599 3995 .·
2620 3938 2987 4014 Lapidatus
3013 3946 3103 3997 est
3124 3939 3379 4001 Nabotlt
3404 3949 3464 4000 et

1980 4044 2273 4095 mortuus
2322 4043 2431 4093 est.
2475 4033 2541 4094 In
2597 4051 2726 4114 quo
2778 4041 2948 4115 patet
2999 4033 3317 4115 injustitia
3364 4055 3465 4100 eo-

1981 4134 2268 4195 rumdem
2304 4149 2317 4193 :
2351 4131 2657 4213 quoniam
2706 4132 3145 4213 superioribus
3200 4152 3326 4197 non
3368 4142 3465 4197 est

372 4238 550 4318 quod
580 4235 824 4300 chabel
858 4235 1100 4298 litteras
1133 4234 1284 4296 istas
1317 4233 1573 4316 scripsit
1601 4243 1863 4297 secreto.
1899 4243 1948 4303 D
1979 4230 2404 4294 obediendum
2446 4238 2669 4292 contra
2722 4230 2825 4310 jus
2877 4230 3165 4295 naturale
3213 4240 3323 4295 aut
3372 4234 3466 4296 di-

373 4335 500 4398 Alii
551 4335 798 4411 dicunt,
845 4334 1016 4415 quod
1068 4332 1207 4415 ipso
1257 4332 1470 4395 Achab
1519 4333 1758 4396 sciente
1806 4342 1869 4394 et

271 4490 278 4499 .
373 4433 842 4497 consentiente.
880 4436 965 4494 Et
990 4433 1172 4492 misit
1198 4435 1287 4492 ad
1317 4434 1588 4508 majores
1619 4441 1780 4492 natu
1811 4440 1870 4491 et

374 4534 712 4611 optimates
744 4534 860 4611 qui
887 4541 1075 4591 erant
1101 4532 1172 4591 in
1202 4531 1465 4591 civitate
1493 4532 1652 4607 eju-8,
1674 4540 1733 4590 et
1765 4532 1871 4589 Iza-

373 4632 671 4690 bitabant
699 4650 846 4688 cum
881 4630 1156 4698 Nabotlz,
1191 4627 1488 4690 videlicet
1527 4627 1593 4689 in
1633 4628 1870 4710 oppido

372 4724 635 4789 Iezreel.
662 4728 1066 4787 Litterarum
1095 4734 1330 4794 autem,
1344 4725 1410 4786 id
1440 4734 1535 4787 est
1558 4726 1865 4807 epistolae,

375 4827 511 4885 koec
548 4832 690 4884 erat
718 4825 1034 4883 sententia
1069 4843 1091 4882 .·
1117 4824 1482 4884 Praedicate
1503 4824 1871 4899 jejunium,

377 4922 442 4985 id
473 4929 593 4998 est,
627 4921 946 5003 injungite
978 4920 1216 5002 populo
1245 4928 1315 4981 ut
1347 4920 1660 5001 Jejunent‚
1688 4921 1870 5001 quasi

375 5020 456 5083 ad
487 5020 908 5083 obtinendum
931 5018 1345 5082 directionem
1368 5019 1629 5081 deorum
1663 5018 1728 5080 in
1753 5018 1871 5081 isto

379 5117 658 5198 negotio,
705 5125 776 5179 ut
819 5116 1167 5179 videamini
1204 5116 1375 5197 juste
1419 5116 1780 5198 procedere,
1813 5126 1874 5177 et

377 5220 594 5277 sedere
624 5217 825 5293 facite
858 5217 1110 5276 Nabotlz
1153 5216 1324 5275 inter
1345 5216 1592 5291 primos
1615 5218 1872 5292 populi,

380 5314 445 5377 id
477 5322 576 5378 est
597 5314 762 5377 inter
785 5312 1167 5395 superioreS,
1194 5330 1468 5394 quorum
1489 5312 1680 5375 etiam
1706 5331 1872 5374 unus

1979 4330 2223 4403 vinum,
2260 4336 2323 4391 et
2370 4336 2442 4390 ut
2485 4328 2783 4411 princeps
2835 4330 3169 4411 apostolici
3224 4332 3466 4395 ordinis

1979 4428 2159 4504 dixit,
2216 4425 2486 4489 Obedire
2542 4434 2791 4509 oportet
2837 4427 2964 4491 Deo
3027 4430 3227 4509 magis
3274 4449 3465 4512 quam

1978 4525 2369 4589 horninibus.
2424 4524 2502 4585 Et
2557 4526 2862 4605 quoniam
2912 4526 3156 4589 Naboth
3205 4546 3321 4609 pro
3367 4530 3469 4591 de-

1981 4623 2273 4687 fensione
2300 4622 2563 4704 justitiae
2594 4623 2968 4686 innocenter
2998 4634 3095 4687 est
3125 4624 3463 4706 lapidatus,

1981 4724 2041 4785 S.
2076 4720 2448 4784 Ambrosius
2495 4719 2658 4783 libro
2702 4722 2781 4783 de
2818 4720 3093 4797 Officiis,
3128 4730 3467 4804 martyrem

1981 4840 2122 4884 eum
2155 4826 2339 4883 vocat
2369 4828 2432 4881 et
2462 4827 2750 4880 sanctum
2780 4818 3079 4899 appellat.
3114 4820 3204 4881 Ex
3232 4820 3469 4901 quibus

1983 4919 2173 4981 etiam
2218 4915 2581 4990 innotescit,
2615 4934 2806 4995 quam
2851 4917 3131 4995 graviter
3176 4927 3462 4999 peccant,

1981 5016 2094 5098 qui
2124 5016 2290 5078 male
2320 5014 2593 5077 vivendo
2624 5032 2699 5075 ex
2729 5012 3153 5077 irrationabili
3183 5035 3375 5078 causa
3407 5026 3470 5080 et

1983 5116 2214 5178 vitioso
2258 5111 2567 5192 regimine
2616 5111 2998 5175 hereditates
3040 5133 3187 5176 suas
3226 5134 3470 5177 venun-

1982 5214 2182 5275 dant:
2217 5230 2376 5291 quas
2422 5210 2587 5272 sicut
2628 5228 2665 5271 a
2710 5209 2842 5271 suis
2885 5210 3174 5291 patribus
3220 5230 3471 5295 recepe·

1984 5318 2153 5386 runt,
2179 5309 2271 5371 sic
2306 5307 2465 5370 filiis
2496 5308 2629 5370 suis
2652 5315 2760 5369 aut
2780 5308 2968 5389 justis
2998 5309 3342 5373 heredibus
3363 5331 3470 5375 eas

3512 4455 3615 4499 Act.

3632 4453 3753 4501 v,29.
