<?xml version="1.0" encoding="UTF-8"?>
<!DOCTYPE html PUBLIC "-//W3C//DTD XHTML 1.0 Transitional//EN"
    "http://www.w3.org/TR/xhtml1/DTD/xhtml1-transitional.dtd">
<html xmlns="http://www.w3.org/1999/xhtml" xml:lang="en" lang="en">
 <head>
  <title>
</title>
<meta http-equiv="Content-Type" content="text/html;charset=utf-8" />
  <meta name='ocr-system' content='tesseract 3.04.00' />
  <meta name='ocr-capabilities' content='ocr_page ocr_carea ocr_par ocr_line ocrx_word'/>
</head>
<body>
  <div class='ocr_page' id='page_1' title='image "./doctorisecstati02denigoog_0322.png"; bbox 0 0 4359 6250; ppageno 0'>
   <div class='ocr_carea' id='block_1_1' title="bbox 1139 493 3611 557">
    <p class='ocr_par' dir='ltr' id='par_1_1' title="bbox 1139 493 3611 557">
     <span class='ocr_line' id='line_1_1' title="bbox 1139 493 3611 557; baseline 0.001 -3"><span class='ocrx_word' id='word_1_1' title='bbox 1139 508 1487 556; x_wconf 63' lang='lat' dir='ltr'><strong>manna-no</strong></span> <span class='ocrx_word' id='word_1_2' title='bbox 1531 508 1591 554; x_wconf 71' lang='lat' dir='ltr'><strong>m</strong></span> <span class='ocrx_word' id='word_1_3' title='bbox 1635 509 1771 556; x_wconf 67' lang='lat' dir='ltr'><strong>car.</strong></span> <span class='ocrx_word' id='word_1_4' title='bbox 1819 508 1886 554; x_wconf 85' lang='grc' dir='ltr'><strong>ιιι</strong></span> <span class='ocrx_word' id='word_1_5' title='bbox 1928 509 2086 554; x_wconf 79' lang='lat' dir='ltr'><strong>unm</strong></span> <span class='ocrx_word' id='word_1_6' title='bbox 2127 509 2297 555; x_wconf 77' lang='lat' dir='ltr'><strong>mum</strong></span> <span class='ocrx_word' id='word_1_7' title='bbox 2341 510 2563 555; x_wconf 69' lang='lat' dir='ltr'><strong>ascum.</strong></span> <span class='ocrx_word' id='word_1_8' title='bbox 2609 531 2690 540; x_wconf 93' lang='lat'>—</span> <span class='ocrx_word' id='word_1_9' title='bbox 2731 511 2874 557; x_wconf 61' lang='lat' dir='ltr'><strong>aar.</strong></span> <span class='ocrx_word' id='word_1_10' title='bbox 2920 511 3005 556; x_wconf 86' lang='lat' dir='ltr'><strong>vu</strong></span> <span class='ocrx_word' id='word_1_11' title='bbox 3489 493 3611 556; x_wconf 78' lang='lat'><strong>279</strong></span> 
     </span>
    </p>
   </div>
   <div class='ocr_carea' id='block_1_2' title="bbox 500 677 3609 762">
    <p class='ocr_par' dir='ltr' id='par_1_2' title="bbox 500 677 3609 762">
     <span class='ocr_line' id='line_1_2' title="bbox 500 677 3609 762; baseline -0.001 -18"><span class='ocrx_word' id='word_1_12' title='bbox 500 683 754 754; x_wconf 79' lang='lat' dir='ltr'><strong>minus,</strong></span> <span class='ocrx_word' id='word_1_13' title='bbox 778 691 840 741; x_wconf 80' lang='lat' dir='ltr'><strong>et</strong></span> <span class='ocrx_word' id='word_1_14' title='bbox 873 682 1124 744; x_wconf 79' lang='lat' dir='ltr'><strong>vocavit</strong></span> <span class='ocrx_word' id='word_1_15' title='bbox 1153 681 1369 739; x_wconf 79' lang='lat' dir='ltr'><strong>adkuc</strong></span> <span class='ocrx_word' id='word_1_16' title='bbox 1397 681 1768 740; x_wconf 82' lang='lat' dir='ltr'><em>Samuelem</em></span> <span class='ocrx_word' id='word_1_17' title='bbox 1797 681 2004 739; x_wconf 80' lang='lat' dir='ltr'><strong>tere-io.</strong></span> <span class='ocrx_word' id='word_1_18' title='bbox 2039 677 2090 738; x_wconf 76' lang='lat' dir='ltr'>A</span> <span class='ocrx_word' id='word_1_19' title='bbox 2121 677 2284 740; x_wconf 88' lang='lat' dir='ltr'><strong>ciam</strong></span> <span class='ocrx_word' id='word_1_20' title='bbox 2316 697 2477 760; x_wconf 91' lang='lat' dir='ltr'><strong>opus</strong></span> <span class='ocrx_word' id='word_1_21' title='bbox 2511 687 2637 742; x_wconf 89' lang='lat' dir='ltr'><strong>tam</strong></span> <span class='ocrx_word' id='word_1_22' title='bbox 2668 681 3102 756; x_wconf 90' lang='lat' dir='ltr'><strong>metuendum,</strong></span> <span class='ocrx_word' id='word_1_23' title='bbox 3123 688 3187 742; x_wconf 85' lang='lat' dir='ltr'><strong>et</strong></span> <span class='ocrx_word' id='word_1_24' title='bbox 3216 680 3464 762; x_wconf 81' lang='lat' dir='ltr'><strong>plagam</strong></span> <span class='ocrx_word' id='word_1_25' title='bbox 3497 699 3609 742; x_wconf 92' lang='lat' dir='ltr'><strong>seu</strong></span> 
     </span>
    </p>
   </div>
   <div class='ocr_carea' id='block_1_3' title="bbox 495 779 2012 1839">
    <p class='ocr_par' dir='ltr' id='par_1_3' title="bbox 495 779 2012 1727">
     <span class='ocr_line' id='line_1_3' title="bbox 501 779 2008 858; baseline -0.003 -17"><span class='ocrx_word' id='word_1_26' title='bbox 501 784 639 851; x_wconf 74' lang='lat' dir='ltr'><strong>Qui</strong></span> <span class='ocrx_word' id='word_1_27' title='bbox 665 799 1080 858; x_wconf 74' lang='lat' dir='ltr'><strong>consurqens,</strong></span> <span class='ocrx_word' id='word_1_28' title='bbox 1108 779 1272 840; x_wconf 77' lang='lat' dir='ltr'><strong>abiit</strong></span> <span class='ocrx_word' id='word_1_29' title='bbox 1301 781 1388 839; x_wconf 83' lang='lat' dir='ltr'><strong>ad</strong></span> <span class='ocrx_word' id='word_1_30' title='bbox 1419 780 1591 846; x_wconf 87' lang='lat' dir='ltr'><strong>Heli,</strong></span> <span class='ocrx_word' id='word_1_31' title='bbox 1611 787 1670 838; x_wconf 77' lang='lat' dir='ltr'><strong>el</strong></span> <span class='ocrx_word' id='word_1_32' title='bbox 1699 779 1796 838; x_wconf 78' lang='lat' dir='ltr'><strong>ait</strong></span> <span class='ocrx_word' id='word_1_33' title='bbox 1811 798 1833 837; x_wconf 92' lang='lat'><strong>.·</strong></span> <span class='ocrx_word' id='word_1_34' title='bbox 1851 781 2008 838; x_wconf 82' lang='lat' dir='ltr'><strong>Ecce</strong></span> 
     </span>
     <span class='ocr_line' id='line_1_4' title="bbox 495 877 2007 958; baseline -0.003 -20"><span class='ocrx_word' id='word_1_35' title='bbox 495 899 642 956; x_wconf 72' lang='lat' dir='ltr'><strong>eqo,</strong></span> <span class='ocrx_word' id='word_1_36' title='bbox 665 880 826 958; x_wconf 85' lang='lat' dir='ltr'><strong>quia</strong></span> <span class='ocrx_word' id='word_1_37' title='bbox 859 878 1103 940; x_wconf 81' lang='lat' dir='ltr'><strong>vocasti</strong></span> <span class='ocrx_word' id='word_1_38' title='bbox 1132 897 1253 938; x_wconf 89' lang='lat' dir='ltr'><strong>me.</strong></span> <span class='ocrx_word' id='word_1_39' title='bbox 1285 877 1622 938; x_wconf 72' lang='lat' dir='ltr'><strong>Intelleoeit</strong></span> <span class='ocrx_word' id='word_1_40' title='bbox 1649 895 1795 952; x_wconf 74' lang='lat' dir='ltr'><strong>erqo</strong></span> <span class='ocrx_word' id='word_1_41' title='bbox 1827 877 2007 945; x_wconf 84' lang='lat' dir='ltr'><strong>Heli,</strong></span> 
     </span>
     <span class='ocr_line' id='line_1_5' title="bbox 497 973 2008 1058; baseline -0.003 -20"><span class='ocrx_word' id='word_1_42' title='bbox 497 979 669 1058; x_wconf 82' lang='lat' dir='ltr'><strong>quia</strong></span> <span class='ocrx_word' id='word_1_43' title='bbox 697 987 950 1038; x_wconf 74' lang='lat' dir='ltr'><strong>vocaret</strong></span> <span class='ocrx_word' id='word_1_44' title='bbox 977 978 1299 1038; x_wconf 80' lang='lat' dir='ltr'><em>Dominus</em></span> <span class='ocrx_word' id='word_1_45' title='bbox 1319 995 1626 1052; x_wconf 79' lang='lat' dir='ltr'><strong>puerum.</strong></span> <span class='ocrx_word' id='word_1_46' title='bbox 1663 973 1798 1037; x_wconf 89' lang='lat' dir='ltr'><strong>Heli</strong></span> <span class='ocrx_word' id='word_1_47' title='bbox 1831 992 2008 1036; x_wconf 92' lang='lat' dir='ltr'><strong>nam-</strong></span> 
     </span>
     <span class='ocr_line' id='line_1_6' title="bbox 497 1073 2008 1158; baseline -0.003 -20"><span class='ocrx_word' id='word_1_48' title='bbox 497 1095 632 1158; x_wconf 86' lang='lat' dir='ltr'><strong>que</strong></span> <span class='ocrx_word' id='word_1_49' title='bbox 684 1074 1118 1138; x_wconf 81' lang='lat' dir='ltr'><strong>innocentiam</strong></span> <span class='ocrx_word' id='word_1_50' title='bbox 1171 1073 1690 1154; x_wconf 80' lang='lat' dir='ltr'><strong>eminentemque</strong></span> <span class='ocrx_word' id='word_1_51' title='bbox 1736 1073 2008 1153; x_wconf 86' lang='lat' dir='ltr'><strong>gratiam</strong></span> 
     </span>
     <span class='ocr_line' id='line_1_7' title="bbox 499 1171 2006 1255; baseline -0.005 -16"><span class='ocrx_word' id='word_1_52' title='bbox 499 1174 821 1239; x_wconf 78' lang='lat' dir='ltr'><strong>Samuelis</strong></span> <span class='ocrx_word' id='word_1_53' title='bbox 843 1173 1198 1255; x_wconf 73' lang='lat' dir='ltr'><strong>perpendit,</strong></span> <span class='ocrx_word' id='word_1_54' title='bbox 1216 1173 1356 1236; x_wconf 89' lang='lat' dir='ltr'><strong>ideo</strong></span> <span class='ocrx_word' id='word_1_55' title='bbox 1377 1171 1843 1254; x_wconf 82' lang='lat' dir='ltr'><strong>praesupposuit</strong></span> <span class='ocrx_word' id='word_1_56' title='bbox 1861 1190 2006 1234; x_wconf 91' lang='lat' dir='ltr'><strong>eum</strong></span> 
     </span>
     <span class='ocr_line' id='line_1_8' title="bbox 499 1271 2012 1355; baseline -0.006 -17"><span class='ocrx_word' id='word_1_57' title='bbox 499 1273 725 1338; x_wconf 74' lang='lat' dir='ltr'><strong>vocari</strong></span> <span class='ocrx_word' id='word_1_58' title='bbox 769 1291 808 1334; x_wconf 88' lang='lat' dir='ltr'><strong>a</strong></span> <span class='ocrx_word' id='word_1_59' title='bbox 853 1271 1086 1355; x_wconf 88' lang='lat' dir='ltr'><strong>spiritu</strong></span> <span class='ocrx_word' id='word_1_60' title='bbox 1129 1271 1322 1334; x_wconf 89' lang='lat' dir='ltr'><strong>bono.</strong></span> <span class='ocrx_word' id='word_1_61' title='bbox 1360 1275 1444 1334; x_wconf 77' lang='lat' dir='ltr'><strong>Ec</strong></span> <span class='ocrx_word' id='word_1_62' title='bbox 1488 1273 1586 1332; x_wconf 79' lang='lat' dir='ltr'><strong>ait</strong></span> <span class='ocrx_word' id='word_1_63' title='bbox 1628 1275 1716 1332; x_wconf 84' lang='lat' dir='ltr'><strong>acl</strong></span> <span class='ocrx_word' id='word_1_64' title='bbox 1745 1274 2012 1333; x_wconf 89' lang='lat' dir='ltr'><strong>Samue-</strong></span> 
     </span>
     <span class='ocr_line' id='line_1_9' title="bbox 501 1370 2010 1446; baseline -0.004 -13"><span class='ocrx_word' id='word_1_65' title='bbox 501 1377 633 1435; x_wconf 85' lang='lat' dir='ltr'><strong>lem</strong></span> <span class='ocrx_word' id='word_1_66' title='bbox 666 1393 689 1432; x_wconf 91' lang='lat'><strong>.·</strong></span> <span class='ocrx_word' id='word_1_67' title='bbox 730 1374 902 1434; x_wconf 83' lang='lat' dir='ltr'><strong>Vade</strong></span> <span class='ocrx_word' id='word_1_68' title='bbox 930 1380 990 1431; x_wconf 77' lang='lat' dir='ltr'><strong>et</strong></span> <span class='ocrx_word' id='word_1_69' title='bbox 1018 1372 1240 1432; x_wconf 86' lang='lat' dir='ltr'><strong>dormi</strong></span> <span class='ocrx_word' id='word_1_70' title='bbox 1257 1392 1285 1441; x_wconf 92' lang='lat'><strong>,·</strong></span> <span class='ocrx_word' id='word_1_71' title='bbox 1327 1380 1386 1430; x_wconf 75' lang='lat' dir='ltr'><strong>el</strong></span> <span class='ocrx_word' id='word_1_72' title='bbox 1415 1370 1474 1429; x_wconf 91' lang='lat' dir='ltr'><strong>si</strong></span> <span class='ocrx_word' id='word_1_73' title='bbox 1503 1371 1800 1446; x_wconf 80' lang='lat' dir='ltr'><strong>deinceps</strong></span> <span class='ocrx_word' id='word_1_74' title='bbox 1829 1388 2010 1428; x_wconf 87' lang='lat' dir='ltr'><strong>voca-</strong></span> 
     </span>
     <span class='ocr_line' id='line_1_10' title="bbox 502 1466 2007 1547; baseline -0.005 -15"><span class='ocrx_word' id='word_1_75' title='bbox 502 1471 678 1532; x_wconf 75' lang='lat' dir='ltr'><strong>verit</strong></span> <span class='ocrx_word' id='word_1_76' title='bbox 730 1479 814 1540; x_wconf 77' lang='lat' dir='ltr'><strong>ce,</strong></span> <span class='ocrx_word' id='word_1_77' title='bbox 859 1471 1036 1529; x_wconf 86' lang='lat' dir='ltr'><strong>dices</strong></span> <span class='ocrx_word' id='word_1_78' title='bbox 1075 1488 1099 1526; x_wconf 89' lang='lat'><strong>.·</strong></span> <span class='ocrx_word' id='word_1_79' title='bbox 1151 1471 1464 1547; x_wconf 80' lang='lat' dir='ltr'><strong>Loquere,</strong></span> <span class='ocrx_word' id='word_1_80' title='bbox 1507 1469 1807 1536; x_wconf 79' lang='lat' dir='ltr'><strong>Domine,</strong></span> <span class='ocrx_word' id='word_1_81' title='bbox 1850 1466 2007 1544; x_wconf 87' lang='lat' dir='ltr'><strong>quia</strong></span> 
     </span>
     <span class='ocr_line' id='line_1_11' title="bbox 501 1567 2010 1642; baseline -0.007 -10"><span class='ocrx_word' id='word_1_82' title='bbox 501 1572 704 1632; x_wconf 77' lang='lat' dir='ltr'><strong>audit</strong></span> <span class='ocrx_word' id='word_1_83' title='bbox 741 1587 966 1628; x_wconf 84' lang='lat' dir='ltr'><strong>servus</strong></span> <span class='ocrx_word' id='word_1_84' title='bbox 1003 1577 1177 1627; x_wconf 78' lang='lat' dir='ltr'><strong>tuus.</strong></span> <span class='ocrx_word' id='word_1_85' title='bbox 1211 1567 1398 1628; x_wconf 78' lang='lat' dir='ltr'><strong>Abiit</strong></span> <span class='ocrx_word' id='word_1_86' title='bbox 1439 1585 1586 1642; x_wconf 72' lang='lat' dir='ltr'><strong>erqo</strong></span> <span class='ocrx_word' id='word_1_87' title='bbox 1626 1568 1917 1635; x_wconf 83' lang='lat' dir='ltr'><strong>Samuel,</strong></span> <span class='ocrx_word' id='word_1_88' title='bbox 1949 1573 2010 1623; x_wconf 80' lang='lat' dir='ltr'><strong>et</strong></span> 
     </span>
     <span class='ocr_line' id='line_1_12' title="bbox 498 1667 1264 1727; baseline -0.004 0"><span class='ocrx_word' id='word_1_89' title='bbox 498 1667 827 1727; x_wconf 79' lang='lat' dir='ltr'><strong>dormivit</strong></span> <span class='ocrx_word' id='word_1_90' title='bbox 858 1667 932 1724; x_wconf 83' lang='lat' dir='ltr'><strong>in</strong></span> <span class='ocrx_word' id='word_1_91' title='bbox 968 1667 1096 1724; x_wconf 84' lang='lat' dir='ltr'><strong>loco</strong></span> <span class='ocrx_word' id='word_1_92' title='bbox 1126 1683 1264 1724; x_wconf 80' lang='lat' dir='ltr'><strong>suo,</strong></span> 
     </span>
    </p>

    <p class='ocr_par' dir='ltr' id='par_1_4' title="bbox 593 1758 2008 1839">
     <span class='ocr_line' id='line_1_13' title="bbox 593 1758 2008 1839; baseline -0.005 -13"><span class='ocrx_word' id='word_1_93' title='bbox 593 1767 680 1826; x_wconf 80' lang='lat' dir='ltr'><strong>Ec</strong></span> <span class='ocrx_word' id='word_1_94' title='bbox 711 1763 891 1822; x_wconf 77' lang='lat' dir='ltr'><strong>venit</strong></span> <span class='ocrx_word' id='word_1_95' title='bbox 908 1762 1254 1832; x_wconf 84' lang='lat' dir='ltr'><strong>Dominus,</strong></span> <span class='ocrx_word' id='word_1_96' title='bbox 1286 1759 1351 1822; x_wconf 90' lang='lat' dir='ltr'><strong>id</strong></span> <span class='ocrx_word' id='word_1_97' title='bbox 1383 1768 1481 1822; x_wconf 99' lang='grc' dir='ltr'><strong>θεῖ</strong></span> <span class='ocrx_word' id='word_1_98' title='bbox 1509 1759 1773 1839; x_wconf 87' lang='lat' dir='ltr'><strong>angelus</strong></span> <span class='ocrx_word' id='word_1_99' title='bbox 1805 1758 1871 1820; x_wconf 92' lang='lat' dir='ltr'><strong>in</strong></span> <span class='ocrx_word' id='word_1_100' title='bbox 1901 1758 2008 1820; x_wconf 91' lang='lat' dir='ltr'><strong>Dei</strong></span> 
     </span>
    </p>
   </div>
   <div class='ocr_carea' id='block_1_4' title="bbox 2118 776 3613 1842">
    <p class='ocr_par' dir='ltr' id='par_1_5' title="bbox 2118 776 3613 1842">
     <span class='ocr_line' id='line_1_14' title="bbox 2118 776 3610 860; baseline 0.001 -23"><span class='ocrx_word' id='word_1_101' title='bbox 2118 776 2430 840; x_wconf 87' lang='lat' dir='ltr'><strong>ultionem</strong></span> <span class='ocrx_word' id='word_1_102' title='bbox 2464 785 2591 839; x_wconf 91' lang='lat' dir='ltr'><strong>tam</strong></span> <span class='ocrx_word' id='word_1_103' title='bbox 2624 777 2927 858; x_wconf 80' lang='lat' dir='ltr'><strong>grandem</strong></span> <span class='ocrx_word' id='word_1_104' title='bbox 2960 778 3026 840; x_wconf 89' lang='lat' dir='ltr'><strong>in</strong></span> <span class='ocrx_word' id='word_1_105' title='bbox 3050 778 3394 841; x_wconf 79' lang='lat' dir='ltr'><strong>israelitico</strong></span> <span class='ocrx_word' id='word_1_106' title='bbox 3418 797 3610 860; x_wconf 89' lang='lat' dir='ltr'><strong>popu-</strong></span> 
     </span>
     <span class='ocr_line' id='line_1_15' title="bbox 2119 875 3612 956; baseline 0.001 -20"><span class='ocrx_word' id='word_1_107' title='bbox 2119 875 2203 951; x_wconf 92' lang='lat' dir='ltr'><strong>lo,</strong></span> <span class='ocrx_word' id='word_1_108' title='bbox 2224 878 2396 954; x_wconf 88' lang='lat' dir='ltr'><strong>quod</strong></span> <span class='ocrx_word' id='word_1_109' title='bbox 2415 879 2805 956; x_wconf 81' lang='lat' dir='ltr'><strong>quicumque</strong></span> <span class='ocrx_word' id='word_1_110' title='bbox 2832 878 3145 948; x_wconf 76' lang='lat' dir='ltr'><strong>audierit,</strong></span> <span class='ocrx_word' id='word_1_111' title='bbox 3172 878 3454 938; x_wconf 79' lang='lat' dir='ltr'><strong>tinnient</strong></span> <span class='ocrx_word' id='word_1_112' title='bbox 3484 897 3612 937; x_wconf 89' lang='lat' dir='ltr'><strong>am-</strong></span> 
     </span>
     <span class='ocr_line' id='line_1_16' title="bbox 2118 973 3609 1055; baseline 0.002 -23"><span class='ocrx_word' id='word_1_113' title='bbox 2118 975 2209 1035; x_wconf 81' lang='lat' dir='ltr'><strong>bae</strong></span> <span class='ocrx_word' id='word_1_114' title='bbox 2240 994 2429 1034; x_wconf 87' lang='lat' dir='ltr'><strong>aures</strong></span> <span class='ocrx_word' id='word_1_115' title='bbox 2455 976 2623 1051; x_wconf 82' lang='lat' dir='ltr'><strong>ejus,</strong></span> <span class='ocrx_word' id='word_1_116' title='bbox 2656 974 2718 1036; x_wconf 88' lang='lat' dir='ltr'><strong>id</strong></span> <span class='ocrx_word' id='word_1_117' title='bbox 2750 982 2865 1050; x_wconf 88' lang='lat' dir='ltr'><strong>est,</strong></span> <span class='ocrx_word' id='word_1_118' title='bbox 2892 974 3281 1055; x_wconf 81' lang='lat' dir='ltr'><strong>quicumque</strong></span> <span class='ocrx_word' id='word_1_119' title='bbox 3318 973 3609 1037; x_wconf 79' lang='lat' dir='ltr'><strong>fidelium</strong></span> 
     </span>
     <span class='ocr_line' id='line_1_17' title="bbox 2120 1071 3612 1155; baseline 0.001 -22"><span class='ocrx_word' id='word_1_120' title='bbox 2120 1071 2280 1133; x_wconf 90' lang='lat' dir='ltr'><strong>illud</strong></span> <span class='ocrx_word' id='word_1_121' title='bbox 2327 1072 2685 1154; x_wconf 86' lang='lat' dir='ltr'><strong>perceperit</strong></span> <span class='ocrx_word' id='word_1_122' title='bbox 2724 1092 2799 1135; x_wconf 88' lang='lat' dir='ltr'><strong>ac</strong></span> <span class='ocrx_word' id='word_1_123' title='bbox 2842 1073 3005 1135; x_wconf 89' lang='lat' dir='ltr'><strong>bene</strong></span> <span class='ocrx_word' id='word_1_124' title='bbox 3046 1071 3475 1155; x_wconf 88' lang='lat' dir='ltr'><strong>perpenderit,</strong></span> <span class='ocrx_word' id='word_1_125' title='bbox 3511 1091 3612 1135; x_wconf 91' lang='lat' dir='ltr'><strong>ve-</strong></span> 
     </span>
     <span class='ocr_line' id='line_1_18' title="bbox 2119 1169 3612 1252; baseline 0 -20"><span class='ocrx_word' id='word_1_126' title='bbox 2119 1169 2450 1233; x_wconf 88' lang='lat' dir='ltr'><strong>hementer</strong></span> <span class='ocrx_word' id='word_1_127' title='bbox 2480 1170 2818 1234; x_wconf 86' lang='lat' dir='ltr'><strong>mirabitur</strong></span> <span class='ocrx_word' id='word_1_128' title='bbox 2842 1191 2917 1234; x_wconf 90' lang='lat' dir='ltr'><strong>ac</strong></span> <span class='ocrx_word' id='word_1_129' title='bbox 2949 1170 3227 1252; x_wconf 81' lang='lat' dir='ltr'><strong>pavebit,</strong></span> <span class='ocrx_word' id='word_1_130' title='bbox 3249 1170 3449 1232; x_wconf 87' lang='lat' dir='ltr'><strong>instar</strong></span> <span class='ocrx_word' id='word_1_131' title='bbox 3472 1170 3612 1251; x_wconf 90' lang='lat' dir='ltr'><strong>ejus</strong></span> 
     </span>
     <span class='ocr_line' id='line_1_19' title="bbox 2119 1269 3613 1350; baseline -0.001 -18"><span class='ocrx_word' id='word_1_132' title='bbox 2119 1269 2230 1350; x_wconf 92' lang='lat' dir='ltr'><strong>qui</strong></span> <span class='ocrx_word' id='word_1_133' title='bbox 2261 1269 2440 1331; x_wconf 89' lang='lat' dir='ltr'><strong>audit</strong></span> <span class='ocrx_word' id='word_1_134' title='bbox 2470 1287 2698 1332; x_wconf 90' lang='lat' dir='ltr'><strong>sonum</strong></span> <span class='ocrx_word' id='word_1_135' title='bbox 2738 1277 2868 1332; x_wconf 91' lang='lat' dir='ltr'><strong>tam</strong></span> <span class='ocrx_word' id='word_1_136' title='bbox 2910 1270 3257 1349; x_wconf 85' lang='lat' dir='ltr'><strong>ingentem,</strong></span> <span class='ocrx_word' id='word_1_137' title='bbox 3294 1269 3463 1350; x_wconf 87' lang='lat' dir='ltr'><strong>quod</strong></span> <span class='ocrx_word' id='word_1_138' title='bbox 3504 1288 3613 1331; x_wconf 82' lang='lat' dir='ltr'><strong>au-</strong></span> 
     </span>
     <span class='ocr_line' id='line_1_20' title="bbox 2119 1365 3609 1450; baseline -0.001 -20"><span class='ocrx_word' id='word_1_139' title='bbox 2119 1387 2222 1430; x_wconf 91' lang='lat' dir='ltr'><strong>res</strong></span> <span class='ocrx_word' id='word_1_140' title='bbox 2253 1386 2383 1430; x_wconf 84' lang='lat' dir='ltr'><strong>suae</strong></span> <span class='ocrx_word' id='word_1_141' title='bbox 2414 1367 2699 1430; x_wconf 88' lang='lat' dir='ltr'><strong>tinniunt</strong></span> <span class='ocrx_word' id='word_1_142' title='bbox 2732 1367 2902 1431; x_wconf 87' lang='lat' dir='ltr'><strong>inde.</strong></span> <span class='ocrx_word' id='word_1_143' title='bbox 2937 1369 3064 1432; x_wconf 83' lang='lat' dir='ltr'><strong>Hoc</strong></span> <span class='ocrx_word' id='word_1_144' title='bbox 3110 1367 3441 1450; x_wconf 89' lang='lat' dir='ltr'><strong>impletum</strong></span> <span class='ocrx_word' id='word_1_145' title='bbox 3486 1365 3609 1429; x_wconf 82' lang='lat' dir='ltr'><strong>fuit</strong></span> 
     </span>
     <span class='ocr_line' id='line_1_21' title="bbox 2122 1451 3608 1548; baseline 0.001 -21"><span class='ocrx_word' id='word_1_146' title='bbox 2122 1466 2189 1528; x_wconf 92' lang='lat' dir='ltr'><strong>in</strong></span> <span class='ocrx_word' id='word_1_147' title='bbox 2234 1485 2396 1543; x_wconf 86' lang='lat' dir='ltr'><strong>arcae</strong></span> <span class='ocrx_word' id='word_1_148' title='bbox 2438 1451 2889 1548; x_wconf 78' lang='lat' dir='ltr'><strong>captivatione,</strong></span> <span class='ocrx_word' id='word_1_149' title='bbox 2924 1475 2985 1529; x_wconf 88' lang='lat' dir='ltr'><strong>et</strong></span> <span class='ocrx_word' id='word_1_150' title='bbox 3030 1463 3317 1530; x_wconf 77' lang='lat' dir='ltr'><strong>filiorum</strong></span> <span class='ocrx_word' id='word_1_151' title='bbox 3360 1464 3494 1528; x_wconf 87' lang='lat' dir='ltr'><strong>Heli</strong></span> <span class='ocrx_word' id='word_1_152' title='bbox 3534 1484 3608 1528; x_wconf 92' lang='lat' dir='ltr'><strong>ac</strong></span> 
     </span>
     <span class='ocr_line' id='line_1_22' title="bbox 2121 1564 3609 1648; baseline -0.002 -20"><span class='ocrx_word' id='word_1_153' title='bbox 2121 1565 2347 1648; x_wconf 91' lang='lat' dir='ltr'><strong>populi</strong></span> <span class='ocrx_word' id='word_1_154' title='bbox 2377 1565 2566 1629; x_wconf 87' lang='lat' dir='ltr'><strong>Israel</strong></span> <span class='ocrx_word' id='word_1_155' title='bbox 2598 1583 2829 1645; x_wconf 81' lang='lat' dir='ltr'><strong>magna</strong></span> <span class='ocrx_word' id='word_1_156' title='bbox 2856 1574 3081 1645; x_wconf 85' lang='lat' dir='ltr'><strong>strage,</strong></span> <span class='ocrx_word' id='word_1_157' title='bbox 3108 1584 3181 1628; x_wconf 89' lang='lat' dir='ltr'><strong>ac</strong></span> <span class='ocrx_word' id='word_1_158' title='bbox 3210 1564 3437 1628; x_wconf 87' lang='lat' dir='ltr'><strong>ceteris</strong></span> <span class='ocrx_word' id='word_1_159' title='bbox 3466 1583 3609 1645; x_wconf 81' lang='lat' dir='ltr'><strong>quae</strong></span> 
     </span>
     <span class='ocr_line' id='line_1_23' title="bbox 2121 1664 3610 1747; baseline -0.001 -20"><span class='ocrx_word' id='word_1_160' title='bbox 2121 1666 2189 1727; x_wconf 90' lang='lat' dir='ltr'><strong>in</strong></span> <span class='ocrx_word' id='word_1_161' title='bbox 2222 1665 2515 1746; x_wconf 87' lang='lat' dir='ltr'><strong>sequenti</strong></span> <span class='ocrx_word' id='word_1_162' title='bbox 2548 1665 2917 1728; x_wconf 88' lang='lat' dir='ltr'><strong>scribuntur</strong></span> <span class='ocrx_word' id='word_1_163' title='bbox 2946 1664 3248 1747; x_wconf 88' lang='lat' dir='ltr'><strong>capitulo.</strong></span> <span class='ocrx_word' id='word_1_164' title='bbox 3282 1669 3366 1727; x_wconf 90' lang='lat' dir='ltr'><strong>In</strong></span> <span class='ocrx_word' id='word_1_165' title='bbox 3394 1667 3503 1724; x_wconf 84' lang='lat' dir='ltr'><strong>die</strong></span> <span class='ocrx_word' id='word_1_166' title='bbox 3532 1666 3610 1726; x_wconf 85' lang='lat' dir='ltr'><strong>il-.</strong></span> 
     </span>
     <span class='ocr_line' id='line_1_24' title="bbox 2122 1766 3609 1842; baseline -0.001 -16"><span class='ocrx_word' id='word_1_167' title='bbox 2122 1769 2189 1826; x_wconf 88' lang='lat' dir='ltr'><strong>la</strong></span> <span class='ocrx_word' id='word_1_168' title='bbox 2238 1767 2552 1826; x_wconf 78' lang='lat' dir='ltr'><strong>suscitabo</strong></span> <span class='ocrx_word' id='word_1_169' title='bbox 2602 1769 2949 1826; x_wconf 85' lang='lat' dir='ltr'><strong>adversum</strong></span> <span class='ocrx_word' id='word_1_170' title='bbox 2993 1766 3147 1826; x_wconf 86' lang='lat' dir='ltr'><strong>Heli</strong></span> <span class='ocrx_word' id='word_1_171' title='bbox 3191 1766 3436 1834; x_wconf 83' lang='lat' dir='ltr'><strong>omnia,</strong></span> <span class='ocrx_word' id='word_1_172' title='bbox 3467 1783 3609 1842; x_wconf 84' lang='lat' dir='ltr'><strong>quae</strong></span> 
     </span>
    </p>
   </div>
   <div class='ocr_carea' id='block_1_5' title="bbox 503 1859 3610 1945">
    <p class='ocr_par' dir='ltr' id='par_1_6' title="bbox 503 1859 3610 1945">
     <span class='ocr_line' id='line_1_25' title="bbox 503 1859 3610 1945; baseline -0.001 -20"><span class='ocrx_word' id='word_1_173' title='bbox 503 1879 792 1945; x_wconf 86' lang='lat' dir='ltr'><strong>persona</strong></span> <span class='ocrx_word' id='word_1_174' title='bbox 830 1878 1169 1942; x_wconf 62' lang='lat' dir='ltr'><strong>supparem,</strong></span> <span class='ocrx_word' id='word_1_175' title='bbox 1205 1868 1269 1922; x_wconf 89' lang='lat' dir='ltr'><strong>et</strong></span> <span class='ocrx_word' id='word_1_176' title='bbox 1312 1859 1604 1940; x_wconf 80' lang='lat' dir='ltr'><strong>loquenS,</strong></span> <span class='ocrx_word' id='word_1_177' title='bbox 1638 1868 1698 1919; x_wconf 78' lang='lat' dir='ltr'><strong>et</strong></span> <span class='ocrx_word' id='word_1_178' title='bbox 1725 1859 1924 1926; x_wconf 78' lang='lat' dir='ltr'><strong>stetit,</strong></span> <span class='ocrx_word' id='word_1_179' title='bbox 1953 1868 2012 1918; x_wconf 75' lang='lat' dir='ltr'><strong>et</strong></span> <span class='ocrx_word' id='word_1_180' title='bbox 2042 1863 2089 1926; x_wconf 91' lang='lat' dir='ltr'>B</span> <span class='ocrx_word' id='word_1_181' title='bbox 2125 1867 2373 1925; x_wconf 63' lang='lat' dir='ltr'><strong>locutiu-</strong></span> <span class='ocrx_word' id='word_1_182' title='bbox 2401 1885 2545 1925; x_wconf 83' lang='lat' dir='ltr'><strong>sum</strong></span> <span class='ocrx_word' id='word_1_183' title='bbox 2574 1883 2766 1941; x_wconf 82' lang='lat' dir='ltr'><strong>super</strong></span> <span class='ocrx_word' id='word_1_184' title='bbox 2794 1867 3059 1924; x_wconf 83' lang='lat' dir='ltr'><strong>domum</strong></span> <span class='ocrx_word' id='word_1_185' title='bbox 3088 1865 3229 1940; x_wconf 83' lang='lat' dir='ltr'><strong>ejus</strong></span> <span class='ocrx_word' id='word_1_186' title='bbox 3242 1886 3269 1932; x_wconf 86' lang='lat'><strong>,·</strong></span> <span class='ocrx_word' id='word_1_187' title='bbox 3291 1863 3610 1939; x_wconf 83' lang='lat' dir='ltr'><strong>incipiam</strong></span> 
     </span>
    </p>
   </div>
   <div class='ocr_carea' id='block_1_6' title="bbox 489 1955 2020 3027">
    <p class='ocr_par' dir='ltr' id='par_1_7' title="bbox 489 1955 2020 3027">
     <span class='ocr_line' id='line_1_26' title="bbox 505 1955 2015 2026; baseline -0.004 -3"><span class='ocrx_word' id='word_1_188' title='bbox 505 1961 774 2024; x_wconf 73' lang='lat' dir='ltr'><strong>vocavit</strong></span> <span class='ocrx_word' id='word_1_189' title='bbox 825 1961 994 2020; x_wconf 74' lang='lat' dir='ltr'><strong>sicut</strong></span> <span class='ocrx_word' id='word_1_190' title='bbox 1049 1967 1386 2019; x_wconf 76' lang='lat' dir='ltr'><strong>vocaverat</strong></span> <span class='ocrx_word' id='word_1_191' title='bbox 1441 1960 1744 2026; x_wconf 78' lang='lat' dir='ltr'><strong>secunde,</strong></span> <span class='ocrx_word' id='word_1_192' title='bbox 1794 1955 1860 2019; x_wconf 88' lang='lat' dir='ltr'><strong>id</strong></span> <span class='ocrx_word' id='word_1_193' title='bbox 1918 1964 2015 2018; x_wconf 91' lang='lat' dir='ltr'><strong>est</strong></span> 
     </span>
     <span class='ocr_line' id='line_1_27' title="bbox 501 2054 2010 2142; baseline -0.006 -17"><span class='ocrx_word' id='word_1_194' title='bbox 501 2060 698 2142; x_wconf 77' lang='lat' dir='ltr'><strong>prius</strong></span> <span class='ocrx_word' id='word_1_195' title='bbox 729 2077 844 2121; x_wconf 88' lang='lat' dir='ltr'><strong>seu</strong></span> <span class='ocrx_word' id='word_1_196' title='bbox 876 2057 1075 2120; x_wconf 85' lang='lat' dir='ltr'><strong>altera</strong></span> <span class='ocrx_word' id='word_1_197' title='bbox 1104 2056 1267 2120; x_wconf 90' lang='lat' dir='ltr'><strong>viee.</strong></span> <span class='ocrx_word' id='word_1_198' title='bbox 1286 2055 1423 2133; x_wconf 76' lang='lat' dir='ltr'><strong>Vel,</strong></span> <span class='ocrx_word' id='word_1_199' title='bbox 1451 2055 1761 2132; x_wconf 86' lang='lat' dir='ltr'><strong>Secundo,</strong></span> <span class='ocrx_word' id='word_1_200' title='bbox 1798 2054 1861 2116; x_wconf 91' lang='lat' dir='ltr'><strong>id</strong></span> <span class='ocrx_word' id='word_1_201' title='bbox 1893 2061 2010 2132; x_wconf 88' lang='lat' dir='ltr'><strong>est,</strong></span> 
     </span>
     <span class='ocr_line' id='line_1_28' title="bbox 503 2153 2016 2239; baseline -0.005 -15"><span class='ocrx_word' id='word_1_202' title='bbox 503 2157 620 2224; x_wconf 87' lang='lat' dir='ltr'><strong>bis</strong></span> <span class='ocrx_word' id='word_1_203' title='bbox 664 2155 981 2239; x_wconf 83' lang='lat' dir='ltr'><strong>expressit</strong></span> <span class='ocrx_word' id='word_1_204' title='bbox 1021 2173 1254 2219; x_wconf 89' lang='lat' dir='ltr'><strong>nomen</strong></span> <span class='ocrx_word' id='word_1_205' title='bbox 1295 2153 1632 2230; x_wconf 88' lang='lat' dir='ltr'><strong>Samuelis,</strong></span> <span class='ocrx_word' id='word_1_206' title='bbox 1655 2153 1878 2236; x_wconf 83' lang='lat' dir='ltr'><strong>ipsum</strong></span> <span class='ocrx_word' id='word_1_207' title='bbox 1915 2171 2016 2216; x_wconf 90' lang='lat' dir='ltr'><strong>vo-</strong></span> 
     </span>
     <span class='ocr_line' id='line_1_29' title="bbox 501 2253 2011 2323; baseline -0.005 -2"><span class='ocrx_word' id='word_1_208' title='bbox 501 2258 748 2322; x_wconf 78' lang='lat' dir='ltr'><strong>cando.</strong></span> <span class='ocrx_word' id='word_1_209' title='bbox 795 2255 951 2318; x_wconf 90' lang='lat' dir='ltr'><strong>Nam</strong></span> <span class='ocrx_word' id='word_1_210' title='bbox 1003 2253 1298 2317; x_wconf 85' lang='lat' dir='ltr'><strong>subditur</strong></span> <span class='ocrx_word' id='word_1_211' title='bbox 1333 2272 1347 2315; x_wconf 93' lang='lat'><strong>:</strong></span> <span class='ocrx_word' id='word_1_212' title='bbox 1381 2257 1679 2323; x_wconf 81' lang='lat' dir='ltr'><strong>Samuel,</strong></span> <span class='ocrx_word' id='word_1_213' title='bbox 1723 2256 2011 2314; x_wconf 85' lang='lat' dir='ltr'><strong>Samuel.</strong></span> 
     </span>
     <span class='ocr_line' id='line_1_30' title="bbox 495 2350 2015 2437; baseline -0.004 -19"><span class='ocrx_word' id='word_1_214' title='bbox 495 2357 668 2431; x_wconf 82' lang='lat' dir='ltr'><strong>Quae</strong></span> <span class='ocrx_word' id='word_1_215' title='bbox 711 2353 1010 2437; x_wconf 87' lang='lat' dir='ltr'><strong>repetitio</strong></span> <span class='ocrx_word' id='word_1_216' title='bbox 1055 2361 1152 2416; x_wconf 91' lang='lat' dir='ltr'><strong>est</strong></span> <span class='ocrx_word' id='word_1_217' title='bbox 1195 2352 1450 2432; x_wconf 90' lang='lat' dir='ltr'><strong>signum</strong></span> <span class='ocrx_word' id='word_1_218' title='bbox 1494 2350 1879 2427; x_wconf 82' lang='lat' dir='ltr'><strong>dilectioniS,</strong></span> <span class='ocrx_word' id='word_1_219' title='bbox 1917 2351 2015 2414; x_wconf 89' lang='lat' dir='ltr'><strong>vel</strong></span> 
     </span>
     <span class='ocr_line' id='line_1_31' title="bbox 497 2449 2019 2528; baseline -0.005 -8"><span class='ocrx_word' id='word_1_220' title='bbox 497 2453 820 2520; x_wconf 82' lang='lat' dir='ltr'><strong>excitatio</strong></span> <span class='ocrx_word' id='word_1_221' title='bbox 849 2451 1359 2528; x_wconf 78' lang='lat' dir='ltr'><strong>attentioniS‚vel</strong></span> <span class='ocrx_word' id='word_1_222' title='bbox 1393 2449 1769 2514; x_wconf 88' lang='lat' dir='ltr'><strong>seriositatis</strong></span> <span class='ocrx_word' id='word_1_223' title='bbox 1799 2458 1862 2512; x_wconf 88' lang='lat' dir='ltr'><strong>et</strong></span> <span class='ocrx_word' id='word_1_224' title='bbox 1892 2469 2019 2512; x_wconf 89' lang='lat' dir='ltr'><strong>ma-</strong></span> 
     </span>
     <span class='ocr_line' id='line_1_32' title="bbox 493 2548 2016 2634; baseline -0.001 -19"><span class='ocrx_word' id='word_1_225' title='bbox 493 2552 882 2634; x_wconf 82' lang='lat' dir='ltr'><strong>gnitudinis</strong></span> <span class='ocrx_word' id='word_1_226' title='bbox 909 2550 1000 2614; x_wconf 89' lang='lat' dir='ltr'><strong>rei</strong></span> <span class='ocrx_word' id='word_1_227' title='bbox 1034 2550 1366 2613; x_wconf 87' lang='lat' dir='ltr'><strong>indicium.</strong></span> <span class='ocrx_word' id='word_1_228' title='bbox 1386 2548 1600 2626; x_wconf 89' lang='lat' dir='ltr'><strong>Porro,</strong></span> <span class='ocrx_word' id='word_1_229' title='bbox 1619 2557 1688 2611; x_wconf 93' lang='lat' dir='ltr'><strong>ut</strong></span> <span class='ocrx_word' id='word_1_230' title='bbox 1706 2548 2016 2630; x_wconf 70' lang='lat' dir='ltr'><strong>,Iosephus</strong></span> 
     </span>
     <span class='ocr_line' id='line_1_33' title="bbox 499 2647 2016 2728; baseline -0.005 -12"><span class='ocrx_word' id='word_1_231' title='bbox 499 2651 756 2728; x_wconf 86' lang='lat' dir='ltr'><strong>innuit,</strong></span> <span class='ocrx_word' id='word_1_232' title='bbox 782 2648 1092 2714; x_wconf 87' lang='lat' dir='ltr'><strong>Dominus</strong></span> <span class='ocrx_word' id='word_1_233' title='bbox 1127 2657 1220 2712; x_wconf 90' lang='lat' dir='ltr'><strong>ter</strong></span> <span class='ocrx_word' id='word_1_234' title='bbox 1252 2647 1610 2711; x_wconf 88' lang='lat' dir='ltr'><strong>Samuelem</strong></span> <span class='ocrx_word' id='word_1_235' title='bbox 1643 2647 1912 2725; x_wconf 87' lang='lat' dir='ltr'><strong>vocavit,</strong></span> <span class='ocrx_word' id='word_1_236' title='bbox 1938 2647 2016 2709; x_wconf 92' lang='lat' dir='ltr'><strong>ad</strong></span> 
     </span>
     <span class='ocr_line' id='line_1_34' title="bbox 495 2745 2018 2834; baseline -0.003 -22"><span class='ocrx_word' id='word_1_237' title='bbox 495 2749 1070 2834; x_wconf 79' lang='lat' dir='ltr'><strong>praefigurandum</strong></span> <span class='ocrx_word' id='word_1_238' title='bbox 1095 2755 1224 2809; x_wconf 89' lang='lat' dir='ltr'><strong>tres</strong></span> <span class='ocrx_word' id='word_1_239' title='bbox 1243 2745 1588 2828; x_wconf 82' lang='lat' dir='ltr'><strong>dignitates</strong></span> <span class='ocrx_word' id='word_1_240' title='bbox 1613 2745 1845 2827; x_wconf 89' lang='lat' dir='ltr'><strong>ipsius:</strong></span> <span class='ocrx_word' id='word_1_241' title='bbox 1864 2745 2018 2827; x_wconf 89' lang='lat' dir='ltr'><strong>quia</strong></span> 
     </span>
     <span class='ocr_line' id='line_1_35' title="bbox 498 2843 2020 2927; baseline -0.005 -14"><span class='ocrx_word' id='word_1_242' title='bbox 498 2869 600 2913; x_wconf 82' lang='lat' dir='ltr'><strong>ex</strong></span> <span class='ocrx_word' id='word_1_243' title='bbox 628 2848 748 2912; x_wconf 88' lang='lat' dir='ltr'><strong>hac</strong></span> <span class='ocrx_word' id='word_1_244' title='bbox 778 2848 938 2910; x_wconf 90' lang='lat' dir='ltr'><strong>hora</strong></span> <span class='ocrx_word' id='word_1_245' title='bbox 962 2855 1061 2909; x_wconf 82' lang='lat' dir='ltr'><strong>est</strong></span> <span class='ocrx_word' id='word_1_246' title='bbox 1087 2845 1294 2908; x_wconf 79' lang='lat' dir='ltr'><strong>factus</strong></span> <span class='ocrx_word' id='word_1_247' title='bbox 1326 2845 1658 2927; x_wconf 88' lang='lat' dir='ltr'><strong>propheta,</strong></span> <span class='ocrx_word' id='word_1_248' title='bbox 1680 2852 1898 2926; x_wconf 88' lang='lat' dir='ltr'><strong>postea</strong></span> <span class='ocrx_word' id='word_1_249' title='bbox 1927 2843 2020 2924; x_wconf 84' lang='lat' dir='ltr'><strong>ju·</strong></span> 
     </span>
     <span class='ocr_line' id='line_1_36' title="bbox 489 2941 2018 3027; baseline -0.006 -15"><span class='ocrx_word' id='word_1_250' title='bbox 489 2950 662 3026; x_wconf 84' lang='lat' dir='ltr'><strong>dex,</strong></span> <span class='ocrx_word' id='word_1_251' title='bbox 697 2945 936 3011; x_wconf 89' lang='lat' dir='ltr'><strong>obtulit</strong></span> <span class='ocrx_word' id='word_1_252' title='bbox 964 2963 1222 3027; x_wconf 91' lang='lat' dir='ltr'><strong>quoque</strong></span> <span class='ocrx_word' id='word_1_253' title='bbox 1264 2941 1656 3006; x_wconf 84' lang='lat' dir='ltr'><strong>sacrificium</strong></span> <span class='ocrx_word' id='word_1_254' title='bbox 1700 2951 1770 3005; x_wconf 91' lang='lat' dir='ltr'><strong>ut</strong></span> <span class='ocrx_word' id='word_1_255' title='bbox 1814 2961 2018 3005; x_wconf 82' lang='lat' dir='ltr'><strong>sacer—</strong></span> 
     </span>
    </p>
   </div>
   <div class='ocr_carea' id='block_1_7' title="bbox 2119 1959 3619 3027">
    <p class='ocr_par' dir='ltr' id='par_1_8' title="bbox 2119 1959 3619 3027">
     <span class='ocr_line' id='line_1_37' title="bbox 2119 1959 3612 2041; baseline -0.001 -17"><span class='ocrx_word' id='word_1_256' title='bbox 2119 1973 2180 2024; x_wconf 77' lang='lat' dir='ltr'><strong>et</strong></span> <span class='ocrx_word' id='word_1_257' title='bbox 2210 1965 2547 2041; x_wconf 78' lang='lat' dir='ltr'><strong>complebO.</strong></span> <span class='ocrx_word' id='word_1_258' title='bbox 2570 1963 2874 2024; x_wconf 71' lang='lat' dir='ltr'><strong>Praedixi</strong></span> <span class='ocrx_word' id='word_1_259' title='bbox 2901 1965 3079 2023; x_wconf 84' lang='lat' dir='ltr'><strong>enim</strong></span> <span class='ocrx_word' id='word_1_260' title='bbox 3108 1963 3193 2032; x_wconf 92' lang='lat' dir='ltr'><strong>ei,</strong></span> <span class='ocrx_word' id='word_1_261' title='bbox 3226 1959 3471 2024; x_wconf 84' lang='lat' dir='ltr'><strong>scilicet</strong></span> <span class='ocrx_word' id='word_1_262' title='bbox 3500 1960 3612 2022; x_wconf 89' lang='grc' dir='ltr'><strong>Ηθ-</strong></span> 
     </span>
     <span class='ocr_line' id='line_1_38' title="bbox 2124 2059 3609 2143; baseline -0.002 -19"><span class='ocrx_word' id='word_1_263' title='bbox 2124 2061 2169 2124; x_wconf 89' lang='lat' dir='ltr'><strong>li</strong></span> <span class='ocrx_word' id='word_1_264' title='bbox 2218 2059 2515 2143; x_wconf 86' lang='lat' dir='ltr'><strong>pontifici</strong></span> <span class='ocrx_word' id='word_1_265' title='bbox 2562 2079 2676 2143; x_wconf 92' lang='lat' dir='ltr'><strong>per</strong></span> <span class='ocrx_word' id='word_1_266' title='bbox 2717 2061 2927 2124; x_wconf 91' lang='lat' dir='ltr'><strong>virum</strong></span> <span class='ocrx_word' id='word_1_267' title='bbox 2960 2060 3093 2138; x_wconf 88' lang='lat' dir='ltr'><strong>Dei,</strong></span> <span class='ocrx_word' id='word_1_268' title='bbox 3128 2068 3200 2122; x_wconf 89' lang='lat' dir='ltr'><strong>ut</strong></span> <span class='ocrx_word' id='word_1_269' title='bbox 3229 2059 3609 2140; x_wconf 75' lang='lat' dir='ltr'><strong>prfflcedenti</strong></span> 
     </span>
     <span class='ocr_line' id='line_1_39' title="bbox 2126 2159 3609 2242; baseline -0.003 -19"><span class='ocrx_word' id='word_1_270' title='bbox 2126 2160 2394 2223; x_wconf 89' lang='lat' dir='ltr'><strong>habetur</strong></span> <span class='ocrx_word' id='word_1_271' title='bbox 2426 2159 2729 2242; x_wconf 89' lang='lat' dir='ltr'><strong>capitulo,</strong></span> <span class='ocrx_word' id='word_1_272' title='bbox 2764 2163 2936 2240; x_wconf 86' lang='lat' dir='ltr'><strong>quod</strong></span> <span class='ocrx_word' id='word_1_273' title='bbox 2950 2160 3380 2237; x_wconf 71' lang='lat' dir='ltr'><strong>judicaturus</strong></span> <span class='ocrx_word' id='word_1_274' title='bbox 3418 2179 3609 2219; x_wconf 86' lang='lat' dir='ltr'><strong>essem</strong></span> 
     </span>
     <span class='ocr_line' id='line_1_40' title="bbox 2123 2255 3614 2336; baseline -0.001 -17"><span class='ocrx_word' id='word_1_275' title='bbox 2123 2262 2387 2320; x_wconf 86' lang='lat' dir='ltr'><strong>domum</strong></span> <span class='ocrx_word' id='word_1_276' title='bbox 2430 2259 2573 2336; x_wconf 85' lang='lat' dir='ltr'><strong>ejus</strong></span> <span class='ocrx_word' id='word_1_277' title='bbox 2617 2260 2691 2317; x_wconf 88' lang='lat' dir='ltr'><strong>in</strong></span> <span class='ocrx_word' id='word_1_278' title='bbox 2739 2267 3079 2326; x_wconf 74' lang='lat' dir='ltr'><strong>(eternum,</strong></span> <span class='ocrx_word' id='word_1_279' title='bbox 3122 2255 3185 2318; x_wconf 89' lang='lat' dir='ltr'><strong>id</strong></span> <span class='ocrx_word' id='word_1_280' title='bbox 3235 2264 3353 2333; x_wconf 89' lang='lat' dir='ltr'><strong>est,</strong></span> <span class='ocrx_word' id='word_1_281' title='bbox 3401 2255 3614 2318; x_wconf 86' lang='lat' dir='ltr'><strong>debite</strong></span> 
     </span>
     <span class='ocr_line' id='line_1_41' title="bbox 2126 2353 3616 2439; baseline -0.002 -20"><span class='ocrx_word' id='word_1_282' title='bbox 2126 2357 2469 2439; x_wconf 88' lang='lat' dir='ltr'><strong>puniturus</strong></span> <span class='ocrx_word' id='word_1_283' title='bbox 2502 2364 2629 2418; x_wconf 89' lang='lat' dir='ltr'><strong>tam</strong></span> <span class='ocrx_word' id='word_1_284' title='bbox 2662 2355 2873 2438; x_wconf 91' lang='lat' dir='ltr'><strong>ipsum</strong></span> <span class='ocrx_word' id='word_1_285' title='bbox 2893 2354 3257 2436; x_wconf 86' lang='lat' dir='ltr'><strong>Heli‚quam</strong></span> <span class='ocrx_word' id='word_1_286' title='bbox 3280 2353 3455 2417; x_wconf 78' lang='lat' dir='ltr'><strong>filios</strong></span> <span class='ocrx_word' id='word_1_287' title='bbox 3477 2354 3616 2435; x_wconf 90' lang='lat' dir='ltr'><strong>ejus</strong></span> 
     </span>
     <span class='ocr_line' id='line_1_42' title="bbox 2126 2453 3618 2538; baseline -0.002 -20"><span class='ocrx_word' id='word_1_288' title='bbox 2126 2475 2200 2519; x_wconf 88' lang='lat' dir='ltr'><strong>ac</strong></span> <span class='ocrx_word' id='word_1_289' title='bbox 2232 2455 2665 2538; x_wconf 83' lang='lat' dir='ltr'><strong>posteritatem</strong></span> <span class='ocrx_word' id='word_1_290' title='bbox 2700 2453 2907 2536; x_wconf 90' lang='lat' dir='ltr'><strong>poenis</strong></span> <span class='ocrx_word' id='word_1_291' title='bbox 2938 2454 3286 2536; x_wconf 80' lang='lat' dir='ltr'><strong>perpetuiS‚</strong></span> <span class='ocrx_word' id='word_1_292' title='bbox 3311 2455 3489 2535; x_wconf 85' lang='lat' dir='ltr'><strong>juxta</strong></span> <span class='ocrx_word' id='word_1_293' title='bbox 3519 2471 3618 2516; x_wconf 80' lang='lat' dir='ltr'><strong>ex-</strong></span> 
     </span>
     <span class='ocr_line' id='line_1_43' title="bbox 2127 2553 3619 2637; baseline -0.003 -19"><span class='ocrx_word' id='word_1_294' title='bbox 2127 2553 2510 2637; x_wconf 89' lang='lat' dir='ltr'><strong>positionem</strong></span> <span class='ocrx_word' id='word_1_295' title='bbox 2562 2553 2829 2636; x_wconf 88' lang='lat' dir='ltr'><strong>capituli</strong></span> <span class='ocrx_word' id='word_1_296' title='bbox 2879 2553 3319 2635; x_wconf 81' lang='lat' dir='ltr'><strong>praeeedentiS,</strong></span> <span class='ocrx_word' id='word_1_297' title='bbox 3351 2563 3619 2630; x_wconf 79' lang='lat' dir='ltr'><strong>propter</strong></span> 
     </span>
     <span class='ocr_line' id='line_1_44' title="bbox 2127 2651 3617 2732; baseline 0 -18"><span class='ocrx_word' id='word_1_298' title='bbox 2127 2653 2571 2732; x_wconf 77' lang='lat' dir='ltr'><strong>iniquitatem,</strong></span> <span class='ocrx_word' id='word_1_299' title='bbox 2593 2651 2657 2714; x_wconf 90' lang='lat' dir='ltr'><strong>id</strong></span> <span class='ocrx_word' id='word_1_300' title='bbox 2690 2660 2786 2714; x_wconf 90' lang='lat' dir='ltr'><strong>est</strong></span> <span class='ocrx_word' id='word_1_301' title='bbox 2815 2651 3177 2731; x_wconf 85' lang='lat' dir='ltr'><strong>congeriem</strong></span> <span class='ocrx_word' id='word_1_302' title='bbox 3206 2668 3500 2731; x_wconf 90' lang='lat' dir='ltr'><strong>magnam</strong></span> <span class='ocrx_word' id='word_1_303' title='bbox 3543 2670 3617 2714; x_wconf 90' lang='lat' dir='ltr'><strong>ac</strong></span> 
     </span>
     <span class='ocr_line' id='line_1_45' title="bbox 2127 2749 3618 2831; baseline -0.001 -17"><span class='ocrx_word' id='word_1_304' title='bbox 2127 2749 2572 2815; x_wconf 86' lang='lat' dir='ltr'><strong>enormitatem</strong></span> <span class='ocrx_word' id='word_1_305' title='bbox 2632 2749 3045 2831; x_wconf 87' lang='lat' dir='ltr'><strong>iniquitatum</strong></span> <span class='ocrx_word' id='word_1_306' title='bbox 3105 2752 3271 2828; x_wconf 81' lang='lat' dir='ltr'><strong>ejus,</strong></span> <span class='ocrx_word' id='word_1_307' title='bbox 3320 2769 3389 2812; x_wconf 92' lang='lat' dir='ltr'><strong>eo</strong></span> <span class='ocrx_word' id='word_1_308' title='bbox 3446 2753 3618 2830; x_wconf 85' lang='lat' dir='ltr'><strong>quod</strong></span> 
     </span>
     <span class='ocr_line' id='line_1_46' title="bbox 2127 2849 3617 2926; baseline -0.001 -17"><span class='ocrx_word' id='word_1_309' title='bbox 2127 2859 2393 2910; x_wconf 79' lang='lat' dir='ltr'><strong>noverat</strong></span> <span class='ocrx_word' id='word_1_310' title='bbox 2432 2850 2705 2926; x_wconf 72' lang='lat' dir='ltr'><strong>indique</strong></span> <span class='ocrx_word' id='word_1_311' title='bbox 2743 2869 2929 2925; x_wconf 74' lang='lat' dir='ltr'><strong>aqere</strong></span> <span class='ocrx_word' id='word_1_312' title='bbox 2965 2849 3137 2926; x_wconf 77' lang='lat' dir='ltr'><strong>filios</strong></span> <span class='ocrx_word' id='word_1_313' title='bbox 3180 2869 3347 2920; x_wconf 84' lang='lat' dir='ltr'><strong>suos,</strong></span> <span class='ocrx_word' id='word_1_314' title='bbox 3387 2859 3447 2908; x_wconf 75' lang='lat' dir='ltr'><strong>el</strong></span> <span class='ocrx_word' id='word_1_315' title='bbox 3486 2867 3617 2908; x_wconf 86' lang='lat' dir='ltr'><strong>non</strong></span> 
     </span>
     <span class='ocr_line' id='line_1_47' title="bbox 2125 2944 3618 3027; baseline 0.001 -21"><span class='ocrx_word' id='word_1_316' title='bbox 2125 2949 2516 3026; x_wconf 79' lang='lat' dir='ltr'><strong>corripuerit</strong></span> <span class='ocrx_word' id='word_1_317' title='bbox 2562 2967 2661 3006; x_wconf 88' lang='lat' dir='ltr'><strong>eos</strong></span> <span class='ocrx_word' id='word_1_318' title='bbox 2712 2953 2840 3008; x_wconf 89' lang='lat' dir='ltr'><strong>tam</strong></span> <span class='ocrx_word' id='word_1_319' title='bbox 2894 2945 3177 3027; x_wconf 89' lang='lat' dir='ltr'><strong>rigorose</strong></span> <span class='ocrx_word' id='word_1_320' title='bbox 3233 2954 3304 3007; x_wconf 93' lang='lat' dir='ltr'><strong>ut</strong></span> <span class='ocrx_word' id='word_1_321' title='bbox 3363 2944 3618 3008; x_wconf 88' lang='lat' dir='ltr'><strong>teneba-</strong></span> 
     </span>
    </p>
   </div>
   <div class='ocr_carea' id='block_1_8' title="bbox 490 3039 3618 3128">
    <p class='ocr_par' dir='ltr' id='par_1_9' title="bbox 490 3039 3618 3128">
     <span class='ocr_line' id='line_1_48' title="bbox 490 3039 3618 3128; baseline -0.001 -18"><span class='ocrx_word' id='word_1_322' title='bbox 490 3049 656 3125; x_wconf 87' lang='lat' dir='ltr'><strong>dos,</strong></span> <span class='ocrx_word' id='word_1_323' title='bbox 683 3065 760 3110; x_wconf 89' lang='lat' dir='ltr'><strong>eo</strong></span> <span class='ocrx_word' id='word_1_324' title='bbox 791 3045 964 3127; x_wconf 88' lang='lat' dir='ltr'><strong>quod</strong></span> <span class='ocrx_word' id='word_1_325' title='bbox 995 3042 1302 3126; x_wconf 86' lang='lat' dir='ltr'><strong>parvulus</strong></span> <span class='ocrx_word' id='word_1_326' title='bbox 1334 3049 1502 3104; x_wconf 88' lang='lat' dir='ltr'><strong>esset</strong></span> <span class='ocrx_word' id='word_1_327' title='bbox 1531 3040 1804 3104; x_wconf 90' lang='lat' dir='ltr'><strong>lehabod</strong></span> <span class='ocrx_word' id='word_1_328' title='bbox 1839 3039 2016 3102; x_wconf 79' lang='lat' dir='ltr'><strong>filius</strong></span> <span class='ocrx_word' id='word_1_329' title='bbox 2053 3041 2097 3105; x_wconf 94' lang='lat' dir='ltr'><strong>C</strong></span> <span class='ocrx_word' id='word_1_330' title='bbox 2128 3054 2253 3124; x_wconf 91' lang='lat' dir='ltr'><strong>tur,</strong></span> <span class='ocrx_word' id='word_1_331' title='bbox 2298 3053 2487 3127; x_wconf 90' lang='lat' dir='ltr'><strong>prout</strong></span> <span class='ocrx_word' id='word_1_332' title='bbox 2525 3044 2647 3106; x_wconf 91' lang='lat' dir='ltr'><strong>ista</strong></span> <span class='ocrx_word' id='word_1_333' title='bbox 2686 3044 2967 3128; x_wconf 90' lang='lat' dir='ltr'><strong>capitulo</strong></span> <span class='ocrx_word' id='word_1_334' title='bbox 3008 3043 3389 3127; x_wconf 83' lang='lat' dir='ltr'><strong>praecedenti</strong></span> <span class='ocrx_word' id='word_1_335' title='bbox 3428 3061 3618 3125; x_wconf 85' lang='lat' dir='ltr'><strong>expo-</strong></span> 
     </span>
    </p>
   </div>
   <div class='ocr_carea' id='block_1_9' title="bbox 490 3138 2022 4212">
    <p class='ocr_par' dir='ltr' id='par_1_10' title="bbox 490 3138 2022 4212">
     <span class='ocr_line' id='line_1_49' title="bbox 490 3138 2018 3222; baseline -0.005 -13"><span class='ocrx_word' id='word_1_336' title='bbox 490 3144 790 3209; x_wconf 89' lang='lat' dir='ltr'><strong>Phinees</strong></span> <span class='ocrx_word' id='word_1_337' title='bbox 831 3142 959 3205; x_wconf 81' lang='lat' dir='ltr'><strong>filii</strong></span> <span class='ocrx_word' id='word_1_338' title='bbox 994 3142 1155 3205; x_wconf 89' lang='lat' dir='ltr'><strong>Heli.</strong></span> <span class='ocrx_word' id='word_1_339' title='bbox 1192 3142 1645 3205; x_wconf 89' lang='lat' dir='ltr'><strong>Verumtamen</strong></span> <span class='ocrx_word' id='word_1_340' title='bbox 1689 3140 1742 3203; x_wconf 92' lang='lat' dir='ltr'><strong>si</strong></span> <span class='ocrx_word' id='word_1_341' title='bbox 1790 3138 2018 3222; x_wconf 81' lang='lat' dir='ltr'><strong>praein-</strong></span> 
     </span>
     <span class='ocr_line' id='line_1_50' title="bbox 492 3237 2014 3323; baseline -0.005 -16"><span class='ocrx_word' id='word_1_342' title='bbox 492 3246 710 3307; x_wconf 89' lang='lat' dir='ltr'><strong>ducta</strong></span> <span class='ocrx_word' id='word_1_343' title='bbox 749 3241 872 3303; x_wconf 91' lang='lat' dir='ltr'><strong>rite</strong></span> <span class='ocrx_word' id='word_1_344' title='bbox 911 3248 1283 3323; x_wconf 88' lang='lat' dir='ltr'><strong>pensentur,</strong></span> <span class='ocrx_word' id='word_1_345' title='bbox 1319 3238 1624 3303; x_wconf 87' lang='lat' dir='ltr'><strong>Dominus</strong></span> <span class='ocrx_word' id='word_1_346' title='bbox 1657 3237 2014 3303; x_wconf 89' lang='lat' dir='ltr'><strong>Samuelem</strong></span> 
     </span>
     <span class='ocr_line' id='line_1_51' title="bbox 492 3338 2016 3424; baseline -0.006 -20"><span class='ocrx_word' id='word_1_347' title='bbox 492 3349 747 3424; x_wconf 81' lang='lat' dir='ltr'><strong>quater</strong></span> <span class='ocrx_word' id='word_1_348' title='bbox 794 3338 1068 3403; x_wconf 82' lang='lat' dir='ltr'><strong>vocavit.</strong></span> <span class='ocrx_word' id='word_1_349' title='bbox 1103 3342 1188 3401; x_wconf 77' lang='lat' dir='ltr'><strong>Ec</strong></span> <span class='ocrx_word' id='word_1_350' title='bbox 1222 3339 1321 3399; x_wconf 75' lang='lat' dir='ltr'><strong>ait</strong></span> <span class='ocrx_word' id='word_1_351' title='bbox 1352 3340 1624 3399; x_wconf 84' lang='lat' dir='ltr'><strong>Samuel</strong></span> <span class='ocrx_word' id='word_1_352' title='bbox 1653 3359 1674 3398; x_wconf 92' lang='grc'><strong>.·</strong></span> <span class='ocrx_word' id='word_1_353' title='bbox 1705 3341 2016 3417; x_wconf 84' lang='lat' dir='ltr'><strong>Loquere,</strong></span> 
     </span>
     <span class='ocr_line' id='line_1_52' title="bbox 491 3434 2018 3519; baseline -0.004 -15"><span class='ocrx_word' id='word_1_354' title='bbox 491 3442 815 3511; x_wconf 79' lang='lat' dir='ltr'><strong>Domine,</strong></span> <span class='ocrx_word' id='word_1_355' title='bbox 833 3440 994 3519; x_wconf 87' lang='lat' dir='ltr'><strong>quia</strong></span> <span class='ocrx_word' id='word_1_356' title='bbox 1013 3439 1205 3499; x_wconf 76' lang='lat' dir='ltr'><strong>audit</strong></span> <span class='ocrx_word' id='word_1_357' title='bbox 1223 3457 1444 3499; x_wconf 85' lang='lat' dir='ltr'><strong>servus</strong></span> <span class='ocrx_word' id='word_1_358' title='bbox 1465 3447 1628 3497; x_wconf 77' lang='lat' dir='ltr'><strong>tuus.</strong></span> <span class='ocrx_word' id='word_1_359' title='bbox 1644 3435 1822 3498; x_wconf 87' lang='lat' dir='ltr'><strong>Circa</strong></span> <span class='ocrx_word' id='word_1_360' title='bbox 1846 3434 2018 3498; x_wconf 85' lang='lat' dir='ltr'><strong>hunc</strong></span> 
     </span>
     <span class='ocr_line' id='line_1_53' title="bbox 493 3534 2016 3623; baseline -0.003 -22"><span class='ocrx_word' id='word_1_361' title='bbox 493 3557 786 3623; x_wconf 79' lang='lat' dir='ltr'><strong>passum</strong></span> <span class='ocrx_word' id='word_1_362' title='bbox 832 3536 1094 3619; x_wconf 90' lang='lat' dir='ltr'><strong>quidam</strong></span> <span class='ocrx_word' id='word_1_363' title='bbox 1147 3534 1372 3599; x_wconf 90' lang='lat' dir='ltr'><strong>scribit</strong></span> <span class='ocrx_word' id='word_1_364' title='bbox 1415 3552 1430 3597; x_wconf 72' lang='grc' dir='ltr'>ε</span> <span class='ocrx_word' id='word_1_365' title='bbox 1475 3534 2016 3608; x_wconf 86' lang='lat' dir='ltr'><strong>Quemadmodum</strong></span> 
     </span>
     <span class='ocr_line' id='line_1_54' title="bbox 493 3632 2018 3717; baseline -0.007 -14"><span class='ocrx_word' id='word_1_366' title='bbox 493 3656 627 3703; x_wconf 82' lang='lat' dir='ltr'><strong>ars</strong></span> <span class='ocrx_word' id='word_1_367' title='bbox 657 3644 722 3699; x_wconf 93' lang='lat' dir='ltr'><strong>et</strong></span> <span class='ocrx_word' id='word_1_368' title='bbox 753 3644 981 3699; x_wconf 85' lang='lat' dir='ltr'><strong>natura</strong></span> <span class='ocrx_word' id='word_1_369' title='bbox 1010 3636 1367 3717; x_wconf 85' lang='lat' dir='ltr'><strong>procedunt</strong></span> <span class='ocrx_word' id='word_1_370' title='bbox 1404 3634 1483 3697; x_wconf 90' lang='lat' dir='ltr'><strong>de</strong></span> <span class='ocrx_word' id='word_1_371' title='bbox 1523 3632 1899 3714; x_wconf 83' lang='lat' dir='ltr'><strong>imperfecto</strong></span> <span class='ocrx_word' id='word_1_372' title='bbox 1939 3632 2018 3695; x_wconf 91' lang='lat' dir='ltr'><strong>ad</strong></span> 
     </span>
     <span class='ocr_line' id='line_1_55' title="bbox 497 3732 2020 3820; baseline -0.004 -22"><span class='ocrx_word' id='word_1_373' title='bbox 497 3733 908 3820; x_wconf 74' lang='lat' dir='ltr'><strong>perfectum,</strong></span> <span class='ocrx_word' id='word_1_374' title='bbox 927 3734 1020 3796; x_wconf 89' lang='lat' dir='ltr'><strong>sic</strong></span> <span class='ocrx_word' id='word_1_375' title='bbox 1045 3732 1468 3797; x_wconf 86' lang='lat' dir='ltr'><strong>revelationes</strong></span> <span class='ocrx_word' id='word_1_376' title='bbox 1499 3732 1848 3795; x_wconf 90' lang='lat' dir='ltr'><strong>secundum</strong></span> <span class='ocrx_word' id='word_1_377' title='bbox 1882 3750 2020 3812; x_wconf 91' lang='lat' dir='ltr'><strong>pro-</strong></span> 
     </span>
     <span class='ocr_line' id='line_1_56' title="bbox 493 3830 2022 3914; baseline -0.005 -15"><span class='ocrx_word' id='word_1_378' title='bbox 493 3852 776 3899; x_wconf 69' lang='lat' dir='ltr'><strong>cessum</strong></span> <span class='ocrx_word' id='word_1_379' title='bbox 811 3831 1152 3914; x_wconf 83' lang='lat' dir='ltr'><strong>temporis3</strong></span> <span class='ocrx_word' id='word_1_380' title='bbox 1195 3831 1347 3913; x_wconf 88' lang='lat' dir='ltr'><strong>quia</strong></span> <span class='ocrx_word' id='word_1_381' title='bbox 1367 3830 1695 3912; x_wconf 84' lang='lat' dir='ltr'><strong>Prophetae</strong></span> <span class='ocrx_word' id='word_1_382' title='bbox 1715 3830 2022 3911; x_wconf 88' lang='lat' dir='ltr'><strong>posterio-</strong></span> 
     </span>
     <span class='ocr_line' id='line_1_57' title="bbox 501 3926 2022 4011; baseline -0.004 -17"><span class='ocrx_word' id='word_1_383' title='bbox 501 3950 651 4007; x_wconf 81' lang='lat' dir='ltr'><strong>res,</strong></span> <span class='ocrx_word' id='word_1_384' title='bbox 689 3930 766 3992; x_wconf 90' lang='lat' dir='ltr'><strong>ad</strong></span> <span class='ocrx_word' id='word_1_385' title='bbox 800 3937 1050 4011; x_wconf 90' lang='lat' dir='ltr'><strong>tempus</strong></span> <span class='ocrx_word' id='word_1_386' title='bbox 1079 3928 1314 3991; x_wconf 91' lang='lat' dir='ltr'><strong>Christi</strong></span> <span class='ocrx_word' id='word_1_387' title='bbox 1353 3928 1880 4010; x_wconf 82' lang='lat' dir='ltr'><strong>propinquanteS,</strong></span> <span class='ocrx_word' id='word_1_388' title='bbox 1917 3926 2022 3989; x_wconf 89' lang='lat' dir='ltr'><strong>ha-</strong></span> 
     </span>
     <span class='ocr_line' id='line_1_58' title="bbox 500 4025 2015 4110; baseline -0.005 -13"><span class='ocrx_word' id='word_1_389' title='bbox 500 4033 808 4097; x_wconf 87' lang='lat' dir='ltr'><strong>buerunt</strong></span> <span class='ocrx_word' id='word_1_390' title='bbox 853 4029 1157 4092; x_wconf 89' lang='lat' dir='ltr'><strong>clariores</strong></span> <span class='ocrx_word' id='word_1_391' title='bbox 1207 4026 1574 4110; x_wconf 85' lang='lat' dir='ltr'><strong>prophetias</strong></span> <span class='ocrx_word' id='word_1_392' title='bbox 1625 4027 1703 4089; x_wconf 92' lang='lat' dir='ltr'><strong>de</strong></span> <span class='ocrx_word' id='word_1_393' title='bbox 1746 4025 2015 4102; x_wconf 82' lang='lat' dir='ltr'><strong>Christe,</strong></span> 
     </span>
     <span class='ocr_line' id='line_1_59' title="bbox 498 4124 2019 4212; baseline -0.003 -21"><span class='ocrx_word' id='word_1_394' title='bbox 498 4148 724 4212; x_wconf 84' lang='lat' dir='ltr'><strong>quam</strong></span> <span class='ocrx_word' id='word_1_395' title='bbox 743 4127 1070 4210; x_wconf 82' lang='lat' dir='ltr'><strong>Prophetae</strong></span> <span class='ocrx_word' id='word_1_396' title='bbox 1091 4125 1356 4209; x_wconf 81' lang='lat' dir='ltr'><strong>prioreS.</strong></span> <span class='ocrx_word' id='word_1_397' title='bbox 1374 4126 1467 4187; x_wconf 77' lang='lat' dir='ltr'><strong>Ad</strong></span> <span class='ocrx_word' id='word_1_398' title='bbox 1486 4126 1653 4207; x_wconf 91' lang='lat' dir='ltr'><strong>quod</strong></span> <span class='ocrx_word' id='word_1_399' title='bbox 1675 4124 1834 4201; x_wconf 92' lang='lat' dir='ltr'><strong>dico,</strong></span> <span class='ocrx_word' id='word_1_400' title='bbox 1850 4125 2019 4205; x_wconf 90' lang='lat' dir='ltr'><strong>quod</strong></span> 
     </span>
    </p>
   </div>
   <div class='ocr_carea' id='block_1_10' title="bbox 2127 3142 3621 4209">
    <p class='ocr_par' dir='ltr' id='par_1_11' title="bbox 2127 3142 3621 4209">
     <span class='ocr_line' id='line_1_60' title="bbox 2128 3142 3615 3223; baseline -0.001 -16"><span class='ocrx_word' id='word_1_401' title='bbox 2128 3145 2251 3207; x_wconf 86' lang='lat' dir='ltr'><strong>sita</strong></span> <span class='ocrx_word' id='word_1_402' title='bbox 2290 3153 2460 3207; x_wconf 90' lang='lat' dir='ltr'><strong>sunt.</strong></span> <span class='ocrx_word' id='word_1_403' title='bbox 2491 3146 2745 3207; x_wconf 81' lang='lat' dir='ltr'><strong>Idcirco</strong></span> <span class='ocrx_word' id='word_1_404' title='bbox 2776 3146 3019 3223; x_wconf 81' lang='lat' dir='ltr'><strong>juravi</strong></span> <span class='ocrx_word' id='word_1_405' title='bbox 3064 3146 3292 3204; x_wconf 82' lang='lat' dir='ltr'><strong>domui</strong></span> <span class='ocrx_word' id='word_1_406' title='bbox 3336 3145 3511 3214; x_wconf 90' lang='lat' dir='ltr'><strong>Heli,</strong></span> <span class='ocrx_word' id='word_1_407' title='bbox 3550 3142 3615 3205; x_wconf 89' lang='lat' dir='ltr'><strong>id</strong></span> 
     </span>
     <span class='ocr_line' id='line_1_61' title="bbox 2127 3240 3619 3323; baseline -0.003 -16"><span class='ocrx_word' id='word_1_408' title='bbox 2127 3252 2245 3321; x_wconf 90' lang='lat' dir='ltr'><strong>est,</strong></span> <span class='ocrx_word' id='word_1_409' title='bbox 2283 3241 2788 3307; x_wconf 86' lang='lat' dir='ltr'><strong>irrevocabiliter</strong></span> <span class='ocrx_word' id='word_1_410' title='bbox 2819 3242 2897 3304; x_wconf 94' lang='lat' dir='ltr'><strong>de</strong></span> <span class='ocrx_word' id='word_1_411' title='bbox 2932 3241 3091 3323; x_wconf 89' lang='lat' dir='ltr'><strong>ipsis</strong></span> <span class='ocrx_word' id='word_1_412' title='bbox 3116 3240 3413 3319; x_wconf 83' lang='lat' dir='ltr'><strong>definivi,</strong></span> <span class='ocrx_word' id='word_1_413' title='bbox 3446 3246 3619 3321; x_wconf 77' lang='lat' dir='ltr'><strong>quod</strong></span> 
     </span>
     <span class='ocr_line' id='line_1_62' title="bbox 2128 3341 3618 3421; baseline -0.002 -18"><span class='ocrx_word' id='word_1_414' title='bbox 2128 3364 2257 3403; x_wconf 90' lang='lat' dir='ltr'><strong>non</strong></span> <span class='ocrx_word' id='word_1_415' title='bbox 2295 3343 2595 3419; x_wconf 73' lang='lat' dir='ltr'><strong>empietur</strong></span> <span class='ocrx_word' id='word_1_416' title='bbox 2634 3342 2952 3421; x_wconf 77' lang='lat' dir='ltr'><strong>iniquitas</strong></span> <span class='ocrx_word' id='word_1_417' title='bbox 2992 3344 3218 3401; x_wconf 87' lang='lat' dir='ltr'><strong>domus</strong></span> <span class='ocrx_word' id='word_1_418' title='bbox 3256 3341 3396 3418; x_wconf 86' lang='lat' dir='ltr'><strong>ejus</strong></span> <span class='ocrx_word' id='word_1_419' title='bbox 3435 3342 3618 3401; x_wconf 78' lang='lat' dir='ltr'><strong>vicli-</strong></span> 
     </span>
     <span class='ocr_line' id='line_1_63' title="bbox 2129 3439 3616 3519; baseline -0.001 -16"><span class='ocrx_word' id='word_1_420' title='bbox 2129 3444 2252 3503; x_wconf 85' lang='lat' dir='ltr'><strong>mis</strong></span> <span class='ocrx_word' id='word_1_421' title='bbox 2294 3451 2354 3502; x_wconf 68' lang='grc' dir='ltr'><strong>ει</strong></span> <span class='ocrx_word' id='word_1_422' title='bbox 2400 3442 2774 3501; x_wconf 87' lang='lat' dir='ltr'><strong>muneribus</strong></span> <span class='ocrx_word' id='word_1_423' title='bbox 2815 3461 3014 3519; x_wconf 90' lang='lat' dir='ltr'><strong>usque</strong></span> <span class='ocrx_word' id='word_1_424' title='bbox 3056 3441 3125 3500; x_wconf 88' lang='lat' dir='ltr'><strong>in</strong></span> <span class='ocrx_word' id='word_1_425' title='bbox 3164 3450 3505 3509; x_wconf 68' lang='lat' dir='ltr'><strong>(eternum,</strong></span> <span class='ocrx_word' id='word_1_426' title='bbox 3552 3439 3616 3502; x_wconf 89' lang='lat' dir='ltr'><strong>id</strong></span> 
     </span>
     <span class='ocr_line' id='line_1_64' title="bbox 2127 3536 3621 3621; baseline -0.003 -19"><span class='ocrx_word' id='word_1_427' title='bbox 2127 3548 2247 3616; x_wconf 89' lang='lat' dir='ltr'><strong>est,</strong></span> <span class='ocrx_word' id='word_1_428' title='bbox 2274 3540 2444 3621; x_wconf 88' lang='lat' dir='ltr'><strong>quod</strong></span> <span class='ocrx_word' id='word_1_429' title='bbox 2477 3557 2702 3601; x_wconf 86' lang='lat' dir='ltr'><strong>eorum</strong></span> <span class='ocrx_word' id='word_1_430' title='bbox 2738 3537 3021 3601; x_wconf 87' lang='lat' dir='ltr'><strong>facinora</strong></span> <span class='ocrx_word' id='word_1_431' title='bbox 3054 3556 3378 3619; x_wconf 90' lang='lat' dir='ltr'><strong>nunquam</strong></span> <span class='ocrx_word' id='word_1_432' title='bbox 3412 3536 3621 3599; x_wconf 89' lang='lat' dir='ltr'><strong>dimit-</strong></span> 
     </span>
     <span class='ocr_line' id='line_1_65' title="bbox 2129 3635 3614 3720; baseline -0.003 -18"><span class='ocrx_word' id='word_1_433' title='bbox 2129 3647 2343 3702; x_wconf 89' lang='lat' dir='ltr'><strong>tentur</strong></span> <span class='ocrx_word' id='word_1_434' title='bbox 2373 3637 2463 3700; x_wconf 92' lang='lat' dir='ltr'><strong>eis</strong></span> <span class='ocrx_word' id='word_1_435' title='bbox 2496 3655 2609 3720; x_wconf 86' lang='lat' dir='ltr'><strong>per</strong></span> <span class='ocrx_word' id='word_1_436' title='bbox 2636 3655 3054 3717; x_wconf 66' lang='lat' dir='ltr'><strong>quaecumque</strong></span> <span class='ocrx_word' id='word_1_437' title='bbox 3084 3635 3403 3699; x_wconf 76' lang='lat' dir='ltr'><strong>sacrificia</strong></span> <span class='ocrx_word' id='word_1_438' title='bbox 3432 3636 3614 3715; x_wconf 79' lang='lat' dir='ltr'><strong>legiS,</strong></span> 
     </span>
     <span class='ocr_line' id='line_1_66' title="bbox 2127 3733 3620 3818; baseline 0.001 -19"><span class='ocrx_word' id='word_1_439' title='bbox 2127 3745 2439 3818; x_wconf 89' lang='lat' dir='ltr'><strong>quantum</strong></span> <span class='ocrx_word' id='word_1_440' title='bbox 2480 3736 2558 3798; x_wconf 91' lang='lat' dir='ltr'><strong>ad</strong></span> <span class='ocrx_word' id='word_1_441' title='bbox 2599 3753 2851 3817; x_wconf 88' lang='lat' dir='ltr'><strong>poenam</strong></span> <span class='ocrx_word' id='word_1_442' title='bbox 2894 3733 3041 3797; x_wconf 85' lang='lat' dir='ltr'><strong>vitae</strong></span> <span class='ocrx_word' id='word_1_443' title='bbox 3076 3734 3407 3816; x_wconf 79' lang='lat' dir='ltr'><strong>praesentis</strong></span> <span class='ocrx_word' id='word_1_444' title='bbox 3443 3752 3457 3797; x_wconf 73' lang='grc' dir='ltr'><em>τ</em></span> <span class='ocrx_word' id='word_1_445' title='bbox 3491 3754 3620 3817; x_wconf 87' lang='lat' dir='ltr'><strong>poe-</strong></span> 
     </span>
     <span class='ocr_line' id='line_1_67' title="bbox 2133 3830 3619 3913; baseline -0.001 -16"><span class='ocrx_word' id='word_1_446' title='bbox 2133 3834 2485 3897; x_wconf 86' lang='lat' dir='ltr'><strong>nitentibus</strong></span> <span class='ocrx_word' id='word_1_447' title='bbox 2532 3842 2740 3895; x_wconf 88' lang='lat' dir='ltr'><strong>tamen</strong></span> <span class='ocrx_word' id='word_1_448' title='bbox 2793 3850 2919 3894; x_wconf 91' lang='lat' dir='ltr'><strong>non</strong></span> <span class='ocrx_word' id='word_1_449' title='bbox 2970 3830 3477 3913; x_wconf 85' lang='lat' dir='ltr'><strong>praecludebatur</strong></span> <span class='ocrx_word' id='word_1_450' title='bbox 3514 3831 3619 3895; x_wconf 87' lang='lat' dir='ltr'><strong>via</strong></span> 
     </span>
     <span class='ocr_line' id='line_1_68' title="bbox 2131 3929 3619 4013; baseline -0.001 -18"><span class='ocrx_word' id='word_1_451' title='bbox 2131 3931 2698 4013; x_wconf 77' lang='lat' dir='ltr'><strong>salutiS‚quantum</strong></span> <span class='ocrx_word' id='word_1_452' title='bbox 2729 3930 2806 3993; x_wconf 92' lang='lat' dir='ltr'><strong>ad</strong></span> <span class='ocrx_word' id='word_1_453' title='bbox 2840 3929 3286 3993; x_wconf 88' lang='lat' dir='ltr'><strong>remissionem</strong></span> <span class='ocrx_word' id='word_1_454' title='bbox 3310 3930 3514 4011; x_wconf 83' lang='lat' dir='ltr'><strong>culpae</strong></span> <span class='ocrx_word' id='word_1_455' title='bbox 3543 3950 3619 3993; x_wconf 90' lang='lat' dir='ltr'><strong>ac</strong></span> 
     </span>
     <span class='ocr_line' id='line_1_69' title="bbox 2131 4027 3618 4114; baseline -0.001 -21"><span class='ocrx_word' id='word_1_456' title='bbox 2131 4049 2337 4114; x_wconf 81' lang='lat' dir='ltr'><strong>poenae</strong></span> <span class='ocrx_word' id='word_1_457' title='bbox 2364 4038 2637 4093; x_wconf 82' lang='lat' dir='ltr'><strong>aeternae.</strong></span> <span class='ocrx_word' id='word_1_458' title='bbox 2683 4029 2844 4092; x_wconf 88' lang='lat' dir='ltr'><strong>Ecce</strong></span> <span class='ocrx_word' id='word_1_459' title='bbox 2884 4048 3077 4110; x_wconf 90' lang='lat' dir='ltr'><strong>quam</strong></span> <span class='ocrx_word' id='word_1_460' title='bbox 3120 4027 3491 4091; x_wconf 86' lang='lat' dir='ltr'><strong>terribiliter</strong></span> <span class='ocrx_word' id='word_1_461' title='bbox 3524 4029 3618 4092; x_wconf 93' lang='lat' dir='ltr'><strong>lo-</strong></span> 
     </span>
     <span class='ocr_line' id='line_1_70' title="bbox 2129 4127 3621 4209; baseline -0.001 -18"><span class='ocrx_word' id='word_1_462' title='bbox 2129 4129 2349 4209; x_wconf 88' lang='lat' dir='ltr'><strong>quitur</strong></span> <span class='ocrx_word' id='word_1_463' title='bbox 2380 4127 2684 4191; x_wconf 90' lang='lat' dir='ltr'><strong>Dominus</strong></span> <span class='ocrx_word' id='word_1_464' title='bbox 2716 4135 2937 4190; x_wconf 89' lang='lat' dir='ltr'><strong>contra</strong></span> <span class='ocrx_word' id='word_1_465' title='bbox 2966 4127 3126 4203; x_wconf 89' lang='lat' dir='ltr'><strong>Heli,</strong></span> <span class='ocrx_word' id='word_1_466' title='bbox 3161 4144 3236 4190; x_wconf 92' lang='grc' dir='ltr'><strong>θο</strong></span> <span class='ocrx_word' id='word_1_467' title='bbox 3266 4128 3438 4208; x_wconf 90' lang='lat' dir='ltr'><strong>quod</strong></span> <span class='ocrx_word' id='word_1_468' title='bbox 3471 4146 3621 4208; x_wconf 63' lang='lat' dir='ltr'><strong>prai-</strong></span> 
     </span>
    </p>
   </div>
   <div class='ocr_carea' id='block_1_11' title="bbox 503 4223 3621 4309">
    <p class='ocr_par' dir='ltr' id='par_1_12' title="bbox 503 4223 3621 4309">
     <span class='ocr_line' id='line_1_71' title="bbox 503 4223 3621 4309; baseline -0.002 -17"><span class='ocrx_word' id='word_1_469' title='bbox 503 4228 704 4297; x_wconf 79' lang='lat' dir='ltr'><strong>istud</strong></span> <span class='ocrx_word' id='word_1_470' title='bbox 749 4227 817 4289; x_wconf 91' lang='lat' dir='ltr'><strong>in</strong></span> <span class='ocrx_word' id='word_1_471' title='bbox 857 4225 1242 4308; x_wconf 88' lang='lat' dir='ltr'><strong>quibusdam</strong></span> <span class='ocrx_word' id='word_1_472' title='bbox 1287 4223 1379 4287; x_wconf 90' lang='lat' dir='ltr'><strong>sic</strong></span> <span class='ocrx_word' id='word_1_473' title='bbox 1419 4223 1565 4302; x_wconf 81' lang='lat' dir='ltr'><strong>suit,</strong></span> <span class='ocrx_word' id='word_1_474' title='bbox 1603 4226 1712 4287; x_wconf 90' lang='lat' dir='ltr'><strong>sed</strong></span> <span class='ocrx_word' id='word_1_475' title='bbox 1758 4243 1886 4287; x_wconf 90' lang='lat' dir='ltr'><strong>non</strong></span> <span class='ocrx_word' id='word_1_476' title='bbox 1927 4232 2022 4285; x_wconf 88' lang='lat' dir='ltr'><strong>est</strong></span> <span class='ocrx_word' id='word_1_477' title='bbox 2050 4226 2099 4287; x_wconf 93' lang='lat' dir='ltr'><strong>D</strong></span> <span class='ocrx_word' id='word_1_478' title='bbox 2131 4235 2387 4309; x_wconf 88' lang='lat' dir='ltr'><strong>ceptum</strong></span> <span class='ocrx_word' id='word_1_479' title='bbox 2437 4233 2715 4308; x_wconf 82' lang='lat' dir='ltr'><strong>paternae</strong></span> <span class='ocrx_word' id='word_1_480' title='bbox 2766 4225 3188 4307; x_wconf 86' lang='lat' dir='ltr'><strong>correptionis</strong></span> <span class='ocrx_word' id='word_1_481' title='bbox 3241 4243 3370 4287; x_wconf 89' lang='lat' dir='ltr'><strong>non</strong></span> <span class='ocrx_word' id='word_1_482' title='bbox 3420 4225 3621 4289; x_wconf 89' lang='lat' dir='ltr'><strong>adim-</strong></span> 
     </span>
    </p>
   </div>
   <div class='ocr_carea' id='block_1_12' title="bbox 497 4322 2030 5393">
    <p class='ocr_par' dir='ltr' id='par_1_13' title="bbox 497 4322 2027 5183">
     <span class='ocr_line' id='line_1_72' title="bbox 503 4322 2022 4409; baseline -0.004 -18"><span class='ocrx_word' id='word_1_483' title='bbox 503 4324 908 4409; x_wconf 81' lang='lat' dir='ltr'><strong>regulariter</strong></span> <span class='ocrx_word' id='word_1_484' title='bbox 937 4343 1184 4388; x_wconf 86' lang='lat' dir='ltr'><strong>verum.</strong></span> <span class='ocrx_word' id='word_1_485' title='bbox 1220 4323 1356 4386; x_wconf 90' lang='lat' dir='ltr'><strong>Non</strong></span> <span class='ocrx_word' id='word_1_486' title='bbox 1387 4322 1560 4385; x_wconf 90' lang='lat' dir='ltr'><strong>enim</strong></span> <span class='ocrx_word' id='word_1_487' title='bbox 1591 4322 1875 4403; x_wconf 79' lang='lat' dir='ltr'><strong>AggaeuS‚</strong></span> <span class='ocrx_word' id='word_1_488' title='bbox 1910 4322 2022 4385; x_wconf 93' lang='lat' dir='ltr'><strong>Na-</strong></span> 
     </span>
     <span class='ocr_line' id='line_1_73' title="bbox 500 4420 2023 4501; baseline -0.006 -10"><span class='ocrx_word' id='word_1_489' title='bbox 500 4429 707 4501; x_wconf 89' lang='lat' dir='ltr'><strong>hum,</strong></span> <span class='ocrx_word' id='word_1_490' title='bbox 733 4422 1050 4499; x_wconf 88' lang='lat' dir='ltr'><strong>Habacuc,</strong></span> <span class='ocrx_word' id='word_1_491' title='bbox 1072 4421 1228 4498; x_wconf 87' lang='lat' dir='ltr'><strong>Joel,</strong></span> <span class='ocrx_word' id='word_1_492' title='bbox 1252 4429 1316 4484; x_wconf 92' lang='lat' dir='ltr'><strong>et</strong></span> <span class='ocrx_word' id='word_1_493' title='bbox 1346 4420 1590 4484; x_wconf 91' lang='lat' dir='ltr'><strong>similes</strong></span> <span class='ocrx_word' id='word_1_494' title='bbox 1620 4421 1734 4498; x_wconf 84' lang='grc' dir='ltr'><strong>θίε,</strong></span> <span class='ocrx_word' id='word_1_495' title='bbox 1763 4420 2023 4483; x_wconf 85' lang='lat' dir='ltr'><strong>luerunt</strong></span> 
     </span>
     <span class='ocr_line' id='line_1_74' title="bbox 497 4519 2021 4603; baseline -0.007 -12"><span class='ocrx_word' id='word_1_496' title='bbox 497 4523 730 4603; x_wconf 85' lang='lat' dir='ltr'><strong>magis</strong></span> <span class='ocrx_word' id='word_1_497' title='bbox 760 4521 1106 4585; x_wconf 88' lang='lat' dir='ltr'><strong>illuminati</strong></span> <span class='ocrx_word' id='word_1_498' title='bbox 1128 4521 1206 4585; x_wconf 94' lang='lat' dir='ltr'><strong>de</strong></span> <span class='ocrx_word' id='word_1_499' title='bbox 1227 4519 1546 4603; x_wconf 78' lang='lat' dir='ltr'><strong>mysteriis</strong></span> <span class='ocrx_word' id='word_1_500' title='bbox 1566 4520 1813 4597; x_wconf 86' lang='lat' dir='ltr'><strong>Christi,</strong></span> <span class='ocrx_word' id='word_1_501' title='bbox 1829 4539 2021 4601; x_wconf 90' lang='lat' dir='ltr'><strong>quam</strong></span> 
     </span>
     <span class='ocr_line' id='line_1_75' title="bbox 501 4618 2020 4701; baseline -0.004 -14"><span class='ocrx_word' id='word_1_502' title='bbox 501 4621 726 4688; x_wconf 88' lang='lat' dir='ltr'><strong>David</strong></span> <span class='ocrx_word' id='word_1_503' title='bbox 758 4630 820 4684; x_wconf 89' lang='lat' dir='ltr'><strong>et</strong></span> <span class='ocrx_word' id='word_1_504' title='bbox 849 4620 1064 4697; x_wconf 88' lang='lat' dir='ltr'><strong>Isaias,</strong></span> <span class='ocrx_word' id='word_1_505' title='bbox 1099 4618 1212 4701; x_wconf 93' lang='lat' dir='ltr'><strong>qui</strong></span> <span class='ocrx_word' id='word_1_506' title='bbox 1244 4618 1355 4681; x_wconf 92' lang='lat' dir='ltr'><strong>diu</strong></span> <span class='ocrx_word' id='word_1_507' title='bbox 1386 4627 1533 4681; x_wconf 86' lang='lat' dir='ltr'><strong>ante</strong></span> <span class='ocrx_word' id='word_1_508' title='bbox 1565 4618 1864 4693; x_wconf 79' lang='lat' dir='ltr'><strong>fuerunt3</strong></span> <span class='ocrx_word' id='word_1_509' title='bbox 1911 4619 2020 4681; x_wconf 91' lang='lat' dir='ltr'><strong>sed</strong></span> 
     </span>
     <span class='ocr_line' id='line_1_76' title="bbox 497 4717 2022 4801; baseline -0.005 -14"><span class='ocrx_word' id='word_1_510' title='bbox 497 4738 897 4795; x_wconf 79' lang='lat' dir='ltr'><strong>econverso,</strong></span> <span class='ocrx_word' id='word_1_511' title='bbox 933 4737 1130 4801; x_wconf 87' lang='lat' dir='ltr'><strong>quum</strong></span> <span class='ocrx_word' id='word_1_512' title='bbox 1175 4717 1346 4781; x_wconf 90' lang='lat' dir='ltr'><strong>dicat</strong></span> <span class='ocrx_word' id='word_1_513' title='bbox 1375 4717 1815 4799; x_wconf 81' lang='lat' dir='ltr'><strong>HieronymuS,</strong></span> <span class='ocrx_word' id='word_1_514' title='bbox 1850 4717 2022 4799; x_wconf 87' lang='lat' dir='ltr'><strong>quod</strong></span> 
     </span>
     <span class='ocr_line' id='line_1_77' title="bbox 499 4815 2026 4897; baseline -0.005 -11"><span class='ocrx_word' id='word_1_515' title='bbox 499 4818 720 4886; x_wconf 85' lang='lat' dir='ltr'><strong>Isaias</strong></span> <span class='ocrx_word' id='word_1_516' title='bbox 752 4816 1054 4881; x_wconf 89' lang='lat' dir='ltr'><strong>universa</strong></span> <span class='ocrx_word' id='word_1_517' title='bbox 1084 4815 1319 4880; x_wconf 90' lang='lat' dir='ltr'><strong>Christi</strong></span> <span class='ocrx_word' id='word_1_518' title='bbox 1350 4822 1541 4897; x_wconf 89' lang='lat' dir='ltr'><strong>atque</strong></span> <span class='ocrx_word' id='word_1_519' title='bbox 1572 4815 1868 4878; x_wconf 81' lang='lat' dir='ltr'><strong>Ecclesiae</strong></span> <span class='ocrx_word' id='word_1_520' title='bbox 1898 4835 2026 4897; x_wconf 81' lang='lat' dir='ltr'><strong>my-</strong></span> 
     </span>
     <span class='ocr_line' id='line_1_78' title="bbox 499 4914 2026 4996; baseline -0.005 -12"><span class='ocrx_word' id='word_1_521' title='bbox 499 4917 748 4993; x_wconf 81' lang='lat' dir='ltr'><strong>steria,</strong></span> <span class='ocrx_word' id='word_1_522' title='bbox 781 4916 870 4979; x_wconf 87' lang='lat' dir='ltr'><strong>ita</strong></span> <span class='ocrx_word' id='word_1_523' title='bbox 900 4916 979 4979; x_wconf 86' lang='lat' dir='ltr'><strong>ad</strong></span> <span class='ocrx_word' id='word_1_524' title='bbox 1021 4914 1339 4996; x_wconf 90' lang='lat' dir='ltr'><strong>liquidum</strong></span> <span class='ocrx_word' id='word_1_525' title='bbox 1387 4922 1758 4996; x_wconf 88' lang='lat' dir='ltr'><strong>prosecutus</strong></span> <span class='ocrx_word' id='word_1_526' title='bbox 1803 4921 1919 4991; x_wconf 89' lang='grc' dir='ltr'><strong>θεῖ,</strong></span> <span class='ocrx_word' id='word_1_527' title='bbox 1955 4923 2026 4976; x_wconf 88' lang='lat' dir='ltr'><strong>ut</strong></span> 
     </span>
     <span class='ocr_line' id='line_1_79' title="bbox 499 5012 2027 5105; baseline -0.004 -24"><span class='ocrx_word' id='word_1_528' title='bbox 499 5016 744 5105; x_wconf 88' lang='lat' dir='ltr'><strong>potius</strong></span> <span class='ocrx_word' id='word_1_529' title='bbox 775 5014 1166 5095; x_wconf 87' lang='lat' dir='ltr'><strong>evangelista</strong></span> <span class='ocrx_word' id='word_1_530' title='bbox 1186 5032 1379 5095; x_wconf 88' lang='lat' dir='ltr'><strong>quam</strong></span> <span class='ocrx_word' id='word_1_531' title='bbox 1411 5012 1723 5095; x_wconf 89' lang='lat' dir='ltr'><strong>propheta</strong></span> <span class='ocrx_word' id='word_1_532' title='bbox 1753 5012 1836 5074; x_wconf 90' lang='lat' dir='ltr'><strong>sit</strong></span> <span class='ocrx_word' id='word_1_533' title='bbox 1862 5013 2027 5095; x_wconf 88' lang='lat' dir='ltr'><strong>judi-</strong></span> 
     </span>
     <span class='ocr_line' id='line_1_80' title="bbox 503 5115 796 5183; baseline -0.027 0"><span class='ocrx_word' id='word_1_534' title='bbox 503 5115 796 5183; x_wconf 79' lang='lat' dir='ltr'><strong>eanduS.</strong></span> 
     </span>
    </p>

    <p class='ocr_par' dir='ltr' id='par_1_14' title="bbox 509 5212 2030 5393">
     <span class='ocr_line' id='line_1_81' title="bbox 609 5212 2029 5278; baseline -0.004 0"><span class='ocrx_word' id='word_1_535' title='bbox 609 5217 702 5278; x_wconf 75' lang='lat' dir='ltr'><strong>Ec</strong></span> <span class='ocrx_word' id='word_1_536' title='bbox 733 5214 914 5275; x_wconf 67' lang='lat' dir='ltr'><strong>dixit</strong></span> <span class='ocrx_word' id='word_1_537' title='bbox 945 5214 1262 5273; x_wconf 82' lang='lat' dir='ltr'><strong>Dominus</strong></span> <span class='ocrx_word' id='word_1_538' title='bbox 1303 5212 1391 5271; x_wconf 86' lang='lat' dir='ltr'><strong>ad</strong></span> <span class='ocrx_word' id='word_1_539' title='bbox 1418 5214 1782 5272; x_wconf 85' lang='lat' dir='ltr'><strong>Samuelem</strong></span> <span class='ocrx_word' id='word_1_540' title='bbox 1817 5232 1838 5271; x_wconf 91' lang='grc'><strong>.·</strong></span> <span class='ocrx_word' id='word_1_541' title='bbox 1871 5214 2029 5276; x_wconf 82' lang='lat' dir='ltr'><strong>Ecce</strong></span> 
     </span>
     <span class='ocr_line' id='line_1_82' title="bbox 509 5308 2030 5393; baseline -0.002 -15"><span class='ocrx_word' id='word_1_542' title='bbox 509 5334 648 5393; x_wconf 64' lang='lat' dir='ltr'><strong>eqo</strong></span> <span class='ocrx_word' id='word_1_543' title='bbox 679 5312 854 5390; x_wconf 81' lang='lat' dir='ltr'><strong>facio</strong></span> <span class='ocrx_word' id='word_1_544' title='bbox 885 5312 1148 5372; x_wconf 79' lang='lat' dir='ltr'><strong>verbum</strong></span> <span class='ocrx_word' id='word_1_545' title='bbox 1179 5310 1254 5370; x_wconf 90' lang='lat' dir='ltr'><strong>in</strong></span> <span class='ocrx_word' id='word_1_546' title='bbox 1282 5312 1514 5379; x_wconf 82' lang='lat' dir='ltr'><strong>Israel,</strong></span> <span class='ocrx_word' id='word_1_547' title='bbox 1547 5308 1611 5371; x_wconf 92' lang='lat' dir='ltr'><strong>id</strong></span> <span class='ocrx_word' id='word_1_548' title='bbox 1643 5317 1759 5385; x_wconf 86' lang='lat' dir='ltr'><strong>est,</strong></span> <span class='ocrx_word' id='word_1_549' title='bbox 1780 5308 1906 5373; x_wconf 82' lang='lat' dir='ltr'><strong>cito</strong></span> <span class='ocrx_word' id='word_1_550' title='bbox 1940 5308 2030 5375; x_wconf 77' lang='lat' dir='ltr'><strong>fa-</strong></span> 
     </span>
    </p>
   </div>
   <div class='ocr_carea' id='block_1_13' title="bbox 2131 4326 3628 5378">
    <p class='ocr_par' dir='ltr' id='par_1_15' title="bbox 2131 4326 2352 4408">
     <span class='ocr_line' id='line_1_83' title="bbox 2131 4326 2352 4408; baseline -0.009 -19"><span class='ocrx_word' id='word_1_551' title='bbox 2131 4326 2352 4408; x_wconf 89' lang='lat' dir='ltr'><strong>plevit.</strong></span> 
     </span>
    </p>

    <p class='ocr_par' dir='ltr' id='par_1_16' title="bbox 2131 4425 3628 5378">
     <span class='ocr_line' id='line_1_84' title="bbox 2212 4425 3621 4503; baseline -0.003 -16"><span class='ocrx_word' id='word_1_552' title='bbox 2212 4425 2539 4487; x_wconf 77' lang='lat' dir='ltr'><strong>Dormivic</strong></span> <span class='ocrx_word' id='word_1_553' title='bbox 2583 4434 2800 4485; x_wconf 77' lang='lat' dir='ltr'><strong>autem</strong></span> <span class='ocrx_word' id='word_1_554' title='bbox 2853 4426 3121 4485; x_wconf 84' lang='lat' dir='ltr'><strong>Samuel</strong></span> <span class='ocrx_word' id='word_1_555' title='bbox 3164 4444 3363 4503; x_wconf 89' lang='lat' dir='ltr'><strong>usque</strong></span> <span class='ocrx_word' id='word_1_556' title='bbox 3404 4443 3621 4493; x_wconf 87' lang='lat' dir='ltr'><strong>mane,</strong></span> 
     </span>
     <span class='ocr_line' id='line_1_85' title="bbox 2131 4523 3624 4603; baseline -0.001 -20"><span class='ocrx_word' id='word_1_557' title='bbox 2131 4526 2514 4603; x_wconf 77' lang='lat' dir='ltr'><strong>aperuitque</strong></span> <span class='ocrx_word' id='word_1_558' title='bbox 2537 4524 2699 4583; x_wconf 78' lang='lat' dir='ltr'><strong>ostia</strong></span> <span class='ocrx_word' id='word_1_559' title='bbox 2720 4525 2947 4583; x_wconf 84' lang='lat' dir='ltr'><strong>domus</strong></span> <span class='ocrx_word' id='word_1_560' title='bbox 2960 4523 3244 4583; x_wconf 84' lang='lat' dir='ltr'><strong>Domini.</strong></span> <span class='ocrx_word' id='word_1_561' title='bbox 3256 4524 3343 4583; x_wconf 78' lang='lat' dir='ltr'><strong>Et</strong></span> <span class='ocrx_word' id='word_1_562' title='bbox 3358 4524 3624 4583; x_wconf 83' lang='lat' dir='ltr'><strong>Samuel</strong></span> 
     </span>
     <span class='ocr_line' id='line_1_86' title="bbox 2135 4618 3623 4700; baseline -0.003 -17"><span class='ocrx_word' id='word_1_563' title='bbox 2135 4624 2396 4683; x_wconf 75' lang='lat' dir='ltr'><strong>timebat</strong></span> <span class='ocrx_word' id='word_1_564' title='bbox 2440 4623 2737 4683; x_wconf 80' lang='lat' dir='ltr'><strong>indicare</strong></span> <span class='ocrx_word' id='word_1_565' title='bbox 2774 4622 2927 4682; x_wconf 88' lang='lat' dir='ltr'><strong>Heli</strong></span> <span class='ocrx_word' id='word_1_566' title='bbox 2974 4618 3267 4700; x_wconf 84' lang='lat' dir='ltr'><strong>pontifici</strong></span> <span class='ocrx_word' id='word_1_567' title='bbox 3312 4620 3623 4681; x_wconf 83' lang='lat' dir='ltr'><strong>visionem</strong></span> 
     </span>
     <span class='ocr_line' id='line_1_87' title="bbox 2133 4715 3624 4804; baseline -0.002 -22"><span class='ocrx_word' id='word_1_568' title='bbox 2133 4720 2485 4804; x_wconf 60' lang='lat' dir='ltr'><strong>praefatam,</strong></span> <span class='ocrx_word' id='word_1_569' title='bbox 2524 4726 2785 4800; x_wconf 91' lang='lat' dir='ltr'><strong>propter</strong></span> <span class='ocrx_word' id='word_1_570' title='bbox 2815 4717 3016 4799; x_wconf 90' lang='lat' dir='ltr'><strong>ipsius</strong></span> <span class='ocrx_word' id='word_1_571' title='bbox 3050 4715 3539 4793; x_wconf 85' lang='lat' dir='ltr'><strong>terribilitatem,</strong></span> <span class='ocrx_word' id='word_1_572' title='bbox 3559 4726 3624 4781; x_wconf 90' lang='lat' dir='ltr'><strong>et</strong></span> 
     </span>
     <span class='ocr_line' id='line_1_88' title="bbox 2135 4814 3620 4902; baseline 0 -22"><span class='ocrx_word' id='word_1_573' title='bbox 2135 4827 2396 4902; x_wconf 87' lang='lat' dir='ltr'><strong>propter</strong></span> <span class='ocrx_word' id='word_1_574' title='bbox 2428 4817 2629 4899; x_wconf 90' lang='lat' dir='ltr'><strong>ipsius</strong></span> <span class='ocrx_word' id='word_1_575' title='bbox 2660 4816 2798 4879; x_wconf 87' lang='lat' dir='ltr'><strong>Heli</strong></span> <span class='ocrx_word' id='word_1_576' title='bbox 2828 4814 3289 4891; x_wconf 88' lang='lat' dir='ltr'><strong>auctoritatem,</strong></span> <span class='ocrx_word' id='word_1_577' title='bbox 3316 4823 3506 4895; x_wconf 89' lang='lat' dir='ltr'><strong>atque</strong></span> <span class='ocrx_word' id='word_1_578' title='bbox 3540 4836 3620 4881; x_wconf 87' lang='lat' dir='ltr'><strong>ne</strong></span> 
     </span>
     <span class='ocr_line' id='line_1_89' title="bbox 2138 4911 3621 4993; baseline -0.003 -13"><span class='ocrx_word' id='word_1_579' title='bbox 2138 4915 2331 4980; x_wconf 90' lang='lat' dir='ltr'><strong>nimis</strong></span> <span class='ocrx_word' id='word_1_580' title='bbox 2380 4914 2863 4993; x_wconf 87' lang='lat' dir='ltr'><strong>contristaretur</strong></span> <span class='ocrx_word' id='word_1_581' title='bbox 2913 4912 3127 4975; x_wconf 89' lang='lat' dir='ltr'><strong>senior</strong></span> <span class='ocrx_word' id='word_1_582' title='bbox 3174 4911 3306 4975; x_wconf 88' lang='lat' dir='ltr'><strong>ille.</strong></span> <span class='ocrx_word' id='word_1_583' title='bbox 3366 4916 3621 4979; x_wconf 78' lang='lat' dir='ltr'><strong>Vocavic</strong></span> 
     </span>
     <span class='ocr_line' id='line_1_90' title="bbox 2134 5012 3619 5093; baseline -0.003 -16"><span class='ocrx_word' id='word_1_584' title='bbox 2134 5036 2281 5093; x_wconf 73' lang='lat' dir='ltr'><strong>erqo</strong></span> <span class='ocrx_word' id='word_1_585' title='bbox 2327 5015 2482 5077; x_wconf 87' lang='lat' dir='ltr'><strong>Heli</strong></span> <span class='ocrx_word' id='word_1_586' title='bbox 2524 5016 2917 5081; x_wconf 85' lang='lat' dir='ltr'><strong>Samuelem,</strong></span> <span class='ocrx_word' id='word_1_587' title='bbox 2961 5021 3021 5072; x_wconf 77' lang='lat' dir='ltr'><strong>et</strong></span> <span class='ocrx_word' id='word_1_588' title='bbox 3066 5012 3245 5071; x_wconf 70' lang='lat' dir='ltr'><strong>dimit</strong></span> <span class='ocrx_word' id='word_1_589' title='bbox 3275 5032 3297 5071; x_wconf 92' lang='lat'><strong>.·</strong></span> <span class='ocrx_word' id='word_1_590' title='bbox 3328 5016 3619 5085; x_wconf 79' lang='lat' dir='ltr'><strong>Samuel,</strong></span> 
     </span>
     <span class='ocr_line' id='line_1_91' title="bbox 2135 5111 3617 5193; baseline -0.001 -18"><span class='ocrx_word' id='word_1_591' title='bbox 2135 5117 2242 5193; x_wconf 81' lang='lat' dir='ltr'><strong>fili</strong></span> <span class='ocrx_word' id='word_1_592' title='bbox 2273 5115 2412 5176; x_wconf 84' lang='lat' dir='ltr'><strong>mi?</strong></span> <span class='ocrx_word' id='word_1_593' title='bbox 2438 5114 2565 5193; x_wconf 81' lang='lat' dir='ltr'><strong>Qui</strong></span> <span class='ocrx_word' id='word_1_594' title='bbox 2594 5114 3003 5189; x_wconf 71' lang='lat' dir='ltr'><strong>respondem,</strong></span> <span class='ocrx_word' id='word_1_595' title='bbox 3018 5111 3114 5169; x_wconf 82' lang='lat' dir='ltr'><strong>ait</strong></span> <span class='ocrx_word' id='word_1_596' title='bbox 3135 5129 3157 5168; x_wconf 92' lang='grc'><strong>.·</strong></span> <span class='ocrx_word' id='word_1_597' title='bbox 3176 5112 3422 5171; x_wconf 77' lang='lat' dir='ltr'><strong>I’roesto</strong></span> <span class='ocrx_word' id='word_1_598' title='bbox 3451 5132 3617 5173; x_wconf 84' lang='lat' dir='ltr'><strong>sum.</strong></span> 
     </span>
     <span class='ocr_line' id='line_1_92' title="bbox 2137 5207 3627 5288; baseline -0.002 -15"><span class='ocrx_word' id='word_1_599' title='bbox 2137 5215 2224 5273; x_wconf 76' lang='lat' dir='ltr'><strong>Ec</strong></span> <span class='ocrx_word' id='word_1_600' title='bbox 2258 5212 2683 5286; x_wconf 72' lang='lat' dir='ltr'><strong>interroqavit</strong></span> <span class='ocrx_word' id='word_1_601' title='bbox 2712 5228 2895 5267; x_wconf 88' lang='lat' dir='ltr'><strong>eum:</strong></span> <span class='ocrx_word' id='word_1_602' title='bbox 2916 5207 3071 5276; x_wconf 85' lang='lat' dir='ltr'><strong>Quis</strong></span> <span class='ocrx_word' id='word_1_603' title='bbox 3099 5216 3189 5267; x_wconf 77' lang='lat' dir='ltr'><strong>est</strong></span> <span class='ocrx_word' id='word_1_604' title='bbox 3214 5228 3417 5270; x_wconf 88' lang='lat' dir='ltr'><strong>sermo</strong></span> <span class='ocrx_word' id='word_1_605' title='bbox 3439 5230 3627 5288; x_wconf 85' lang='lat' dir='ltr'><strong>quem</strong></span> 
     </span>
     <span class='ocr_line' id='line_1_93' title="bbox 2140 5306 3628 5378; baseline -0.003 -7"><span class='ocrx_word' id='word_1_606' title='bbox 2140 5315 2504 5371; x_wconf 79' lang='lat' dir='ltr'><strong>locutus-est</strong></span> <span class='ocrx_word' id='word_1_607' title='bbox 2536 5310 2623 5368; x_wconf 85' lang='lat' dir='ltr'><strong>ad</strong></span> <span class='ocrx_word' id='word_1_608' title='bbox 2654 5316 2712 5367; x_wconf 79' lang='lat' dir='ltr'><strong>te</strong></span> <span class='ocrx_word' id='word_1_609' title='bbox 2740 5306 3059 5368; x_wconf 86' lang='lat' dir='ltr'><strong>Dominus</strong></span> <span class='ocrx_word' id='word_1_610' title='bbox 3082 5307 3110 5365; x_wconf 65' lang='grc' dir='ltr'><strong><em>ἒ</em></strong></span> <span class='ocrx_word' id='word_1_611' title='bbox 3143 5310 3265 5368; x_wconf 89' lang='lat' dir='ltr'><strong>Oro</strong></span> <span class='ocrx_word' id='word_1_612' title='bbox 3310 5316 3387 5378; x_wconf 80' lang='lat' dir='ltr'><strong>le,</strong></span> <span class='ocrx_word' id='word_1_613' title='bbox 3418 5328 3498 5369; x_wconf 88' lang='lat' dir='ltr'><strong>ne</strong></span> <span class='ocrx_word' id='word_1_614' title='bbox 3534 5328 3628 5369; x_wconf 87' lang='lat' dir='ltr'><strong>ce-</strong></span> 
     </span>
    </p>
   </div>
   <div class='ocr_carea' id='block_1_14' title="bbox 3642 1682 3898 1798">
    <p class='ocr_par' dir='ltr' id='par_1_17' title="bbox 3642 1682 3898 1798">
     <span class='ocr_line' id='line_1_94' title="bbox 3684 1682 3898 1736; baseline -0.014 -11"><span class='ocrx_word' id='word_1_615' title='bbox 3684 1682 3825 1736; x_wconf 73' lang='lat' dir='ltr'><strong>lRey.</strong></span> <span class='ocrx_word' id='word_1_616' title='bbox 3842 1695 3898 1732; x_wconf 77' lang='lat' dir='ltr'><strong>iv,</strong></span> 
     </span>
     <span class='ocr_line' id='line_1_95' title="bbox 3642 1747 3863 1798; baseline 0 -12"><span class='ocrx_word' id='word_1_617' title='bbox 3642 1747 3687 1786; x_wconf 86' lang='grc'><strong>10</strong></span> <span class='ocrx_word' id='word_1_618' title='bbox 3706 1748 3748 1788; x_wconf 77' lang='lat' dir='ltr'><strong>et</strong></span> <span class='ocrx_word' id='word_1_619' title='bbox 3769 1755 3863 1798; x_wconf 70' lang='lat' dir='ltr'><strong>seq.</strong></span> 
     </span>
    </p>
   </div>
   <div class='ocr_carea' id='block_1_15' title="bbox 3646 2079 3901 2200">
    <p class='ocr_par' dir='ltr' id='par_1_18' title="bbox 3646 2079 3901 2200">
     <span class='ocr_line' id='line_1_96' title="bbox 3658 2079 3901 2132; baseline -0.008 -8"><span class='ocrx_word' id='word_1_620' title='bbox 3658 2079 3781 2125; x_wconf 66' lang='lat' dir='ltr'><strong>laid.</strong></span> <span class='ocrx_word' id='word_1_621' title='bbox 3792 2095 3837 2132; x_wconf 77' lang='lat' dir='ltr'><strong>n,</strong></span> <span class='ocrx_word' id='word_1_622' title='bbox 3851 2083 3901 2124; x_wconf 81' lang='lat'><strong>27</strong></span> 
     </span>
     <span class='ocr_line' id='line_1_97' title="bbox 3646 2149 3797 2200; baseline 0.013 -14"><span class='ocrx_word' id='word_1_623' title='bbox 3646 2149 3689 2187; x_wconf 78' lang='lat' dir='ltr'><strong>et</strong></span> <span class='ocrx_word' id='word_1_624' title='bbox 3702 2155 3797 2200; x_wconf 69' lang='lat' dir='ltr'><strong>seq.</strong></span> 
     </span>
    </p>
   </div>
  </div>
 </body>
</html>
