4359 6250
837 502 1186 550 RNARRA'no
1228 502 1290 548 IN
1333 504 1468 550 CAP.
1516 503 1670 549 xxm
1713 502 1870 548 unm
1913 502 2165 550 SECUNDI
2205 503 2428 552 REGUM.
2474 525 2555 535 --
2594 505 2738 553 ART.
2785 505 2981 554 xxxlu

3334 487 3454 554 563

339 669 614 735 divinae.
669 676 859 735 Sicut
908 680 1029 736 lux
1077 697 1360 747 auroroe,
1408 678 1653 736 oriente
1699 679 1850 747 sole,
1882 673 1935 736 A
1963 677 2412 741 Verumtamen
2436 681 2597 742 Deus
2629 679 2921 770 promisit
2953 679 3075 761 ipsi
3098 678 3293 744 David
3324 698 3453 743 661·-

343 789 546 830 mane
576 774 816 851 absque
843 776 1120 835 nubibus
1152 778 1430 836 rutilat:
1452 775 1516 836 id
1542 782 1658 850 est,
1685 774 1854 837 clare

341 886 470 948 per
511 867 1036 950 intellectualem,
1069 873 1469 955 spiritualem
1513 892 1586 936 ae
1629 891 1856 954 anago-

339 966 566 1044 gicam
611 969 1176 1049 illuminationem,
1221 991 1349 1036 non
1396 991 1509 1054 per:
1551 971 1856 1052 imagina-

343 1064 494 1127 rias·
515 1067 799 1132 visiones
840 1069 1263 1135 manifestatas
1303 1080 1454 1133 sunt
1492 1071 1650 1133 mihi
1693 1070 1856 1134 veri-

347 1172 519 1227 tates
561 1166 822 1244 divinae,
868 1170 1170 1252 mysteria
1208 1169 1464 1246 Christi,
1499 1178 1562 1232 et
1601 1189 1675 1234 ea
1714 1188 1857 1250 quae

347 1262 420 1324 in
473 1265 742 1345 psalmis
786 1268 1162 1350 conscripsi.
1214 1269 1444 1350 Sicque
1488 1269 1596 1331 lux
1639 1266 1858 1348 gratiae

345 1363 758 1444 prophetalis
786 1365 987 1428 menti
1020 1386 1178 1430 meae
1206 1367 1273 1429 in
1307 1386 1420 1429 sua
1449 1367 1723 1449 puritate
1765 1385 1859 1428 re-

345 1461 692 1543 splenduit
733 1464 976 1546 absque
1020 1467 1484 1548 phantasmate,
1537 1466 1703 1528 sicut
1750 1463 1859 1526 lux

347 1559 515 1621 solis
563 1560 734 1623 lucet
784 1561 852 1624 in
895 1581 1040 1627 aere
1087 1564 1329 1645 absque
1370 1564 1538 1627 nube
1580 1582 1720 1625 eam
1766 1560 1862 1623 fu-

349 1667 584 1722 scante
627 1668 692 1724 et
729 1661 1079 1744 operiente.
1119 1667 1203 1725 Ec
1239 1665 1405 1724 sicut
1439 1663 1694 1740 pluviis
1723 1681 1862 1738 yer-

349 1760 578 1819 ›mi-nat
597 1760 795 1820 herba
822 1763 902 1820 de
935 1771 1105 1822 terra
1122 1783 1145 1821 .·
1167 1761 1231 1823 id
1263 1761 1562 1838 est,sicut
1590 1768 1756 1822 terra
1783 1759 1861 1820 de

1961 774 2209 838 tissime
2245 775 2562 839 Christum
2600 795 2675 840 ex
2716 778 2856 859 ejus
2896 778 3139 841 semine
3180 778 3455 841 nascitu-

1965 893 2122 950 rum,
2135 874 2314 955 juxta
2334 875 2491 938 illud
2516 875 2581 937 in
2602 876 2847 939 Psalmo
2865 876 2925 939 :J
2930 877 3135 941 uravit
3150 875 3455 940 Dominus
3510 897 3589 939 Ρ..
3609 909 3747 946 ems.

1965 972 2159 1034 David
2192 973 2549 1050 veritatem,
2570 982 2633 1036 et
2665 993 2791 1037 non
2823 973 3234 1037 frustrabitur
3264 993 3407 1036 eum
3436 991 3450 1035 :
3486 963 3551 1002 ¹¹·

1965 1070 2050 1132 De
2083 1068 2294 1134 fructu
2327 1073 2567 1135 ventris
2604 1072 2698 1134 tui
2738 1091 2971 1155 ponam
3012 1092 3202 1155 super
3240 1074 3454 1135 sedem

1965 1176 2152 1230 tuam.
2170 1168 2477 1232 Similiter
2504 1170 2560 1233 ei
2588 1171 2880 1253 praedixit
2900 1173 3273 1248 certissime,
3288 1172 3455 1253 quod

1968 1285 2230 1348 regnum
2265 1288 2449 1330 suum
2480 1278 2963 1351 perpetuaretur
2989 1270 3054 1332 in
3075 1271 3459 1334 Christo.Ve-

1968 1375 2326 1429 rumtamen
2370 1368 2534 1430 Deus
2580 1386 2707 1431 non
2752 1367 3047 1450 promisit
3088 1369 3220 1448 regi
3261 1369 3455 1431 David

1971 1465 2393 1545 promissione
2444 1466 2735 1529 absoluta
2787 1476 2849 1529 et
2891 1476 3083 1544 certa,
3132 1468 3303 1548 quod
3347 1485 3459 1549 po-

1969 1561 2120 1622 steri
2160 1563 2301 1643 ejus
2334 1573 2673 1643 regnarent
2702 1583 2895 1646 super
2925 1565 3237 1647 populum
3270 1565 3457 1627 Israel

1971 1659 2405 1723 indesinenter
2438 1681 2550 1743 per
2581 1681 2771 1726 omne
2798 1671 3046 1746 tempus
3087 1663 3321 1728 veteris
3352 1664 3461 1726 Te-

1947 1746 2305 1834 'stamenti3
2350 1760 2459 1822 sed
2491 1761 2610 1823 hoc
2655 1760 2947 1842 promisit
2990 1761 3049 1824 ei
3080 1761 3201 1824 sub
3242 1760 3460 1825 condi-

350 1875 430 1918 se
459 1857 636 1920 sicca
673 1867 738 1920 61
777 1858 1142 1936 infecunda,
1177 1879 1254 1922 ex
1285 1858 1520 1941 pluviae
1551 1857 1862 1937 irrigatio·
1895 1859 1945 1922 B
1976 1854 2166 1933 tione,
2203 1856 2502 1920 videlicet
2542 1859 2593 1920 si
2636 1858 2703 1921 in
2734 1859 2844 1922 Dei
2874 1860 3185 1941 obsequio
3215 1878 3461 1942 perma-
3513 1882 3753 1938 nnana-n,

351 1973 440 2016 116
475 1955 862 2020 fecundatur
898 1958 978 2020 ad
1016 1958 1504 2039 germinandum
1548 1956 1858 2037 virgulta3

353 2053 454 2117 sic
499 2054 720 2118 anima
767 2075 910 2118 mea
957 2057 1036 2119 de
1084 2075 1152 2118 se
1191 2075 1354 2120 caeca
1401 2065 1464 2118 et
1513 2055 1866 2118 infructuo-

353 2169 452 2228 sa,
489 2171 568 2214 ex
599 2153 808 2217 divini
839 2153 1102 2216 luminis
1134 2154 1482 2230 infusione,
1511 2153 1863 2234 aeternique

357 2250 566 2313 fontis
619 2251 1000 2331 influxione,
1054 2253 1416 2316 illuminata
1465 2261 1528 2316 et
1589 2251 1868 2316 fecunda

353 2346 606 2410 effecta
641 2358 739 2412 est
767 2350 845 2412 ad
887 2350 1368 2414 vaticinandum
1402 2358 1646 2413 secreta
1678 2347 1868 2412 coele-

355 2447 505 2508 stia.
529 2446 904 2529 Specialiter
928 2468 1078 2513 vero
1099 2449 1345 2512 inducit
1375 2449 1864 2511 similitudinem

358 2544 581 2621 istam,
618 2547 698 2609 ad
731 2546 1130 2610 innuendum
1169 2549 1342 2630 quod
1381 2547 1546 2610 sicut
1587 2556 1753 2610 terra
1793 2566 1868 2609 ex

357 2643 736 2726 pluviarum
768 2645 1036 2710 humore
1065 2645 1256 2709 habet
1288 2645 1761 2722 fecunditatem,
1777 2645 1869 2707 sic

355 2743 536 2806 Deus
556 2744 1010 2825 praenuntiavit
1031 2745 1165 2825 regi
1186 2745 1379 2808 David
1401 2763 1478 2808 ex
1498 2763 1610 2807 suo
1627 2743 1870 2806 semine

359 2841 694 2905 Christum
729 2843 1290 2921 nasciturum,non
1323 2844 1560 2908 virtute
1593 2851 1864 2918 terrena,

360 2941 481 3004 sed
512 2940 752 3004 virtute
780 2941 1024 3005 coelesti
1054 2961 1129 3005 ex
1158 2943 1652 3024 superventione
1682 2949 1745 3004 ct
1775 2960 1871 3004 ac-

1975 1963 2218 2032 nerent,
2253 1963 2442 2036 prout
2470 1975 2662 2038 supra
2692 1957 2931 2019 dictum
2963 1964 3058 2019 cst
3087 1957 3374 2038 plenius:
3400 1965 3462 2020 et
3490 1947 3514 1987 ⁸
3534 1949 3576 1988 θ’
3594 1957 3687 2000 ³⁰⁹·

1973 2053 2050 2116 de
2089 2054 2207 2116 hoc
2252 2053 2441 2116 etiam
2484 2063 2693 2137 potest
2732 2054 2965 2137 exponi
3002 2056 3175 2136 quod
3219 2056 3461 2118 dictum

1973 2159 2088 2229 est,
2141 2151 2266 2214 Nec
2316 2161 2489 2215 tanta
2538 2162 2634 2215 est
2680 2153 2904 2216 domus
2948 2173 3109 2216 mea.
3161 2154 3467 2218 Praeterea

1975 2251 2453 2329 advertendum,
2487 2252 2659 2332 quod
2691 2251 2756 2312 in
2788 2251 3220 2315 locutionibus
3252 2271 3470 2335 prove-

1977 2349 2301 2411 nientibus
2354 2369 2430 2412 ex
2479 2350 2983 2432 praedominante
3033 2358 3097 2413 et
3143 2351 3469 2413 excessivo

1976 2446 2219 2510 affectu
2239 2448 2497 2524 amoriS‚
2514 2449 2778 2525 doloriS,
2794 2449 3155 2511 devotionis
3176 2456 3285 2511 aut
3304 2468 3471 2512 com·

1978 2546 2347 2628 punctionis
2379 2566 2490 2610 seu
2519 2547 2759 2627 gaudii,
2794 2547 2955 2609 solet
2984 2565 3125 2610 esse
3155 2547 3470 2610 truncatio

1977 2645 2265 2725 quaedam
2300 2645 2663 2722 verborum,
2706 2645 2796 2707 ita
2826 2653 2895 2707 ut
2926 2665 3183 2708 necesse
3213 2645 3297 2708 sit
3326 2645 3473 2707 sub-

1979 2742 2250 2824 intelligi
2280 2743 2525 2826 aliquid
2547 2761 2560 2806 :
2587 2743 2739 2824 quia
2758 2763 3053 2806 excessus
3074 2743 3467 2820 affectioniS,

1979 2841 2381 2904 vehementia
2409 2842 2661 2920 doloriS,
2681 2843 2867 2905 ardor
2888 2841 3265 2917 devotioniS,
3280 2841 3475 2904 abun—

1979 2941 2195 3004 dantia
2228 2941 2644 3023 jucunditatis
2675 2941 3066 3024 abrumpunt
3094 2939 3307 3018 verba,
3344 2959 3473 3003 ser-

361 3039 546 3102 tioue
578 3039 855 3122 Spiritus
894 3041 1105 3104 Sancti
1147 3040 1214 3102 in
1244 3040 1528 3122 Virgine,
1565 3040 1871 3124 quemad-
1907 3038 1950 3101 C
1981 3058 2365 3121 monemque
2396 3039 2805 3117 intercidunt,
2827 3039 2991 3103 sicut
3011 3041 3161 3102 dum
3184 3039 3470 3102 Christus

361 3139 638 3203 modum
668 3139 750 3202 ab
781 3140 939 3203 isaia
967 3148 1064 3203 est
1092 3140 1467 3222 praedictum
1488 3141 1568 3203 de
1586 3140 1866 3204 Christo:

133 3261 166 3289 ι.
182 3262 204 3289 ι
219 3262 260 3299 ιι,
279 3250 319 3290 2-
361 3238 690 3301 Ascendet
711 3257 924 3301 coram
946 3258 1022 3301 60
1040 3239 1206 3302 sicut
1227 3240 1595 3318 rirgultum,
1616 3247 1681 3301 et
1708 3238 1873 3300 sicut

369 3336 556 3398 radix
588 3337 670 3399 de
695 3344 866 3399 terra
895 3337 1162 3400 sitienti.

461 3438 594 3497 Nec
627 3446 811 3497 tanta
839 3446 930 3497 est
955 3441 1182 3497 domus
1204 3458 1344 3497 mea
1364 3439 1544 3514 apud
1563 3439 1790 3503 Deam,
1809 3432 1871 3506 id

368 3542 496 3611 est,
533 3551 652 3613 ego
682 3541 746 3596 et
777 3535 1030 3598 soboles
1067 3554 1208 3597 mea
1247 3552 1376 3597 non
1420 3554 1640 3597 sumus
1686 3540 1874 3596 tantae

372 3632 823 3715 reputationiS,
872 3632 1204 3713 dignitatis
1251 3641 1361 3695 aut
1403 3632 1614 3697 meriti
1659 3650 1872 3695 coram

365 3732 528 3809 Deo,
577 3742 651 3792 ut
694 3741 962 3811 pactum
1010 3740 1324 3793 ceter-num
1375 3734 1574 3792 iniret
1623 3752 1872 3792 mecum

371 3836 654 3910 firmum
703 3832 780 3891 in
824 3832 1120 3891 omnibus
1169 3841 1360 3909 atque
1403 3833 1754 3902 munitum,
1809 3830 1874 3892 id

373 3938 498 4005 est,
523 3936 596 3991 ut
627 3927 790 3990 mihi
822 3936 992 3991 certe
1015 3926 1411 4008 promitteret
1431 3927 1750 3990 Christum
1773 3948 1878 3989 na-

373 4027 694 4091 sciturum
738 4027 818 4089 de
861 4026 1108 4089 semine
1152 4045 1294 4090 meo
1338 4026 1612 4089 naturali
1658 4035 1722 4089 et
1762 4026 1878 4088 hu-

375 4145 574 4189 mana
621 4125 880 4203 virtute,
929 4125 1039 4187 sed
1090 4124 1580 4207 supernaturali,
1631 4126 1870 4203 divina,

1979 3140 2319 3221 deplorans
2348 3139 2718 3217 Jerusalem,
2738 3139 2899 3203 dixit
2934 3139 3213 3213 :Quia-si
3246 3156 3470 3219 cogno·
3535 3166 3745 3217 Luanx.

1980 3238 2180 3301 visses
2210 3247 2273 3301 61
2303 3247 2395 3315 111,
2416 3247 2479 3301 61
2510 3239 2767 3320 quidem
2801 3238 2867 3301 in
2897 3238 3015 3302 hac
3046 3239 3149 3301 die
3181 3246 3471 3319 tua,-quae
3499 3232 3568 3273 ⁴²·

1981 3336 2057 3397 ad
2102 3354 2325 3418 pacem
2372 3344 2567 3414 tuam,
2617 3356 2789 3400 nunc
2839 3345 3051 3400 autem
3102 3335 3473 3399 abscondita

1981 3444 2130 3496 sunt
2158 3435 2241 3497 ab
2272 3436 2475 3498 oculis
2507 3435 2655 3498 tuis,
2693 3435 2793 3498 Sic
2834 3444 2898 3497 et
2934 3435 3177 3516 Sponsa
3219 3434 3473 3497 in-Can—

1984 3532 2144 3610 ticiS,
2179 3533 2331 3614 Ege,
2368 3534 2601 3615 inquit,
2634 3535 2867 3597 dilecto
2901 3544 3066 3609 meo,
3102 3542 3164 3596 et
3201 3533 3471 3595 dilectus
3504 3555 3764 3607 eane.v·‚2.

1981 3648 2160 3693 meus
2190 3631 2373 3693 mihi.
2411 3631 2511 3695 Sic
2542 3650 2799 3713 quoque
2838 3639 2933 3694 est
2971 3650 3119 3693 611111
3160 3631 3475 3712 praeindu-

1981 3730 2100 3792 ctis
2142 3731 2271 3813 jam
2318 3732 2529 3795 verbis
2574 3730 2793 3795 David.
2829 3734 2961 3793 Nec
2996 3740 3085 3791 est
3114 3732 3475 3811 quidquam

1981 3850 2062 3889 em
2089 3851 2163 3890 ea
2194 3835 2365 3909 quod
2394 3850 2523 3891 non
2546 3832 2869 3907 germinet
2901 3828 3020 3890 :id
3058 3836 3175 3904 est,
3210 3835 3342 3891 tota
3371 3844 3477 3890 vo-

1985 3927 2197 4003 luntas
2226 3948 2366 3992 mea
2394 3929 2523 4011 jam
2555 3928 2644 3991 ita
2672 3946 2937 3991 accensa
2968 3935 3085 4004 est,
3105 3934 3165 3989 et
3198 3925 3477 3989 devotio-

1983 4026 2084 4087 nis
2115 4027 2343 4109 spiritu
2376 4027 2810 4110 impraegnata,
2846 4033 2918 4087 ut
2946 4024 3264 4107 quidquid
3292 4042 3371 4087 ex
3401 4042 3477 4086 66

1987 4126 2274 4208 procedit
2312 4132 2420 4187 aut
2460 4123 2558 4201 fit,
2595 4124 2677 4185 sit
2715 4123 3140 4199 fructuosum,
3172 4131 3364 4203 atque
3398 4122 3476 4184 ad

375 4223 760 4305 coelestique
791 4232 1100 4307 potestate
1130 4232 1432 4305 operante
1464 4223 1704 4305 Spiritu
1736 4223 1880 4286 San·
1909 4226 1960 4289 D
1988 4224 2099 4287 Dei
2126 4224 2393 4305 gloriam
2427 4223 2815 4287 ordinatum.

377 4330 508 4399 cto,
562 4322 750 4403 cujus
797 4321 1034 4385 virtute
1081 4320 1425 4384 formatum
1477 4319 1601 4384 fuit
1648 4340 1879 4403 corpus

377 4421 620 4484 Christi
642 4420 708 4482 in
733 4428 911 4484 utero
931 4420 1211 4499 Virginis
1234 4419 1300 4481 in
1321 4420 1618 4481 instante.
1644 4419 1881 4482 Idcirco

381 4518 802 4601 subjungitur
845 4536 860 4581 ε
907 4522 1151 4580 Cuncta
1189 4520 1362 4579 enim
1401 4523 1580 4579 salus
1621 4540 1783 4590 mea,
1817 4518 1882 4580 id

379 4627 500 4695 est,
527 4602 742 4682 omnis
771 4616 994 4700 gratia,
1016 4617 1218 4680 virtus
1251 4624 1313 4679 et
1345 4615 1619 4680 felicitas
1651 4616 1879 4679 animae

381 4736 567 4793 meae,
601 4716 854 4799 supple,
881 4734 956 4779 ex
987 4717 1112 4779 Deo
1143 4724 1270 4789 est3
1308 4724 1371 4779 61
1399 4735 1475 4779 ex
1505 4736 1619 4779 sua
1647 4716 1882 4798 pietate

381 4816 699 4900 procedit,
735 4816 1072 4898 dependet,
1107 4815 1464 4898 perficitur,
1510 4834 1638 4878 non
1675 4834 1752 4878 ex
1792 4815 1884 4877 vi-

374 4915 568 4978 -ribus
599 4914 796 4989 meis3
828 4924 888 4975 et
916 4916 1127 4975 omnis
1159 4918 1482 4984 voluntas,
1503 4913 1567 4976 id
1597 4921 1713 4989 est,
1750 4921 1882 4975 tota

383 5012 652 5077 affectio
697 5031 858 5089 mea,
907 5011 1156 5093 supple,
1203 5010 1268 5073 in
1316 5012 1527 5093 ipsum
1571 5029 1884 5074 conversa

381 5120 503 5189 est,
540 5120 604 5175 et
632 5110 910 5173 adunata
946 5129 1020 5172 ac
1061 5109 1364 5185 stabilita,
1397 5109 1485 5171 ita
1515 5109 1686 5191 quod
1719 5109 1885 5172 sicut

381 5229 578 5274 omne
607 5208 851 5272 bo'num
880 5208 961 5271 ab
991 5207 1132 5289 ejus
1161 5207 1597 5270 misericordia
1627 5215 1887 5289 praesto-

383 5308 505 5387 lor,
521 5308 850 5377 sic·totum
875 5306 951 5375 ,in
980 5306 1193 5389 ipsum
1227 5305 1497 5369 refundo
1529 5325 1602 5368 66
1632 5305 1881 5368 ordino.

2067 4320 2611 4380 Proevaricatores
2630 4326 2844 4378 autem
2874 4318 3065 4395 quasi
3090 4315 3295 4392 spinae
3322 4317 3481 4373 evel-

1991 4423 2206 4479 lentur
2236 4418 2548 4488 universi,
2582 4415 2789 4492 id-est,
2815 4414 2894 4477 de
2926 4413 3135 4476 medio
3162 4413 3478 4494 justorum

1985 4536 2062 4579 ac
2110 4515 2457 4579 electorum
2508 4513 2812 4577 tollentur
2863 4532 2935 4575 66
2984 4511 3475 4593 separabuntur,

1991 4616 2157 4678 sicut
2204 4614 2405 4697 spinae
2454 4612 2869 4676 extrahuntur
2916 4611 2997 4673 ab
3043 4628 3215 4691 agro,
3253 4628 3332 4673 ne
3371 4628 3483 4673 no-

1991 4721 2175 4777 ceant
2203 4711 2419 4775 herbis
2461 4720 2527 4774 ct
2554 4710 2869 4774 fructibus
2910 4709 3138 4783 bonis3
3172 4730 3315 4789 quoe
3352 4728 3483 4769 non

1993 4817 2313 4873 tolluntur
2334 4812 2651 4872 manibus.
2672 4808 2881 4890 Spinae
2904 4827 3179 4889 namque
3198 4807 3281 4871 ob
3303 4826 3483 4869 suam

1989 4910 2265 4974 acutiem
2316 4910 2485 4971 nuda
2533 4927 2726 4971 manu
2776 4926 2904 4970 non
2954 4906 3348 4983 evelluntur,
3404 4922 3485 4967 ne

1992 5016 2279 5092 pungant
2298 5017 2360 5072 et
2382 5008 2613 5071 laedant
2632 5025 2891 5070 manum
2924 5006 3207 5068 tollentis
3238 5024 3350 5068 seu
3380 5024 3486 5067 au·

1994 5107 2280 5172 ferentiS.
2316 5107 2459 5170 Ideo
2498 5106 2815 5181 subditur,
2850 5115 2911 5166 et
2952 5106 3012 5163 si
3052 5105 3197 5184 quis
3230 5114 3487 5181 canyere

1991 5228 2097 5267 eas
2127 5206 2815 5274 voluerit,a›·mabitur
2841 5205 3018 5281 ferro
3046 5212 3107 5263 et
3140 5203 3314 5279 liquo
3346 5204 3488 5261 lan-

1995 5314 2195 5374 ceato,
2224 5302 2289 5365 id
2330 5310 2427 5365 est
2468 5301 2704 5364 ferrato
2739 5318 2754 5362 ε
2790 5302 2908 5365 hoc
2938 5307 3057 5379 est,
3092 5318 3238 5363 cum
3280 5296 3487 5363 ferreo
