4359 6250
125 2167 263 2218 lavu,

945 505 1292 551 manuario
1335 505 1396 550 IN
1439 504 1574 551 caP.
1622 504 1709 551 XX
1749 503 1907 549 unm
1944 503 2146 550 Tssn'ru
2190 504 2412 552 numm.
2459 527 2539 536 —
2580 506 2721 554 ΛΒΤ.
2770 507 2897 554 XXX

3341 487 3453 554 721

359 693 468 738 mo
501 676 814 758 insperati
858 679 1135 756 auditu8‚
1169 697 1245 742 ex
1283 698 1412 761 quo
1450 680 1865 762 consequitur
1893 672 1942 734 A
2053 681 2237 742 Abiit
2263 701 2407 759 erqo
2436 685 2785 760 Propheta,
2814 693 2873 743 et
2910 685 3191 744 occurrit
3220 683 3357 758 reyi
3387 683 3459 740 in

357 771 608 836 bonum
640 775 926 854 alteriuS,
961 785 1024 838 et
1043 786 1305 841 vocatur
1335 796 1521 841 omen
1554 779 1751 840 illius.
1777 781 1864 840 Et

357 873 748 948 festinantes
777 886 1149 952 rapuerunt
1171 879 1434 938 verbum
1452 897 1534 936 eoe
1563 898 1668 938 ore
1696 878 1862 955 ejus,

359 972 718 1052 repetendo
761 970 946 1050 illud,
983 981 1055 1036 ut
1104 982 1404 1056 tanquam
1450 995 1487 1036 a
1531 993 1679 1056 rege
1721 993 1866 1056 pro-

359 1068 594 1144 latum,
629 1069 1091 1134 inviolabiliter
1121 1079 1503 1136 servaretur.
1532 1073 1865 1136 Timebant

357 1186 646 1249 namque
706 1189 786 1232 ne
835 1169 1053 1232 Achab
1103 1179 1472 1234 retractaret
1519 1171 1676 1233 illud
1729 1180 1865 1234 tan-

357 1284 562 1347 quam
603 1266 742 1329 sine
776 1266 1238 1332 deliberatione
1281 1269 1621 1351 prolatum.
1655 1273 1865 1348 Atque

355 1367 728 1427 dixerunt:
749 1367 1178 1430 Fratertuus
1209 1371 1527 1430 Benadad
1557 1368 1743 1429 vivit.
1778 1369 1864 1428 Et

355 1465 546 1524 dixit
563 1467 654 1526 eis
671 1485 694 1523 .·
709 1468 809 1526 Ite
825 1475 886 1525 et
906 1467 1212 1526 adducite
1229 1487 1379 1526 eum
1401 1469 1487 1528 ad
1507 1486 1626 1528 me.
1648 1469 1868 1545 Eyres-

355 1582 472 1622 sus
517 1573 606 1623 est
649 1582 796 1640 erqo
835 1565 925 1624 ad
961 1585 1110 1625 eum
1145 1567 1502 1638 Benadad„
1527 1573 1588 1625 et
1628 1568 1867 1626 levavit

355 1681 516 1722 eum
544 1663 615 1722 in
648 1681 919 1722 currum
944 1683 1160 1724 suum.
1198 1665 1326 1733 Qui
1352 1665 1529 1724 dioeit
1557 1665 1620 1723 ei
1649 1684 1672 1722 .·
1695 1665 1867 1724 Civi-

363 1767 530 1818 tates
574 1779 736 1838 quas
777 1761 932 1820 tulit
969 1770 1160 1837 pater
1200 1781 1376 1821 meus
1416 1783 1455 1821 a
1499 1770 1690 1838 patre
1731 1771 1858 1838 tue,

1974 780 2106 851 via,
2145 790 2205 840 et
2235 782 2515 841 mutavit
2542 783 2952 858 adspersione
2984 783 3281 858 pulveris
3308 801 3375 840 os
3402 789 3461 840 et

1971 879 2185 936 oculos
2221 898 2388 951 suos,
2437 877 2505 939 id
2554 886 2670 954 est,
2720 878 3201 961 dispositionem
3248 878 3463 941 vultus

1974 973 2072 1036 sui
2105 975 2418 1052 alteravit,
2444 976 2775 1058 pulverem
2798 976 3107 1057 sanguine
3128 993 3243 1040 suo
3272 975 3465 1038 intin-

1973 1080 2146 1135 ctum
2203 1073 2410 1136 vultui
2470 1076 2985 1157 superponendO,
3033 1094 3113 1138 ne
3169 1092 3469 1154 agnosce-

1975 1179 2168 1233 retur.
2202 1171 2377 1234 Fecit
2425 1190 2681 1254 quoque
2729 1193 2797 1235 se
2844 1172 3191 1250 vulnerari,
3242 1180 3315 1234 ut
3352 1191 3469 1234 sua

1975 1268 2417 1334 vulneratione
2446 1270 2727 1334 suturam
2761 1272 2927 1353 regis
2957 1271 3464 1336 vulnerationem

1977 1368 2412 1449 praesignaret.
2450 1372 2785 1449 Quumque
2811 1391 2930 1430 reoe
2960 1372 3307 1440 transisset,
3338 1374 3466 1430 cla-

1976 1469 2184 1527 mavit
2202 1470 2291 1528 ad
2312 1488 2523 1544 reyem
2538 1478 2597 1528 et
2617 1468 2758 1528 ait:
2778 1471 3020 1530 Servus
3051 1478 3225 1538 tuus,
3239 1467 3467 1530 videli-

1977 1573 2076 1626 cet
2107 1582 2225 1646 ego
2258 1564 2539 1628 famulus
2563 1573 2733 1642 tuus,
2766 1587 3049 1645 egressus
3077 1577 3167 1627 est
3196 1570 3285 1627 ad
3306 1586 3467 1644 proe-

1980 1666 2285 1726 liandum
2304 1667 2619 1736 cominu-e,
2654 1665 2719 1727 id
2749 1673 2845 1728 est
2878 1682 3098 1747 prope.
3136 1668 3469 1746 Quumque

1975 1761 2249 1839 fuyisset
2278 1765 2382 1823 vir
2410 1783 2583 1824 unus
2616 1764 2695 1826 de
2734 1762 2977 1844 praelio,
3013 1762 3117 1826 vel
3159 1764 3238 1825 de
3274 1782 3469 1826 manu

363 1860 642 1920 reddam
659 1881 688 1930 ,·
727 1867 788 1919 et
811 1863 1064 1937 plateas
1101 1862 1212 1937 fac
1244 1862 1382 1933 cibi,
1419 1859 1482 1922 id
1522 1869 1618 1924 est
1653 1860 1865 1924 forum
1901 1854 1948 1916 B
1977 1860 2113 1942 ejus
2167 1881 2205 1922 a
2254 1879 2381 1942 quo
2436 1861 2643 1924 fuerat
2694 1870 2939 1944 captuS‚
2992 1864 3277 1924 adduoeit
3318 1883 3468 1924 eum

365 1973 588 2016 rerum
647 1955 994 2032 venalium,
1045 1977 1121 2020 ex
1167 1976 1297 2039 quo
1345 1957 1658 2022 tributum
1705 1958 1868 2022 acci—

367 2051 536 2134 piaS‚
583 2055 658 2114 in
688 2057 1000 2116 Damasco
1050 2056 1388 2138 metropoli
1430 2056 1645 2140 Syriai,
1691 2056 1870 2138 juxta

308 2202 318 2214 .
367 2151 532 2214 illud
567 2151 635 2213 in
666 2151 846 2229 isaia,
870 2152 1071 2235 Caput
1101 2153 1294 2236 Syriae
1322 2157 1870 2234 DamascuS‚sicut

365 2252 528 2327 fecit
548 2260 740 2328 pater
773 2272 948 2312 naeus
978 2255 1048 2314 in
1083 2257 1418 2326 Samaria,
1451 2265 1510 2316 et
1537 2276 1649 2333 eqo
1678 2258 1870 2333 foede-

365 2359 556 2410 ratus
602 2353 898 2411 recedam
939 2372 981 2412 a
1021 2362 1098 2414 te.
1133 2352 1303 2415 Istud
1335 2362 1546 2416 autem
1578 2354 1867 2416 Benadad

367 2465 505 2512 non
533 2447 696 2511 dixit
717 2467 794 2511 ex
816 2447 1052 2526 animo,
1079 2450 1188 2513 sed
1221 2451 1426 2532 magis
1445 2453 1524 2514 ad
1555 2451 1870 2533 decipien-

365 2547 526 2608 dum
577 2546 790 2628 ipsum
841 2547 1080 2625 Achab,
1127 2556 1197 2610 ut
1243 2549 1446 2631 aliqui
1497 2550 1862 2632 opinantur.

367 2647 636 2722 Pepiyit
674 2665 821 2723 erqo
851 2648 1085 2725 foedus,
1108 2656 1168 2706 et
1195 2649 1449 2709 dimisit
1477 2669 1643 2708 eum.

453 2743 762 2824 Denique,
825 2744 1132 2825 quoniam
1182 2745 1396 2810 Achab
1457 2746 1742 2828 peccavit
1800 2746 1868 2808 in

369 2841 518 2918 isto,
537 2841 949 2905 indiscretam
981 2842 1169 2906 istam
1188 2844 1597 2908 clementiam
1629 2844 1870 2927 impen-

1977 1961 2249 2037 quidam
2279 1963 2369 2020 ad
2406 1981 2528 2031 me,
2558 1970 2617 2020 et
2661 1961 2758 2020 ait
2789 1981 2812 2020 .·
2848 1961 3110 2022 Custodi
3140 1963 3359 2020 virum
3388 1962 3468 2020 is-

1979 2067 2134 2119 tum.
2175 2061 2303 2126 Qui
2330 2060 2389 2118 si
2432 2062 2651 2136 lapsus
2682 2059 2915 2135 suerit,
2945 2057 3009 2120 id
3053 2065 3169 2135 est,
3206 2076 3467 2119 manum

1979 2165 2150 2219 tuam
2181 2156 2475 2232 evaserit,
2508 2158 2632 2217 erit
2669 2159 2899 2218 anima
2939 2166 3051 2218 tua
3088 2176 3210 2233 pro
3239 2156 3468 2218 anima

1976 2256 2189 2326 itlius,
2219 2254 2284 2318 id
2328 2264 2445 2332 est,
2490 2273 2605 2337 pro
2650 2255 2791 2337 ipso
2834 2254 2959 2317 eris
3007 2253 3171 2317 mihi
3220 2273 3465 2330 servuS,

1978 2353 2081 2416 vel
2111 2354 2253 2418 loco
2292 2353 2497 2436 ipsius
2536 2352 2971 2430 interficieris,
3005 2363 3121 2414 aut
3154 2357 3469 2414 talentum

1977 2455 2235 2530 amenti
2263 2456 2606 2531 appendes,
2631 2453 2697 2515 id
2725 2460 2845 2530 est,
2864 2469 2983 2534 pro
3002 2452 3143 2533 ejus
3170 2451 3469 2515 evasione

1979 2549 2309 2633 praefixam
2360 2549 2569 2614 solves
2616 2549 2977 2632 pecuniam.
3030 2553 3207 2612 Dum
3250 2559 3469 2610 autem

1977 2669 2086 2726 e90
2121 2653 2415 2711 turbatus
2444 2651 2573 2709 lzuc
2591 2651 2876 2728 illucque
2894 2669 2993 2710 me
3012 2659 3339 2720 verterem,
3360 2665 3470 2708 un·

1979 2747 2174 2828 dique
2210 2747 2787 2829 circumspiciendo
2823 2755 3086 2829 propter
3122 2745 3467 2809 imminens

1979 2845 2134 2908 belli
2155 2844 2511 2928 periculum
2532 2845 2922 2924 evitandum,
2940 2847 3145 2908 subito
3159 2865 3292 2908 non
3312 2865 3471 2908 com-

367 2940 584 3002 dendo
617 2940 752 3021 regi
782 2940 1160 3022 blasphemo
1199 2943 1388 3005 morti
1420 2943 1717 3019 obnoxio,
1753 2944 1871 3006 Do-
1971 2947 2206 3022 paruit
2235 2946 2349 3005 ille
2368 2944 2683 3027 captivus,
2704 2943 2857 3026 quia
2884 2953 3147 3027 repente
3176 2945 3341 3008 clam
3372 2943 3471 3006 fu-

368 3039 590 3100 minus
619 3038 912 3120 praedixit
941 3041 1002 3103 ei
1034 3041 1115 3104 de
1143 3041 1264 3104 hoc
1284 3042 1562 3106 debitam
1587 3059 1864 3126 poenam,
1896 3039 1946 3104 C
1979 3041 2093 3120 git.
2117 3044 2205 3103 Et
2240 3044 2336 3102 ait
2365 3063 2481 3102 rex
2509 3045 2719 3103 Israel
2749 3045 2836 3103 ad
2863 3063 3011 3103 eum
3040 3063 3063 3102 .·
3085 3045 3221 3104 Hoc
3248 3052 3341 3104 est
3352 3042 3473 3119 ju-

367 3144 444 3198 ut
503 3136 820 3200 subditur.
881 3142 1059 3199 Tunc
1107 3142 1212 3199 vir
1261 3144 1532 3220 quidam
1579 3144 1659 3202 de
1705 3144 1870 3218 filiis

361 3238 863 3314 prophetarum,
889 3236 1001 3317 qui
1031 3238 1130 3317 (ut
1157 3237 1224 3299 in
1251 3238 1638 3302 Scholastica
1667 3239 1870 3302 fertur

139 3350 186 3392 111
206 3352 314 3407 neq.
369 3334 672 3413 historia)
711 3333 836 3396 fuit
871 3334 1160 3398 Michaeas
1195 3353 1208 3396 :
1244 3337 1323 3399 de
1367 3356 1496 3419 quo
1535 3337 1600 3400 in
1645 3337 1872 3400 ultimo

92 3418 336 3470 ¹¹¹¹’⁸²‘⁸“¹·
371 3433 572 3515 hujus
619 3432 770 3495 libri
809 3433 1092 3516 capitulo
1141 3434 1328 3516 plura
1374 3435 1728 3511 habentur3
1770 3438 1874 3498 di-

370 3534 478 3593 aeit
509 3534 598 3592 ad
620 3534 866 3592 socium
894 3552 1086 3593 suum
1117 3534 1192 3594 in
1210 3537 1790 3607 sermoneDomini,
1807 3534 1872 3597 id

370 3638 470 3693 est
501 3649 579 3693 ex
610 3628 998 3693 revelatione
1029 3636 1092 3693 et
1120 3631 1570 3695 commissione
1599 3632 1820 3696 divina
1853 3651 1866 3694 :

365 3732 650 3791 Percute
690 3748 809 3789 me.
843 3731 933 3788 At
967 3731 1080 3788 ille
1117 3733 1333 3790 noluit
1357 3741 1714 3807 percutere,
1746 3729 1874 3794 for-

369 3826 540 3889 sitan
583 3834 846 3908 propter
877 3827 1300 3889 reverentiam
1335 3828 1459 3890 viri
1500 3836 1627 3891 tam
1669 3830 1871 3893 sancti

367 3933 436 3987 et
464 3922 823 3986 sanctitatis
855 3922 1079 4004 ipsius,
1119 3925 1242 3984 Cui
1270 3925 1368 3985 ait
1399 3946 1421 3984 .·
1458 3928 1624 3993 Quia
1659 3930 1874 3987 nolui-

367 4026 458 4083 sti
507 4025 762 4083 audire
788 4042 1000 4083 vocem
1047 4025 1343 4093 Domini,
1382 4023 1446 4085 id
1495 4033 1613 4102 est,
1661 4025 1872 4088 verbis

371 4121 539 4185 meis
569 4140 648 4183 ex
679 4129 860 4203 parte
889 4120 999 4183 Dei
1043 4121 1308 4203 prolatis
1355 4121 1616 4185 obedire
1659 4123 1878 4185 abnui-

371 4220 481 4283 sti.
522 4219 701 4282 Unde
740 4218 1017 4295 elicitur,
1057 4220 1232 4300 quod
1278 4220 1488 4283 socius
1536 4220 1648 4283 ille
1696 4221 1876 4285 novit

371 4318 756 4400 prophetam
787 4316 972 4380 illum
1005 4337 1081 4381 ex
1108 4336 1219 4381 ore
1239 4318 1348 4381 Dei
1381 4318 1664 4381 locutum
1693 4319 1876 4383 :ideo

373 4435 508 4480 non
540 4416 898 4480 obediendo
919 4416 1132 4479 verbis
1152 4415 1499 4498 Prophetae,
1521 4415 1645 4479 fuit
1664 4417 1878 4481 inobe-

373 4516 562 4579 diens
583 4516 730 4591 De0‚
749 4515 970 4596 sicque
987 4515 1341 4596 promeruit
1363 4523 1648 4593 mortem,
1662 4535 1878 4597 quem-

373 4614 722 4677 admodum
764 4612 1058 4675 subditur
1093 4630 1108 4673 :
1142 4634 1276 4673 ecce
1317 4618 1561 4675 recedes
1589 4638 1632 4677 a
1661 4636 1787 4685 me,
1816 4626 1876 4676 et

367 4715 718 4791 percutiet,
751 4711 816 4773 id
857 4720 954 4775 est
997 4712 1265 4791 occidet,
1301 4723 1358 4775 te
1389 4717 1502 4775 leo,
1541 4717 1877 4793 Quumque

367 4813 732 4889 paululum
781 4812 1126 4871 recessisset
1175 4814 1254 4873 ab
1298 4833 1394 4882 ee,
1428 4814 1680 4873 invenit
1726 4833 1876 4875 eum

380 4912 474 4969 leo
517 4916 710 4986 atque
739 4910 1079 4985 percussit.
1114 4911 1245 4969 Sed
1284 4919 1345 4970 et
1383 4914 1662 4973 alterum
1705 4913 1878 4973 inve-

379 5009 570 5069 niens
615 5007 858 5077 virum,
889 5008 1067 5067 dixit
1106 5009 1195 5067 ad
1229 5009 1714 5070 eum.·Percute
1751 5030 1872 5071 me.

382 5106 515 5175 Qui
553 5106 874 5186 percussit
916 5106 1132 5175 illum,
1163 5113 1224 5163 et
1267 5108 1642 5167 vulneravit
1672 5128 1693 5165 .·
1724 5107 1878 5187 quia

381 5202 684 5265 credebat
723 5203 899 5283 quod
938 5220 1015 5263 ex
1058 5201 1167 5265 Dei
1209 5210 1528 5284 praecepto
1566 5203 1879 5285 Propheta

379 5298 615 5381 petivit
642 5318 712 5365 se
737 5298 1007 5381 percuti.

637 5430 702 5482 T.
738 5433 786 5483 3.

1979 3142 2233 3202 dicium
2262 3151 2445 3202 tuum
2478 3145 2649 3221 quod
2686 3144 2821 3219 ipse
2850 3144 3213 3211 decrevisti,
3241 3140 3308 3203 id
3350 3148 3467 3215 est,

1981 3256 2235 3321 poenam
2298 3259 2487 3321 quam
2542 3239 2828 3321 tetigisti,
2883 3238 3253 3315 sustinebiS,
3302 3239 3473 3320 quod

1983 3336 2231 3400 scilicet
2257 3338 2471 3399 anima
2494 3346 2601 3399 tua
2629 3338 2754 3401 erit
2782 3356 2899 3419 pro
2929 3338 3143 3401 anima
3164 3337 3339 3400 illius
3360 3336 3471 3418 qui

1984 3434 2147 3514 fugit
2185 3436 2263 3497 de
2302 3453 2495 3496 manu
2541 3444 2671 3511 tua,
2707 3434 2805 3497 vel
2854 3436 3062 3499 solves
3106 3435 3467 3517 pecuniam,

1981 3534 2071 3595 ita
2113 3533 2284 3615 quod
2324 3532 2597 3595 alterum
2641 3532 2870 3594 horum
2909 3534 3181 3596 duorum
3225 3531 3471 3595 subibis

1981 3640 2045 3694 et
2074 3632 2233 3695 lues.

2061 3733 2150 3792 At
2182 3732 2294 3790 ille
2329 3730 2552 3791 statim
2586 3730 2877 3790 abstersit
2896 3732 3234 3805 pulverem
3264 3732 3343 3789 de
3370 3731 3474 3806 fw-

1982 3832 2078 3888 cie
2105 3850 2252 3899 sua,
2280 3836 2351 3890 ut
2384 3834 2869 3907 cognosceretur
2908 3846 2945 3888 a
2984 3844 3129 3906 rege
3170 3827 3301 3908 jam
3342 3826 3475 3888 illa-

1985 3934 2214 4007 queato
2235 3924 2477 4007 proprii
2500 3923 2630 3987 oris
2658 3924 2915 4005 judicio,
2935 3934 2995 3985 et
3014 3926 3307 4001 coynovit
3326 3943 3471 3983 eum

1985 4046 2104 4085 rea>
2132 4027 2339 4086 Israel
2368 4026 2538 4103 quod
2565 4032 2717 4083 esset
2746 4025 2825 4081 de
2846 4024 3199 4099 prophetis.
3230 4024 3357 4089 Qui
3376 4024 3474 4082 ait

1985 4126 2073 4183 ad
2101 4144 2276 4191 eum,
2308 4120 2691 4202 applicando
2722 4120 2938 4182 Achab
2978 4118 3369 4201 parabolam,
3403 4120 3469 4181 in

1908 4218 1960 4281 D
1985 4240 2113 4301 qua
2155 4219 2277 4283 sub
2322 4236 2594 4301 persona
2627 4218 2886 4301 propria
2929 4216 3053 4279 fuit
3099 4216 3348 4281 locutus
3393 4217 3473 4279 de

1985 4336 2257 4400 persona
2286 4318 2491 4400 ipsius
2516 4333 2530 4378 :
2557 4320 2711 4379 Haec
2738 4317 2902 4377 dicit
2920 4318 3238 4378 Dominus
3258 4336 3282 4375 .·
3306 4317 3475 4383 Quia

1983 4418 2300 4478 dimisisti
2346 4418 2567 4477 virum
2604 4418 2885 4491 diynum
2920 4424 3121 4476 morte
3157 4416 3237 4475 de
3270 4434 3477 4475 manu

1988 4526 2124 4587 tua,
2159 4514 2404 4579 scilicet
2434 4512 2722 4577 Benadad
2751 4530 2961 4592 regem
3003 4511 3470 4595 blasphemum,

1983 4633 2176 4695 quem
2208 4614 2371 4676 Deus
2400 4612 2576 4676 dedit
2614 4611 2680 4673 in
2712 4628 2973 4674 manum
3013 4618 3187 4673 tuam
3226 4618 3298 4673 ut
3326 4628 3475 4673 eum

1985 4712 2328 4789 occidereS‚
2376 4710 2546 4793 quod
2586 4718 2650 4773 et
2698 4708 2816 4772 tibi
2856 4707 3299 4783 denuntiavit3
3349 4710 3476 4769 erit

1984 4815 2216 4873 anima
2246 4822 2359 4873 tua
2380 4830 2503 4888 pro
2534 4811 2765 4869 anima
2794 4810 3007 4876 illius,
3029 4806 3095 4869 id
3125 4815 3242 4883 est,
3280 4814 3349 4870 tu
3378 4826 3475 4870 oc·

1986 4910 2218 4973 cideris
2246 4926 2363 4991 pro
2400 4926 2497 4984 eo,
2532 4906 2663 4969 imo
2701 4913 2766 4968 et
2806 4904 2888 4968 ab
2927 4922 3008 4967 eo
3034 4923 3146 4967 seu
3188 4904 3329 4986 ejus
3370 4923 3473 4967 ex-

1987 5008 2189 5072 ercitu
2227 5026 2241 5070 :
2279 5014 2351 5068 ut
2378 5004 2547 5068 inira
2572 5004 2871 5078 habetur3
2914 5013 2977 5065 et
3004 5008 3287 5083 populus
3324 5012 3471 5063 tuus

1987 5106 2108 5169 erit
2131 5124 2251 5184 pro
2278 5108 2511 5182 populo
2540 5106 2703 5181 ejus,
2720 5103 2783 5166 id
2818 5110 2931 5179 est,
2954 5100 3281 5165 occidetur
3308 5120 3347 5163 a
3364 5116 3472 5181 po-

1989 5203 2140 5286 pulo
2169 5202 2308 5282 ejus
2340 5219 2455 5282 pro
2494 5218 2722 5280 magna
2762 5208 2961 5282 parte,
2998 5208 3070 5261 ut
3108 5198 3279 5261 infra
3312 5197 3475 5261 dice-

1986 5310 2089 5363 tur
2114 5317 2128 5361 :
2153 5299 2373 5380 sicque
2400 5306 2663 5380 propter
2692 5298 2899 5361 scelus
2928 5298 3117 5377 regis,
3133 5314 3475 5379 percussus

3164 5430 3229 5480 ⁴6

3542 5041 3595 5084 ill
3625 5043 3739 5097 Rea.

3498 5117 3598 5156 xxii,
3614 5108 3683 5155 ³4,
3699 5107 3767 5147 ³5.
