4359 6250
1315 508 1660 556 smum-rio
1705 509 1764 554 m
1806 510 1942 554 car.
1990 509 2010 554 1
2050 509 2251 556 sesua.
2298 529 2379 538 —
2420 510 2561 556 Aur.
2611 512 2631 557 1
3474 493 3509 554 7

415 678 752 743 missionis
802 680 882 743 ab
930 680 1198 743 oriente.
1254 680 1332 743 At
1380 698 1532 743 vero
1581 697 1693 762 per
1743 695 1916 740 mare
1944 676 1995 739 A
2026 696 2097 740 ac
2129 680 2590 758 gratiosissime
2621 681 2975 760 dirigende,
3004 680 3412 761 protegendo,
3439 699 3511 742 ac

415 779 921 862 Magnum,quod
953 788 1049 843 est
1079 787 1302 844 contra
1327 779 1479 842 solis
1501 777 1916 854 occasum,in-

415 876 734 959 telligitur
759 897 934 941 mare
953 878 1506 941 Mediterraneum:
1532 878 1702 959 quod
1722 876 1913 939 etiam

415 977 656 1040 dicitur
707 997 884 1040 mare
920 976 1343 1052 Occidentale,
1381 985 1670 1058 respectu
1721 975 1913 1036 maris

416 1075 668 1152 Mortui,
706 1077 876 1157 quod
907 1084 1004 1138 est
1034 1076 1099 1138 in
1135 1084 1316 1157 parte
1345 1073 1640 1137 orientali
1669 1091 1682 1134 ε
1718 1081 1781 1135 et
1811 1090 1916 1135 vo-

415 1183 599 1239 catur
651 1193 826 1237 nunc
869 1174 1161 1256 Magnum
1210 1192 1405 1250 mare,
1454 1191 1579 1236 non
1620 1172 1790 1253 quod
1831 1171 1916 1233 sit

417 1291 595 1335 mare
643 1271 986 1348 Oceanum,
1031 1273 1203 1354 quod
1254 1271 1634 1354 simpliciter
1679 1269 1916 1332 dicitur

417 1389 726 1452 magnum
759 1390 954 1449 mare,
977 1379 1037 1433 et
1068 1371 1433 1436 universam
1463 1369 1662 1433 ambit
1691 1389 1764 1432 ac
1796 1369 1918 1431 cir-

415 1470 554 1534 cuit
585 1479 818 1534 terram
845 1494 860 1544 3
896 1470 1006 1534 sed
1037 1488 1362 1551 magnum,
1399 1478 1690 1552 respectu
1721 1469 1916 1531 maris

419 1569 618 1632 Rubri
651 1578 761 1632 aut
787 1569 982 1632 maris
1013 1569 1260 1646 Mortui,
1294 1578 1723 1652 nuncupatur.
1748 1569 1918 1631 Insu-

153 1677 390 1752 Efod-nu
421 1686 536 1749 per
579 1667 822 1731 Hethaei
871 1677 1054 1730 erant
1104 1687 1232 1730 una
1279 1685 1436 1748 gens
1488 1667 1568 1730 de
1619 1667 1914 1748 gentibus

111 1745 152 1788 ε’
177 1744 245 1780 ¹¹·
420 1785 698 1847 quarum
749 1775 948 1830 terras
991 1767 1153 1830 Deus
1196 1766 1354 1828 filiis
1395 1767 1580 1830 Israel
1615 1764 1917 1848 repromi—

2027 777 2514 860 triumphand03
2549 781 2813 860 gratiam
2846 798 3103 862 quoque
3134 779 3507 861 prophetiae,

2026 875 2325 938 virtutem
2350 877 2803 942 miraculorum
2826 887 2887 941 et
2910 877 3330 942 revelationes
3351 876 3511 939 divi-

2026 992 2139 1036 nas
2171 973 2562 1039 conferendo
2584 977 3279 1040 eidemNe-rumtamen
3313 975 3378 1036 in
3411 974 3511 1037 his

2025 1072 2321 1136 omnibus
2354 1073 2767 1137 excellentius
2802 1075 2923 1138 suit
2954 1097 3099 1139 cum
3132 1076 3360 1157 Moyse,
3386 1073 3510 1136 nisi

2024 1172 2196 1253 quod
2253 1172 2317 1233 in
2372 1173 2827 1236 miraculorum
2886 1175 3274 1258 operatione,
3312 1174 3511 1262 ›Josue

2026 1270 2279 1334 videtur
2326 1271 2576 1353 Moysen
2627 1272 3097 1353 quodammodo
3140 1273 3505 1349 excessisse,

2026 1390 2139 1453 per
2188 1372 2306 1434 hoc
2353 1373 2525 1453 quod
2569 1372 2766 1435 solem
2818 1381 2881 1434 et
2927 1372 3141 1434 lunam
3188 1371 3339 1434 fecit
3379 1382 3509 1436 tam
3537 1386 3804 1438 amnui.

2027 1470 2444 1552 imperialiter
2468 1479 2655 1534 stare.
2676 1473 2821 1534 Non
2840 1472 3174 1532 dimittam
3203 1490 3318 1530 nec
3344 1474 3513 1530 dere-

2027 1570 2325 1649 linquam
2378 1580 2453 1642 ce,
2492 1569 2553 1630 id
2599 1579 2715 1646 est,
2754 1570 2924 1631 intus
2966 1577 3028 1632 et
3065 1577 3242 1632 extra
3275 1576 3333 1630 te
3364 1587 3512 1650 pro-

2025 1675 2255 1748 tegam.

2065 1767 2476 1843 soralbo-tare
2496 1785 2572 1828 ex
2596 1785 2737 1828 mea
2758 1766 3181 1847 promissione
3206 1773 3269 1828 ot
3297 1782 3515 1828 conso-

419 1865 524 1942 sit,
563 1872 635 1927 ut
677 1864 744 1926 in
787 1864 1001 1929 Exodo
1045 1873 1238 1948 patet.
1273 1865 1452 1928 Unde
1481 1865 1602 1929 hoc
1633 1864 1772 1927 loco
1804 1882 1916 1945 per
1954 1858 1999 1920 B
2028 1863 2287 1941 latione,
2321 1874 2382 1925 et
2410 1874 2535 1925 esto
2564 1867 2859 1925 robustus
2889 1872 3101 1927 mente
3131 1872 3193 1926 et
3223 1882 3508 1946 corpore.

419 1971 656 2025 terram
688 1963 1114 2040 Hethaeorum,
1135 1971 1318 2027 terrae
1349 1963 1632 2026 omnium
1662 1963 1916 2025 illarum

411 2061 708 2142 gentium
741 2062 1177 2142 designantur,
1213 2063 1566 2124 secundum
1612 2061 1783 2142 quod
1826 2070 1918 2123 to—

421 2168 558 2222 tum
609 2159 774 2223 solet
822 2180 937 2242 per
980 2169 1224 2242 partem
1267 2161 1530 2242 signari.
1566 2159 1685 2223 Sed
1717 2160 1917 2242 quaeri

411 2267 654 2341 potest,
709 2259 1032 2340 quomodo
1083 2257 1416 2322 verificata
1463 2260 1547 2321 sit
1596 2258 1717 2322 ista
1771 2277 1915 2340 pro-

421 2357 671 2434 missio,
707 2377 906 2439 quum
951 2366 1194 2421 certum
1239 2358 1322 2420 sit
1363 2359 1533 2440 quod
1576 2357 1699 2420 filii
1730 2358 1917 2420 Israel

423 2465 713 2538 tempore
732 2457 922 2519 Josue
945 2474 1272 2538 nunquam
1295 2456 1694 2519 obtinuerint
1727 2464 1918 2519 totam

420 2561 658 2615 terram
690 2551 1047 2636 praefatam.
1082 2551 1541 2634 Respondetur,
1575 2553 1746 2634 quod
1783 2570 1921 2634 pro·

425 2651 652 2714 missio
683 2652 808 2714 ista
839 2650 1009 2714 facta
1039 2659 1136 2713 est
1178 2651 1416 2734 populo
1460 2651 1802 2714 israelitico
1853 2650 1919 2712 in

427 2750 778 2828 communi,
824 2769 938 2812 seu
968 2748 1236 2813 confuse
1273 2749 1393 2812 sub
1437 2749 1697 2812 nomine
1734 2750 1921 2812 Josue

427 2859 490 2914 et
533 2869 756 2914 eorum
789 2849 903 2932 qui
935 2858 1222 2931 tempore
1251 2849 1390 2930 ejus
1425 2847 1706 2926 suerunt,
1741 2858 1804 2912 et
1835 2849 1922 2911 ita

137 2972 397 3080 {gff‘j'i'ss'¹''
427 2949 736 3034 paulatim
789 2947 854 3010 in
907 2948 1148 3030 populo
1188 2947 1300 3010 illo
1342 2946 1466 3009 fuit
1499 2946 1780 3029 impleta,
1816 2966 1923 3030 po-

187 3053 196 3076 2
322 3049 398 3087 ῳ.

155 3113 164 3120 ,
237 3113 248 3122 .
325 3101 351 3129 2

129 3101 399 3203 :gissan-⁰.
429 3149 528 3211 his
560 3166 755 3229 super
785 3146 1070 3209 Exodum
1101 3145 1356 3228 plenius
1387 3146 1638 3228 scripsi.

133 3226 398 3331 {fuam-2,
524 3250 774 3311 Nullus
817 3247 1058 3323 poterit
1111 3247 1284 3305 vobis
1339 3248 1628 3306 resistere
1677 3247 1922 3306 cunctis

429 3348 654 3407 diebus
687 3346 836 3405 vitoe
867 3353 1014 3405 tuce.
1039 3342 1270 3406 Contra
1301 3343 1422 3407 hoc
1452 3343 1723 3418 videtu-r,
1751 3343 1921 3423 quod

81 3492 90 3499 .
149 3460 399 3509 amus:
435 3462 614 3524 reges
644 3443 1146 3506 Chananaeorum
1189 3450 1408 3505 eontra
1439 3442 1627 3504 Josue
1658 3450 1719 3504 ct
1751 3440 1922 3504 filios

134 3528 399 3576 ‘''·¹³‘¹¹’'’³·
431 3542 620 3606 lsrael
653 3549 803 3605 sunt
833 3540 1180 3622 congressi,
1201 3548 1276 3603 ,et
1306 3548 1750 3622 pugnaverunt
1781 3558 1926 3603 con-

430 3650 526 3703 tra
555 3659 665 3704 eos
688 3638 813 3704 viri
842 3639 1116 3715 Jericho,
1143 3638 1272 3701 imo
1305 3646 1366 3700 et
1396 3637 1780 3701 habitatores
1811 3638 1924 3700 Hai

433 3738 604 3801 filios
633 3736 824 3800 lsrael
860 3734 1242 3818 fugaverunt
1273 3744 1334 3799 et
1363 3737 1671 3817 quosdam
1703 3755 1923 3799 eorum

432 3834 938 3900 interfecerunt:
976 3853 1118 3916 quae
1157 3834 1372 3897 omnia
1416 3834 1586 3897 infra
1635 3834 1702 3896 in
1753 3842 1924 3897 textu

435 3934 776 3998 habentur.
794 3933 873 3994 Et
903 3933 1442 4014 respondendum,
1459 3933 1630 4015 quod
1661 3932 1926 3995 Resiste-

429 4051 522 4111 re,
550 4031 826 4094 sumitur
856 4030 961 4093 hic
985 4049 1102 4111 pro
1131 4029 1496 4094 Praevalere.
1521 4031 1642 4093 ista
1669 4049 1926 4112 quoque

428 4130 795 4215 promissio,
813 4129 933 4192 sub
955 4128 1320 4193 conditione
1344 4128 1370 4189 s
1375 4129 1467 4191 uit
1490 4128 1925 4209 intelligenda,

2025 1963 2168 2025 Haec
2228 1961 2441 2025 omnia
2498 1961 2701 2043 accipi
2763 1969 3031 2044 possunt
3086 1981 3199 2044 per
3252 1963 3512 2041 modum

2028 2059 2485 2124 exhortationis
2515 2080 2587 2122 ac
2617 2059 2963 2141 jussionis:
3000 2061 3301 2141 praecepit
3340 2059 3515 2141 equi-

2027 2161 2171 2223 dem
2204 2159 2367 2222 Deus
2400 2158 2523 2241 ipsi
2551 2159 2757 2235 Josue‚
2794 2167 2865 2220 ut
2897 2158 2964 2220 in
2996 2157 3339 2220 virtutibus
3382 2177 3515 2221 cre-

2028 2266 2337 2335 sceret,et
2367 2277 2433 2319 se
2466 2257 2672 2339 ipsum
2706 2256 3095 2320 confortaret
3124 2256 3189 2318 in
3222 2257 3509 2333 Domino,

2029 2358 2342 2441 sperando
2396 2357 2460 2418 in
2512 2357 2649 2438 ejus
2697 2355 2958 2419 auxilio.
3009 2355 3293 2419 Aliorum
3344 2354 3515 2417 enim

2027 2456 2174 2520 duci
2216 2475 2289 2518 ac
2328 2455 2530 2537 judici
2582 2454 2941 2516 necessaria
2980 2462 3077 2517 est
3127 2453 3329 2535 gratia
3378 2472 3518 2535 spe-

2029 2555 2213 2618 cialis
2242 2563 2306 2617 et
2336 2572 2587 2635 magna,
2602 2553 3021 2634 assiduusque
3053 2551 3377 2634 profectus
3397 2551 3517 2614 vir-

2031 2663 2263 2717 tutum.
2289 2653 2575 2734 Denique
2604 2651 2961 2714 necessaria
2993 2651 3019 2712 s
3022 2651 3116 2714 uit
3143 2651 3292 2713 huic
3330 2651 3517 2713 Josue

2031 2754 2152 2816 ista
2184 2761 2310 2815 tam
2338 2750 2544 2814 dulcis
2576 2758 2638 2814 et
2671 2749 2859 2812 firma
2899 2748 3246 2813 consolatio
3285 2757 3349 2811 et
3386 2766 3518 2811 cor-

2033 2851 2351 2914 roboratio
2383 2849 2492 2912 Dei
2525 2857 2784 2931 propter
2826 2847 3299 2911 imminentium
3339 2845 3519 2909 diffi-

2033 2949 2332 3012 cultatem
2366 2949 2790 3029 negotiorum,
2826 2966 2966 3030 quae
3000 2946 3318 3009 naturales
3351 2945 3517 3009 vires

427 3048 748 3111 tissimum
781 3055 1068 3130 tempore
1098 3045 1294 3108 David
1325 3065 1398 3108 ac
1430 3045 1808 3108 Salomonis.
1837 3047 1921 3108 De
1953 3045 1997 3108 C
2033 3048 2237 3131 ipsius
2267 3048 2455 3113 Josue
2497 3066 2572 3110 ac
2604 3047 2824 3130 populi
2856 3047 2997 3129 ejus
3040 3044 3317 3109 totaliter
3348 3063 3521 3107 exec-

2032 3148 2281 3224 debant,
2301 3146 2600 3210 videlicet
2618 3154 2837 3226 gentes
2858 3146 3000 3208 illas
3021 3146 3517 3209 Chananaeorum

2033 3246 2507 3328 copiosissimas
2540 3253 2730 3325 atque
2768 3242 3146 3307 fortissimas
3175 3241 3516 3319 debellare,

2033 3361 2384 3425 eorumque
2433 3342 2751 3407 territoria
2802 3342 3149 3424 possidere.
3204 3345 3297 3405 Tu
3345 3343 3523 3402 enim

2011 3453 2197 3504 sorte
2225 3444 2480 3502 divides
2508 3446 2743 3519 populo
2775 3443 2929 3501 huic
2960 3449 3226 3510 terram,
3240 3454 3363 3517 pro
3390 3460 3523 3519 qua

2019 3542 2260 3619 juravi
2292 3542 2594 3619 patribus
2638 3542 2787 3601 tuis·
2808 3549 2881 3600 ut
2926 3542 3243 3600 traderem
3272 3560 3414 3599 eam
3445 3540 3523 3597 il-

2035 3642 2140 3713 lis,
2185 3638 2247 3701 id
2294 3646 2410 3715 est,
2447 3658 2635 3720 quam
2670 3657 2815 3702 cum
2856 3638 3215 3717 juramento
3257 3635 3522 3718 promisi

2035 3740 2186 3801 dare
2208 3737 2562 3819 posteritati
2585 3734 3397 3809 patriarcharum.Qualiter
3416 3754 3524 3796 au-

2037 3846 2162 3900 tem
2193 3836 2380 3899 Josue
2412 3843 2639 3897 terram
2674 3833 2850 3896 ill'am
2882 3831 3099 3894 divisit
3127 3830 3519 3907 filiislsrae1‚

2037 3936 2206 3999 infra
2239 3934 2303 3996 in
2340 3932 2610 3997 diversis
2642 3931 2939 4014 capitulis
2970 3939 3318 3994 enarratur.

2120 4034 2498 4110 Confer-tare
2517 4052 2663 4109 erqo
2684 4040 2743 4090 et
2772 4040 2899 4091 esto
2916 4032 3210 4090 robustus
3234 4032 3443 4100 valde,
3461 4027 3525 4090 id

2009 4142 2132 4197 est
2179 4133 2243 4193 in
2289 4130 2465 4194 omni
2497 4128 2732 4192 virtute
2777 4127 3023 4190 stabilis
3067 4147 3139 4191 ac
3179 4126 3549 4209 perfectuS,
3642 4168 3649 4176 -

399 4232 600 4293 ,sicut
619 4238 683 4292 e't
705 4229 949 4291 similes
972 4228 1450 4310 promissioneS,
1471 4227 1770 4291 videlicet
1800 4227 1924 4289 nisi
1962 4234 2009 4295 D
2040 4228 2389 4313 praesertim
2445 4228 2509 4289 in
2562 4226 2954 4302 fortitudine,
2989 4244 3131 4308 quae
3180 4233 3275 4287 est
3322 4225 3526 4289 virtus
3576 4264 3581 4269 ·

433 4329 558 4391 filii
590 4327 1190 4409 Israel-oppositum
1232 4334 1628 4388 mererentur
1667 4345 1930 4407 peccan-

399 4426 669 4492 ·do.Vel
700 4427 828 4490 dici
863 4434 1091 4508 potest,
1117 4427 1289 4507 quod
1320 4425 1585 4489 victoria
1618 4426 1729 4488 illa
1768 4425 1931 4489 viro-

431 4546 574 4589 rum
628 4526 781 4603 Hai,
811 4523 940 4587 fuit
979 4522 1194 4586 brevis
1242 4543 1315 4587 ac
1365 4524 1654 4588 modica:
1694 4524 1929 4587 idcirco

433 4644 565 4690 non
615 4630 971 4707 reputatur,
1015 4623 1169 4703 quia
1218 4623 1389 4704 quod
1439 4622 1758 4685 modicum
1809 4631 1924 4698 cst„

150 4736 400 4788 stiur-mn.
431 4725 708 4787 habetur
739 4740 858 4805 pro
888 4720 1116 4786 nihilo.
1151 4721 1304 4783 Nam
1341 4729 1404 4783 et
1440 4721 1632 4803 paulo
1663 4730 1806 4803 post
1838 4719 1932 4781 fu-

433 4830 626 4885 erunt
677 4820 944 4884 omnino
989 4819 1143 4883 vict-i
1193 4838 1230 4880 a
1283 4817 1441 4881 filiis
1490 4819 1701 4881 Israel.
1746 4822 1932 4880 Sicut

430 4923 546 5001 fui
575 4940 726 4981 cam
756 4923 999 4997 Moyse,
1029 4920 1122 4979 ita
1149 4937 1254 4978 ero
1283 4927 1342 4978 et
1377 4927 1600 4978 tecum.
1627 4916 1933 4991 Quemad-

433 5020 700 5082 modum
753 5018 916 5080 Deus
973 5016 1098 5078 fuit
1149 5035 1292 5078 cum
1346 5016 1550 5097 Moyse
1607 5034 1717 5096 per
1767 5016 1933 5078 dona

432 5118 658 5199 gratiae
698 5126 948 5199 gratum
992 5115 1309 5191 facientis,
1342 5123 1404 5177 et
1441 5114 1589 5177 item
1625 5133 1738 5195 per
1769 5115 1935 5176 dona

431 5217 662 5297 gratiae
703 5215 901 5297 gratis
941 5216 1122 5291 datae,
1160 5213 1247 5275 ita
1284 5222 1520 5281 etcum
1550 5213 1758 5276 Josue.
1795 5212 1936 5274 Fuit

441 5316 688 5397 quippe
738 5332 885 5377 cum
929 5310 1138 5389 Josue,
1173 5330 1319 5383 eum
1371 5311 1936 5393 supernaturaliter

2037 4328 2401 4403 cardinali5‚
2418 4336 2609 4407 atque
2630 4326 2707 4388 ad
2741 4324 3065 4407 principes
3096 4344 3167 4387 ac
3192 4323 3528 4387 bellatores

2038 4427 2358 4511 praecipuc
2391 4425 2689 4507 pertinet,
2726 4443 2806 4485 ne
2838 4430 3095 4504 propter
3129 4420 3530 4489 imminentia

2039 4524 2263 4590 mortis
2303 4522 2587 4607 pericula
2636 4520 2872 4604 pavidi,
2910 4520 3143 4596 tristeS,
3199 4519 3531 4602 pusillani-

2041 4642 2257 4687 mesve
2306 4622 2653 4693 exsistant3
2688 4630 2760 4680 uc
2804 4621 3125 4681 custodias
3164 4618 3532 4681 memoriter

2041 4721 2393 4796 retinendo,
2418 4731 2477 4780 ec
2506 4720 2715 4796 facias
2737 4735 2927 4799 opere
2959 4716 3533 4797 exsequendo‚om-

2043 4841 2186 4881 nem
2218 4824 2441 4895 legem,
2464 4816 2527 4878 id
2559 4824 2656 4878 est
2688 4814 2985 4878 universa
3018 4814 3177 4895 legis
3208 4814 3526 4890 mandata,

2041 4938 2239 4996 quam
2278 4916 2583 4993 paecepit
2632 4915 2759 4975 tibi·
2780 4915 3025 4989 Moyses
3068 4932 3287 4971 servus
3331 4931 3527 4971 meua.

2041 5016 2279 5097 Moyses
2302 5031 2577 5093 namque
2601 5011 2800 5089 legem
2824 5010 3121 5073 omnibus
3150 5007 3533 5088 generaliter

2042 5112 2216 5177 dedit
2259 5132 2331 5175 ac
2374 5110 2605 5192 jussit3
2642 5110 2751 5171 sed
2798 5116 2971 5169 tanto
3016 5106 3356 5188 specialius
3388 5124 3537 5187 prae-

2043 5211 2213 5292 cepit
2244 5229 2379 5272 eam
2410 5207 2651 5270 aJosue
2673 5206 3274 5286 observari,quanto
3306 5204 3537 5267 ceteris

2047 5307 2411 5382 virtuosior,
2424 5305 2974 5386 exemplariorque
2994 5303 3343 5366 consistere
3368 5312 3538 5365 tene-
