<?xml version="1.0" encoding="UTF-8"?>
<!DOCTYPE html PUBLIC "-//W3C//DTD XHTML 1.0 Transitional//EN"
    "http://www.w3.org/TR/xhtml1/DTD/xhtml1-transitional.dtd">
<html xmlns="http://www.w3.org/1999/xhtml" xml:lang="en" lang="en">
 <head>
  <title>
</title>
<meta http-equiv="Content-Type" content="text/html;charset=utf-8" />
  <meta name='ocr-system' content='tesseract 3.04.00' />
  <meta name='ocr-capabilities' content='ocr_page ocr_carea ocr_par ocr_line ocrx_word'/>
</head>
<body>
  <div class='ocr_page' id='page_1' title='image "./doctorisecstati02denigoog_0749.png"; bbox 0 0 4359 6250; ppageno 0'>
   <div class='ocr_carea' id='block_1_1' title="bbox 941 479 3525 545">
    <p class='ocr_par' dir='ltr' id='par_1_1' title="bbox 941 479 3525 545">
     <span class='ocr_line' id='line_1_1' title="bbox 941 479 3525 545; baseline 0.001 -5"><span class='ocrx_word' id='word_1_1' title='bbox 941 479 1062 541; x_wconf 83' lang='grc'><strong>708</strong></span> <span class='ocrx_word' id='word_1_2' title='bbox 1463 497 1812 542; x_wconf 65' lang='lat' dir='ltr'><strong>manuario</strong></span> <span class='ocrx_word' id='word_1_3' title='bbox 1854 498 1916 542; x_wconf 66' lang='lat' dir='ltr'><strong>tx</strong></span> <span class='ocrx_word' id='word_1_4' title='bbox 1959 499 2096 543; x_wconf 71' lang='lat' dir='ltr'><strong>GAP.</strong></span> <span class='ocrx_word' id='word_1_5' title='bbox 2143 498 2293 543; x_wconf 83' lang='lat' dir='ltr'><strong>xvm</strong></span> <span class='ocrx_word' id='word_1_6' title='bbox 2336 498 2494 543; x_wconf 77' lang='lat' dir='ltr'><strong>unm</strong></span> <span class='ocrx_word' id='word_1_7' title='bbox 2534 498 2734 542; x_wconf 67' lang='lat' dir='ltr'><strong>Teum</strong></span> <span class='ocrx_word' id='word_1_8' title='bbox 2774 498 2999 545; x_wconf 66' lang='lat' dir='ltr'><strong>amun.</strong></span> <span class='ocrx_word' id='word_1_9' title='bbox 3041 519 3126 528; x_wconf 90' lang='lat'><strong>—</strong></span> <span class='ocrx_word' id='word_1_10' title='bbox 3166 497 3309 544; x_wconf 71' lang='grc' dir='ltr'><strong>ΛΒΤ.</strong></span> <span class='ocrx_word' id='word_1_11' title='bbox 3353 498 3525 544; x_wconf 72' lang='lat' dir='ltr'><strong>nm</strong></span> 
     </span>
    </p>
   </div>
   <div class='ocr_carea' id='block_1_2' title="bbox 1955 907 3008 997">
    <p class='ocr_par' dir='ltr' id='par_1_2' title="bbox 1955 907 3008 997">
     <span class='ocr_line' id='line_1_2' title="bbox 1955 907 3008 997; baseline 0 -4"><span class='ocrx_word' id='word_1_12' title='bbox 1955 907 2606 997; x_wconf 84' lang='lat' dir='ltr'><strong>ARTICULUS</strong></span> <span class='ocrx_word' id='word_1_13' title='bbox 2677 910 3008 994; x_wconf 83' lang='lat' dir='ltr'><strong>XXVII</strong></span> 
     </span>
    </p>
   </div>
   <div class='ocr_carea' id='block_1_3' title="bbox 1577 1179 3381 1228">
    <p class='ocr_par' dir='ltr' id='par_1_3' title="bbox 1577 1179 3381 1228">
     <span class='ocr_line' id='line_1_3' title="bbox 1577 1179 3381 1228; baseline -0.002 0"><span class='ocrx_word' id='word_1_14' title='bbox 1577 1183 1658 1228; x_wconf 77' lang='grc' dir='ltr'><strong>ΒΕ</strong></span> <span class='ocrx_word' id='word_1_15' title='bbox 1697 1181 2036 1228; x_wconf 69' lang='grc' dir='ltr'><strong>ΒΡΙΒΙΤΙῙΑΒῙ</strong></span> <span class='ocrx_word' id='word_1_16' title='bbox 2079 1180 2347 1226; x_wconf 68' lang='lat' dir='ltr'><strong>musonii</strong></span> <span class='ocrx_word' id='word_1_17' title='bbox 2388 1179 2663 1226; x_wconf 63' lang='lat' dir='ltr'><strong>currum</strong></span> <span class='ocrx_word' id='word_1_18' title='bbox 2704 1179 3129 1226; x_wconf 52' lang='lat' dir='ltr'><strong>01:⁵12vach</strong></span> <span class='ocrx_word' id='word_1_19' title='bbox 3170 1181 3381 1227; x_wconf 73' lang='lat' dir='ltr'>SssNSU.</span> 
     </span>
    </p>
   </div>
   <div class='ocr_carea' id='block_1_4' title="bbox 646 1457 4292 5383">
    <p class='ocr_par' dir='ltr' id='par_1_4' title="bbox 646 1457 4292 5383">
     <span class='ocr_line' id='line_1_4' title="bbox 1071 1457 4027 1545; baseline -0.001 -19"><span class='ocrx_word' id='word_1_20' title='bbox 1071 1463 1124 1526; x_wconf 87' lang='lat' dir='ltr'>X</span> <span class='ocrx_word' id='word_1_21' title='bbox 1179 1463 1372 1545; x_wconf 90' lang='lat' dir='ltr'><strong>hujus</strong></span> <span class='ocrx_word' id='word_1_22' title='bbox 1429 1461 1690 1526; x_wconf 87' lang='lat' dir='ltr'><strong>exordio</strong></span> <span class='ocrx_word' id='word_1_23' title='bbox 1745 1459 2008 1542; x_wconf 88' lang='lat' dir='ltr'><strong>capituli</strong></span> <span class='ocrx_word' id='word_1_24' title='bbox 2057 1460 2427 1533; x_wconf 79' lang='lat' dir='ltr'><strong>edocemur,</strong></span> <span class='ocrx_word' id='word_1_25' title='bbox 2459 1457 2512 1520; x_wconf 81' lang='lat' dir='ltr'>A</span> <span class='ocrx_word' id='word_1_26' title='bbox 2540 1476 2777 1541; x_wconf 88' lang='lat' dir='ltr'><strong>eosque</strong></span> <span class='ocrx_word' id='word_1_27' title='bbox 2814 1459 3205 1522; x_wconf 87' lang='lat' dir='ltr'><strong>exhortando</strong></span> <span class='ocrx_word' id='word_1_28' title='bbox 3248 1469 3313 1521; x_wconf 90' lang='lat' dir='ltr'><strong>et</strong></span> <span class='ocrx_word' id='word_1_29' title='bbox 3356 1459 3717 1523; x_wconf 88' lang='lat' dir='ltr'><strong>inducendo</strong></span> <span class='ocrx_word' id='word_1_30' title='bbox 3754 1460 3837 1522; x_wconf 88' lang='lat' dir='ltr'><strong>ad</strong></span> <span class='ocrx_word' id='word_1_31' title='bbox 3876 1459 4027 1523; x_wconf 74' lang='lat' dir='ltr'><strong>vitae</strong></span> 
     </span>
     <span class='ocr_line' id='line_1_5' title="bbox 1087 1555 4031 1644; baseline -0.002 -19"><span class='ocrx_word' id='word_1_32' title='bbox 1087 1581 1276 1644; x_wconf 91' lang='lat' dir='ltr'><strong>quam</strong></span> <span class='ocrx_word' id='word_1_33' title='bbox 1307 1560 1570 1624; x_wconf 80' lang='lat' dir='ltr'><strong>infinita</strong></span> <span class='ocrx_word' id='word_1_34' title='bbox 1589 1561 1672 1622; x_wconf 90' lang='lat' dir='ltr'><strong>sit</strong></span> <span class='ocrx_word' id='word_1_35' title='bbox 1693 1558 2130 1622; x_wconf 75' lang='lat' dir='ltr'><strong>misericordia</strong></span> <span class='ocrx_word' id='word_1_36' title='bbox 2159 1557 2293 1634; x_wconf 89' lang='lat' dir='ltr'><strong>Dei,</strong></span> <span class='ocrx_word' id='word_1_37' title='bbox 2319 1555 2433 1638; x_wconf 90' lang='lat' dir='ltr'><strong>qui</strong></span> <span class='ocrx_word' id='word_1_38' title='bbox 2540 1558 3051 1622; x_wconf 83' lang='lat' dir='ltr'><strong>emendationem</strong></span> <span class='ocrx_word' id='word_1_39' title='bbox 3092 1559 3159 1620; x_wconf 91' lang='lat' dir='ltr'><strong>in</strong></span> <span class='ocrx_word' id='word_1_40' title='bbox 3210 1559 3531 1636; x_wconf 82' lang='lat' dir='ltr'><strong>omnibuS,</strong></span> <span class='ocrx_word' id='word_1_41' title='bbox 3565 1568 3881 1640; x_wconf 80' lang='lat' dir='ltr'><strong>quatenus</strong></span> <span class='ocrx_word' id='word_1_42' title='bbox 3928 1559 4031 1621; x_wconf 88' lang='lat' dir='ltr'><strong>de-</strong></span> 
     </span>
     <span class='ocr_line' id='line_1_6' title="bbox 943 1655 4031 1740; baseline -0.002 -16"><span class='ocrx_word' id='word_1_43' title='bbox 943 1662 1314 1726; x_wconf 90' lang='lat' dir='ltr'><strong>hominibus</strong></span> <span class='ocrx_word' id='word_1_44' title='bbox 1365 1668 1462 1724; x_wconf 90' lang='lat' dir='ltr'><strong>est</strong></span> <span class='ocrx_word' id='word_1_45' title='bbox 1503 1659 1877 1723; x_wconf 90' lang='lat' dir='ltr'><strong>clementior</strong></span> <span class='ocrx_word' id='word_1_46' title='bbox 1911 1676 1926 1720; x_wconf 89' lang='lat'><strong>:</strong></span> <span class='ocrx_word' id='word_1_47' title='bbox 1961 1666 2220 1740; x_wconf 88' lang='lat' dir='ltr'><strong>propter</strong></span> <span class='ocrx_word' id='word_1_48' title='bbox 2262 1655 2433 1738; x_wconf 91' lang='lat' dir='ltr'><strong>quod</strong></span> <span class='ocrx_word' id='word_1_49' title='bbox 2540 1662 2643 1716; x_wconf 90' lang='lat' dir='ltr'><strong>tur</strong></span> <span class='ocrx_word' id='word_1_50' title='bbox 2672 1655 2763 1718; x_wconf 90' lang='lat' dir='ltr'><strong>eis</strong></span> <span class='ocrx_word' id='word_1_51' title='bbox 2794 1664 2857 1718; x_wconf 90' lang='lat' dir='ltr'><strong>et</strong></span> <span class='ocrx_word' id='word_1_52' title='bbox 2888 1655 3172 1737; x_wconf 90' lang='lat' dir='ltr'><strong>ipsorum</strong></span> <span class='ocrx_word' id='word_1_53' title='bbox 3210 1656 3777 1719; x_wconf 73' lang='lat' dir='ltr'><strong>communitatibus</strong></span> <span class='ocrx_word' id='word_1_54' title='bbox 3810 1656 4031 1735; x_wconf 85' lang='lat' dir='ltr'><strong>irriga-</strong></span> 
     </span>
     <span class='ocr_line' id='line_1_7' title="bbox 649 1752 4027 1839; baseline -0.002 -17"><span class='ocrx_word' id='word_1_55' title='bbox 649 1779 682 1822; x_wconf 88' lang='grc' dir='ltr'><strong>ιι</strong></span> <span class='ocrx_word' id='word_1_56' title='bbox 695 1781 799 1836; x_wconf 70' lang='lat' dir='ltr'><strong>flea.</strong></span> <span class='ocrx_word' id='word_1_57' title='bbox 811 1791 914 1829; x_wconf 71' lang='lat' dir='ltr'><strong>mv,</strong></span> <span class='ocrx_word' id='word_1_58' title='bbox 944 1760 1165 1836; x_wconf 88' lang='lat' dir='ltr'><strong>David,</strong></span> <span class='ocrx_word' id='word_1_59' title='bbox 1198 1759 1416 1822; x_wconf 87' lang='lat' dir='ltr'><strong>Melius</strong></span> <span class='ocrx_word' id='word_1_60' title='bbox 1446 1767 1543 1822; x_wconf 88' lang='lat' dir='ltr'><strong>est</strong></span> <span class='ocrx_word' id='word_1_61' title='bbox 1567 1758 1834 1839; x_wconf 89' lang='lat' dir='ltr'><strong>(inquit)</strong></span> <span class='ocrx_word' id='word_1_62' title='bbox 1863 1756 2022 1818; x_wconf 90' lang='lat' dir='ltr'><strong>mihi</strong></span> <span class='ocrx_word' id='word_1_63' title='bbox 2053 1755 2335 1818; x_wconf 86' lang='lat' dir='ltr'><strong>incidere</strong></span> <span class='ocrx_word' id='word_1_64' title='bbox 2364 1752 2432 1815; x_wconf 91' lang='lat' dir='ltr'><strong>in</strong></span> <span class='ocrx_word' id='word_1_65' title='bbox 2540 1754 2631 1816; x_wconf 89' lang='lat' dir='ltr'><strong>tio</strong></span> <span class='ocrx_word' id='word_1_66' title='bbox 2678 1773 3101 1836; x_wconf 89' lang='lat' dir='ltr'><strong>supernorum</strong></span> <span class='ocrx_word' id='word_1_67' title='bbox 3148 1755 3626 1832; x_wconf 83' lang='lat' dir='ltr'><strong>charismatum,</strong></span> <span class='ocrx_word' id='word_1_68' title='bbox 3666 1753 4027 1818; x_wconf 79' lang='lat' dir='ltr'><strong>fecunditas</strong></span> 
     </span>
     <span class='ocr_line' id='line_1_8' title="bbox 653 1845 4027 1937; baseline -0.002 -16"><span class='ocrx_word' id='word_1_69' title='bbox 653 1845 717 1886; x_wconf 81' lang='lat'><strong>¹⁴·</strong></span> <span class='ocrx_word' id='word_1_70' title='bbox 945 1877 1170 1921; x_wconf 86' lang='lat' dir='ltr'><strong>manus</strong></span> <span class='ocrx_word' id='word_1_71' title='bbox 1197 1857 1305 1920; x_wconf 89' lang='lat' dir='ltr'><strong>Dei</strong></span> <span class='ocrx_word' id='word_1_72' title='bbox 1325 1856 1570 1937; x_wconf 81' lang='lat' dir='ltr'><strong>(multae</strong></span> <span class='ocrx_word' id='word_1_73' title='bbox 1589 1856 1760 1918; x_wconf 89' lang='lat' dir='ltr'><strong>enim</strong></span> <span class='ocrx_word' id='word_1_74' title='bbox 1783 1854 2223 1917; x_wconf 86' lang='lat' dir='ltr'><strong>miserationes</strong></span> <span class='ocrx_word' id='word_1_75' title='bbox 2246 1852 2427 1934; x_wconf 89' lang='lat' dir='ltr'><strong>ejus),</strong></span> <span class='ocrx_word' id='word_1_76' title='bbox 2536 1861 2796 1915; x_wconf 84' lang='lat' dir='ltr'><strong>actuum</strong></span> <span class='ocrx_word' id='word_1_77' title='bbox 2825 1853 3279 1916; x_wconf 90' lang='lat' dir='ltr'><strong>virtuosorum.</strong></span> <span class='ocrx_word' id='word_1_78' title='bbox 3308 1852 3523 1916; x_wconf 88' lang='lat' dir='ltr'><strong>Achab</strong></span> <span class='ocrx_word' id='word_1_79' title='bbox 3550 1871 3703 1916; x_wconf 79' lang='lat' dir='ltr'><strong>vero</strong></span> <span class='ocrx_word' id='word_1_80' title='bbox 3734 1871 4027 1935; x_wconf 75' lang='lat' dir='ltr'><strong>quaerens</strong></span> 
     </span>
     <span class='ocr_line' id='line_1_9' title="bbox 941 1950 4025 2038; baseline -0.002 -20"><span class='ocrx_word' id='word_1_81' title='bbox 941 1975 1134 2038; x_wconf 90' lang='lat' dir='ltr'><strong>quam</strong></span> <span class='ocrx_word' id='word_1_82' title='bbox 1159 1955 1224 2018; x_wconf 91' lang='lat' dir='ltr'><strong>in</strong></span> <span class='ocrx_word' id='word_1_83' title='bbox 1247 1975 1473 2018; x_wconf 90' lang='lat' dir='ltr'><strong>manus</strong></span> <span class='ocrx_word' id='word_1_84' title='bbox 1493 1955 1848 2019; x_wconf 88' lang='lat' dir='ltr'><strong>hominum.</strong></span> <span class='ocrx_word' id='word_1_85' title='bbox 1875 1953 2031 2016; x_wconf 87' lang='lat' dir='ltr'><strong>Ecce</strong></span> <span class='ocrx_word' id='word_1_86' title='bbox 2051 1952 2225 2015; x_wconf 90' lang='lat' dir='ltr'><strong>enim</strong></span> <span class='ocrx_word' id='word_1_87' title='bbox 2241 1951 2425 2023; x_wconf 54' lang='lat' dir='ltr'><strong>Elias</strong></span> <span class='ocrx_word' id='word_1_88' title='bbox 2538 1951 2800 2014; x_wconf 86' lang='lat' dir='ltr'><strong>herbam</strong></span> <span class='ocrx_word' id='word_1_89' title='bbox 2843 1952 2911 2013; x_wconf 89' lang='lat' dir='ltr'><strong>in</strong></span> <span class='ocrx_word' id='word_1_90' title='bbox 2953 1950 3241 2014; x_wconf 82' lang='lat' dir='ltr'><strong>fontibus</strong></span> <span class='ocrx_word' id='word_1_91' title='bbox 3288 1961 3351 2014; x_wconf 91' lang='lat' dir='ltr'><strong>et</strong></span> <span class='ocrx_word' id='word_1_92' title='bbox 3403 1951 3700 2028; x_wconf 66' lang='lat' dir='ltr'><strong>vallibus»,</strong></span> <span class='ocrx_word' id='word_1_93' title='bbox 3735 1951 4025 2032; x_wconf 84' lang='lat' dir='ltr'><strong>designat</strong></span> 
     </span>
     <span class='ocr_line' id='line_1_10' title="bbox 701 2049 4027 2137; baseline -0.003 -14"><span class='ocrx_word' id='word_1_94' title='bbox 701 2079 887 2136; x_wconf 53' lang='lat' dir='ltr'><strong>innon.</strong></span> <span class='ocrx_word' id='word_1_95' title='bbox 942 2055 1055 2137; x_wconf 90' lang='lat' dir='ltr'><strong>qui</strong></span> <span class='ocrx_word' id='word_1_96' title='bbox 1103 2055 1341 2117; x_wconf 90' lang='lat' dir='ltr'><strong>orando</strong></span> <span class='ocrx_word' id='word_1_97' title='bbox 1389 2053 1756 2136; x_wconf 89' lang='lat' dir='ltr'><strong>impetravit</strong></span> <span class='ocrx_word' id='word_1_98' title='bbox 1801 2071 1838 2114; x_wconf 87' lang='lat' dir='ltr'><strong>a</strong></span> <span class='ocrx_word' id='word_1_99' title='bbox 1875 2051 2142 2115; x_wconf 90' lang='lat' dir='ltr'><strong>Domino</strong></span> <span class='ocrx_word' id='word_1_100' title='bbox 2192 2049 2427 2132; x_wconf 81' lang='lat' dir='ltr'><strong>pluviae</strong></span> <span class='ocrx_word' id='word_1_101' title='bbox 2538 2051 2829 2131; x_wconf 84' lang='lat' dir='ltr'><strong>praelatos</strong></span> <span class='ocrx_word' id='word_1_102' title='bbox 2876 2059 2938 2114; x_wconf 86' lang='lat' dir='ltr'><strong>et</strong></span> <span class='ocrx_word' id='word_1_103' title='bbox 2986 2051 3307 2132; x_wconf 86' lang='lat' dir='ltr'><strong>principes</strong></span> <span class='ocrx_word' id='word_1_104' title='bbox 3351 2070 3600 2134; x_wconf 83' lang='lat' dir='ltr'><strong>pravoS,</strong></span> <span class='ocrx_word' id='word_1_105' title='bbox 3636 2070 3765 2115; x_wconf 90' lang='lat' dir='ltr'><strong>non</strong></span> <span class='ocrx_word' id='word_1_106' title='bbox 3812 2052 3881 2113; x_wconf 90' lang='lat' dir='ltr'><strong>in</strong></span> <span class='ocrx_word' id='word_1_107' title='bbox 3910 2053 4027 2114; x_wconf 91' lang='lat' dir='ltr'><strong>Do-</strong></span> 
     </span>
     <span class='ocr_line' id='line_1_11' title="bbox 649 2147 4023 2232; baseline -0.001 -18"><span class='ocrx_word' id='word_1_108' title='bbox 649 2147 810 2195; x_wconf 74' lang='lat'><strong>¹&#39;¹¹·¹·</strong></span> <span class='ocrx_word' id='word_1_109' title='bbox 941 2151 1463 2228; x_wconf 85' lang='lat' dir='ltr'><strong>subtractionem,</strong></span> <span class='ocrx_word' id='word_1_110' title='bbox 1497 2171 1626 2215; x_wconf 89' lang='lat' dir='ltr'><strong>non</strong></span> <span class='ocrx_word' id='word_1_111' title='bbox 1666 2151 1896 2232; x_wconf 88' lang='lat' dir='ltr'><strong>legitur</strong></span> <span class='ocrx_word' id='word_1_112' title='bbox 1926 2149 2263 2214; x_wconf 90' lang='lat' dir='ltr'><strong>Dominum</strong></span> <span class='ocrx_word' id='word_1_113' title='bbox 2298 2147 2429 2230; x_wconf 89' lang='lat' dir='ltr'><strong>pri·</strong></span> <span class='ocrx_word' id='word_1_114' title='bbox 2538 2149 2713 2211; x_wconf 91' lang='lat' dir='ltr'><strong>mino</strong></span> <span class='ocrx_word' id='word_1_115' title='bbox 2766 2148 3186 2227; x_wconf 80' lang='lat' dir='ltr'><strong>confidenteS‚</strong></span> <span class='ocrx_word' id='word_1_116' title='bbox 3240 2150 3353 2212; x_wconf 91' lang='lat' dir='ltr'><strong>sed</strong></span> <span class='ocrx_word' id='word_1_117' title='bbox 3408 2151 3487 2212; x_wconf 93' lang='lat' dir='ltr'><strong>ad</strong></span> <span class='ocrx_word' id='word_1_118' title='bbox 3524 2149 3805 2213; x_wconf 86' lang='lat' dir='ltr'><strong>humana</strong></span> <span class='ocrx_word' id='word_1_119' title='bbox 3860 2149 4023 2213; x_wconf 90' lang='lat' dir='ltr'><strong>sola-</strong></span> 
     </span>
     <span class='ocr_line' id='line_1_12' title="bbox 937 2247 4019 2331; baseline -0 -19"><span class='ocrx_word' id='word_1_120' title='bbox 937 2269 1043 2314; x_wconf 93' lang='lat' dir='ltr'><strong>mo</strong></span> <span class='ocrx_word' id='word_1_121' title='bbox 1072 2269 1307 2328; x_wconf 89' lang='lat' dir='ltr'><strong>orasse,</strong></span> <span class='ocrx_word' id='word_1_122' title='bbox 1334 2260 1402 2313; x_wconf 89' lang='lat' dir='ltr'><strong>ut</strong></span> <span class='ocrx_word' id='word_1_123' title='bbox 1430 2250 1766 2312; x_wconf 89' lang='lat' dir='ltr'><strong>miseratus</strong></span> <span class='ocrx_word' id='word_1_124' title='bbox 1797 2249 2086 2312; x_wconf 90' lang='lat' dir='ltr'><strong>redderet</strong></span> <span class='ocrx_word' id='word_1_125' title='bbox 2115 2247 2424 2329; x_wconf 83' lang='lat' dir='ltr'><strong>pluviam3</strong></span> <span class='ocrx_word' id='word_1_126' title='bbox 2539 2247 2625 2309; x_wconf 91' lang='lat' dir='ltr'><strong>tia</strong></span> <span class='ocrx_word' id='word_1_127' title='bbox 2644 2256 3062 2311; x_wconf 57' lang='lat' dir='ltr'><strong>recurrentes</strong></span> <span class='ocrx_word' id='word_1_128' title='bbox 3082 2248 3386 2329; x_wconf 89' lang='lat' dir='ltr'><strong>Denique,</strong></span> <span class='ocrx_word' id='word_1_129' title='bbox 3410 2249 3702 2331; x_wconf 86' lang='lat' dir='ltr'><strong>quamvis</strong></span> <span class='ocrx_word' id='word_1_130' title='bbox 3723 2249 4019 2313; x_wconf 88' lang='lat' dir='ltr'><strong>Salomon</strong></span> 
     </span>
     <span class='ocr_line' id='line_1_13' title="bbox 935 2346 4283 2431; baseline 0.002 -21"><span class='ocrx_word' id='word_1_131' title='bbox 935 2349 1046 2412; x_wconf 89' lang='lat' dir='ltr'><strong>sed</strong></span> <span class='ocrx_word' id='word_1_132' title='bbox 1072 2358 1385 2431; x_wconf 88' lang='lat' dir='ltr'><strong>quantum</strong></span> <span class='ocrx_word' id='word_1_133' title='bbox 1414 2368 1490 2411; x_wconf 92' lang='lat' dir='ltr'><strong>ex</strong></span> <span class='ocrx_word' id='word_1_134' title='bbox 1521 2356 1740 2412; x_wconf 88' lang='lat' dir='ltr'><strong>tenore</strong></span> <span class='ocrx_word' id='word_1_135' title='bbox 1769 2366 1843 2410; x_wconf 92' lang='lat' dir='ltr'><strong>ac</strong></span> <span class='ocrx_word' id='word_1_136' title='bbox 1873 2347 2038 2410; x_wconf 89' lang='lat' dir='ltr'><strong>serie</strong></span> <span class='ocrx_word' id='word_1_137' title='bbox 2069 2346 2297 2409; x_wconf 82' lang='lat' dir='ltr'><strong>litterae</strong></span> <span class='ocrx_word' id='word_1_138' title='bbox 2325 2346 2429 2407; x_wconf 90' lang='lat' dir='ltr'><strong>da·</strong></span> <span class='ocrx_word' id='word_1_139' title='bbox 2535 2346 2723 2424; x_wconf 88' lang='lat' dir='ltr'><strong>dieat,</strong></span> <span class='ocrx_word' id='word_1_140' title='bbox 2776 2347 2904 2409; x_wconf 89' lang='lat' dir='ltr'><strong>Rex</strong></span> <span class='ocrx_word' id='word_1_141' title='bbox 2962 2346 3197 2428; x_wconf 90' lang='lat' dir='ltr'><strong>impius</strong></span> <span class='ocrx_word' id='word_1_142' title='bbox 3262 2366 3483 2412; x_wconf 86' lang='lat' dir='ltr'><strong>omnes</strong></span> <span class='ocrx_word' id='word_1_143' title='bbox 3535 2348 3865 2411; x_wconf 87' lang='lat' dir='ltr'><strong>ministros</strong></span> <span class='ocrx_word' id='word_1_144' title='bbox 3914 2349 4021 2410; x_wconf 88' lang='lat' dir='ltr'><strong>ha-</strong></span> <span class='ocrx_word' id='word_1_145' title='bbox 4068 2373 4283 2417; x_wconf 51' lang='lat' dir='ltr'><strong>emam.</strong></span> 
     </span>
     <span class='ocr_line' id='line_1_14' title="bbox 933 2440 4123 2528; baseline -0 -19"><span class='ocrx_word' id='word_1_146' title='bbox 933 2455 1036 2509; x_wconf 91' lang='lat' dir='ltr'><strong>tur</strong></span> <span class='ocrx_word' id='word_1_147' title='bbox 1082 2447 1378 2528; x_wconf 81' lang='lat' dir='ltr'><strong>intelligi,</strong></span> <span class='ocrx_word' id='word_1_148' title='bbox 1427 2447 1730 2510; x_wconf 86' lang='lat' dir='ltr'><strong>Dominus</strong></span> <span class='ocrx_word' id='word_1_149' title='bbox 1771 2446 1838 2508; x_wconf 92' lang='lat' dir='ltr'><strong>in</strong></span> <span class='ocrx_word' id='word_1_150' title='bbox 1884 2446 2119 2527; x_wconf 84' lang='lat' dir='ltr'><strong>pietate</strong></span> <span class='ocrx_word' id='word_1_151' title='bbox 2155 2464 2269 2506; x_wconf 88' lang='lat' dir='ltr'><strong>sua</strong></span> <span class='ocrx_word' id='word_1_152' title='bbox 2320 2444 2428 2505; x_wconf 89' lang='lat' dir='ltr'><strong>im·</strong></span> <span class='ocrx_word' id='word_1_153' title='bbox 2535 2444 2641 2507; x_wconf 89' lang='lat' dir='ltr'><strong>bet</strong></span> <span class='ocrx_word' id='word_1_154' title='bbox 2688 2445 2966 2527; x_wconf 80' lang='lat' dir='ltr'><strong>iniquoS,</strong></span> <span class='ocrx_word' id='word_1_155' title='bbox 3014 2445 3359 2525; x_wconf 88' lang='lat' dir='ltr'><strong>aliquando</strong></span> <span class='ocrx_word' id='word_1_156' title='bbox 3418 2453 3629 2508; x_wconf 90' lang='lat' dir='ltr'><strong>tamen</strong></span> <span class='ocrx_word' id='word_1_157' title='bbox 3678 2447 4015 2526; x_wconf 86' lang='lat' dir='ltr'><strong>contingit,</strong></span> <span class='ocrx_word' id='word_1_158' title='bbox 4056 2440 4123 2478; x_wconf 72' lang='lat'><strong>¹²·</strong></span> 
     </span>
     <span class='ocr_line' id='line_1_15' title="bbox 930 2542 4015 2629; baseline -0.001 -20"><span class='ocrx_word' id='word_1_159' title='bbox 930 2565 1152 2609; x_wconf 89' lang='lat' dir='ltr'><strong>mensa</strong></span> <span class='ocrx_word' id='word_1_160' title='bbox 1189 2546 1499 2629; x_wconf 69' lang='lat' dir='ltr'><strong>praevenit</strong></span> <span class='ocrx_word' id='word_1_161' title='bbox 1540 2565 1728 2607; x_wconf 91' lang='lat' dir='ltr'><strong>suum</strong></span> <span class='ocrx_word' id='word_1_162' title='bbox 1756 2545 2135 2626; x_wconf 86' lang='lat' dir='ltr'><strong>Prophetam</strong></span> <span class='ocrx_word' id='word_1_163' title='bbox 2185 2543 2252 2605; x_wconf 93' lang='lat' dir='ltr'><strong>in</strong></span> <span class='ocrx_word' id='word_1_164' title='bbox 2289 2542 2423 2605; x_wconf 88' lang='lat' dir='ltr'><strong>zelo</strong></span> <span class='ocrx_word' id='word_1_165' title='bbox 2533 2543 2701 2624; x_wconf 89' lang='lat' dir='ltr'><strong>quod</strong></span> <span class='ocrx_word' id='word_1_166' title='bbox 2735 2543 2797 2605; x_wconf 91' lang='lat' dir='ltr'><strong>in</strong></span> <span class='ocrx_word' id='word_1_167' title='bbox 2830 2543 3126 2606; x_wconf 91' lang='lat' dir='ltr'><strong>domibus</strong></span> <span class='ocrx_word' id='word_1_168' title='bbox 3147 2543 3550 2625; x_wconf 83' lang='lat' dir='ltr'><strong>praelatorum</strong></span> <span class='ocrx_word' id='word_1_169' title='bbox 3570 2553 3634 2608; x_wconf 91' lang='lat' dir='ltr'><strong>et</strong></span> <span class='ocrx_word' id='word_1_170' title='bbox 3652 2545 4015 2627; x_wconf 86' lang='lat' dir='ltr'><strong>principum</strong></span> 
     </span>
     <span class='ocr_line' id='line_1_16' title="bbox 925 2639 4017 2726; baseline -0 -19"><span class='ocrx_word' id='word_1_171' title='bbox 925 2644 1190 2726; x_wconf 82' lang='lat' dir='ltr'><strong>justitiae</strong></span> <span class='ocrx_word' id='word_1_172' title='bbox 1219 2644 1688 2722; x_wconf 84' lang='lat' dir='ltr'><strong>abundantem3</strong></span> <span class='ocrx_word' id='word_1_173' title='bbox 1724 2651 1786 2706; x_wconf 90' lang='lat' dir='ltr'><strong>et</strong></span> <span class='ocrx_word' id='word_1_174' title='bbox 1807 2662 1934 2706; x_wconf 90' lang='lat' dir='ltr'><strong>non</strong></span> <span class='ocrx_word' id='word_1_175' title='bbox 1967 2643 2260 2708; x_wconf 89' lang='lat' dir='ltr'><strong>obstante</strong></span> <span class='ocrx_word' id='word_1_176' title='bbox 2280 2659 2425 2704; x_wconf 90' lang='lat' dir='ltr'><strong>con·</strong></span> <span class='ocrx_word' id='word_1_177' title='bbox 2462 2639 2507 2702; x_wconf 92' lang='lat' dir='ltr'>B</span> <span class='ocrx_word' id='word_1_178' title='bbox 2530 2641 2953 2722; x_wconf 90' lang='lat' dir='ltr'><strong>pessimorum</strong></span> <span class='ocrx_word' id='word_1_179' title='bbox 3004 2641 3133 2703; x_wconf 92' lang='lat' dir='ltr'><strong>sint</strong></span> <span class='ocrx_word' id='word_1_180' title='bbox 3174 2641 3372 2723; x_wconf 87' lang='lat' dir='ltr'><strong>aliqui</strong></span> <span class='ocrx_word' id='word_1_181' title='bbox 3420 2643 3575 2724; x_wconf 89' lang='lat' dir='ltr'><strong>justi</strong></span> <span class='ocrx_word' id='word_1_182' title='bbox 3608 2659 3625 2704; x_wconf 70' lang='grc' dir='ltr'><strong><em>ε</em></strong></span> <span class='ocrx_word' id='word_1_183' title='bbox 3662 2644 3837 2725; x_wconf 90' lang='lat' dir='ltr'><strong>quod</strong></span> <span class='ocrx_word' id='word_1_184' title='bbox 3894 2645 4017 2706; x_wconf 86' lang='lat' dir='ltr'><strong>Deo</strong></span> 
     </span>
     <span class='ocr_line' id='line_1_17' title="bbox 928 2739 4013 2824; baseline 0 -20"><span class='ocrx_word' id='word_1_185' title='bbox 928 2742 1280 2806; x_wconf 89' lang='lat' dir='ltr'><strong>tinuatione</strong></span> <span class='ocrx_word' id='word_1_186' title='bbox 1310 2743 1622 2805; x_wconf 87' lang='lat' dir='ltr'><strong>scelerum</strong></span> <span class='ocrx_word' id='word_1_187' title='bbox 1654 2741 1901 2824; x_wconf 90' lang='lat' dir='ltr'><strong>populi,</strong></span> <span class='ocrx_word' id='word_1_188' title='bbox 1935 2741 2274 2803; x_wconf 89' lang='lat' dir='ltr'><strong>miseratus</strong></span> <span class='ocrx_word' id='word_1_189' title='bbox 2306 2740 2423 2802; x_wconf 91' lang='lat' dir='ltr'><strong>Do-</strong></span> <span class='ocrx_word' id='word_1_190' title='bbox 2530 2739 2939 2821; x_wconf 87' lang='lat' dir='ltr'><strong>dispensante</strong></span> <span class='ocrx_word' id='word_1_191' title='bbox 2970 2739 3061 2802; x_wconf 92' lang='lat' dir='ltr'><strong>sic</strong></span> <span class='ocrx_word' id='word_1_192' title='bbox 3092 2739 3342 2816; x_wconf 88' lang='lat' dir='ltr'><strong>accidit,</strong></span> <span class='ocrx_word' id='word_1_193' title='bbox 3379 2741 3445 2802; x_wconf 91' lang='lat' dir='ltr'><strong>in</strong></span> <span class='ocrx_word' id='word_1_194' title='bbox 3491 2741 4013 2818; x_wconf 86' lang='lat' dir='ltr'><strong>consolationem,</strong></span> 
     </span>
     <span class='ocr_line' id='line_1_18' title="bbox 925 2837 4021 2922; baseline 0 -20"><span class='ocrx_word' id='word_1_195' title='bbox 925 2841 1138 2903; x_wconf 90' lang='lat' dir='ltr'><strong>minus</strong></span> <span class='ocrx_word' id='word_1_196' title='bbox 1171 2860 1363 2922; x_wconf 91' lang='lat' dir='ltr'><strong>super</strong></span> <span class='ocrx_word' id='word_1_197' title='bbox 1393 2840 1899 2920; x_wconf 82' lang='lat' dir='ltr'><strong>magnitudinem</strong></span> <span class='ocrx_word' id='word_1_198' title='bbox 1935 2839 2089 2902; x_wconf 93' lang='lat' dir='ltr'><strong>mali</strong></span> <span class='ocrx_word' id='word_1_199' title='bbox 2123 2837 2419 2920; x_wconf 81' lang='lat' dir='ltr'><strong>poenalis,</strong></span> <span class='ocrx_word' id='word_1_200' title='bbox 2529 2855 2717 2919; x_wconf 89' lang='lat' dir='ltr'><strong>opem</strong></span> <span class='ocrx_word' id='word_1_201' title='bbox 2772 2857 2845 2901; x_wconf 91' lang='lat' dir='ltr'><strong>ac</strong></span> <span class='ocrx_word' id='word_1_202' title='bbox 2896 2838 3256 2902; x_wconf 86' lang='lat' dir='ltr'><strong>relevamen</strong></span> <span class='ocrx_word' id='word_1_203' title='bbox 3307 2838 3617 2902; x_wconf 92' lang='lat' dir='ltr'><strong>bonorum</strong></span> <span class='ocrx_word' id='word_1_204' title='bbox 3666 2859 3739 2902; x_wconf 89' lang='lat' dir='ltr'><strong>ac</strong></span> <span class='ocrx_word' id='word_1_205' title='bbox 3784 2859 4021 2922; x_wconf 88' lang='lat' dir='ltr'><strong>paupe-</strong></span> 
     </span>
     <span class='ocr_line' id='line_1_19' title="bbox 922 2934 4017 3020; baseline -0 -19"><span class='ocrx_word' id='word_1_206' title='bbox 922 2939 1114 3020; x_wconf 86' lang='lat' dir='ltr'><strong>jussit</strong></span> <span class='ocrx_word' id='word_1_207' title='bbox 1141 2939 1468 3020; x_wconf 81' lang='lat' dir='ltr'><strong>Prophetae</strong></span> <span class='ocrx_word' id='word_1_208' title='bbox 1499 2947 1570 3001; x_wconf 89' lang='lat' dir='ltr'><strong>ut</strong></span> <span class='ocrx_word' id='word_1_209' title='bbox 1613 2957 1680 3002; x_wconf 90' lang='lat' dir='ltr'><strong>se</strong></span> <span class='ocrx_word' id='word_1_210' title='bbox 1719 2946 2102 3002; x_wconf 86' lang='lat' dir='ltr'><strong>monstraret</strong></span> <span class='ocrx_word' id='word_1_211' title='bbox 2143 2936 2299 3015; x_wconf 88' lang='lat' dir='ltr'><strong>regi,</strong></span> <span class='ocrx_word' id='word_1_212' title='bbox 2332 2934 2418 2998; x_wconf 91' lang='lat' dir='ltr'><strong>ob</strong></span> <span class='ocrx_word' id='word_1_213' title='bbox 2530 2955 2689 3014; x_wconf 92' lang='lat' dir='ltr'><strong>rum,</strong></span> <span class='ocrx_word' id='word_1_214' title='bbox 2729 2956 2809 2999; x_wconf 90' lang='lat' dir='ltr'><strong>ne</strong></span> <span class='ocrx_word' id='word_1_215' title='bbox 2852 2937 3121 2999; x_wconf 90' lang='lat' dir='ltr'><strong>nimium</strong></span> <span class='ocrx_word' id='word_1_216' title='bbox 3165 2936 3246 2999; x_wconf 92' lang='lat' dir='ltr'><strong>ab</strong></span> <span class='ocrx_word' id='word_1_217' title='bbox 3292 2937 3505 3019; x_wconf 92' lang='lat' dir='ltr'><strong>impiis</strong></span> <span class='ocrx_word' id='word_1_218' title='bbox 3548 2938 4017 3019; x_wconf 87' lang='lat' dir='ltr'><strong>opprimantur.</strong></span> 
     </span>
     <span class='ocr_line' id='line_1_20' title="bbox 925 3032 4021 3119; baseline 0 -20"><span class='ocrx_word' id='word_1_219' title='bbox 925 3037 1111 3119; x_wconf 89' lang='lat' dir='ltr'><strong>cujus</strong></span> <span class='ocrx_word' id='word_1_220' title='bbox 1169 3034 1452 3100; x_wconf 84' lang='lat' dir='ltr'><strong>facinora</strong></span> <span class='ocrx_word' id='word_1_221' title='bbox 1503 3055 1578 3100; x_wconf 87' lang='lat' dir='ltr'><strong>ex</strong></span> <span class='ocrx_word' id='word_1_222' title='bbox 1634 3045 1812 3119; x_wconf 89' lang='lat' dir='ltr'><strong>parte</strong></span> <span class='ocrx_word' id='word_1_223' title='bbox 1873 3054 2104 3116; x_wconf 85' lang='lat' dir='ltr'><strong>magna</strong></span> <span class='ocrx_word' id='word_1_224' title='bbox 2163 3032 2413 3097; x_wconf 78' lang='lat' dir='ltr'><strong>inflicta</strong></span> <span class='ocrx_word' id='word_1_225' title='bbox 2531 3033 2761 3116; x_wconf 90' lang='lat' dir='ltr'><strong>Sicque</strong></span> <span class='ocrx_word' id='word_1_226' title='bbox 2799 3035 3033 3098; x_wconf 87' lang='lat' dir='ltr'><strong>Abdias</strong></span> <span class='ocrx_word' id='word_1_227' title='bbox 3082 3035 3392 3098; x_wconf 84' lang='lat' dir='ltr'><strong>exsistens</strong></span> <span class='ocrx_word' id='word_1_228' title='bbox 3439 3055 3587 3098; x_wconf 92' lang='lat' dir='ltr'><strong>cum</strong></span> <span class='ocrx_word' id='word_1_229' title='bbox 3638 3037 4021 3119; x_wconf 87' lang='lat' dir='ltr'><strong>impiissimo</strong></span> 
     </span>
     <span class='ocr_line' id='line_1_21' title="bbox 924 3134 3973 3219; baseline 0 -20"><span class='ocrx_word' id='word_1_230' title='bbox 924 3144 1106 3199; x_wconf 87' lang='lat' dir='ltr'><strong>erant</strong></span> <span class='ocrx_word' id='word_1_231' title='bbox 1137 3144 1227 3199; x_wconf 91' lang='lat' dir='ltr'><strong>tot</strong></span> <span class='ocrx_word' id='word_1_232' title='bbox 1257 3144 1319 3198; x_wconf 91' lang='lat' dir='ltr'><strong>et</strong></span> <span class='ocrx_word' id='word_1_233' title='bbox 1349 3143 1523 3198; x_wconf 86' lang='lat' dir='ltr'><strong>tanta</strong></span> <span class='ocrx_word' id='word_1_234' title='bbox 1549 3136 1834 3211; x_wconf 89' lang='lat' dir='ltr'><strong>adversa,</strong></span> <span class='ocrx_word' id='word_1_235' title='bbox 1875 3134 2419 3215; x_wconf 87' lang='lat' dir='ltr'><strong>denuntiaretque</strong></span> <span class='ocrx_word' id='word_1_236' title='bbox 2529 3134 2763 3212; x_wconf 85' lang='lat' dir='ltr'><strong>Achab,</strong></span> <span class='ocrx_word' id='word_1_237' title='bbox 2798 3135 3134 3198; x_wconf 88' lang='lat' dir='ltr'><strong>abscondit</strong></span> <span class='ocrx_word' id='word_1_238' title='bbox 3160 3143 3225 3197; x_wconf 87' lang='lat' dir='ltr'><strong>et</strong></span> <span class='ocrx_word' id='word_1_239' title='bbox 3254 3135 3429 3217; x_wconf 89' lang='lat' dir='ltr'><strong>pavit</strong></span> <span class='ocrx_word' id='word_1_240' title='bbox 3458 3136 3567 3199; x_wconf 88' lang='lat' dir='ltr'><strong>Dei</strong></span> <span class='ocrx_word' id='word_1_241' title='bbox 3599 3137 3973 3219; x_wconf 78' lang='lat' dir='ltr'><strong>propbetaS.</strong></span> 
     </span>
     <span class='ocr_line' id='line_1_22' title="bbox 925 3232 4017 3316; baseline -0 -20"><span class='ocrx_word' id='word_1_242' title='bbox 925 3234 984 3296; x_wconf 88' lang='lat' dir='ltr'><strong>ei</strong></span> <span class='ocrx_word' id='word_1_243' title='bbox 1012 3233 1294 3316; x_wconf 87' lang='lat' dir='ltr'><strong>pluviam</strong></span> <span class='ocrx_word' id='word_1_244' title='bbox 1326 3253 1471 3296; x_wconf 90' lang='lat' dir='ltr'><strong>mox</strong></span> <span class='ocrx_word' id='word_1_245' title='bbox 1504 3233 1805 3311; x_wconf 82' lang='lat' dir='ltr'><strong>suturam,</strong></span> <span class='ocrx_word' id='word_1_246' title='bbox 1834 3242 2151 3316; x_wconf 89' lang='lat' dir='ltr'><strong>quatenus</strong></span> <span class='ocrx_word' id='word_1_247' title='bbox 2186 3234 2323 3315; x_wconf 90' lang='lat' dir='ltr'><strong>ipse</strong></span> <span class='ocrx_word' id='word_1_248' title='bbox 2344 3251 2417 3295; x_wconf 95' lang='lat' dir='ltr'><strong>ac</strong></span> <span class='ocrx_word' id='word_1_249' title='bbox 2607 3232 2710 3295; x_wconf 91' lang='lat' dir='ltr'><strong>Ait</strong></span> <span class='ocrx_word' id='word_1_250' title='bbox 2750 3232 2967 3295; x_wconf 85' lang='lat' dir='ltr'><strong>Achab</strong></span> <span class='ocrx_word' id='word_1_251' title='bbox 3010 3234 3090 3295; x_wconf 92' lang='lat' dir='ltr'><strong>ad</strong></span> <span class='ocrx_word' id='word_1_252' title='bbox 3138 3233 3340 3295; x_wconf 91' lang='lat' dir='ltr'><strong>Eliam</strong></span> <span class='ocrx_word' id='word_1_253' title='bbox 3376 3251 3391 3296; x_wconf 75' lang='grc' dir='ltr'>ε</span> <span class='ocrx_word' id='word_1_254' title='bbox 3431 3237 3609 3296; x_wconf 80' lang='lat' dir='ltr'><strong>Tune</strong></span> <span class='ocrx_word' id='word_1_255' title='bbox 3644 3256 3707 3295; x_wconf 80' lang='lat' dir='ltr'><strong>es</strong></span> <span class='ocrx_word' id='word_1_256' title='bbox 3748 3238 3863 3297; x_wconf 80' lang='lat' dir='ltr'><strong>ille</strong></span> <span class='ocrx_word' id='word_1_257' title='bbox 3900 3238 4017 3315; x_wconf 73' lang='lat' dir='ltr'><strong>qui</strong></span> 
     </span>
     <span class='ocr_line' id='line_1_23' title="bbox 923 3332 4019 3415; baseline 0 -19"><span class='ocrx_word' id='word_1_258' title='bbox 923 3333 1201 3415; x_wconf 89' lang='lat' dir='ltr'><strong>populus</strong></span> <span class='ocrx_word' id='word_1_259' title='bbox 1245 3334 1384 3415; x_wconf 89' lang='lat' dir='ltr'><strong>ejus</strong></span> <span class='ocrx_word' id='word_1_260' title='bbox 1430 3334 1520 3395; x_wconf 92' lang='lat' dir='ltr'><strong>sic</strong></span> <span class='ocrx_word' id='word_1_261' title='bbox 1565 3342 2034 3396; x_wconf 86' lang='lat' dir='ltr'><strong>reverterentur</strong></span> <span class='ocrx_word' id='word_1_262' title='bbox 2082 3333 2159 3396; x_wconf 90' lang='lat' dir='ltr'><strong>ad</strong></span> <span class='ocrx_word' id='word_1_263' title='bbox 2213 3332 2421 3395; x_wconf 83' lang='lat' dir='ltr'><strong>Domi·</strong></span> <span class='ocrx_word' id='word_1_264' title='bbox 2527 3336 2867 3393; x_wconf 80' lang='lat' dir='ltr'><strong>conturbas</strong></span> <span class='ocrx_word' id='word_1_265' title='bbox 2888 3336 3093 3394; x_wconf 79' lang='lat' dir='ltr'><strong>Israel</strong></span> <span class='ocrx_word' id='word_1_266' title='bbox 3114 3335 3145 3393; x_wconf 64' lang='grc' dir='ltr'><strong><em>ἓ</em></strong></span> <span class='ocrx_word' id='word_1_267' title='bbox 3174 3332 3276 3395; x_wconf 91' lang='lat' dir='ltr'><strong>Sic</strong></span> <span class='ocrx_word' id='word_1_268' title='bbox 3306 3332 3487 3414; x_wconf 90' lang='lat' dir='ltr'><strong>pravi</strong></span> <span class='ocrx_word' id='word_1_269' title='bbox 3518 3352 3593 3396; x_wconf 94' lang='lat' dir='ltr'><strong>ac</strong></span> <span class='ocrx_word' id='word_1_270' title='bbox 3612 3334 3875 3415; x_wconf 90' lang='lat' dir='ltr'><strong>pessimi</strong></span> <span class='ocrx_word' id='word_1_271' title='bbox 3908 3333 4019 3397; x_wconf 90' lang='lat' dir='ltr'><strong>ho-</strong></span> 
     </span>
     <span class='ocr_line' id='line_1_24' title="bbox 926 3429 4019 3514; baseline 0 -21"><span class='ocrx_word' id='word_1_272' title='bbox 926 3450 1104 3509; x_wconf 92' lang='lat' dir='ltr'><strong>num,</strong></span> <span class='ocrx_word' id='word_1_273' title='bbox 1139 3439 1361 3494; x_wconf 89' lang='lat' dir='ltr'><strong>contra</strong></span> <span class='ocrx_word' id='word_1_274' title='bbox 1389 3432 1572 3513; x_wconf 80' lang='lat' dir='ltr'><strong>cujus</strong></span> <span class='ocrx_word' id='word_1_275' title='bbox 1605 3430 1946 3513; x_wconf 89' lang='lat' dir='ltr'><strong>imperium</strong></span> <span class='ocrx_word' id='word_1_276' title='bbox 1984 3431 2075 3493; x_wconf 89' lang='lat' dir='ltr'><strong>dii</strong></span> <span class='ocrx_word' id='word_1_277' title='bbox 2119 3449 2280 3513; x_wconf 92' lang='lat' dir='ltr'><strong>quos</strong></span> <span class='ocrx_word' id='word_1_278' title='bbox 2325 3449 2424 3493; x_wconf 92' lang='lat' dir='ltr'><strong>co-</strong></span> <span class='ocrx_word' id='word_1_279' title='bbox 2530 3430 2735 3493; x_wconf 88' lang='lat' dir='ltr'><strong>mines</strong></span> <span class='ocrx_word' id='word_1_280' title='bbox 2764 3430 2929 3493; x_wconf 90' lang='lat' dir='ltr'><strong>mala</strong></span> <span class='ocrx_word' id='word_1_281' title='bbox 2957 3449 3098 3511; x_wconf 84' lang='lat' dir='ltr'><strong>quae</strong></span> <span class='ocrx_word' id='word_1_282' title='bbox 3128 3429 3436 3506; x_wconf 90' lang='lat' dir='ltr'><strong>oriuntur,</strong></span> <span class='ocrx_word' id='word_1_283' title='bbox 3463 3430 3800 3513; x_wconf 88' lang='lat' dir='ltr'><strong>imponunt</strong></span> <span class='ocrx_word' id='word_1_284' title='bbox 3828 3433 4019 3514; x_wconf 74' lang='lat' dir='ltr'><strong>Justis</strong></span> 
     </span>
     <span class='ocr_line' id='line_1_25' title="bbox 926 3529 4019 3612; baseline 0 -21"><span class='ocrx_word' id='word_1_285' title='bbox 926 3530 1183 3593; x_wconf 91' lang='lat' dir='ltr'><strong>luerunt</strong></span> <span class='ocrx_word' id='word_1_286' title='bbox 1223 3530 1312 3591; x_wconf 90' lang='lat' dir='ltr'><strong>nil</strong></span> <span class='ocrx_word' id='word_1_287' title='bbox 1354 3537 1716 3612; x_wconf 87' lang='lat' dir='ltr'><strong>potuerunt.</strong></span> <span class='ocrx_word' id='word_1_288' title='bbox 1754 3534 1949 3600; x_wconf 83' lang='lat' dir='ltr'><strong>Vade,</strong></span> <span class='ocrx_word' id='word_1_289' title='bbox 1986 3541 2047 3591; x_wconf 78' lang='lat' dir='ltr'><strong>et</strong></span> <span class='ocrx_word' id='word_1_290' title='bbox 2080 3534 2335 3591; x_wconf 74' lang='lat' dir='ltr'><strong>ostende</strong></span> <span class='ocrx_word' id='word_1_291' title='bbox 2368 3540 2423 3591; x_wconf 80' lang='lat' dir='ltr'><strong>te</strong></span> <span class='ocrx_word' id='word_1_292' title='bbox 2531 3548 2603 3591; x_wconf 90' lang='lat' dir='ltr'><strong>ac</strong></span> <span class='ocrx_word' id='word_1_293' title='bbox 2634 3529 3102 3591; x_wconf 86' lang='lat' dir='ltr'><strong>innocentibus.</strong></span> <span class='ocrx_word' id='word_1_294' title='bbox 3137 3532 3224 3590; x_wconf 79' lang='lat' dir='ltr'><strong>Et</strong></span> <span class='ocrx_word' id='word_1_295' title='bbox 3252 3532 3365 3589; x_wconf 82' lang='lat' dir='ltr'><strong>ille</strong></span> <span class='ocrx_word' id='word_1_296' title='bbox 3392 3532 3488 3591; x_wconf 79' lang='lat' dir='ltr'><strong>ait</strong></span> <span class='ocrx_word' id='word_1_297' title='bbox 3516 3551 3541 3590; x_wconf 88' lang='lat'><strong>.·</strong></span> <span class='ocrx_word' id='word_1_298' title='bbox 3562 3532 3711 3594; x_wconf 85' lang='lat' dir='ltr'><strong>Non</strong></span> <span class='ocrx_word' id='word_1_299' title='bbox 3739 3551 3851 3609; x_wconf 70' lang='lat' dir='ltr'><strong>eqo</strong></span> <span class='ocrx_word' id='word_1_300' title='bbox 3890 3542 4019 3592; x_wconf 78' lang='lat' dir='ltr'><strong>tur-</strong></span> 
     </span>
     <span class='ocr_line' id='line_1_26' title="bbox 928 3630 4012 3707; baseline 0 -16"><span class='ocrx_word' id='word_1_301' title='bbox 928 3631 1173 3699; x_wconf 71' lang='lat' dir='ltr'><strong>Achab,</strong></span> <span class='ocrx_word' id='word_1_302' title='bbox 1205 3638 1278 3689; x_wconf 74' lang='lat' dir='ltr'><strong>ut</strong></span> <span class='ocrx_word' id='word_1_303' title='bbox 1309 3633 1456 3690; x_wconf 86' lang='lat' dir='ltr'><strong>dem</strong></span> <span class='ocrx_word' id='word_1_304' title='bbox 1475 3630 1780 3706; x_wconf 80' lang='lat' dir='ltr'><strong>pluviam</strong></span> <span class='ocrx_word' id='word_1_305' title='bbox 1807 3649 2005 3706; x_wconf 77' lang='lat' dir='ltr'><strong>super</strong></span> <span class='ocrx_word' id='word_1_306' title='bbox 2035 3630 2274 3707; x_wconf 74' lang='lat' dir='ltr'><strong>faciem</strong></span> <span class='ocrx_word' id='word_1_307' title='bbox 2308 3639 2423 3689; x_wconf 75' lang='lat' dir='ltr'><strong>cer·</strong></span> <span class='ocrx_word' id='word_1_308' title='bbox 2532 3630 2682 3689; x_wconf 83' lang='lat' dir='ltr'><strong>bavi</strong></span> <span class='ocrx_word' id='word_1_309' title='bbox 2722 3631 2951 3699; x_wconf 79' lang='lat' dir='ltr'><strong>Israel,</strong></span> <span class='ocrx_word' id='word_1_310' title='bbox 2992 3631 3102 3688; x_wconf 75' lang='lat' dir='ltr'><strong>sed</strong></span> <span class='ocrx_word' id='word_1_311' title='bbox 3151 3639 3219 3689; x_wconf 76' lang='lat' dir='ltr'><strong>tu</strong></span> <span class='ocrx_word' id='word_1_312' title='bbox 3260 3638 3320 3688; x_wconf 78' lang='lat' dir='ltr'><strong>et</strong></span> <span class='ocrx_word' id='word_1_313' title='bbox 3360 3631 3587 3689; x_wconf 78' lang='lat' dir='ltr'><strong>domus</strong></span> <span class='ocrx_word' id='word_1_314' title='bbox 3626 3632 3844 3707; x_wconf 75' lang='lat' dir='ltr'><strong>patris</strong></span> <span class='ocrx_word' id='word_1_315' title='bbox 3894 3633 4012 3692; x_wconf 77' lang='lat' dir='ltr'><strong>cui.</strong></span> 
     </span>
     <span class='ocr_line' id='line_1_27' title="bbox 931 3726 4281 3810; baseline 0.002 -23"><span class='ocrx_word' id='word_1_316' title='bbox 931 3748 1044 3789; x_wconf 73' lang='grc' dir='ltr'><strong>ηε.</strong></span> <span class='ocrx_word' id='word_1_317' title='bbox 1070 3727 1316 3790; x_wconf 90' lang='lat' dir='ltr'><strong>Poterat</strong></span> <span class='ocrx_word' id='word_1_318' title='bbox 1345 3726 1646 3789; x_wconf 88' lang='lat' dir='ltr'><strong>Dominus</strong></span> <span class='ocrx_word' id='word_1_319' title='bbox 1679 3727 1919 3808; x_wconf 81' lang='lat' dir='ltr'><strong>pluere,</strong></span> <span class='ocrx_word' id='word_1_320' title='bbox 1941 3727 2080 3789; x_wconf 89' lang='lat' dir='ltr'><strong>Elia</strong></span> <span class='ocrx_word' id='word_1_321' title='bbox 2111 3746 2237 3789; x_wconf 92' lang='lat' dir='ltr'><strong>non</strong></span> <span class='ocrx_word' id='word_1_322' title='bbox 2270 3727 2423 3788; x_wconf 88' lang='lat' dir='ltr'><strong>mis·</strong></span> <span class='ocrx_word' id='word_1_323' title='bbox 2530 3726 2730 3803; x_wconf 85' lang='lat' dir='ltr'><strong>Certe,</strong></span> <span class='ocrx_word' id='word_1_324' title='bbox 2777 3735 2847 3787; x_wconf 91' lang='lat' dir='ltr'><strong>ut</strong></span> <span class='ocrx_word' id='word_1_325' title='bbox 2889 3726 3187 3789; x_wconf 90' lang='lat' dir='ltr'><strong>Salomon</strong></span> <span class='ocrx_word' id='word_1_326' title='bbox 3234 3726 3538 3807; x_wconf 91' lang='lat' dir='ltr'><strong>loquitur,</strong></span> <span class='ocrx_word' id='word_1_327' title='bbox 3569 3727 3785 3789; x_wconf 81' lang='lat' dir='ltr'><strong>Justus</strong></span> <span class='ocrx_word' id='word_1_328' title='bbox 3829 3727 4011 3810; x_wconf 90' lang='lat' dir='ltr'><strong>quasi</strong></span> <span class='ocrx_word' id='word_1_329' title='bbox 4064 3748 4281 3795; x_wconf 62' lang='lat' dir='ltr'><strong>mam</strong></span> 
     </span>
     <span class='ocr_line' id='line_1_28' title="bbox 937 3814 4091 3905; baseline 0.001 -19"><span class='ocrx_word' id='word_1_330' title='bbox 937 3843 1008 3888; x_wconf 89' lang='lat' dir='ltr'><strong>so</strong></span> <span class='ocrx_word' id='word_1_331' title='bbox 1037 3825 1115 3887; x_wconf 91' lang='lat' dir='ltr'><strong>ad</strong></span> <span class='ocrx_word' id='word_1_332' title='bbox 1147 3842 1384 3905; x_wconf 91' lang='lat' dir='ltr'><strong>regem,</strong></span> <span class='ocrx_word' id='word_1_333' title='bbox 1409 3824 1520 3886; x_wconf 88' lang='lat' dir='ltr'><strong>sed</strong></span> <span class='ocrx_word' id='word_1_334' title='bbox 1550 3824 1754 3888; x_wconf 88' lang='lat' dir='ltr'><strong>voluit</strong></span> <span class='ocrx_word' id='word_1_335' title='bbox 1771 3824 2076 3887; x_wconf 90' lang='lat' dir='ltr'><strong>Dominus</strong></span> <span class='ocrx_word' id='word_1_336' title='bbox 2109 3824 2422 3888; x_wconf 90' lang='lat' dir='ltr'><strong>honorare</strong></span> <span class='ocrx_word' id='word_1_337' title='bbox 2458 3826 2502 3889; x_wconf 92' lang='lat' dir='ltr'>C</span> <span class='ocrx_word' id='word_1_338' title='bbox 2533 3825 2631 3888; x_wconf 89' lang='lat' dir='ltr'><strong>leo</strong></span> <span class='ocrx_word' id='word_1_339' title='bbox 2688 3823 3024 3888; x_wconf 81' lang='lat' dir='ltr'><strong>confidens</strong></span> <span class='ocrx_word' id='word_1_340' title='bbox 3084 3824 3327 3905; x_wconf 89' lang='lat' dir='ltr'><strong>absque</strong></span> <span class='ocrx_word' id='word_1_341' title='bbox 3384 3832 3625 3887; x_wconf 87' lang='lat' dir='ltr'><strong>terrore</strong></span> <span class='ocrx_word' id='word_1_342' title='bbox 3680 3826 3823 3887; x_wconf 90' lang='lat' dir='ltr'><strong>erit.</strong></span> <span class='ocrx_word' id='word_1_343' title='bbox 3874 3827 4017 3889; x_wconf 90' lang='lat' dir='ltr'><strong>Ideo</strong></span> <span class='ocrx_word' id='word_1_344' title='bbox 4050 3814 4091 3854; x_wconf 80' lang='lat'><strong>¹‘</strong></span> 
     </span>
     <span class='ocr_line' id='line_1_29' title="bbox 934 3920 4019 4007; baseline 0.001 -24"><span class='ocrx_word' id='word_1_345' title='bbox 934 3921 1312 4004; x_wconf 88' lang='lat' dir='ltr'><strong>Prophetam</strong></span> <span class='ocrx_word' id='word_1_346' title='bbox 1341 3922 1475 3984; x_wconf 88' lang='lat' dir='ltr'><strong>zelo</strong></span> <span class='ocrx_word' id='word_1_347' title='bbox 1507 3920 1710 3984; x_wconf 90' lang='lat' dir='ltr'><strong>divini</strong></span> <span class='ocrx_word' id='word_1_348' title='bbox 1733 3921 1994 3985; x_wconf 90' lang='lat' dir='ltr'><strong>honoris</strong></span> <span class='ocrx_word' id='word_1_349' title='bbox 2027 3942 2420 3998; x_wconf 87' lang='lat' dir='ltr'><strong>succensum,</strong></span> <span class='ocrx_word' id='word_1_350' title='bbox 2530 3922 2699 3985; x_wconf 88' lang='lat' dir='ltr'><strong>Elias</strong></span> <span class='ocrx_word' id='word_1_351' title='bbox 2729 3931 2855 3985; x_wconf 91' lang='lat' dir='ltr'><strong>tam</strong></span> <span class='ocrx_word' id='word_1_352' title='bbox 2896 3922 3319 4004; x_wconf 87' lang='lat' dir='ltr'><strong>imperterrite</strong></span> <span class='ocrx_word' id='word_1_353' title='bbox 3347 3930 3411 3985; x_wconf 90' lang='lat' dir='ltr'><strong>et</strong></span> <span class='ocrx_word' id='word_1_354' title='bbox 3439 3923 3737 3987; x_wconf 89' lang='lat' dir='ltr'><strong>audacter</strong></span> <span class='ocrx_word' id='word_1_355' title='bbox 3766 3944 4019 4007; x_wconf 87' lang='lat' dir='ltr'><strong>respon-</strong></span> 
     </span>
     <span class='ocr_line' id='line_1_30' title="bbox 646 4019 4017 4105; baseline 0.001 -24"><span class='ocrx_word' id='word_1_356' title='bbox 646 4034 907 4093; x_wconf 42' lang='lat' dir='ltr'><strong>meodian.</strong></span> <span class='ocrx_word' id='word_1_357' title='bbox 933 4020 1110 4102; x_wconf 82' lang='lat' dir='ltr'><strong>juxta</strong></span> <span class='ocrx_word' id='word_1_358' title='bbox 1137 4020 1306 4102; x_wconf 90' lang='lat' dir='ltr'><strong>quod</strong></span> <span class='ocrx_word' id='word_1_359' title='bbox 1337 4019 1496 4082; x_wconf 85' lang='lat' dir='ltr'><strong>dixit</strong></span> <span class='ocrx_word' id='word_1_360' title='bbox 1533 4019 1740 4102; x_wconf 91' lang='lat' dir='ltr'><strong>primo</strong></span> <span class='ocrx_word' id='word_1_361' title='bbox 1773 4020 1937 4084; x_wconf 91' lang='lat' dir='ltr'><strong>libro</strong></span> <span class='ocrx_word' id='word_1_362' title='bbox 1975 4039 1988 4083; x_wconf 89' lang='lat'>:</span> <span class='ocrx_word' id='word_1_363' title='bbox 2023 4021 2420 4104; x_wconf 88' lang='lat' dir='ltr'><strong>Quicumque</strong></span> <span class='ocrx_word' id='word_1_364' title='bbox 2528 4021 2639 4099; x_wconf 90' lang='lat' dir='ltr'><strong>dit,</strong></span> <span class='ocrx_word' id='word_1_365' title='bbox 2671 4040 2800 4084; x_wconf 90' lang='lat' dir='ltr'><strong>non</strong></span> <span class='ocrx_word' id='word_1_366' title='bbox 2850 4019 3201 4083; x_wconf 87' lang='lat' dir='ltr'><strong>formidans</strong></span> <span class='ocrx_word' id='word_1_367' title='bbox 3252 4038 3463 4101; x_wconf 87' lang='lat' dir='ltr'><strong>regem</strong></span> <span class='ocrx_word' id='word_1_368' title='bbox 3510 4040 3548 4083; x_wconf 91' lang='lat' dir='ltr'><strong>a</strong></span> <span class='ocrx_word' id='word_1_369' title='bbox 3596 4040 3724 4104; x_wconf 92' lang='lat' dir='ltr'><strong>quo</strong></span> <span class='ocrx_word' id='word_1_370' title='bbox 3772 4032 4017 4105; x_wconf 86' lang='lat' dir='ltr'><strong>poterat</strong></span> 
     </span>
     <span class='ocr_line' id='line_1_31' title="bbox 934 4116 4015 4203; baseline 0.001 -22"><span class='ocrx_word' id='word_1_371' title='bbox 934 4116 1394 4199; x_wconf 82' lang='lat' dir='ltr'><strong>glorificaverit</strong></span> <span class='ocrx_word' id='word_1_372' title='bbox 1423 4136 1545 4195; x_wconf 90' lang='lat' dir='ltr'><strong>me,</strong></span> <span class='ocrx_word' id='word_1_373' title='bbox 1579 4118 1956 4198; x_wconf 83' lang='lat' dir='ltr'><strong>glorificabo</strong></span> <span class='ocrx_word' id='word_1_374' title='bbox 1987 4138 2156 4182; x_wconf 91' lang='lat' dir='ltr'><strong>eum.</strong></span> <span class='ocrx_word' id='word_1_375' title='bbox 2526 4119 2850 4196; x_wconf 88' lang='lat' dir='ltr'><strong>trucidari,</strong></span> <span class='ocrx_word' id='word_1_376' title='bbox 2896 4119 3007 4181; x_wconf 87' lang='lat' dir='ltr'><strong>sed</strong></span> <span class='ocrx_word' id='word_1_377' title='bbox 3050 4137 3196 4181; x_wconf 91' lang='lat' dir='ltr'><strong>eum</strong></span> <span class='ocrx_word' id='word_1_378' title='bbox 3246 4119 3759 4183; x_wconf 86' lang='lat' dir='ltr'><strong>constantissime</strong></span> <span class='ocrx_word' id='word_1_379' title='bbox 3805 4139 4015 4203; x_wconf 86' lang='lat' dir='ltr'><strong>repre-</strong></span> 
     </span>
     <span class='ocr_line' id='line_1_32' title="bbox 1016 4215 4007 4300; baseline 0.001 -22"><span class='ocrx_word' id='word_1_380' title='bbox 1016 4215 1350 4293; x_wconf 87' lang='lat' dir='ltr'><strong>Moraliter,</strong></span> <span class='ocrx_word' id='word_1_381' title='bbox 1386 4234 1498 4298; x_wconf 86' lang='lat' dir='ltr'><strong>per</strong></span> <span class='ocrx_word' id='word_1_382' title='bbox 1516 4215 1732 4279; x_wconf 86' lang='lat' dir='ltr'><strong>Achab</strong></span> <span class='ocrx_word' id='word_1_383' title='bbox 1765 4217 2189 4298; x_wconf 87' lang='lat' dir='ltr'><strong>designantur</strong></span> <span class='ocrx_word' id='word_1_384' title='bbox 2220 4219 2420 4300; x_wconf 88' lang='lat' dir='ltr'><strong>negli-</strong></span> <span class='ocrx_word' id='word_1_385' title='bbox 2528 4218 2769 4281; x_wconf 90' lang='lat' dir='ltr'><strong>hendit.</strong></span> <span class='ocrx_word' id='word_1_386' title='bbox 2804 4217 2962 4280; x_wconf 89' lang='lat' dir='ltr'><strong>Hinc</strong></span> <span class='ocrx_word' id='word_1_387' title='bbox 3000 4217 3078 4278; x_wconf 92' lang='lat' dir='ltr'><strong>ad</strong></span> <span class='ocrx_word' id='word_1_388' title='bbox 3107 4215 3443 4280; x_wconf 75' lang='lat' dir='ltr'><strong>Ieremiam</strong></span> <span class='ocrx_word' id='word_1_389' title='bbox 3472 4218 3779 4281; x_wconf 91' lang='lat' dir='ltr'><strong>Dominus</strong></span> <span class='ocrx_word' id='word_1_390' title='bbox 3809 4220 4007 4282; x_wconf 85' lang='lat' dir='ltr'><strong>dixit:</strong></span> 
     </span>
     <span class='ocr_line' id='line_1_33' title="bbox 931 4314 4292 4398; baseline 0.001 -22"><span class='ocrx_word' id='word_1_391' title='bbox 931 4321 1174 4394; x_wconf 80' lang='lat' dir='ltr'><strong>genteS,</strong></span> <span class='ocrx_word' id='word_1_392' title='bbox 1209 4314 1516 4391; x_wconf 81' lang='lat' dir='ltr'><strong>carnaleS,</strong></span> <span class='ocrx_word' id='word_1_393' title='bbox 1547 4314 1760 4378; x_wconf 90' lang='lat' dir='ltr'><strong>vitiosi</strong></span> <span class='ocrx_word' id='word_1_394' title='bbox 1795 4315 2041 4397; x_wconf 81' lang='lat' dir='ltr'><strong>praelati</strong></span> <span class='ocrx_word' id='word_1_395' title='bbox 2079 4335 2152 4379; x_wconf 90' lang='lat' dir='ltr'><strong>ac</strong></span> <span class='ocrx_word' id='word_1_396' title='bbox 2186 4317 2424 4398; x_wconf 85' lang='lat' dir='ltr'><strong>princi·-</strong></span> <span class='ocrx_word' id='word_1_397' title='bbox 2526 4317 2680 4379; x_wconf 91' lang='lat' dir='ltr'><strong>Dedi</strong></span> <span class='ocrx_word' id='word_1_398' title='bbox 2702 4324 2761 4379; x_wconf 88' lang='lat' dir='ltr'><strong>te</strong></span> <span class='ocrx_word' id='word_1_399' title='bbox 2782 4316 2851 4378; x_wconf 92' lang='lat' dir='ltr'><strong>in</strong></span> <span class='ocrx_word' id='word_1_400' title='bbox 2885 4316 3249 4378; x_wconf 91' lang='lat' dir='ltr'><strong>columnam</strong></span> <span class='ocrx_word' id='word_1_401' title='bbox 3282 4314 3552 4379; x_wconf 81' lang='lat' dir='ltr'><strong>ferream</strong></span> <span class='ocrx_word' id='word_1_402' title='bbox 3572 4323 3635 4379; x_wconf 89' lang='lat' dir='ltr'><strong>et</strong></span> <span class='ocrx_word' id='word_1_403' title='bbox 3666 4316 3733 4379; x_wconf 90' lang='lat' dir='ltr'><strong>in</strong></span> <span class='ocrx_word' id='word_1_404' title='bbox 3756 4336 4009 4379; x_wconf 91' lang='lat' dir='ltr'><strong>murum</strong></span> <span class='ocrx_word' id='word_1_405' title='bbox 4062 4339 4261 4384; x_wconf 63' lang='lat' dir='ltr'><strong>lenm.</strong></span> <span class='ocrx_word' id='word_1_406' title='bbox 4291 4342 4292 4349; x_wconf 46' lang='lat'>¹</span> 
     </span>
     <span class='ocr_line' id='line_1_34' title="bbox 930 4412 4271 4496; baseline -0 -22"><span class='ocrx_word' id='word_1_407' title='bbox 930 4430 1066 4493; x_wconf 66' lang='grc' dir='ltr'><strong>ρος,</strong></span> <span class='ocrx_word' id='word_1_408' title='bbox 1085 4418 1342 4492; x_wconf 85' lang='lat' dir='ltr'><strong>propter</strong></span> <span class='ocrx_word' id='word_1_409' title='bbox 1369 4430 1642 4493; x_wconf 91' lang='lat' dir='ltr'><strong>quorum</strong></span> <span class='ocrx_word' id='word_1_410' title='bbox 1671 4412 2094 4494; x_wconf 86' lang='lat' dir='ltr'><strong>negligentias</strong></span> <span class='ocrx_word' id='word_1_411' title='bbox 2117 4423 2181 4476; x_wconf 90' lang='lat' dir='ltr'><strong>et</strong></span> <span class='ocrx_word' id='word_1_412' title='bbox 2212 4433 2421 4477; x_wconf 83' lang='lat' dir='ltr'><strong>exces-</strong></span> <span class='ocrx_word' id='word_1_413' title='bbox 2526 4433 2789 4478; x_wconf 82' lang='lat' dir='ltr'><strong>aeneum.</strong></span> <span class='ocrx_word' id='word_1_414' title='bbox 2814 4414 3019 4496; x_wconf 88' lang='lat' dir='ltr'><strong>Atque</strong></span> <span class='ocrx_word' id='word_1_415' title='bbox 3048 4414 3125 4475; x_wconf 89' lang='lat' dir='ltr'><strong>ad</strong></span> <span class='ocrx_word' id='word_1_416' title='bbox 3156 4412 3548 4477; x_wconf 89' lang='lat' dir='ltr'><strong>Ezechielem</strong></span> <span class='ocrx_word' id='word_1_417' title='bbox 3574 4414 3692 4477; x_wconf 90' lang='lat' dir='ltr'><strong>:Ut</strong></span> <span class='ocrx_word' id='word_1_418' title='bbox 3720 4416 4013 4478; x_wconf 88' lang='lat' dir='ltr'><strong>adaman·</strong></span> <span class='ocrx_word' id='word_1_419' title='bbox 4062 4436 4271 4479; x_wconf 55' lang='lat' dir='ltr'><strong>emam</strong></span> 
     </span>
     <span class='ocr_line' id='line_1_35' title="bbox 929 4502 4085 4593; baseline 0.001 -22"><span class='ocrx_word' id='word_1_420' title='bbox 929 4528 1038 4572; x_wconf 83' lang='lat' dir='ltr'><strong>sus</strong></span> <span class='ocrx_word' id='word_1_421' title='bbox 1065 4508 1132 4571; x_wconf 90' lang='lat' dir='ltr'><strong>in</strong></span> <span class='ocrx_word' id='word_1_422' title='bbox 1165 4508 1452 4572; x_wconf 91' lang='lat' dir='ltr'><strong>subditos</strong></span> <span class='ocrx_word' id='word_1_423' title='bbox 1495 4510 1944 4589; x_wconf 79' lang='lat' dir='ltr'><strong>redundanteS,</strong></span> <span class='ocrx_word' id='word_1_424' title='bbox 1979 4510 2269 4575; x_wconf 89' lang='lat' dir='ltr'><strong>aufertur</strong></span> <span class='ocrx_word' id='word_1_425' title='bbox 2316 4532 2418 4577; x_wconf 90' lang='lat' dir='ltr'><strong>ros</strong></span> <span class='ocrx_word' id='word_1_426' title='bbox 2526 4520 2654 4576; x_wconf 86' lang='lat' dir='ltr'><strong>tem</strong></span> <span class='ocrx_word' id='word_1_427' title='bbox 2683 4512 2825 4593; x_wconf 88' lang='lat' dir='ltr'><strong>(ait)</strong></span> <span class='ocrx_word' id='word_1_428' title='bbox 2852 4520 2914 4575; x_wconf 88' lang='lat' dir='ltr'><strong>et</strong></span> <span class='ocrx_word' id='word_1_429' title='bbox 2945 4511 3190 4575; x_wconf 91' lang='lat' dir='ltr'><strong>silicem</strong></span> <span class='ocrx_word' id='word_1_430' title='bbox 3218 4512 3405 4593; x_wconf 92' lang='lat' dir='ltr'><strong>posui</strong></span> <span class='ocrx_word' id='word_1_431' title='bbox 3438 4510 3665 4575; x_wconf 79' lang='lat' dir='ltr'><strong>faciem</strong></span> <span class='ocrx_word' id='word_1_432' title='bbox 3698 4522 3898 4576; x_wconf 91' lang='lat' dir='ltr'><strong>tuam.</strong></span> <span class='ocrx_word' id='word_1_433' title='bbox 4042 4502 4085 4543; x_wconf 80' lang='lat'><strong>⁹·</strong></span> 
     </span>
     <span class='ocr_line' id='line_1_36' title="bbox 911 4607 4009 4690; baseline 0.002 -21"><span class='ocrx_word' id='word_1_434' title='bbox 911 4607 1148 4690; x_wconf 84' lang='lat' dir='ltr'><strong>-gratiae</strong></span> <span class='ocrx_word' id='word_1_435' title='bbox 1203 4625 1511 4689; x_wconf 66' lang='lat' dir='ltr'><strong>supernae,</strong></span> <span class='ocrx_word' id='word_1_436' title='bbox 1555 4617 1618 4671; x_wconf 86' lang='lat' dir='ltr'><strong>et</strong></span> <span class='ocrx_word' id='word_1_437' title='bbox 1672 4609 1892 4690; x_wconf 89' lang='lat' dir='ltr'><strong>pluvia</strong></span> <span class='ocrx_word' id='word_1_438' title='bbox 1947 4608 2416 4673; x_wconf 82' lang='lat' dir='ltr'><strong>fecundationis</strong></span> <span class='ocrx_word' id='word_1_439' title='bbox 2608 4614 2931 4689; x_wconf 70' lang='lat' dir='ltr'><strong>Conyreya</strong></span> <span class='ocrx_word' id='word_1_440' title='bbox 2968 4613 3055 4671; x_wconf 85' lang='lat' dir='ltr'><strong>ad</strong></span> <span class='ocrx_word' id='word_1_441' title='bbox 3094 4630 3192 4671; x_wconf 84' lang='lat' dir='ltr'><strong>me</strong></span> <span class='ocrx_word' id='word_1_442' title='bbox 3232 4612 3610 4673; x_wconf 79' lang='lat' dir='ltr'><strong>universum</strong></span> <span class='ocrx_word' id='word_1_443' title='bbox 3644 4613 3873 4673; x_wconf 83' lang='lat' dir='ltr'><strong>Israel.</strong></span> <span class='ocrx_word' id='word_1_444' title='bbox 3908 4610 4009 4675; x_wconf 93' lang='lat' dir='ltr'><strong>Sic</strong></span> 
     </span>
     <span class='ocr_line' id='line_1_37' title="bbox 931 4706 4011 4792; baseline 0.002 -25"><span class='ocrx_word' id='word_1_445' title='bbox 931 4706 1219 4783; x_wconf 84' lang='lat' dir='ltr'><strong>internae,</strong></span> <span class='ocrx_word' id='word_1_446' title='bbox 1252 4713 1380 4768; x_wconf 87' lang='lat' dir='ltr'><strong>tam</strong></span> <span class='ocrx_word' id='word_1_447' title='bbox 1419 4706 1576 4788; x_wconf 89' lang='lat' dir='ltr'><strong>ipsis</strong></span> <span class='ocrx_word' id='word_1_448' title='bbox 1613 4726 1807 4788; x_wconf 87' lang='lat' dir='ltr'><strong>quam</strong></span> <span class='ocrx_word' id='word_1_449' title='bbox 1845 4726 2066 4771; x_wconf 88' lang='lat' dir='ltr'><strong>eorum</strong></span> <span class='ocrx_word' id='word_1_450' title='bbox 2105 4707 2416 4790; x_wconf 75' lang='lat' dir='ltr'><strong>subJectis</strong></span> <span class='ocrx_word' id='word_1_451' title='bbox 2523 4709 2677 4774; x_wconf 90' lang='lat' dir='ltr'><strong>boni</strong></span> <span class='ocrx_word' id='word_1_452' title='bbox 2698 4708 3202 4791; x_wconf 89' lang='lat' dir='ltr'><strong>evangelizantes</strong></span> <span class='ocrx_word' id='word_1_453' title='bbox 3222 4708 3587 4772; x_wconf 88' lang='lat' dir='ltr'><strong>universam</strong></span> <span class='ocrx_word' id='word_1_454' title='bbox 3604 4709 3864 4790; x_wconf 91' lang='lat' dir='ltr'><strong>cupiunt</strong></span> <span class='ocrx_word' id='word_1_455' title='bbox 3882 4710 4011 4792; x_wconf 73' lang='lat' dir='ltr'><strong>ple-</strong></span> 
     </span>
     <span class='ocr_line' id='line_1_38' title="bbox 929 4802 4011 4889; baseline 0.001 -22"><span class='ocrx_word' id='word_1_456' title='bbox 929 4802 1328 4887; x_wconf 89' lang='lat' dir='ltr'><strong>superiorum</strong></span> <span class='ocrx_word' id='word_1_457' title='bbox 1389 4823 1650 4867; x_wconf 91' lang='lat' dir='ltr'><strong>suorum</strong></span> <span class='ocrx_word' id='word_1_458' title='bbox 1698 4806 2036 4887; x_wconf 89' lang='lat' dir='ltr'><strong>pravitates</strong></span> <span class='ocrx_word' id='word_1_459' title='bbox 2087 4808 2417 4889; x_wconf 89' lang='lat' dir='ltr'><strong>sequenti·</strong></span> <span class='ocrx_word' id='word_1_460' title='bbox 2524 4808 2669 4871; x_wconf 91' lang='lat' dir='ltr'><strong>bem</strong></span> <span class='ocrx_word' id='word_1_461' title='bbox 2710 4807 3039 4885; x_wconf 88' lang='lat' dir='ltr'><strong>instruere,</strong></span> <span class='ocrx_word' id='word_1_462' title='bbox 3074 4806 3262 4888; x_wconf 91' lang='lat' dir='ltr'><strong>eique</strong></span> <span class='ocrx_word' id='word_1_463' title='bbox 3296 4806 3517 4869; x_wconf 91' lang='lat' dir='ltr'><strong>dicunt</strong></span> <span class='ocrx_word' id='word_1_464' title='bbox 3543 4824 3559 4869; x_wconf 75' lang='grc' dir='ltr'>ε</span> <span class='ocrx_word' id='word_1_465' title='bbox 3588 4810 3669 4869; x_wconf 81' lang='lat' dir='ltr'><strong>Si</strong></span> <span class='ocrx_word' id='word_1_466' title='bbox 3694 4810 4011 4869; x_wconf 76' lang='lat' dir='ltr'><strong>Dominus</strong></span> 
     </span>
     <span class='ocr_line' id='line_1_39' title="bbox 927 4902 4007 4987; baseline 0 -21"><span class='ocrx_word' id='word_1_467' title='bbox 927 4903 1050 4966; x_wconf 89' lang='lat' dir='ltr'><strong>bus</strong></span> <span class='ocrx_word' id='word_1_468' title='bbox 1076 4920 1091 4965; x_wconf 71' lang='grc' dir='ltr'>ε</span> <span class='ocrx_word' id='word_1_469' title='bbox 1124 4920 1286 4983; x_wconf 89' lang='lat' dir='ltr'><strong>quos</strong></span> <span class='ocrx_word' id='word_1_470' title='bbox 1325 4902 1548 4965; x_wconf 82' lang='lat' dir='ltr'><strong>volens</strong></span> <span class='ocrx_word' id='word_1_471' title='bbox 1577 4903 1880 4968; x_wconf 89' lang='lat' dir='ltr'><strong>Dominus</strong></span> <span class='ocrx_word' id='word_1_472' title='bbox 1926 4904 1992 4966; x_wconf 87' lang='lat' dir='ltr'><strong>in</strong></span> <span class='ocrx_word' id='word_1_473' title='bbox 2035 4924 2147 4967; x_wconf 85' lang='lat' dir='ltr'><strong>sua</strong></span> <span class='ocrx_word' id='word_1_474' title='bbox 2179 4906 2415 4987; x_wconf 84' lang='lat' dir='ltr'><strong>pietate</strong></span> <span class='ocrx_word' id='word_1_475' title='bbox 2521 4916 2612 4967; x_wconf 76' lang='lat' dir='ltr'><strong>est</strong></span> <span class='ocrx_word' id='word_1_476' title='bbox 2644 4910 2833 4977; x_wconf 77' lang='lat' dir='ltr'><strong>DeuS,</strong></span> <span class='ocrx_word' id='word_1_477' title='bbox 2864 4907 3220 4985; x_wconf 79' lang='lat' dir='ltr'><strong>sequimini</strong></span> <span class='ocrx_word' id='word_1_478' title='bbox 3257 4926 3451 4977; x_wconf 81' lang='lat' dir='ltr'><strong>eum,·</strong></span> <span class='ocrx_word' id='word_1_479' title='bbox 3477 4907 3537 4965; x_wconf 76' lang='lat' dir='ltr'><strong>si</strong></span> <span class='ocrx_word' id='word_1_480' title='bbox 3564 4916 3783 4967; x_wconf 75' lang='lat' dir='ltr'><strong>autem</strong></span> <span class='ocrx_word' id='word_1_481' title='bbox 3812 4910 4007 4977; x_wconf 83' lang='lat' dir='ltr'><strong>Baal,</strong></span> 
     </span>
     <span class='ocr_line' id='line_1_40' title="bbox 927 5003 4292 5086; baseline -0.001 -21"><span class='ocrx_word' id='word_1_482' title='bbox 927 5004 1241 5065; x_wconf 90' lang='lat' dir='ltr'><strong>immensa</strong></span> <span class='ocrx_word' id='word_1_483' title='bbox 1280 5003 1773 5065; x_wconf 84' lang='lat' dir='ltr'><strong>misericorditer</strong></span> <span class='ocrx_word' id='word_1_484' title='bbox 1813 5004 2186 5085; x_wconf 83' lang='lat' dir='ltr'><strong>praevenire‚</strong></span> <span class='ocrx_word' id='word_1_485' title='bbox 2235 5005 2416 5086; x_wconf 89' lang='lat' dir='ltr'><strong>jubet</strong></span> <span class='ocrx_word' id='word_1_486' title='bbox 2446 5013 2495 5075; x_wconf 90' lang='lat' dir='ltr'><strong>D</strong></span> <span class='ocrx_word' id='word_1_487' title='bbox 2520 5007 2873 5085; x_wconf 80' lang='lat' dir='ltr'><strong>sequimini</strong></span> <span class='ocrx_word' id='word_1_488' title='bbox 2916 5006 3132 5067; x_wconf 79' lang='lat' dir='ltr'><strong>illum.</strong></span> <span class='ocrx_word' id='word_1_489' title='bbox 3174 5004 3339 5080; x_wconf 88' lang='lat' dir='ltr'><strong>Ideo,</strong></span> <span class='ocrx_word' id='word_1_490' title='bbox 3390 5006 3718 5084; x_wconf 78' lang='lat' dir='ltr'><strong>Usquequo</strong></span> <span class='ocrx_word' id='word_1_491' title='bbox 3762 5008 4006 5067; x_wconf 77' lang='lat' dir='ltr'><strong>claudi·</strong></span> <span class='ocrx_word' id='word_1_492' title='bbox 4291 5078 4292 5083; x_wconf 5' lang='grc' dir='ltr'>ἵ</span> 
     </span>
     <span class='ocr_line' id='line_1_41' title="bbox 925 5100 4292 5185; baseline 0 -23"><span class='ocrx_word' id='word_1_493' title='bbox 925 5100 1100 5179; x_wconf 84' lang='lat' dir='ltr'><strong>Eliae,</strong></span> <span class='ocrx_word' id='word_1_494' title='bbox 1129 5100 1192 5162; x_wconf 93' lang='lat' dir='ltr'><strong>id</strong></span> <span class='ocrx_word' id='word_1_495' title='bbox 1223 5108 1318 5164; x_wconf 91' lang='lat' dir='ltr'><strong>est</strong></span> <span class='ocrx_word' id='word_1_496' title='bbox 1346 5100 1594 5163; x_wconf 85' lang='lat' dir='ltr'><strong>devotis</strong></span> <span class='ocrx_word' id='word_1_497' title='bbox 1634 5121 1704 5163; x_wconf 90' lang='lat' dir='ltr'><strong>ac</strong></span> <span class='ocrx_word' id='word_1_498' title='bbox 1751 5100 2015 5165; x_wconf 76' lang='lat' dir='ltr'><strong>fervidis</strong></span> <span class='ocrx_word' id='word_1_499' title='bbox 2046 5103 2417 5185; x_wconf 86' lang='lat' dir='ltr'><strong>praedicato-</strong></span> <span class='ocrx_word' id='word_1_500' title='bbox 2522 5106 2682 5164; x_wconf 79' lang='lat' dir='ltr'><strong>catis</strong></span> <span class='ocrx_word' id='word_1_501' title='bbox 2714 5106 2787 5163; x_wconf 82' lang='lat' dir='ltr'><strong>in</strong></span> <span class='ocrx_word' id='word_1_502' title='bbox 2816 5105 2982 5163; x_wconf 79' lang='lat' dir='ltr'><strong>duas</strong></span> <span class='ocrx_word' id='word_1_503' title='bbox 3004 5105 3268 5179; x_wconf 77' lang='lat' dir='ltr'><strong>partes?</strong></span> <span class='ocrx_word' id='word_1_504' title='bbox 3297 5102 3362 5163; x_wconf 93' lang='lat' dir='ltr'><strong>id</strong></span> <span class='ocrx_word' id='word_1_505' title='bbox 3390 5110 3505 5178; x_wconf 89' lang='lat' dir='ltr'><strong>est,</strong></span> <span class='ocrx_word' id='word_1_506' title='bbox 3530 5102 3727 5164; x_wconf 90' lang='lat' dir='ltr'><strong>vultis</strong></span> <span class='ocrx_word' id='word_1_507' title='bbox 3758 5104 4003 5167; x_wconf 89' lang='lat' dir='ltr'><strong>duobus</strong></span> <span class='ocrx_word' id='word_1_508' title='bbox 4061 5124 4213 5169; x_wconf 58' lang='lat' dir='ltr'><strong>uma</strong></span> <span class='ocrx_word' id='word_1_509' title='bbox 4226 5138 4292 5183; x_wconf 42' lang='lat' dir='ltr'><strong>v,</strong></span> 
     </span>
     <span class='ocr_line' id='line_1_42' title="bbox 927 5190 4292 5283; baseline 0 -22"><span class='ocrx_word' id='word_1_510' title='bbox 927 5199 1126 5276; x_wconf 81' lang='lat' dir='ltr'><strong>ribuS‚</strong></span> <span class='ocrx_word' id='word_1_511' title='bbox 1176 5208 1243 5261; x_wconf 91' lang='lat' dir='ltr'><strong>ut</strong></span> <span class='ocrx_word' id='word_1_512' title='bbox 1293 5198 1526 5261; x_wconf 87' lang='lat' dir='ltr'><strong>talibus</strong></span> <span class='ocrx_word' id='word_1_513' title='bbox 1569 5200 1966 5282; x_wconf 87' lang='lat' dir='ltr'><strong>principibus</strong></span> <span class='ocrx_word' id='word_1_514' title='bbox 2015 5220 2087 5264; x_wconf 91' lang='lat' dir='ltr'><strong>ac</strong></span> <span class='ocrx_word' id='word_1_515' title='bbox 2133 5201 2412 5282; x_wconf 84' lang='lat' dir='ltr'><strong>praelatis</strong></span> <span class='ocrx_word' id='word_1_516' title='bbox 2522 5200 2800 5264; x_wconf 90' lang='lat' dir='ltr'><strong>dominis</strong></span> <span class='ocrx_word' id='word_1_517' title='bbox 2846 5200 3105 5276; x_wconf 88' lang='lat' dir='ltr'><strong>servire,</strong></span> <span class='ocrx_word' id='word_1_518' title='bbox 3150 5200 3481 5283; x_wconf 87' lang='lat' dir='ltr'><strong>cupientes</strong></span> <span class='ocrx_word' id='word_1_519' title='bbox 3524 5200 3777 5281; x_wconf 90' lang='lat' dir='ltr'><strong>placere</strong></span> <span class='ocrx_word' id='word_1_520' title='bbox 3820 5220 4005 5263; x_wconf 85' lang='lat' dir='ltr'><strong>mun·</strong></span> <span class='ocrx_word' id='word_1_521' title='bbox 4036 5192 4103 5231; x_wconf 70' lang='lat'><strong>²⁸·</strong></span> <span class='ocrx_word' id='word_1_522' title='bbox 4291 5190 4292 5201; x_wconf 45' lang='lat'>¹</span> 
     </span>
     <span class='ocr_line' id='line_1_43' title="bbox 927 5296 4001 5383; baseline 0 -22"><span class='ocrx_word' id='word_1_523' title='bbox 927 5316 996 5361; x_wconf 85' lang='lat' dir='ltr'><strong>se</strong></span> <span class='ocrx_word' id='word_1_524' title='bbox 1027 5305 1499 5380; x_wconf 61' lang='lat' dir='ltr'><strong>repraesentent,</strong></span> <span class='ocrx_word' id='word_1_525' title='bbox 1533 5316 1753 5361; x_wconf 90' lang='lat' dir='ltr'><strong>eorum</strong></span> <span class='ocrx_word' id='word_1_526' title='bbox 1799 5299 1956 5361; x_wconf 89' lang='lat' dir='ltr'><strong>vitia</strong></span> <span class='ocrx_word' id='word_1_527' title='bbox 1993 5299 2405 5382; x_wconf 90' lang='lat' dir='ltr'><strong>increpando,</strong></span> <span class='ocrx_word' id='word_1_528' title='bbox 2521 5301 2605 5363; x_wconf 93' lang='lat' dir='ltr'><strong>do</strong></span> <span class='ocrx_word' id='word_1_529' title='bbox 2636 5308 2699 5363; x_wconf 86' lang='lat' dir='ltr'><strong>et</strong></span> <span class='ocrx_word' id='word_1_530' title='bbox 2726 5298 3027 5375; x_wconf 88' lang='lat' dir='ltr'><strong>Creatori,</strong></span> <span class='ocrx_word' id='word_1_531' title='bbox 3061 5317 3261 5379; x_wconf 91' lang='lat' dir='ltr'><strong>quum</strong></span> <span class='ocrx_word' id='word_1_532' title='bbox 3293 5306 3504 5360; x_wconf 85' lang='lat' dir='ltr'><strong>tamen</strong></span> <span class='ocrx_word' id='word_1_533' title='bbox 3535 5296 3706 5361; x_wconf 90' lang='lat' dir='ltr'><strong>dicat</strong></span> <span class='ocrx_word' id='word_1_534' title='bbox 3733 5298 4001 5383; x_wconf 86' lang='lat' dir='ltr'><strong>Aposto—</strong></span> 
     </span>
    </p>
   </div>
   <div class='ocr_carea' id='block_1_5' title="bbox 4288 5001 4295 6105">
    <p class='ocr_par' dir='ltr' id='par_1_5' title="bbox 4288 5001 4295 6105">
     <span class='ocr_line' id='line_1_44' title="bbox 4288 5001 4295 6105; baseline 0 0"><span class='ocrx_word' id='word_1_535' title='bbox 4288 5001 4295 6105; x_wconf 95' lang='lat' dir='ltr'><strong> </strong></span> 
     </span>
    </p>
   </div>
  </div>
 </body>
</html>
