4359 6250
951 473 1071 538 226

1850 490 2198 537 mannum
2239 490 2300 536 m
2343 490 2478 536 cat).
2525 489 2544 534 1
2587 489 2768 536 num.
2813 509 2894 521 —
2934 490 3080 540 ΛΒΤ.
3123 491 3142 537 1

955 662 1081 726 illae
1126 671 1537 724 surrexerunt
1576 681 1721 724 cum
1766 681 1861 738 ea,
1899 669 1969 722 ut
2006 680 2119 742 per
2162 660 2438 742 spatium
2472 658 2522 720 A
2551 658 2812 722 valeatis
2850 680 2996 724 cum
3036 660 3339 724 fratribus
3375 657 3828 722 defunctorum
3871 655 4031 718 inire

952 761 1339 824 deducerent
1370 780 1507 823 eam
1540 785 1554 834 3
1589 759 1690 823 vel
1722 759 2123 841 complexum
2158 758 2339 832 illud,
2365 757 2442 819 Ut

955 861 1021 922 in
1052 860 1320 942 patriam
1351 868 1643 941 pergere-t
1668 876 1682 920 :
1708 859 1956 940 eritque
1986 877 2236 932 36113113,
2269 857 2441 938 quod

952 959 1227 1021 surrexit
1278 978 1423 1020 cum
1482 957 1859 1019 mulieribus
1914 957 2074 1032 illis,
2131 965 2202 1018 ut
2249 955 2440 1017 simul

954 1079 1100 1122 cum
1132 1057 1224 1120 eis
1258 1065 1680 1122 reverteretur
1712 1056 1776 1117 in
1811 1064 2042 1118 terram
2074 1074 2277 1117 suam.
2323 1053 2441 1116 Sed

954 1157 1162 1239 prima
1192 1155 1502 1237 expositio
1532 1154 1743 1217 verior
1774 1161 2125 1236 reputatur,
2160 1152 2314 1234 quia
2354 1153 2444 1214 in-

955 1265 1049 1318 ter
1086 1255 1212 1317 alia
1248 1253 1660 1334 subjungitur
1695 1270 1709 1313 ε

1033 1357 1121 1416 Ec
1144 1356 1293 1432 jam
1337 1355 1409 1413 in
1442 1354 1551 1414 via
1590 1353 1954 1412 revertendi
1978 1354 2188 1430 posita
2223 1354 2293 1410 in
2329 1361 2446 1410 ter-

955 1476 1101 1515 ram
1138 1456 1340 1522 Juda,
1379 1453 1556 1512 dixit
1605 1454 1692 1510 ad
1729 1471 1834 1511 eas
1865 1468 1889 1510 .·
1925 1454 2020 1510 Ite
2064 1452 2135 1510 in
2180 1452 2444 1510 domum

956 1554 1187 1616 matris
1217 1561 1464 1620 vestrae,
1486 1549 1549 1611 id
1572 1557 1689 1625 est,
1715 1549 2019 1630 quaelibet
2049 1555 2330 1612 vestrum
2364 1546 2442 1609 ad

958 1649 1279 1734 propriam
1313 1649 1527 1712 redeat
1569 1657 1857 1710 matrem.
1892 1647 2027 1710 Non
2058 1647 2232 1710 enim
2263 1653 2446 1708 erant

957 1769 1227 1814 sororeS.
1274 1749 1480 1829 Atque
1529 1766 1641 1828 per
1684 1747 1803 1809 hoc
1853 1747 2025 1828 quod
2069 1746 2329 1820 dicitur,
2373 1745 2441 1806 ln

2550 759 2964 834 connubium,
2990 761 3103 841 qui
3132 761 3310 841 juxta
3337 761 3578 824 morem
3610 765 3844 820 nostrae
3877 755 4032 834 legis

2551 857 2863 920 suscitent
2901 877 3118 920 semen
3153 857 3457 920 fratribus
3492 856 3625 918 suis
3657 854 3984 918 defunctis
4013 873 4026 916 :

2551 957 2722 1036 quod
2773 965 2836 1018 et
2881 965 3030 1018 ante
3089 955 3290 1036 legem
3350 954 3574 1038 Moysis
3634 953 4028 1027 servabatur,
4081 975 4258 1018 ozam.

2556 1062 2623 1114 ut
2669 1054 2732 1116 in
2775 1054 3005 1117 Genesi
3053 1056 3409 1119 ostenditur
3452 1056 3529 1117 de
3570 1054 3732 1117 suda
3774 1061 3841 1116 et
3881 1051 4032 1114 filiis
4057 1040 4228 1142 {gfff

4131 1117 4194 1142 tm.
4215 1115 4242 1139 3-

2553 1151 2691 1232 ejus
2731 1153 2900 1215 circa
2929 1153 3220 1216 Thamar.
3258 1154 3322 1215 ln
3357 1152 3746 1216 Scholastica
3774 1168 4032 1234 quoque

2555 1250 2757 1314 fertur
2800 1252 3066 1315 historia
3106 1272 3120 1316 :
3164 1252 3346 1334 Apud
3395 1251 3695 1316 Moabitas
3743 1248 4034 1312 servaba-

2557 1359 2657 1410 tur
2679 1349 2778 1411 lex
2802 1350 2881 1412 de
2911 1351 3152 1412 semine
3184 1350 3561 1414 suscitando.
3580 1349 4032 1416 Revertimini,

2552 1451 2713 1526 filice
2760 1469 2932 1520 meoe,
2973 1459 3032 1510 et
3075 1452 3244 1511 abite
3259 1473 3283 1521 ,⁰
3312 1450 3466 1527 jam
3505 1451 3680 1509 enim
3727 1457 4038 1508 senectute

2553 1549 2840 1624 confecta
2867 1569 3034 1619 sum,
3069 1568 3181 1608 nec
3209 1558 3364 1625 apta
3396 1549 3653 1608 vinculo
3683 1547 4033 1622 conjuyali.

2558 1649 2840 1708 Etiamsi
2862 1667 3106 1723 possem
3135 1650 3257 1708 hac
3285 1656 3464 1708 noete
3491 1647 3822 1724 concipere
3849 1654 3910 1704 et
3933 1665 4040 1720 pa-

2555 1765 2694 1804 rere
2728 1747 2922 1823 filios,
2955 1747 3015 1805 si
3057 1766 3157 1806 eos
3194 1755 3555 1822 eoespectare
3595 1747 3810 1806 velitis
3849 1747 4039 1804 donee

956 1849 1217 1911 domum
1244 1845 1488 1920 matris,
1506 1844 1755 1908 videtur
1784 1844 1955 1925 quod
1987 1851 2197 1926 patres
2227 1861 2444 1905 earum
2476 1836 2521 1897 B
2555 1853 2858 1910 crescant,
2881 1854 2941 1904 et
2961 1865 3166 1904 annos
3181 1845 3544 1920 pubertatis
3565 1845 3909 1922 impleant,
3929 1863 4040 1902 an-

956 1944 1254 2009 obierint.
1292 1945 1520 2006 Faciat
1560 1945 1880 2003 vobiscum
1911 1943 2232 2004 Dominus
2265 1944 2444 2001 mise-

955 2046 1334 2115 ricordiam,
1374 2045 1543 2102 sicut
1580 2044 1823 2121 fecistis
1852 2061 1999 2101 cum
2040 2042 2335 2110 mortuis,
2381 2040 2444 2102 id

958 2149 1053 2204 est
1080 2158 1227 2202 cum
1256 2136 1483 2202 vestris
1522 2138 1768 2200 maritis
1810 2137 2017 2200 adhuc
2048 2136 2440 2212 viventibuS,

959 2257 1129 2300 nunc
1159 2236 1503 2312 defunctiS‚
1538 2237 1616 2298 ad
1646 2255 1808 2317 quos
1850 2234 2163 2298 habuistis
2194 2253 2306 2299 vos
2339 2235 2445 2316 pie

958 2345 1023 2399 ct
1068 2353 1391 2408 amorose3
1440 2335 1564 2409 vel,
1599 2335 1753 2396 Cum
1804 2333 2093 2408 mortui3‚
2143 2333 2443 2396 habendo

958 2454 1069 2499 vos
1102 2433 1429 2497 caritative
1460 2440 1523 2494 ct
1567 2431 1915 2494 liberaliter
1953 2432 2121 2494 circa
2158 2431 2444 2512 sepultu-

958 2555 1091 2596 ram
1137 2533 1441 2616 ipsorum,
1492 2541 1555 2594 et
1604 2532 1887 2612 ipsorum
1938 2539 2206 2594 mortem
2258 2531 2444 2593 vehe-

956 2641 1200 2696 menter
1228 2631 1568 2706 deflend03
1598 2641 1657 2691 et
1688 2652 1956 2691 mecum.
1994 2634 2111 2691 Det
2142 2633 2314 2690 vobis
2346 2635 2443 2692 in-

953 2735 1172 2793 venire
1210 2733 1494 2810 requiem
1525 2731 1599 2789 in
1630 2731 1925 2789 domibus
1955 2731 2250 2790 virorum
2288 2749 2441 2808 quos

951 2833 1277 2890 sortiturae
1314 2830 1487 2898 estis,
1524 2827 1586 2888 id
1622 2835 1737 2903 est,
1772 2826 1973 2888 bonos
2015 2846 2086 2889 ac
2128 2826 2438 2908 pacificos

951 2927 1135 2992 vobis
1179 2925 1485 2990 concedat
1518 2925 1800 3002 maritoS‚
1836 2925 1991 3007 quia
2034 2933 2097 2988 et
2136 2925 2260 2988 hoc
2309 2946 2440 2988 ma-

2559 1951 2614 2001 te
2642 1943 2824 2002 eritis
2854 1947 3077 2004 vetulae
3099 1963 3296 2022 quam
3316 1945 3602 2003 nubatis.
3621 1944 3868 2010 Nolite,
3883 1961 4038 2020 quse-

2555 2061 2647 2109 80,
2682 2043 2842 2118 filice
2875 2061 3048 2110 meoe,
3077 2043 3291 2118 facere
3323 2043 3462 2110 hoc,
3493 2043 3648 2120 quia
3683 2050 3898 2100 vestra
3925 2059 4036 2100 an-

2550 2141 2770 2214 qustia
2815 2140 3024 2214 maqis
3065 2159 3165 2198 me
3198 2141 3466 2216 premit,
3509 2139 3571 2201 id
3619 2145 3737 2211 est,
3785 2137 4036 2218 gravius

2557 2233 2819 2314 affligor
2849 2254 2924 2296 ex
2961 2234 3471 2297 consideratione
3513 2242 3736 2298 vestrae
3767 2233 4036 2296 tristitiae

2555 2352 2628 2394 ac
2675 2332 3186 2408 necessitudinis,
3229 2341 3293 2395 et
3340 2333 3514 2415 quod
3564 2333 3628 2395 in
3677 2332 4034 2396 sterilitatis

2554 2431 2897 2512 opprobrio
2928 2431 3289 2506 maneretiS,
3327 2451 3574 2495 mecum
3603 2432 3946 2506 manendo,
3979 2441 4034 2490 et

2551 2551 2798 2607 egressa
2835 2541 2924 2590 est
2969 2551 3203 2592 manus
3249 2534 3517 2592 Domini
3553 2541 3774 2594 contra
3821 2552 3940 2602 me,
3973 2530 4033 2592 id

2552 2636 2668 2704 est,
2701 2629 2864 2690 Deus
2903 2648 3018 2691 sua
3061 2629 3295 2692 virtute
3337 2649 3438 2692 me-
3479 2629 3710 2692 acriter
3753 2629 4033 2692 visitavit

2552 2745 2664 2807 pcr
2693 2735 2928 2790 mortes
2949 2727 3159 2788 mariti
3192 2727 3318 2790 mei
3347 2737 3409 2790 et
3443 2726 3727 2802 filiorum
3747 2745 4030 2790 meorum

2551 2824 2618 2886 in
2665 2825 3000 2905 juventute
3045 2844 3288 2902 eorum,
3341 2835 3403 2888 et
3449 2835 3787 2908 antequam
3839 2845 4034 2906 genu-

2551 2932 2760 2986 erunt.

950 3044 1146 3106 gnum
1177 3033 1272 3088 est
1293 3023 1403 3086 Dei
1426 3022 2241 3097 donum.Quemadmodum
2265 3024 2436 3087 enim
2468 3021 2512 3084 C
2633 3025 2902 3083 Elevata
2933 3024 3142 3099 ἐρίων
3173 3042 3342 3092 voce,
3372 3044 3633 3084 rursum
3664 3025 3821 3099 flere
3849 3043 4034 3102 σωρε-

672 3134 921 3189 eccetan,
953 3125 1018 3186 in
1052 3122 1497 3187 Ecclesiastico
1538 3121 1845 3204 scriptum
1878 3131 1993 3199 est,
2014 3121 2294 3186 Mulieris
2327 3124 2437 3187 bo-

950 3242 1048 3286 nae
1098 3222 1319 3285 beatus
1370 3220 1488 3294 vir,
1544 3240 1846 3283 numerus
1897 3220 2068 3282 enim
2119 3240 2430 3284 annorum

949 3321 1123 3384 illius
1155 3319 1424 3401 duplex3
1460 3319 1549 3381 ita
1578 3319 1886 3383 veraciter
1914 3319 2306 3401 perhibetur,
2329 3320 2434 3383 Vi-

949 3420 1000 3481 ri
1034 3420 1186 3482 boni
1217 3418 1399 3481 beata
1431 3436 1606 3493 uxor,
1652 3426 1773 3479 etc.
1807 3417 1960 3479 Nam
1994 3426 2056 3478 et
2088 3417 2294 3480 bonus
2335 3420 2434 3482 vir

945 3518 1175 3581 melius
1207 3524 1414 3599 potest
1442 3535 1845 3598 compescere
1884 3536 2252 3597 perversam
2287 3538 2432 3581 uxo-

944 3636 1099 3692 rem,
1118 3635 1313 3698 quam
1335 3633 1491 3677 uxor
1523 3614 1691 3678 bona
1713 3614 1943 3676 durum
1966 3622 2029 3677 et
2059 3633 2427 3695 perversum

942 3714 1263 3777 maritum.
1317 3717 1398 3775 Et
1440 3717 1725 3773 osculata
1766 3723 1854 3773 est
1892 3733 2015 3784 eas,
2066 3713 2131 3774 in
2175 3713 2428 3793 signum

941 3830 1185 3893 magnae
1236 3811 1629 3885 dilectionis,
1686 3810 1852 3873 sicut
1911 3810 1977 3872 in
2026 3812 2428 3899 separatione

940 3910 1291 3973 amantium
1326 3909 1353 3970 f
1355 3909 1470 3971 ieri
1502 3909 1683 3971 solet.
1708 3914 1861 3978 Quae
1880 3913 2129 3970 elevata
2156 3930 2294 3970 voc-e
2320 3915 2430 3988 sie-

940 4031 1009 4069 re
1053 4018 1404 4086 coeperunt,
1446 4006 1690 4069 scilicet
1738 4027 1814 4069 ex
1856 4007 2217 4069 vehementi
2271 4008 2430 4071 inte-

938 4107 1177 4170 riorum
1218 4105 1642 4169 commotione
1680 4126 1823 4168 cum
1864 4105 2149 4185 singultu
2189 4115 2248 4169 et
2291 4108 2431 4170 ulu-

940 4206 1071 4268 latu
1118 4222 1133 4267 ε

940 4322 1157 4386 pronae
1186 4310 1333 4363 sunt
1367 4301 1654 4377 seminae3
1677 4314 1735 4363 et
1758 4305 1969 4362 dicere
1989 4324 2012 4366 .·
2039 4307 2266 4364 Tecum
2291 4322 2432 4383 per-

933 4422 1158 4479 yemus
1204 4404 1291 4461 ad
1334 4404 1654 4479 populum
1706 4412 1910 4463 tuum.
1965 4401 2092 4465 Hoc
2143 4402 2430 4467 intende-

939 4500 1117 4574 bant,
1150 4497 1438 4561 trahente
1470 4516 1575 4559 eas
1606 4517 1820 4561 amore
1852 4518 2091 4576 socrus,
2123 4520 2269 4582 quae
2303 4510 2426 4564 tam

943 4595 1365 4660 amicabiliter
1402 4595 1627 4658 habuit
1671 4617 1739 4660 se
1781 4598 1857 4659 ad
1904 4598 2094 4679 ipsaS,
2129 4600 2301 4681 quod
2347 4601 2427 4663 ab

942 4716 1019 4759 ea
1050 4694 1351 4777 separari,
1388 4694 1616 4757 fuisset
1651 4696 1805 4777 ipsis
1845 4697 2181 4759 molestum
2218 4697 2423 4762 valde.

1024 4796 1265 4863 Quibus
1313 4793 1433 4854 illa
1482 4797 1833 4870 respondit,
1885 4796 2086 4875 magis
2134 4815 2426 4877 quaerens

941 4892 1215 4967 illarum,
1233 4910 1426 4971 quam
1461 4891 1814 4972 proprium,
1834 4893 2238 4955 commodum
2267 4914 2281 4957 :
2307 4898 2428 4956 Re-

939 4990 1303 5056 vertimini,
1320 4991 1481 5065 filice
1512 5010 1683 5051 meoe.
1715 4993 1843 5049 Cur
1865 4993 2099 5051 venitis
2131 4997 2427 5055 mecum?

942 5092 1119 5151 Num
1150 5091 1327 5148 ultra
1356 5088 1589 5147 habebo
1625 5090 1797 5164 filios
1828 5091 1897 5149 in
1942 5100 2120 5149 utero
2160 5112 2321 5161 me0,
2353 5102 2426 5153 ut

940 5188 1111 5247 viros
1146 5206 1227 5244 ew
1264 5204 1363 5243 me
1398 5203 1655 5260 sperare
1684 5188 1997 5261 possitis?
2036 5185 2101 5248 id
2148 5196 2266 5263 est,
2305 5188 2424 5250 sub

940 5282 1051 5346 illa
1078 5302 1191 5365 spe
1224 5299 1351 5343 non
1395 5280 1645 5344 habetis
1686 5302 1937 5346 mecum
1972 5284 2201 5361 redire,
2237 5286 2422 5366 quasi

2549 3130 2731 3181 runt.
2752 3121 2972 3199 Orphe
3001 3126 3288 3183 osculata
3305 3132 3394 3183 est
3422 3142 3701 3193 socrum,
3725 3144 3802 3183 ac
3832 3144 4031 3183 rever·

2546 3240 2618 3279 sa
2637 3229 2747 3290 est,
2768 3219 3178 3300 acquiescens
3210 3223 3606 3302 persuasioni
3641 3223 4022 3287 iltius.Rutl2

2548 3318 2820 3379 adleaesit
2847 3323 3063 3378 socrui
3090 3340 3236 3380 suoe.
3267 3322 3389 3381 Cui
3417 3324 3594 3383 dixit
3621 3325 3855 3383 Noemi
3874 3345 3896 3384 :
3925 3326 4024 3385 En

2546 3435 2796 3476 reversa
2840 3427 2951 3488 est,
2988 3417 3050 3479 id
3099 3425 3215 3494 est,
3265 3420 3470 3482 redire
3516 3418 3648 3500 jam
3685 3422 3906 3503 coepit,
3937 3442 4026 3481 eo·

2537 3525 2746 3589 =enata
2798 3525 2909 3575 tua
2941 3537 2962 3575 .·
2997 3515 3160 3579 forte
3198 3518 3370 3579 enim
3412 3518 3538 3581 fuit
3578 3520 3790 3601 neptis
3843 3520 4022 3583 istius

2544 3612 2739 3688 Ruth,
2793 3613 2893 3677 vel
2944 3624 3202 3696 propter
3247 3615 3635 3680 affinitatem
3685 3619 3777 3681 sic
3827 3619 4024 3682 nomi-

2544 3720 2652 3773 nat
2699 3730 2879 3787 eam3
2925 3716 3012 3773 ad
3045 3718 3366 3791 populum
3408 3737 3624 3789 suum,
3655 3727 3716 3777 et
3757 3721 3849 3779 ad
3882 3722 4020 3779 deos

2539 3831 2704 3871 suos.
2741 3810 2875 3874 Non
2919 3811 3170 3874 videtur
3205 3813 3340 3877 haec
3379 3814 3594 3877 Noemi
3638 3814 3836 3878 fuisse
3867 3816 4022 3879 mul-

2545 3916 2674 3970 tum
2726 3910 2954 3973 devota
3001 3918 3063 3972 et
3113 3910 3389 3988 fervenS,
3431 3913 3736 3994 quoniam
3785 3934 4012 3977 nurum

2542 4006 2740 4082 illam,
2777 4006 3020 4070 scilicet
3057 4008 3357 4091 Orpham,
3399 4030 3525 4075 non
3564 4013 3896 4077 admonuit
3923 4016 4020 4094 (ut

2541 4108 2831 4187 apparet)
2878 4107 2956 4169 ad
2999 4107 3242 4169 cultum
3289 4109 3479 4172 unius
3529 4112 3662 4174 veri
3711 4111 3844 4187 Dei,
3898 4112 4018 4176 imo

1180 4205 1256 4267 ad
1305 4204 1477 4285 quod
1526 4213 1785 4286 propte-r
1832 4204 2041 4266 cordis
2090 4205 2424 4268 mollitiem
2459 4204 2511 4266 D
2542 4224 2657 4267 1166
2690 4204 2894 4286 ipsam
2927 4205 3114 4281 Ruth,
3149 4226 3348 4287 quum
3381 4216 3591 4271 tamen
3636 4218 3762 4273 tam
3790 4212 3904 4274 diu
3927 4232 4020 4275 63-

2541 4312 2682 4365 sent
2712 4303 2790 4364 ad
2824 4302 3098 4366 invicem
3130 4315 3530 4370 commoratae
3549 4316 3612 4371 et
3636 4307 4013 4373 familiares:

2542 4400 2670 4464 imo
2709 4401 2961 4463 videtur
3011 4402 3132 4484 ipsi
3180 4404 3345 4465 Ruth
3387 4405 3637 4469 dedisse
3681 4409 4014 4471 consilium

2541 4499 2868 4575 redeundi,
2903 4500 3068 4562 sicut
3094 4502 3223 4582 jam
3256 4502 3442 4565 rediit
3469 4503 3699 4585 Orpha.
3733 4506 3882 4569 Nam
3913 4508 4017 4569 ad-

2539 4597 2654 4673 dit,
2708 4602 2876 4659 Vade
2904 4619 3050 4659 eum
3080 4620 3176 4660 ea.
3215 4603 3367 4669 Quce
3393 4606 3766 4679 respondit:
3787 4608 3884 4669 Ne
3907 4610 4016 4667 ad-

2517 4692 2808 4756 'verseris
2849 4699 3036 4768 milii,
3067 4709 3141 4759 ut
3179 4701 3548 4778 relinquam
3592 4712 3649 4762 te
3685 4714 3746 4764 et
3773 4707 4008 4766 abeam.

2539 4794 2678 4857 Haec
2708 4794 2872 4856 Ruth
2917 4793 3042 4857 fuit
3079 4795 3279 4859 electa
3315 4816 3354 4859 a
3382 4799 3529 4874 De0,
3563 4799 3706 4863 ideo
3745 4821 3882 4863 eam
3923 4802 4010 4863 sic

2537 4892 2783 4968 affecit,
2816 4894 3091 4971 attraxit,
3109 4903 3171 4957 et
3201 4903 3594 4959 constantem
3625 4896 3868 4963 effecit.
3887 4900 4013 4963 lino

2535 4993 2635 5071 (ut
2664 4989 2952 5070 Magister
2985 4990 3049 5053 in
3087 4992 3372 5055 historiis
3403 4994 3649 5075 recitat)
3677 4996 3886 5061 Noemi
3917 4999 4016 5060 di-

2535 5090 2627 5151 xit
2654 5090 2732 5152 ad
2764 5089 2930 5152 Ruth
2965 5090 3188 5165 :Audi‚
3226 5090 3387 5154 filia.
3426 5093 3560 5156 Non
3589 5104 3686 5157 est
3713 5096 3871 5159 Deus
3901 5114 4012 5160 no·

2536 5197 2664 5251 ster
2693 5188 2858 5251 sicut
2887 5188 2976 5249 dii
3007 5189 3318 5269 gentium,
3355 5210 3470 5255 nec
3502 5194 3776 5276 populus
3805 5204 4011 5257 noster

2536 5287 2885 5350 secundum
2908 5287 3098 5350 ritum
3125 5289 3415 5369 gentium
3447 5291 3627 5355 vivit.
3649 5294 3906 5377 Expedit
3937 5296 4010 5357 ti-
