4359 6250
885 475 962 538 {8

1739 491 2086 538 ENARRATIO
2127 491 2190 536 IN
2232 487 2368 534 031³.
2416 489 2481 533 111
2522 488 2723 533 JOSUE.
2769 505 2850 517 -
2889 487 3032 532 ΛΒΤ.
3076 487 3115 529 V

883 673 1228 727 oraverunt
1267 664 1498 727 Christi
1547 661 1920 744 discipuIOS‚
1957 669 2026 723 ut
2075 678 2263 742 opem
2310 666 2375 721 et
2404 660 2451 720 Α
2484 657 2722 733 Rahab,
2758 655 2974 719 nullus
3024 657 3091 718 in
3129 654 3380 716 Iericho
3430 659 3693 714 mortem
3738 647 3962 724 evasit,

885 761 1152 824 salutem
1203 768 1617 844 procurarent
1662 760 1926 823 eisdem.
1980 758 2223 832 Quibus
2274 775 2373 818 rc-

2487 756 2579 817 sic
2624 763 2797 818 extra
2842 754 3185 816 Ecclesiam
3232 770 3418 814 nemo
3456 758 3663 832 potest
3706 747 3960 810 salvari.

885 860 1280 941 sponderunt
1311 858 1822 941 discipuli‚quod
1855 855 2138 918 universi
2175 855 2240 916 in
2272 855 2377 916 do-
2486 856 2599 916 Pcr
2630 853 2849 916 funem
2889 863 3099 915 autem
3132 851 3521 923 coccineum,
3556 867 3708 910 crux
3738 843 3971 909 Christi

887 978 1060 1020 mum
1101 959 1400 1022 Ecclesiae
1430 957 1906 1032 conveniente-S,
1946 965 2007 1018 et
2049 953 2377 1018 conversis
2486 972 2629 1034 quae
2660 961 2752 1014 est
2786 951 3039 1032 signum
3070 951 3316 1026 salutis,
3341 947 3737 1030 exprimitur.

887 1057 1378 1134 consentientes,
1432 1065 1644 1121 essent
1693 1055 1983 1118 salvandi
2031 1073 2046 1116 :
2095 1073 2221 1134 qua
2270 1071 2379 1134 pa-

2568 1052 2911 1127 Postremo,
2945 1051 3117 1131 quod
3158 1049 3374 1112 Rahab
3403 1046 3575 1110 viros
3605 1043 3862 1107 demisit
3904 1042 3971 1103 in

888 1155 1100 1217 ctione
1147 1156 1397 1238 adepta,
1451 1153 1902 1237 permiserunt,
1958 1152 2068 1233 qui
2117 1152 2247 1233 jam
2298 1151 2376 1213 ad
2492 1157 2706 1233 sporta
2736 1150 2815 1212 de
2858 1168 2973 1212 suo
3016 1149 3270 1224 solario,
3306 1148 3425 1210 hoc
3458 1145 3765 1225 designat,
3800 1142 3973 1224 quod

891 1252 1087 1315 sidem
1133 1263 1467 1331 venerunt,
1509 1261 1762 1315 sanctos
1806 1249 2251 1333 praedicatores
2300 1250 2381 1311 ad
2489 1250 2568 1311 de
2616 1247 2954 1310 altitudine
3004 1245 3563 1328 contemplationis
3602 1244 3681 1306 ad
3726 1241 3975 1304 labores

889 1350 1016 1412 alia
1045 1351 1517 1433 transmigrare.
1553 1350 1683 1413 lmo
1715 1348 2043 1429 rogabant,
2069 1357 2138 1410 ut
2169 1357 2381 1431 tyran-

892 1467 1122 1511 norum
1161 1449 1637 1531 persecutiones
1678 1446 2072 1510 declinarent
2103 1449 2181 1509 ad
2228 1456 2381 1509 tem-

2488 1346 2759 1409 actionis
2790 1345 3080 1428 permisit
3098 1345 3381 1408 Ecclesia
3408 1361 3557 1406 suos
3580 1341 3851 1404 transire
3872 1340 3979 1401 do·

2489 1454 2715 1519 ctoreS‚
2750 1444 2985 1526 quibus
3014 1453 3079 1507 et
3104 1442 3495 1506 adminicula
3516 1439 3829 1522 impendit
3861 1438 3975 1499 hu-

893 1566 1033 1629 pus.
1085 1547 1263 1612 Unde
1311 1547 1846 1631 quemadmodum
1895 1554 2070 1609 extra
2117 1547 2379 1609 domum
2492 1563 2700 1606 mana.

2041 1971 2689 2061 ARTICULUS
2772 1973 2837 2056 V

1121 2253 1475 2300 auctuario
1518 2253 1864 2298 Ll‘tTssRAus
1906 2251 2184 2297 CAPrruu
2226 2250 2425 2294 TssnTu
2470 2249 2485 2294 ἰ
2532 2248 2735 2294 1G1TUR
2776 2248 2957 2294 Josuss
2997 2249 3076 2292 DE
3117 2248 3307 2293 NOCTE
3349 2247 3756 2294 CONSURGENS.

980 2532 1029 2594 N
1061 2532 1196 2595 sine
1224 2530 1640 2613 praecedentis
1680 2528 1944 2611 capituli
1990 2527 2231 2591 dictum
2266 2535 2383 2604 est,
2425 2528 2471 2590 B
2498 2529 2585 2606 di,
2606 2549 2749 2612 quae
2781 2528 2947 2593 facta
2977 2529 3101 2592 suit
3141 2529 3201 2593 ei
3246 2529 3471 2591 ultima
3500 2528 3751 2590 illarum
3784 2527 3979 2590 trium

1000 2629 1534 2713 quemadmodum
1565 2627 1992 2709 exploratores
2033 2627 2269 2689 reversi
2301 2626 2392 2689 di-

611 2751 880 2802 ameum.
907 2737 1135 2793 xerunt
1149 2746 1164 2790 ε
1178 2726 1462 2790 Tradidit
1478 2725 1780 2788 Dominus
1804 2725 1870 2787 in
1893 2744 2120 2787 manus
2142 2733 2391 2788 nostras

671 3233 793 3279 laid.
809 3236 848 3279 2.

907 2846 1164 2891 omnem
1195 2834 1426 2889 terram
1449 2824 1636 2887 hanc.
1655 2821 1787 2897 Quo
1817 2823 2035 2886 audito
2053 2823 2243 2886 Josue
2262 2822 2393 2885 ani-

907 2933 1135 3002 matuS‚
1170 2924 1322 2988 fecit
1353 2922 1524 3005 quod
1556 2922 1622 2985 in
1657 2922 1778 2985 isto
1821 2922 2120 2985 recitatur
2147 2921 2391 3004 capitu-

911 3025 994 3090 lo.
1027 3026 1245 3102 Iyicur
1269 3027 1458 3084 Josue
1484 3024 1564 3082 de
1593 3032 1796 3091 nocte,
1819 3021 1885 3082 id
1915 3029 2011 3083 est
2041 3021 2227 3084 valde
2264 3039 2417 3102 may

913 3142 1016 3200 ne,
1035 3142 1431 3199 consumens
1451 3142 1474 3181 :
1506 3119 1670 3184 sicut
1701 3119 2081 3202 praecedenti
2111 3119 2394 3201 capitulo

915 3221 1223 3303 scriptum
1271 3227 1388 3296 est,
1421 3218 1592 3301 quod
1643 3218 2070 3301 exploratores
2123 3218 2395 3300 ingressi

915 3328 1064 3383 sunt
1093 3319 1316 3382 urbem
1334 3317 1586 3381 Iericho
1615 3324 1820 3392 nocte,
1857 3317 1922 3379 id
1952 3325 2048 3379 est
2077 3318 2156 3380 de
2178 3336 2397 3398 vespe-

915 3438 1004 3481 re.
1037 3417 1242 3492 Quum
1271 3416 1446 3480 enim
1477 3434 1740 3498 vespera
1758 3424 1822 3477 et
1851 3434 2078 3478 aurora
2108 3416 2237 3478 sint
2266 3415 2396 3478 diei

913 3536 986 3579 ac
1035 3516 1240 3579 noctis
1278 3512 1584 3590 confinia,
1633 3521 1904 3595 utroque
1951 3514 2397 3596 exprimuntur

913 3622 1216 3677 extremo.
1267 3616 1473 3675 Movit
1519 3621 1752 3683 castra,
1807 3611 1869 3673 id
1912 3620 2032 3689 est,
2085 3613 2395 3695 populum

2498 2629 2843 2705 dierum,ct
2862 2637 3014 2692 tunc
3044 2628 3111 2691 in
3142 2628 3419 2691 crastino
3442 2627 3834 2689 transierunt
3854 2627 3985 2690 Jor-

2500 2727 2754 2790 danem.

2578 2825 2759 2888 Circa
2792 2827 2926 2889 baec
2964 2826 3132 2902 dico,
3165 2844 3388 2888 verum
3428 2843 3569 2888 esse
3600 2825 3768 2905 quod
3806 2823 3990 2904 Magi·

2501 2933 2629 2987 ster
2660 2925 2727 2987 in
2770 2925 3055 2988 historiis
3086 2934 3149 2987 et
3191 2925 3301 2986 alii
3332 2924 3593 3007 quidam
3626 2921 3984 2998 affirmant,

2502 3043 2699 3106 aquas
2730 3024 3021 3086 Iordanis
3053 3031 3203 3086 tunc
3232 3022 3587 3086 excrevisse
3629 3041 3706 3084 ex
3740 3021 3987 3083 nivium

2502 3142 2647 3205 quae
2676 3122 2743 3184 in
2774 3122 3099 3186 montibus
3128 3132 3331 3199 erant,
3356 3120 3763 3198 resolutione,
3796 3128 3991 3202 atque

2503 3240 2582 3284 cx
2606 3220 2809 3283 imbre
2840 3222 3119 3285 serotino
3150 3229 3300 3284 tunc
3330 3220 3580 3284 noviter
3607 3220 3789 3283 dato:
3816 3219 3991 3300 quod

2503 3319 2692 3381 etiam
2742 3319 2946 3399 tangit
2986 3318 3226 3382 Glossa.
3262 3318 3385 3382 Nec
3438 3327 3649 3382 tamen
3698 3316 3990 3397 Magister

2506 3418 2570 3479 in
2602 3418 2908 3495 historiiS,
2944 3436 3062 3481 nec
3090 3418 3329 3495 Glossa,
3364 3436 3481 3480 nec
3520 3416 3630 3479 alii
3676 3416 3993 3499 exposito-

2506 3534 2607 3578 res
2644 3516 3069 3579 communiter
3109 3516 3436 3595 assignant
3480 3516 3601 3578 hoc
3645 3534 3760 3597 pro
3800 3534 3993 3577 causa

2507 3632 2697 3677 morae
2731 3614 3031 3696 prael'atae.
3056 3614 3199 3677 Ideo
3228 3614 3375 3677 dato
3405 3614 3576 3696 quod
3604 3612 3807 3695 aliqui
3838 3613 3991 3675 assi-

913 3712 1209 3777 excitavit
1257 3712 1336 3775 ad
1389 3710 1803 3793 pergendum.
1856 3713 2399 3790 Eyredientesque
2428 3712 2471 3776 C
2506 3722 2705 3795 gnent
2742 3713 2861 3777 hoc
2906 3732 3023 3794 pro
3064 3732 3275 3789 causa,
3312 3731 3439 3775 non
3486 3721 3693 3774 tamen
3739 3712 3821 3775 ob
3867 3712 3991 3775 hoc

911 3816 990 3873 de
1037 3814 1265 3881 setim,
1289 3809 1584 3871 videlicet
1634 3808 1772 3871 loco
1823 3808 1889 3869 in
1935 3808 2399 3890 campestribus

913 3908 1091 3973 Moab
1137 3909 1284 3985 sito,
1329 3918 1642 3968 venerum
1685 3910 1774 3967 ad
1799 3910 2148 3967 Jordanem
2179 3909 2312 3985 ipse
2340 3918 2399 3968 et

913 4028 1128 4068 omnes
1155 4008 1291 4083 ficii
1320 4008 1547 4075 Israel,
1579 4015 1638 4065 et
1682 4007 1920 4065 morati
1961 4015 2113 4065 sunt
2157 4007 2251 4065 ibi
2284 4027 2400 4083 per

919 4116 1040 4165 tres
1067 4108 1226 4167 dies.
1245 4104 1424 4167 Circa
1453 4102 1572 4166 boc
1603 4102 1826 4165 scribit
1853 4102 2112 4185 quidam
2134 4104 2400 4167 :Dicunt

913 4202 1302 4286 expositores
1330 4201 1554 4277 nostri,
1587 4202 1757 4282 quod
1786 4220 1974 4265 causa
1997 4200 2190 4283 hujus
2209 4221 2400 4267 morae

917 4301 1062 4377 fuit,
1114 4300 1418 4383 quoniam
1465 4318 1631 4381 aqua
1676 4299 1966 4362 Iordanis
2013 4310 2396 4364 excreverat.

917 4399 1059 4463 ldeo
1093 4399 1183 4462 ibi
1211 4406 1543 4474 steterunt,
1576 4416 1909 4480 quousque
1937 4398 2402 4481 aliquantisper

916 4497 1218 4562 decrevit.
1231 4496 1406 4571 Quod
1427 4504 1890 4577 consequenter
1911 4496 2222 4579 reprobat,
2248 4498 2399 4579 quia

914 4600 1014 4677 (ut
1057 4598 1174 4677 ait)
1223 4596 1290 4658 in
1337 4595 1598 4657 Hebraeo
1642 4594 1931 4672 babetur,
1985 4594 2062 4657 Et
2108 4596 2397 4659 Jordanis

915 4695 1292 4777 impleverat
1321 4712 1512 4775 super
1540 4712 1762 4756 omnes
1795 4694 1964 4776 ripas
1997 4713 2142 4756 suas
2176 4695 2241 4755 in
2264 4714 2399 4758 om-

916 4793 1107 4856 nibus
1147 4791 1370 4855 diebus
1401 4792 1626 4853 messis
1668 4811 1682 4855 :
1718 4792 1827 4872 qui
1857 4793 1993 4855 dies
2024 4794 2255 4855 durant
2286 4812 2398 4875 per

2507 3810 2845 3874 dicendum
2885 3820 2982 3874 est
3009 3811 3319 3887 absolute,
3353 3811 3523 3893 quod
3554 3811 3843 3873 doctores
3880 3830 3993 3874 no·

2507 3909 2621 3971 stri
2654 3910 2773 3972 hoc
2803 3909 3037 3985 dicant,
3073 3908 3257 3990 quasi
3302 3927 3525 3972 omnes
3569 3918 3675 3971 aut
3714 3928 3995 3972 commu-

2509 4008 2673 4070 niter
2702 4008 2917 4070 dicant
2947 4007 3091 4070 hoc.
3128 4007 3441 4089 Iosephus
3478 4025 3732 4088 quoque
3766 4008 3987 4086 tangit,

2506 4106 2676 4187 quod
2720 4113 2982 4187 propter
3022 4105 3523 4185 magnitudinem
3572 4124 3774 4186 aquae,
3805 4106 3994 4169 Josue.

2508 4204 2723 4267 timuit
2752 4203 3087 4265 transitum
3124 4203 3437 4279 fluminiS‚
3480 4204 3591 4267 sed
3632 4202 3803 4265 infra
3831 4205 3992 4268 duos

2508 4302 2644 4364 dies
2674 4303 2837 4364 Deus
2881 4302 3113 4364 minuit
3154 4320 3408 4382 aquam,
3439 4310 3505 4365 et
3544 4301 3835 4383 praedixit
3866 4301 3993 4384 ipsi

2504 4402 2713 4477 losue,
2766 4401 2942 4482 quod
2993 4398 3266 4462 fluvium
3319 4400 3502 4462 illum
3548 4400 3783 4464 faceret
3826 4403 3882 4465 ei
3930 4413 3997 4467 et

2508 4498 2641 4559 suis
2683 4498 2976 4561 transire.
3024 4497 3308 4580 Insuper,
3352 4499 3524 4580 quod
3566 4498 3723 4561 dicit
3765 4500 3997 4581 praeal·

2508 4596 2771 4676 legatus,
2792 4597 2915 4679 ipsi
2942 4597 3130 4659 Josue
3164 4594 3397 4658 factam
3430 4597 3882 4661 revelationem
3914 4600 3997 4662 de

2508 4696 2695 4757 modo
2735 4695 3103 4757 transeundi
3142 4694 3477 4757 Iordanem
3521 4696 3707 4758 tertio
3737 4695 3863 4774 die,
3899 4696 3999 4760 in-

2506 4802 2750 4856 certum
2798 4802 2913 4857 est.
2964 4792 3264 4866 Quamvis
3314 4812 3590 4874 namque
3635 4794 3881 4857 dicatur
3926 4796 3995 4859 in

913 4892 1074 4955 duos
1119 4908 1368 4953 menses
1409 4889 1760 4952 secundum
1790 4889 2108 4978 Hebraeos2
2143 4890 2206 4953 Si
2250 4909 2399 4971 ergo
2428 4893 2477 4956 D
2508 4901 2702 4969 textu,
2738 4892 2907 4954 Dixit
2933 4892 3121 4955 Josue
3154 4893 3233 4955 ad
3265 4892 3595 4974 populum,
3626 4892 3999 4957 Sanctifica-

913 5008 1102 5054 causa
1149 5005 1374 5063 morae,
1429 4986 1656 5049 fuisset
1713 4988 2140 5049 excrescentia
2191 5007 2392 5069 aquae,

913 5088 1236 5151 stetissent
1267 5086 1354 5148 ibi
1387 5084 1540 5147 satis
1561 5084 1705 5166 plus
1725 5104 1915 5167 quam
1947 5104 2059 5167 per
2080 5086 2219 5149 dies
2250 5095 2392 5148 tres,

911 5188 1056 5251 Ideo
1082 5183 1270 5248 aliter
1297 5183 1426 5246 dici
1472 5192 1701 5264 potest,
1736 5184 2038 5265 quoniam
2067 5185 2254 5248 Josue
2296 5204 2395 5247 ex-

910 5283 1218 5369 spectavit
1247 5282 1696 5347 revelationem
1728 5283 1808 5346 de
1837 5284 2028 5347 modo
2061 5292 2392 5348 transeun-

2504 4991 2687 5069 mini‚
2722 5010 2861 5053 cras
2893 4990 3065 5053 enim
3108 4989 3299 5053 faciet
3328 4990 3636 5054 Dominus
3678 4992 3844 5055 inter
3877 5012 3995 5057 vos

2504 5089 2823 5152 mirabilia
2868 5114 2883 5164 3
2936 5108 3011 5153 ex
3062 5089 3180 5153 hoc
3230 5098 3440 5152 tamen
3494 5108 3621 5153 non
3672 5092 3985 5172 sequitur,

2503 5190 2672 5269 quod
2707 5188 2895 5252 tertio
2922 5189 3026 5251 die
3056 5189 3190 5265 illo,
3224 5198 3287 5251 et
3320 5206 3448 5251 non
3478 5196 3648 5267 ante,
3684 5189 3990 5253 Dominus

2506 5287 2881 5351 revelaverit
2928 5288 2987 5350 ei
3036 5288 3356 5351 mirabilia
3402 5287 3533 5367 illa,
3570 5307 3681 5352 seu
3722 5290 3987 5353 modum
