4359 6250
615 3946 630 3990 l
644 3948 876 4003 Rea-xxm.

915 492 1034 556 360
1452 513 1800 559 mutuno
1843 514 1904 558 IN
1947 514 2083 560 cAP.
2130 513 2259 558 xvu
2300 514 2459 560 unm
2498 514 2667 560 mum
2710 513 2934 560 REGUH.
2980 531 3061 544 —
3101 513 3244 559 ΛΒΤ.
3290 513 3463 560 mil

915 683 1030 741 vid
1065 685 1410 742 adversum
1437 682 1852 743 Philistoeum
1875 684 1947 741 in
1977 682 2192 757 funda
2223 692 2283 741 et
2314 685 2403 741 Za·
2432 680 2483 743 A
2514 702 2643 761 qua
2657 683 2965 758 proyent‘e
2992 703 3056 742 es
3088 693 3180 755 tu,
3198 702 3233 742 o
3266 686 3621 744 adolescens
3642 684 4006 764 ‚2Dioeitque

901 775 1085 857 pide,
1096 799 1595 859 percussumque
1615 779 2028 840 Philistoeum
2049 781 2397 858 interfecit.

919 881 1257 958 Quumque
1278 879 1584 954 madium
1625 898 1754 938 non
1785 880 2040 938 haberet
2081 879 2154 938 in
2198 898 2401 939 manu

911 979 1152 1047 David,
1169 978 1463 1037 cucurrit
1482 986 1542 1036 et
1561 978 1734 1038 stetit
1752 996 1944 1054 super
1963 979 2397 1047 Philistoeum,

909 1086 970 1136 et
1022 1076 1173 1136 tulit
1214 1076 1519 1151 ‚cladium
1561 1077 1723 1152 ejus,
1757 1085 1816 1135 et
1858 1078 2088 1136 eduxit
2131 1096 2278 1136 eum
2322 1079 2401 1136 de

913 1176 1158 1251 vayina
1187 1194 1330 1244 sua,
1364 1183 1423 1233 et
1455 1174 1781 1250 interfecit
1811 1195 1958 1234 eum
1987 1172 2239 1237 Geliath
2268 1172 2401 1253 gla-

911 1271 1017 1334 dio
1062 1290 1200 1348 suo,
1232 1290 1424 1352 quem
1467 1272 1547 1335 de
1585 1272 1816 1352 vagina
1851 1271 2139 1348 extraxit,
2167 1275 2401 1350 proeci-

910 1373 1132 1451 dicque
1161 1381 1354 1448 caput
1383 1372 1544 1447 ejus.

987 1472 1280 1530 Videntes
1309 1479 1526 1530 autem
1545 1470 1877 1531 Philistoei
1907 1473 2078 1549 quod
2109 1479 2400 1530 mortuus

911 1577 1064 1628 esset
1093 1568 1488 1645 fortissimus
1519 1587 1765 1636 eorum,
1786 1570 2124 1647 fugerunt.
2147 1570 2231 1628 Ec
2260 1587 2401 1627 con-

909 1676 1237 1742 suryentes
1287 1667 1422 1725 viri
1458 1669 1665 1727 Israel
1707 1677 1768 1727 et
1808 1669 2009 1736 Juda,
2057 1667 2400 1746 vociferati

908 1773 1083 1836 sunt,
1136 1775 1195 1826 et
1233 1766 1556 1842 persecuti
1601 1775 1752 1826 sunt
1790 1767 2152 1826 Philistoeos
2201 1785 2399 1844 usque

2512 781 2775 839 David:
2793 782 3011 840 Filius
3038 783 3210 840 servi
3242 783 3342 840 tui
3366 783 3507 842 Isai
3524 784 4005 844 Bethlehemitae

2512 897 2623 954 eqo
2661 898 2827 939 sum.
2861 878 2990 941 Hoc
3022 877 3167 940 Saul
3211 877 3397 941 toties
3440 889 3697 960 tamque
3728 878 4003 942 sollicite

2513 975 2927 1056 interrogavit
2948 994 3077 1039 non
3100 977 3309 1040 solum
3330 997 3405 1040 ex
3428 976 3853 1041 admiratione
3874 987 3999 1040 tam

2513 1075 2758 1136 strenui
2801 1073 2973 1152 facti,
3008 1076 3118 1138 sed
3160 1076 3541 1158 specialiter,
3584 1076 3893 1159 quoniam
3926 1077 4003 1139 ri-

2512 1171 2664 1234 liam
2703 1193 2880 1236 suam
2923 1173 3217 1255 promisit
3254 1175 3403 1237 dare
3440 1173 3666 1238 victori
3694 1174 3946 1238 Goliath
3982 1200 3997 1250 ;

2512 1279 2577 1332 et
2607 1289 2803 1352 quum
2833 1281 3000 1336 esset
3030 1272 3216 1336 valde
3238 1274 3823 1355 superhu5,anxius
3844 1284 3995 1352 erat,

2514 1387 2594 1432 ne
2613 1379 2943 1450 cogeretur
2961 1390 3100 1433 eam
3123 1372 3271 1434 dare
3293 1390 3551 1435 uxorem
3573 1371 3839 1451 ignobili
3856 1396 3871 1446 3
3891 1374 3999 1436 sed

2511 1468 2767 1548 cognito
2812 1470 2979 1550 quod
3025 1469 3220 1534 David
3270 1478 3435 1532 esset
3479 1471 3557 1532 de
3596 1469 4003 1533 nobilissima

2513 1566 2684 1628 tribu
2713 1567 2892 1644 Juda,
2923 1576 2987 1630 et
3017 1566 3195 1630 filius
3226 1568 3344 1630 lsai
3368 1568 3489 1632 viri
3522 1567 3756 1631 famosi
3785 1588 3861 1632 ac
3892 1588 4003 1632 no-

2512 1665 2683 1742 hilis,
2702 1663 2825 1728 ruit
2842 1665 3099 1745 gavisus
3120 1674 3311 1749 atque
3330 1674 3679 1730 contentus,
3694 1667 4001 1731 Praeterea

2512 1763 2747 1826 mirum
2777 1773 3061 1846 apparet,
3097 1765 3267 1846 quod
3309 1784 3427 1828 nec
3458 1765 3601 1830 Saul
3634 1784 3753 1829 nec
3788 1765 3999 1830 Abner

910 1867 1070 1924 dum
1101 1864 1394 1922 venirent
1424 1864 1498 1922 in
1529 1867 1789 1933 vallem,
1819 1873 1877 1923 et
1909 1883 2108 1943 usque
2139 1866 2228 1923 ad
2251 1883 2399 1942 por-
2434 1868 2481 1929 B
2508 1862 2809 1942 cognovit
2858 1863 3071 1944 ipsum
3115 1863 3335 1940 David,
3381 1883 3577 1944 quum
3618 1872 3833 1926 tamen
3872 1884 3995 1927 non

913 1970 1009 2021 tas
1052 1963 1366 2022 Accaron.
1405 1962 1906 2040 Cecideruntque
1945 1962 2277 2021 vulnerati
2318 1964 2399 2021 de

909 2060 1280 2120 Philistiim
1331 2060 1402 2120 in
1455 2061 1564 2119 via
1614 2061 1907 2130 Saraim,
1956 2069 2016 2119 et
2063 2079 2263 2138 usque
2309 2062 2398 2118 ad

915 2161 1099 2229 Geth,
1119 2168 1179 2219 et
1204 2177 1402 2237 usque
1431 2161 1521 2218 ad
1550 2161 1865 2219 Aeo-aron.
1899 2160 1986 2218 Et
2017 2167 2397 2218 revertentes

908 2259 1044 2334 filii
1091 2259 1319 2333 Israel,
1365 2265 1710 2334 postquam
1757 2258 2078 2334 persecuti
2125 2256 2396 2331 fuerant

907 2356 1297 2426 Philistoeos,
1341 2356 1722 2415 invaserunt
1769 2365 1983 2415 eastra
2029 2375 2276 2427 eorum,
2331 2354 2394 2416 id

906 2461 1023 2530 est,
1049 2453 1216 2516 bona
1245 2471 1466 2516 eorum
1497 2472 1640 2534 quae
1669 2452 2066 2534 reliquerunt
2095 2451 2163 2514 in
2195 2461 2398 2516 tento-

907 2552 1043 2630 riiS,
1095 2551 1519 2634 diripuerunt.
1553 2553 1899 2612 Assumens
1933 2563 2149 2614 autem
2178 2554 2399 2614 David

906 2661 1100 2728 caput
1145 2652 1494 2722 Philistaei,
1542 2652 1768 2712 attulit
1816 2653 1992 2711 illud
2031 2653 2105 2710 in
2137 2655 2398 2712 Jerusa-

907 2753 1057 2820 lem,
1091 2767 1219 2812 non
1250 2749 1368 2812 hac
1399 2748 1560 2825 vice,
1598 2750 1706 2811 sed
1739 2757 1961 2830 postea
1987 2747 2098 2811 diu
2140 2750 2396 2830 quando

905 2846 1226 2910 Jebusaeos
1256 2845 1322 2908 in
1356 2864 1500 2910 arce
1522 2846 1870 2910 Jerusalem
1901 2846 2262 2909 habitantes
2294 2865 2401 2909 vo—

907 2944 1028 3007 luit
1071 2953 1446 3027 perterrere,
1480 2953 1549 3007 ut
1594 2944 1847 3008 dicitur.
1883 2945 2061 3008 Unde
2103 2945 2182 3008 ad
2225 2945 2397 3008 incu-

2508 1961 2618 2022 diu
2660 1969 2815 2024 ante
2850 1960 3070 2023 multis
3112 1961 3339 2024 diebus
3370 1961 3563 2024 fuerit
3596 1962 3665 2024 in
3696 1963 3869 2044 regis
3896 1983 3999 2045 pa-

2508 2059 2831 2137 latio,imo
2864 2059 2929 2122 in
2954 2060 3117 2139 regis
3148 2060 3579 2142 adspectu.Ad
3609 2062 3788 2142 quod
3806 2080 4001 2142 quan-

2508 2167 2645 2220 tum
2692 2158 2771 2220 ad
2820 2157 2997 2234 Saul,
3052 2159 3237 2220 datur
3287 2157 3652 2240 responsio,
3701 2161 3879 2241 quod
3926 2180 3998 2223 ex

2510 2254 2831 2338 frequenti
2869 2274 2983 2318 sua
3020 2256 3443 2337 exagitatione
3476 2275 3515 2318 a
3543 2256 3779 2339 spiritu
3808 2259 3995 2336 male,

2509 2355 2715 2418 factus
2749 2354 2868 2417 fuit
2892 2355 3163 2419 modicae
3194 2354 3554 2436 debilisque
3574 2357 3919 2434 memoriae,
3940 2366 4001 2419 et

2509 2453 2606 2519 vis
2649 2453 2788 2535 ejus
2830 2453 3241 2534 imaginativa
3289 2451 3413 2516 fuit
3454 2472 3582 2516 non
3626 2474 3859 2536 parum
3888 2455 3999 2517 im-

2511 2552 2725 2635 pedita
2771 2571 2808 2614 a
2849 2570 2962 2614 sua
3006 2553 3391 2632 cognitione.
3426 2552 3631 2635 Atque
3675 2561 3745 2615 ut
3783 2552 3997 2616 Glossa

2512 2651 2713 2733 tangit
2745 2670 2821 2714 ex
2864 2651 3074 2714 verbis
3114 2651 3475 2730 Augustini,
3526 2651 3785 2716 interim
3828 2653 3995 2735 quod

2508 2750 2707 2813 David
2746 2769 2783 2812 a
2814 2748 2959 2812 Saul
3000 2758 3365 2825 recesserat,
3398 2759 3685 2815 creverat
3714 2771 3832 2814 sua
3860 2751 3995 2814 bar-

2506 2849 2609 2927 ba,
2625 2867 2819 2930 quam
2852 2866 2968 2910 nec
2996 2847 3193 2911 Judaei
3220 2857 3367 2911 tunc
3398 2848 3833 2912 abradebant:
3861 2849 3995 2912 ideo

2506 2946 2635 3011 cito
2674 2945 3037 3008 immutavit
3074 2946 3559 3028 dispositionem
3597 2957 4000 3030 apparatum-

907 3043 1194 3107 tiendum
1225 3044 1317 3107 eis
1350 3043 2059 3122 timorem,m0nstravit
2079 3045 2173 3106 eis
2205 3052 2396 3127 caput
2432 3051 2476 3115 C
2508 3066 2631 3129 que
2662 3045 2899 3108 vultus.
2932 3045 3196 3128 Insuper
3230 3046 3375 3109 Saul
3408 3055 3470 3110 et
3504 3047 3717 3111 Abner
3748 3047 3999 3112 fuerant

905 3142 1202 3225 gigantiS,
1251 3163 1442 3225 quem
1483 3144 1704 3207 divina
1747 3144 2092 3227 prostravit
2132 3143 2390 3207 virtute.

905 3243 1060 3306 Nam
1101 3241 1198 3304 illi
1243 3242 1309 3304 in
1357 3241 1648 3305 fortalitii
1687 3243 1786 3305 sui
1829 3242 2133 3307 firmitate
2169 3243 2397 3324 gloria-

906 3341 1159 3403 bantur.
1195 3344 1402 3403 Arma
1449 3363 1592 3403 vero
1640 3344 1780 3419 ejus
1811 3345 2033 3420 posuit
2075 3346 2147 3403 in
2198 3345 2397 3405 taber-

903 3444 1136 3502 naculo
1182 3462 1318 3503 suc.
1369 3441 1437 3503 In
1485 3442 1772 3518 Hebrum,
1824 3450 1896 3504 ut
1951 3442 2211 3519 dicitur,
2267 3462 2394 3507 non

907 3539 1197 3616 habetur,
1234 3540 1388 3615 Suo;
1428 3541 1538 3603 sed
1571 3540 1970 3623 simpliciter,
2004 3541 2071 3603 In
2108 3541 2397 3605 taberna-

905 3638 1049 3703 culo
1077 3656 1092 3700 :
1118 3638 1358 3702 idcirco
1378 3639 1718 3720 exponitur
1748 3642 1826 3703 de
1848 3640 2259 3704 tabernaculo
2284 3642 2397 3705 Do-

905 3736 1089 3814 mini,
1126 3738 1192 3799 in
1223 3756 1370 3819 quo,
1398 3738 1463 3800 in
1513 3738 1767 3820 signum
1809 3738 2043 3803 divinae
2083 3739 2391 3817 victoriae,

907 3837 1121 3919 posuit
1149 3857 1327 3901 arma
1348 3837 1674 3900 illa.Unde
1703 3846 1766 3900 et
1795 3847 2016 3919 postea
2043 3839 2291 3920 accepit
2313 3839 2394 3902 ab

906 3936 1314 4000 Achimelech
1360 3934 1672 4018 pontifice
1715 3956 1932 3999 ensem
1972 3936 2243 4000 Goliath.
2279 3938 2394 4001 Vel

907 4036 1126 4099 forsan
1155 4036 1235 4099 ad
1268 4044 1518 4116 tempus
1560 4036 1776 4116 posuit
1814 4054 1888 4099 ea
1925 4036 1993 4097 in
2024 4035 2215 4101 domo
2254 4058 2390 4115 sua,

905 4134 1136 4198 deinde
1175 4134 1242 4196 in
1280 4133 1708 4197 tabernaculo.

2509 3146 2794 3229 quotidie
2826 3145 2893 3207 in
2923 3146 3143 3207 multis
3172 3153 3236 3209 et
3265 3146 3481 3209 arduis
3510 3149 3829 3231 occupati,
3865 3167 4000 3231 pro-

2509 3256 2651 3329 pter
2693 3246 2865 3327 quod
2916 3244 3317 3327 particularis
3367 3264 3656 3327 personae
3706 3256 3998 3329 poterant

2511 3342 2787 3407 faciliter
2816 3343 3112 3407 oblivisci
3148 3364 3162 3408 ε
3200 3344 3330 3407 imo
3359 3344 3437 3407 dc
3466 3344 3679 3409 Abner
3710 3347 3997 3428 probabi-

2514 3442 2574 3506 le
2615 3451 2733 3519 est,
2764 3443 2936 3523 quod
2967 3449 3227 3524 propter
3258 3442 3427 3506 bella
3466 3443 3752 3526 undique
3790 3446 3996 3509 immi-

2510 3542 2749 3618 nentia,
2796 3560 2938 3604 raro
2988 3539 3182 3603 fuerit
3228 3541 3424 3617 domi,
3471 3552 3535 3605 et
3577 3544 3666 3607 ita
3707 3564 3851 3609 raro
3888 3560 3993 3611 aut

2508 3660 2835 3722 nunquam
2858 3640 3104 3703 viderat
3134 3640 3343 3721 ipsum
3368 3640 3562 3705 David
3594 3644 3659 3705 in
3692 3646 3863 3728 regis
3890 3667 3993 3730 pa-

2508 3740 2681 3803 latio.

2585 3837 2929 3913 PostremO,
2964 3836 3114 3917 quia
3144 3836 3210 3899 in
3244 3836 3365 3900 isto
3394 3838 3675 3920 capitulo
3703 3838 3871 3903 facta
3900 3850 3993 3905 est

2508 3934 2749 3999 mentio
2788 3935 2867 3997 de
2898 3935 3095 3997 David
3134 3944 3197 3998 et
3234 3934 3482 3998 Goliath
3522 3937 3758 4015 duello,
3792 3940 3991 4003 oritur

2505 4033 2795 4117 quaestio,
2814 4053 2896 4095 an
2926 4033 3210 4097 duellum
3244 4034 3324 4096 sit
3358 4034 3721 4101 licitumtet
3741 4038 3993 4102 videtur

2507 4133 2677 4215 quod
2722 4132 2873 4207 imo,
2908 4132 3283 4195 auctoritate
3328 4132 3669 4215 Scripturae
3712 4135 3895 4199 istius
3932 4145 3995 4199 ct

991 4235 1080 4294 Εο
1112 4242 1329 4294 autem
1361 4242 1636 4310 tempore
1664 4254 1790 4313 quo
1829 4236 1998 4295 vidit
2028 4238 2197 4298 Saul
2224 4257 2397 4314 eqre·
2423 4236 2474 4299 D
2506 4231 2707 4294 sancti
2732 4231 2930 4295 David
2950 4230 3583 4313 exemplo.Praeterea
3602 4234 3804 4297 sancti
3829 4235 3995 4317 prin-

905 4334 1188 4392 dientem
1215 4333 1436 4392 David
1464 4341 1686 4393 contra
1716 4333 2160 4405 Philistoeum,
2181 4338 2278 4397 ait
2308 4339 2397 4396 ad

905 4432 1124 4491 Abner
1162 4430 1535 4507 principem
1583 4433 1844 4491 militiae
1889 4452 2022 4493 suoe
2062 4450 2085 4492 .·
2123 4436 2218 4493 De
2266 4455 2396 4514 qua

904 4530 1108 4606 stirpe
1135 4530 1460 4587 descendit
1498 4529 1605 4588 hic
1639 4531 1998 4589 adolescens
2020 4533 2050 4590 ‚2
2078 4532 2396 4612 Dioeitque

905 4629 1126 4690 Abner
1155 4646 1178 4686 :
1205 4625 1371 4687 Vivit
1403 4627 1630 4687 anima
1673 4636 1814 4696 tua,
1845 4648 1986 4700 rem,
2019 4631 2080 4688 si
2107 4632 2286 4699 novi,
2328 4630 2393 4693 id

903 4732 1020 4801 est,
1055 4742 1248 4805 quam
1268 4740 1490 4785 verum
1511 4730 1627 4801 est,
1649 4725 1818 4805 quod
1852 4731 1943 4801 tu,
1969 4726 2227 4790 domine
2261 4747 2389 4805 rex,

901 4822 1092 4900 viviS,
1110 4830 1237 4885 tam
1259 4839 1479 4884 verum
1512 4830 1628 4900 est,
1649 4823 1820 4903 quod
1842 4822 2015 4885 istud
2047 4824 2291 4905 ignoro.
2310 4830 2393 4888 Et

902 4924 999 4984 ait
1031 4942 1146 4982 reoe
1177 4942 1200 4981 .·
1228 4923 1570 4999 Interroya
1605 4931 1699 4991 tu,
1727 4924 1917 4999 cujus
1945 4925 2133 4999 filius
2160 4926 2247 4986 sit
2275 4927 2393 4985 iste

895 5041 1087 5100 puer.
1109 5023 1449 5099 Quumque
1477 5040 1796 5096 reyressus
1824 5030 1975 5081 esset
1994 5023 2238 5092 David,
2252 5044 2393 5099 per-

907 5140 1084 5180 cusso
1118 5120 1478 5190 Philistoeo,
1527 5120 1682 5179 tulit
1726 5138 1875 5178 eum
1917 5121 2156 5191 Abner,
2190 5131 2249 5180 et
2294 5124 2391 5183 in-

903 5219 1198 5279 troduoeit
1227 5237 1443 5277 coram
1474 5219 1699 5289 Saule,
1733 5227 1929 5294 caput
1959 5220 2287 5279 Philistoei
2316 5222 2389 5279 in

899 5336 1102 5379 manu
1132 5317 1485 5377 habentem.
1516 5319 1599 5377 Et
1631 5317 1730 5377 ait
1755 5318 1844 5377 ad
1873 5336 2022 5377 eum
2053 5320 2221 5378 Saul
2251 5338 2273 5377 .·
2295 5321 2389 5379 De

2506 4330 2702 4413 cipeS,
2751 4338 2821 4391 ut
2862 4330 3122 4393 Carolus
3167 4329 3447 4410 Magum,
3480 4340 3546 4394 et
3588 4341 3845 4396 sanctus
3880 4333 3995 4396 Lu-

2505 4429 2787 4505 dovicus,
2825 4428 3039 4491 duella
3082 4428 3460 4493 sustinuisse
3504 4438 3569 4493 ct
3610 4431 3993 4513 approbasse

2504 4528 2821 4591 videntur.
2866 4526 3125 4590 Amicus
3165 4546 3419 4609 quoque
3460 4529 3741 4610 optimus
3778 4531 3985 4604 mile-S,

2505 4645 2619 4709 pro
2650 4625 2898 4689 Amelio
2930 4643 3044 4688 suo
3076 4626 3405 4689 carissimo
3436 4629 3781 4710 assumpsit
3814 4630 3988 4693 duel-

2503 4725 2739 4787 lum.1n
2763 4725 3127 4806 oppositum
3158 4731 3255 4787 est
3286 4725 3571 4789 doctrina
3590 4726 3906 4805 Ecclesioe,
3926 4737 3983 4791 et

2500 4826 2644 4905 jura
2676 4822 3081 4905 quamplura.

2582 4922 2657 4983 Et
2702 4922 3237 5004 respondendum,
3271 4923 3443 5003 quod
3486 4925 3837 4987 secundum
3878 4925 3981 4989 Os-

2503 5020 2793 5095 tiensem,
2842 5018 3251 5095 Gausredum,
3286 5021 3648 5083 Durandum
3694 5042 3769 5087 ac
3802 5024 3974 5098 alioS,

2500 5119 2783 5182 duellum
2806 5118 3063 5201 proprie
3085 5127 3180 5181 est
3200 5118 3439 5182 bellum
3472 5120 3745 5184 duorum
3768 5131 3977 5185 contra

2498 5236 2567 5280 se
2624 5217 2895 5279 invicem
2956 5236 3071 5299 pro
3122 5218 3406 5280 veritatis
3466 5220 3832 5284 ostensione
3880 5240 3973 5283 as-

2496 5323 2844 5397 sumptum,
2882 5315 2969 5378 ita
3010 5324 3079 5378 ut
3116 5315 3228 5397 qui
3268 5315 3513 5393 vicerit,
3546 5316 3755 5397 justus
3792 5338 3974 5402 appa·
