4359 6250
1561 499 1850 546 EPISTOLA
1891 498 2357 546 NUNCUPATORIA
3425 497 3507 542 XV

400 686 670 752 semper
698 673 1022 737 deteriora
1054 673 1232 756 apud
1258 673 1412 736 illos
1441 677 1818 753 nascantur,
1853 692 2112 757 semper
2139 675 2476 739 densiores
2506 675 2836 738 haeresum
2867 671 3149 736 tenebrae
3187 671 3506 753 pestilen-

401 777 744 861 tioresque
777 782 1098 862 prodeant
1135 802 1148 842 ε
1187 783 1350 846 adeo
1384 785 1460 844 ut
1488 783 1658 846 nihil
1691 783 2002 864 supersit,
2043 783 2174 845 nisi
2219 784 2296 845 ut
2339 782 2645 845 Christus
2679 782 2879 845 etiam
2921 781 3215 861 negetur,
3260 778 3505 842 alium-

399 903 535 968 que
579 890 807 952 nescio
852 908 1054 971 quem
1092 892 1550 971 exspectemus
1597 890 2018 969 salvatorem,
2069 890 2187 954 aut
2226 890 2500 954 fortasse
2542 907 2695 953 cum
2725 890 2980 953 Judaeis
3018 887 3355 967 Messiam,
3390 887 3506 966 qui

397 1011 528 1056 nos
565 995 714 1058 vias
743 997 1030 1076 justitiae
1070 997 1326 1060 doceat.
1366 997 1503 1059 Has
1543 998 1828 1061 haereses
1869 999 2262 1080 pepererunt
2291 998 2591 1074 ambitio,
2624 996 2934 1079 superbia
2965 998 3161 1076 atque
3190 994 3273 1056 ad
3301 993 3504 1056 liber-

400 1103 610 1165 tatem
651 1105 868 1167 carnis
909 1105 1176 1168 effrenis
1215 1105 1443 1168 libido.
1487 1105 1833 1186 Siquidem
1884 1105 2043 1167 dum
2093 1123 2210 1187 pro
2258 1123 2379 1168 suo
2421 1106 2663 1185 cuique
2711 1104 2925 1186 capite
2970 1103 3369 1185 permissum
3408 1101 3509 1164 est

401 1209 776 1290 intelligere
816 1213 1296 1293 explanareque
1337 1211 1736 1292 ScripturaS,
1772 1214 1838 1275 et
1873 1214 2253 1294 contempto
2290 1212 2605 1275 Ecclesiae
2638 1211 2896 1292 judicio
2933 1226 3367 1290 censuraque,
3399 1209 3506 1270 di-

399 1333 550 1380 cere
587 1319 767 1381 hunc
799 1336 943 1381 esse
979 1320 1163 1383 verbi
1194 1320 1318 1382 Dei
1354 1337 1650 1396 sensum,
1692 1320 1820 1382 alio
1859 1320 2188 1383 clamante
2224 1319 2455 1396 alium,
2488 1319 2823 1400 quomodo
2860 1317 3345 1381 hallucinantes
3373 1334 3505 1380 non

399 1423 656 1488 iremus
690 1426 763 1488 in
794 1427 1096 1490 tenebras
1123 1443 1382 1508 semper
1410 1425 1922 1507 profundiores?
1949 1425 2160 1490 Taceo
2192 1427 2369 1506 quod
2400 1426 2590 1488 multi
2623 1426 3015 1502 calumnias,
3046 1425 3506 1499 detractioneS,

400 1532 842 1611 invectioneS‚
894 1537 1266 1598 scommata
1309 1535 1378 1597 in
1424 1535 1844 1613 Pontificem,
1897 1535 1966 1597 in
2019 1535 2466 1606 Sacramenta,
2516 1535 2583 1596 in
2632 1533 2947 1596 Ecclesiae
3001 1532 3507 1613 antiquissimos

398 1640 600 1717 ritus,
641 1641 710 1704 in
751 1643 1117 1706 monachos
1157 1643 1261 1723 pie
1294 1643 1616 1720 viventeS,
1653 1643 1721 1705 in
1760 1642 2134 1706 cast-itatem
2163 1641 2449 1722 denique
2477 1658 2743 1706 omnem
2782 1641 3029 1703 audent
3062 1640 3253 1721 (proh
3294 1638 3506 1718 dolor)

397 1764 644 1812 vocare
689 1749 813 1812 Dei
854 1750 1157 1828 verbum,
1193 1750 1381 1830 quasi
1435 1751 1558 1813 hoc
1605 1752 1781 1831 apud
1823 1767 1936 1814 eos
1979 1751 2068 1814 sit
2108 1750 2232 1814 Dei
2274 1750 2576 1831 verbum,
2609 1749 2786 1831 quod
2826 1735 3026 1811 v'erbo
3057 1748 3182 1812 Dei
3219 1747 3510 1810 maxime

401 1855 819 1936 prohibetur.
864 1855 1061 1919 Absit
1108 1859 1182 1918 ut
1229 1857 1355 1920 hoc
1396 1857 1519 1919 Dei
1568 1856 1844 1920 verbum
1893 1859 2068 1938 apud
2120 1874 2233 1921 eos
2284 1858 2547 1923 maneat
2593 1856 2659 1918 in
2708 1857 3052 1918 aeternum.
3097 1853 3226 1916 Sed
3273 1853 3354 1915 de
3403 1852 3510 1914 his

399 1963 593 2026 satis.
641 1961 768 2042 Tu,
814 1964 1012 2026 Pater
1048 1965 1424 2041 reverende,
1466 1964 1728 2027 Decane
1773 1967 1972 2046 atque
2009 1981 2325 2046 generose
2363 1964 2623 2043 ComeS,
2668 1963 2951 2043 gaudere
2992 1962 3191 2042 atque
3220 1959 3341 2023 tibi
3378 1959 3507 2041 ipsi

399 2070 723 2150 gratulari
764 2071 1002 2134 merito
1034 2071 1256 2148 debeS,
1289 2072 1468 2152 quod
1507 2089 1582 2135 eo
1621 2073 1936 2153 praelatus
1973 2073 2068 2135 sis
2111 2072 2182 2134 in
2221 2073 2391 2152 1000,
2425 2072 2540 2135 ubi
2568 2071 2782 2148 sedeS,
2816 2069 2932 2133 ubi
2962 2067 3359 2145 obedientia,
3392 2068 3505 2131 ubi

397 2179 586 2256 leges
609 2177 952 2257 Ecclesiae,
976 2179 1090 2242 ubi
1121 2179 1408 2260 denique
1438 2179 1664 2243 omnia
1695 2180 1913 2243 adhuc
1942 2181 2125 2242 salva
2157 2181 2444 2243 manent.
2474 2179 2668 2260 Viget
2692 2194 2808 2260 per
2840 2179 2899 2240 te
2928 2176 3281 2258 disciplina
3309 2175 3503 2253 Cleri,

403 2301 762 2365 moresque
790 2286 1092 2366 quotidie
1124 2287 1430 2350 meliores
1457 2286 1890 2350 reviviscunt.
1923 2287 2064 2368 Age
2093 2287 2320 2368 itaque
2349 2288 2527 2368 quod
2558 2287 2725 2365 agiS,
2758 2287 2824 2348 et
2850 2284 3224 2348 indefessus
3250 2300 3509 2364 semper

401 2390 703 2455 insistas.
738 2392 810 2456 Si
841 2392 1042 2455 officii
1077 2393 1369 2473 gravitas
1399 2395 1461 2455 te
1495 2393 1824 2472 molestat,
1858 2395 2023 2472 est0,
2064 2411 2317 2474 quaeso,
2349 2394 2562 2457 nihilo
2600 2393 2825 2456 minus
2860 2392 3137 2474 patiens.
3168 2391 3383 2455 Senex
3412 2407 3505 2467 eS,

399 2499 726 2579 probatus
765 2517 858 2578 eS,
901 2501 967 2564 et
1002 2518 1133 2564 non
1172 2501 1394 2564 solum
1442 2502 1682 2579 aetatis,
1726 2519 1956 2565 verum
2001 2502 2203 2566 etiam
2248 2502 2517 2564 virtutis
2567 2500 2926 2564 auctoritas
2970 2499 3275 2562 subditos
3320 2497 3512 2577 coget

401 2606 490 2668 ad
535 2603 832 2670 meliora.
875 2608 1072 2671 Nullo
1112 2609 1290 2672 enim
1328 2611 1521 2690 pacto
1559 2610 1940 2672 consultum
1987 2610 2250 2673 videtur
2288 2609 2653 2672 officiorum
2696 2625 2893 2672 onera
2931 2608 3012 2670 ad
3052 2624 3200 2687 quae
3237 2609 3302 2670 te
3330 2607 3511 2670 Deus

399 2714 678 2776 vocavit
717 2715 1046 2792 excutere,
1089 2734 1172 2779 ne
1216 2717 1584 2779 Dominum
1631 2716 1836 2780 simul
1877 2734 1914 2779 a
1962 2718 2025 2779 te
2065 2718 2385 2795 excutiam,
2437 2719 2501 2780 et
2544 2715 2691 2797 eJus
2729 2715 3278 2780 benedictionem.
3321 2713 3511 2778 Certe

398 2820 564 2883 licet
601 2821 1120 2902 haudquaquam
1152 2823 1460 2901 honores,
1494 2823 1853 2904 dignitates
1892 2823 2237 2905 officiaque
2274 2825 2627 2888 ambienda
2663 2824 2822 2901 sint,
2855 2823 2914 2886 si
2950 2825 3169 2886 tamen
3208 2823 3372 2904 (Deo
3411 2823 3509 2885 sic

401 2928 788 3008 ordinante)
825 2931 1062 3010 praeter
1089 2947 1292 2993 suum
1332 2930 1657 2992 ambitum
1691 2930 1772 2992 ad
1804 2931 1948 2994 haec
1987 2931 2140 3010 quis
2168 2931 2488 3008 trahatur,
2514 2931 2697 2994 nullo
2729 2930 2833 2994 est
2863 2931 3059 2993 modo
3091 2929 3512 3012 pertinaciter

400 3035 899 3099 reluctandum.
934 3036 1282 3118 Siquidem
1320 3037 1515 3100 bonis
1548 3038 1921 3100 animarum
1956 3037 2417 3119 praefecturam
2456 3037 2940 3115 recusantibuS,
2972 3037 3135 3118 quid
3169 3036 3351 3101 aliud
3392 3054 3510 3100 ne-

401 3160 594 3207 cesse
645 3146 748 3207 est
804 3144 1020 3225 sequi,
1070 3162 1274 3225 quam
1325 3145 1403 3209 ut
1441 3145 1620 3209 leves
1667 3147 1866 3226 atque
1916 3145 2060 3209 sine
2114 3146 2359 3209 virtute
2414 3146 2720 3210 homines
2767 3145 3271 3226 praeficiantur?
3319 3144 3512 3218 Quod

403 3268 613 3331 quam
654 3250 825 3315 foret
859 3251 986 3315 hoc
1031 3253 1449 3321 tumultuoso
1489 3254 1735 3317 saeculo
1774 3253 2132 3317 exitiosum
2164 3269 2360 3317 nemo
2400 3254 2647 3335 probus
2682 3270 2814 3317 non
2857 3253 3059 3317 videt.
3093 3252 3354 3325 Soletur
3390 3253 3514 3316 ita-

399 3378 540 3441 que
579 3359 1006 3423 subditorum
1047 3359 1304 3423 fructus
1340 3361 1599 3424 labores
1637 3364 1790 3425 tuos
1835 3377 1910 3424 ac
1955 3361 2243 3439 senium,
2276 3362 2353 3423 ut
2387 3361 2874 3443 perseveranter
2921 3378 3076 3441 agas
3117 3362 3513 3441 strenueque

400 3484 646 3549 pergas
681 3488 694 3528 :
729 3468 854 3530 erit
883 3468 1153 3531 tandem
1185 3470 1249 3531 et
1280 3469 1457 3549 apud
1483 3469 1700 3532 Deum
1737 3486 1990 3532 merces
2021 3469 2202 3550 operi
2239 3472 2351 3532 tuo
2377 3469 2647 3551 copiosa
2678 3469 2889 3531 valde.
2926 3468 3255 3533 Dominus
3289 3470 3507 3547 JesuS,

401 3576 668 3639 amator
712 3577 776 3638 et
828 3575 1204 3657 redemptor
1251 3576 1496 3653 noster,
1549 3577 1613 3639 te
1665 3577 1903 3654 servet,
1957 3576 2243 3640 Domine
2293 3594 2635 3657 generose,
2689 3579 2887 3658 atque
2937 3577 3021 3639 ad
3076 3578 3278 3640 decus
3330 3576 3513 3639 urbis

397 3682 776 3745 Trevericae
806 3699 1009 3763 quam
1037 3682 1418 3746 diutissime
1447 3683 1662 3747 valere
1690 3683 1874 3761 velit,
1901 3684 1966 3746 et
1992 3700 2143 3764 quae
2182 3683 2251 3746 in
2284 3685 2661 3747 universam
2690 3684 3121 3765 'l'heologiam
3149 3684 3513 3766 Dionysius

399 3788 702 3870 scripsit,
727 3806 934 3869 quam
964 3789 1288 3852 hactenus
1325 3789 1530 3852 nimis
1565 3789 2006 3871 philosophiae
2046 3790 2421 3853 immixtam
2460 3791 2923 3869 causabantur,
2947 3791 3325 3873 propediem
3358 3809 3514 3872 prae·

400 3897 495 3959 lis
542 3896 944 3972 absolutam,
995 3896 1292 3977 quinque
1340 3896 1799 3960 voluminibus
1846 3901 2173 3979 exspecta.
2225 3897 2325 3959 Ex
2371 3898 2570 3961 domo
2620 3899 2703 3961 D.
2744 3898 3046 3962 Barbarae
3098 3898 3514 3963 Coloniensis

402 4003 762 4082 Cartusiae‚
804 4004 949 4087 ipso
996 4003 1544 4067 circumcisionis
1587 4004 1860 4068 Domini
1906 4005 2037 4085 die,
2078 4021 2251 4068 anno
2300 4005 2709 4069 MDXXXV.
