4359 6250
1410 721 2472 994 ENARRATIO

698 1187 985 1354 IN
1163 1189 2258 1362 LIBRUM
2433 1202 3180 1372 RUTH

1362 1893 2011 1980 ARTICULUS
2086 1896 2522 1986 PRIMUS

998 2158 1353 2204 ELUClDATlo
1407 2159 1681 2205 cAmTuu
1732 2158 1901 2205 Palm
1948 2159 1962 2204 Ζ
2018 2161 2080 2205 ΙΝ
2130 2162 2345 2208 munus
2395 2157 2573 2212 uNlus'
2623 2167 2873 2217 Jumcls.

460 2430 537 2491 N
554 2429 779 2490 diebus
810 2429 1013 2488 unius
1026 2427 1310 2504 judici&
1338 2430 1600 2508 quando
1614 2428 1877 2504 judices
1906 2427 1957 2489 A
1984 2429 2357 2507 cerdotium‚
2403 2433 2705 2513 quoniam
2755 2438 2959 2519 primo
3009 2441 3174 2508 libro
3221 2449 3460 2529 Regum

472 2538 823 2604 proeerant.
872 2526 1000 2590 Hoc
1046 2545 1173 2590 non
1218 2536 1314 2589 est
1358 2526 1869 2608 intelligendum,

372 2627 555 2707 quod
601 2626 667 2687 in
711 2625 937 2688 diebus
982 2625 1173 2688 unius
1213 2625 1447 2706 judicis
1489 2626 1675 2688 lsrael
1720 2645 1877 2708 prae-

378 2724 648 2787 fuerunt
697 2725 915 2806 plures
960 2725 1209 2806 Judices
1256 2724 1508 2798 Israeli3
1544 2725 1653 2787 sed
1698 2725 1870 2806 quod

373 2822 490 2899 ait,
534 2824 819 2900 Quando,
854 2823 1154 2905 exprimit
1197 2831 1449 2904 tempus
1497 2822 1866 2886 indetermi-

372 2930 625 2998 natum,
661 2930 731 2984 ut
767 2922 852 2984 sit
890 2939 1114 2984 sensus
1151 2941 1165 2985 ε
1200 2921 1481 2998 Quando,
1519 2922 1583 2983 id
1618 2929 1715 2984 est
1742 2939 1872 3003 quo

374 3029 688 3103 tempore,
722 3021 1081 3084 successive
1104 3027 1417 3101 praeerant
1431 3020 1701 3100 judices.
1720 3020 1875 3082 Prae-

369 3130 561 3183 erant
603 3130 818 3183 autem
858 3121 958 3200 (ut
1000 3120 1241 3183 dictum
1284 3122 1404 3199 est)
1449 3139 1562 3201 per
1610 3120 1869 3184 modum

366 3219 749 3283 directionis
778 3228 971 3301 atque
1001 3218 1255 3282 consilii
1286 3218 1510 3297 magis,
1534 3238 1726 3300 quam
1760 3238 1873 3300 per

366 3319 637 3381 modum
674 3317 1145 3400 jurisdictionis
1188 3325 1381 3398 atque
1423 3316 1715 3380 dominii.
1752 3320 1873 3378 Fa-

366 3428 477 3478 cta
505 3428 598 3478 esc
628 3417 833 3495 fames
864 3420 937 3477 in
970 3426 1141 3477 terra
1158 3416 1411 3493 Judaeae,
1433 3416 1494 3478 id
1526 3425 1621 3479 est
1643 3433 1873 3495 magna

367 3516 634 3579 caristia
676 3515 814 3579 sive
852 3515 1176 3577 sterilitaS.
1219 3514 1316 3577 An
1362 3522 1575 3577 autem
1621 3514 1688 3577 in
1733 3514 1869 3578 sola

1984 2528 2287 2591 Dominus
2334 2531 2423 2592 ait
2469 2533 2548 2594 ad
2597 2553 2743 2596 eum
2797 2554 2811 2598 :
2865 2539 3160 2622 Loquens
3217 2546 3473 2614 locutus
3505 2571 3764 2629 ummo.

1983 2646 2146 2703 sum,
2182 2629 2354 2708 quod
2389 2630 2614 2693 domus
2649 2640 2754 2695 tua
2785 2645 2848 2698 et
2887 2638 3114 2704 domus
3147 2645 3346 2725 patris
3380 2650 3473 2710 tui

1984 2724 2372 2788 ministraret
2424 2726 2488 2789 in
2537 2742 2882 2813 conspectu
2935 2755 3076 2802 meo
3125 2741 3190 2803 in
3239 2746 3475 2829 sempi-

1981 2830 2256 2886 ternum.
2291 2825 2453 2906 Ergo
2483 2831 2908 2897 sacerdotium
2941 2835 3100 2900 illud
3139 2840 3366 2905 habuit
3393 2863 3472 2908 ex

1980 2920 2382 2986 ordinatione
2430 2924 2670 2990 divina.
2723 2929 2846 2993 Nec
2897 2952 3120 2998 verum
3183 2939 3468 3020 videtur,

1979 3021 2150 3101 quod
2185 3022 2305 3084 ista
2335 3041 2433 3085 res
2465 3025 2586 3086 sub
2608 3026 2743 3089 Heli
2776 3031 3134 3111 contigerit,
3159 3039 3464 3117 quoniam

1979 3138 2017 3180 ‚a
2046 3119 2366 3203 principio
2403 3142 2531 3204 quo
2562 3124 2697 3188 Heli
2729 3129 2924 3212 coepit
2963 3136 3272 3215 populum
3301 3139 3472 3219 judi-

1980 3236 2144 3295 care,
2194 3239 2397 3302 usque
2444 3223 2522 3284 ad
2569 3224 2960 3309 principium
3015 3234 3193 3315 regni
3243 3237 3464 3317 David,

1981 3314 2309 3381 fluxerunt
2343 3328 2593 3384 tantum
2623 3327 2946 3407 octoginta
2972 3332 3146 3409 anni,
3174 3335 3471 3403 videlicet

1977 3417 2399 3497 quadraginta
2435 3420 2554 3482 sub
2587 3422 2748 3501 Heli,
2783 3434 2846 3487 et
2891 3429 3154 3494 totidem
3197 3436 3317 3499 sub
3363 3438 3470 3501 Sa·
3499 3460 3748 3513 mamm&

1979 3513 2188 3577 muele
2219 3524 2281 3577 et
2319 3515 2488 3593 Saul,
2524 3527 2595 3581 ut
2633 3540 2709 3582 ex
2751 3522 2959 3603 primo
2991 3526 3230 3608 Regum
3275 3533 3470 3599 habe—
3499 3524 3764 3574 ‘¹⁶'·¹¹'¹=²¹·

365 3616 589 3677 Ju‘daea
633 3614 829 3677 suerit
867 3614 981 3676 illa
1024 3613 1247 3691 fameS,
1281 3633 1362 3675 an
1406 3613 1599 3676 etiam
1642 3614 1709 3676 in
1750 3614 1872 3677 cir·
1899 3619 1944 3679 B
1982 3621 2106 3674 tur.
2148 3613 2312 3693 Ergo
2354 3614 2526 3677 infra
2565 3617 2680 3679 hos
2719 3622 3045 3701 octoginta
3089 3646 3291 3693 annos
3343 3631 3473 3698 fuit

369 3713 887 3795 cu'mJ'accntibus
936 3713 1145 3788 terriS,
1200 3712 1528 3794 Scriptura
1590 3732 1718 3775 non
1768 3731 1872 3775 ex-

370 3813 620 3896 primit.
668 3812 906 3875 Tamen
956 3811 1108 3892 quia
1156 3830 1301 3874 mox
1335 3811 1650 3889 subditur,
1698 3812 1869 3893 quod

368 3912 640 3993 quidam
671 3929 749 3973 ex
778 3910 1140 3973 Bethlehem
1175 3908 1661 3971 transieruntad
1694 3909 1871 3972 habi-

370 4011 639 4072 tandum
689 4009 757 4071 in
804 4017 973 4071 terra
1018 4007 1453 4084 Moabitarum,
1500 4027 1645 4089 quae
1692 4008 1869 4089 regio

366 4108 729 4171 est-Judaeae
758 4107 993 4183 vicina,
1012 4106 1265 4170 videtur
1293 4106 1394 4168 vel
1426 4106 1599 4187 quod
1631 4105 1862 4185 solum,

366 4208 471 4270 vel
513 4207 840 4289 praecipue
872 4205 995 4267 ruit
1031 4205 1165 4267 haec
1199 4204 1399 4267 sames
1444 4204 1508 4265 in
1542 4204 1863 4270 territorio

363 4305 755 4368 Judaeorum.

445 4402 787 4477 Quaeritur,
822 4401 969 4483 quis
1002 4400 1195 4462 fuerit
1226 4401 1421 4481 judex
1452 4401 1573 4462 sub
1606 4419 1737 4482 quo
1768 4421 1869 4465 ac-

366 4501 527 4564 cidit
556 4500 681 4561 ista
710 4498 999 4561 historia.
1018 4498 1109 4559 Ad
1141 4498 1262 4561 hoc
1292 4498 1451 4580 Lyra
1483 4500 1862 4579 respondet:

368 4598 664 4679 Magister
702 4597 767 4659 in
810 4596 1093 4659 historiis
1132 4604 1195 4659 et
1235 4596 1623 4677 expositores
1666 4596 1865 4679 aliqui

366 4699 617 4773 dicunt,
652 4696 823 4778 quod
854 4695 1048 4776 judex
1080 4694 1198 4757 iste
1232 4694 1356 4756 fuit
1386 4694 1547 4771 Heli,
1574 4696 1685 4776 qui
1718 4717 1864 4759 cum

1982 3711 2407 3791 peregrinatio
2437 3713 2804 3793 Elimelcch,
2833 3724 3158 3799 generatio
3189 3727 3362 3792 Obed
3393 3752 3471 3795 ex

1981 3808 2167 3885 Ruth,
2203 3812 2526 3889 generatio
2563 3832 2820 3896 quoque
2849 3818 3022 3883 Jesse
3061 3841 3137 3885 ex
3175 3824 3369 3908 Obed,
3403 3839 3468 3893 et

1978 3908 2302 3987 generatio
2349 3910 2542 3974 David
2586 3931 2662 3975 ex
2689 3914 2882 3993 Jesse,
2931 3917 3059 3984 imo
3097 3931 3162 3985 et
3193 3925 3324 3989 vita
3354 3928 3470 3993 Da-

1980 4006 2087 4069 vid
2123 4025 2328 4089 usque
2365 4008 2443 4071 ad
2483 4011 2662 4089 regni
2703 4013 2802 4075 sui
2842 4019 3192 4099 exordium,
3230 4024 3295 4086 in
3335 4045 3464 4108 quo

1979 4113 2115 4167 erat
2154 4106 2418 4186 triginta
2456 4127 2790 4174 annorum.
2825 4112 3000 4187 Quod
3046 4137 3173 4181 non
3213 4122 3467 4189 videtur
3495 4152 3530 4196 11
3545 4154 3649 4211 περ.
3664 4159 3762 4207 m.

1980 4223 2164 4285 posse
2186 4206 2438 4283 salvari,
2457 4208 2761 4288 quoniam
2783 4212 3000 4277 Noemi
3031 4218 3249 4283 decem
3281 4226 3464 4290 annis

1980 4303 2212 4365 mansit
2256 4305 2319 4365 in
2364 4313 2531 4367 terra
2569 4306 2767 4385 Moab,
2806 4312 2918 4392 qui
2961 4316 3160 4380 additi
3206 4322 3465 4403 triginta

1976 4402 2161 4465 annis
2190 4402 2338 4466 vitae
2375 4404 2594 4481 David,
2632 4406 2698 4468 in
2734 4409 2969 4489 quibus
3011 4417 3206 4498 coepit
3245 4440 3466 4501 regna-

1978 4521 2058 4575 re,
2081 4500 2327 4564 faciunt
2344 4522 2546 4566 annos
2565 4506 2996 4589 quadraginta.
3016 4514 3188 4579 Jesse
3206 4537 3463 4603 quoque

1974 4600 2127 4661 dum
2158 4601 2380 4680 genuit
2410 4602 2619 4682 ipsum
2651 4604 2869 4683 David,
2896 4629 3088 4674 senex
3113 4612 3237 4677 fuit
3265 4638 3280 4683 :
3307 4622 3461 4701 quia

1974 4716 2082 4761 sex
2121 4696 2294 4761 filios
2321 4700 2545 4779 genuit
2581 4710 2726 4764 ante
2757 4723 2925 4783 eum,
2963 4718 3032 4771 ut·
3064 4710 3302 4793 legitur
3330 4721 3459 4799 pri·
3519 4742 3752 4799 naemu.

370 4797 491 4860 hoc
530 4795 657 4857 sibi
698 4792 1125 4857 sacerdotium
1166 4794 1497 4875 usurpavit
1533 4810 1547 4855 ε
1581 4794 1694 4876 qui
1736 4813 1861 4857 non
1894 4802 1936 4864 C
1974 4815 2078 4860 mo
2126 4796 2291 4859 libro
2338 4798 2599 4878 Regum.
2648 4799 2878 4883 Sicque
2927 4804 3151 4871 habuit
3199 4813 3460 4896 triginta
3491 4807 3556 4847 ¹⁰·

370 4894 399 4956 s
402 4895 497 4957 uit
526 4896 609 4957 de
647 4893 847 4975 stirpe
884 4892 1157 4967 Eleazar,
1178 4892 1289 4954 sed
1316 4892 1395 4954 de
1426 4891 1724 4955 ithamar.
1764 4894 1863 4955 Li-

368 5002 469 5057 cet
508 5000 725 5055 autem
768 4991 938 5053 istud
976 4991 1329 5053 secundum
1366 4990 1449 5052 sit
1491 5010 1736 5068 verum,
1772 4993 1863 5055 vi-

367 5092 603 5156 delicet
641 5090 813 5173 quod
850 5089 990 5153 Heli
1042 5090 1334 5152 sacerdos
1371 5097 1434 5151 et
1481 5089 1697 5169 judex,
1732 5109 1859 5155 non

369 5190 497 5253 fuit
526 5191 606 5253 de
636 5188 913 5265 Eleazar,
927 5188 1037 5250 sed
1065 5188 1146 5249 de
1174 5187 1466 5262 Ithamar‚
1485 5206 1611 5249 non
1648 5195 1857 5251 tamen

366 5290 624 5353 videtur
666 5306 889 5352 verum
930 5286 1103 5366 quod
1145 5285 1269 5348 sibi
1314 5285 1717 5368 usurpaverit
1766 5307 1862 5351 sa-

1975 4913 2203 4958 novem
2224 4913 2424 4959 annos
2454 4898 2532 4961 ad
2563 4899 3070 4983 minuS‚quando
3098 4912 3320 4988 genuit
3345 4915 3460 4977 Da-

1974 4992 2105 5055 vid.
2139 4993 2215 5055 Hi
2261 5003 2472 5057 autem
2510 4997 2660 5058 anni
2701 4999 2890 5062 simul
2931 5002 3161 5083 juncti,
3213 5008 3458 5077 faciunt

1974 5092 2296 5170 octoginta
2335 5112 2556 5170 annOS,
2591 5095 2643 5156 si
2681 5098 2950 5161 addatur
2991 5111 3054 5165 et
3091 5124 3297 5171 annus
3343 5112 3456 5178 ille

1973 5209 2102 5272 quo
2132 5190 2350 5253 Noemi
2389 5201 2485 5255 cst
2523 5212 2797 5272 reversa,
2831 5207 2895 5260 et
2933 5200 3098 5264 Ruth
3139 5204 3261 5287 ipsi
3293 5210 3456 5275 Booz

1972 5289 2272 5370 conjugio
2293 5290 2532 5353 sociata
2547 5300 2610 5354 et
2642 5292 3073 5378 impraegnata.
3096 5302 3175 5366 Et
3205 5305 3297 5370 ita
3326 5328 3454 5375 non
3483 5378 3492 5389 ‚
