4359 6250
609 3117 650 3166 5,
671 3115 711 3159 6.

887 484 1006 548 518
1409 499 1756 546 mannum
1799 501 1860 546 ιΝ
1903 500 2040 545 ων.
2089 499 2193 544 xiv
2237 497 2393 543 uum
2436 497 2688 542 saeuum
2731 497 2953 542 nacon.
3000 514 3081 525 -—-
3120 496 3263 541 Aur.
3310 494 3462 540 xxm

889 694 1015 743 me,
1055 694 1195 744 rex,
1239 672 1359 736 hoc
1403 680 1522 748 est,
1569 671 1780 753 praebe
1823 668 2154 745 auxilium,
2204 675 2267 730 et
2314 668 2377 729 in
2408 667 2459 728 A
2490 664 2745 728 rebatur
2796 685 2835 728 a
2892 685 3003 728 sua
3054 664 3431 746 cognatione
3486 662 3712 740 occidi,
3780 681 3983 724 suum
4014 677 4247 725 Nnc-,mn

892 771 1023 835 vita
1053 789 1360 835 conserva
1390 791 1514 846 me,
1539 769 1988 845 succurrendo,
2015 787 2094 830 ne
2121 786 2251 849 prae
2276 767 2382 829 tri-

891 869 1069 932 stitia
1117 869 1372 933 moriar.
1416 871 1504 930 Et
1547 869 1643 928 ait
1682 871 1770 928 ad
1807 887 1949 926 eam
1989 888 2104 926 rea:
2141 887 2164 926 .·
2209 868 2383 934 Quid

891 990 1100 1030 causoe
1139 971 1378 1028 habes?
1423 971 1572 1035 Quce
1609 969 1990 1044 respondit:
2032 969 2200 1037 Heu,
2244 986 2383 1024 mu·

894 1068 1016 1126 lier
1047 1068 1249 1126 vidua
1277 1086 1386 1144 eqo
1416 1086 1558 1125 sum
1576 1089 1602 1137 ,·
1632 1073 1924 1124 mortuus
1951 1074 2042 1124 est
2069 1064 2247 1122 enim
2278 1064 2383 1122 vir

893 1185 1092 1225 meus.
1126 1166 1214 1225 Et
1252 1165 1514 1224 ancilla’
1559 1173 1685 1223 tuae
1721 1171 1908 1223 erant
1952 1165 2082 1222 duo
2125 1162 2287 1238 filii,
2321 1160 2382 1222 id

895 1270 1011 1338 θεῖ,
1048 1280 1165 1342 ego
1194 1261 1429 1324 ancilla
1461 1269 1569 1324 tua
1599 1259 1794 1323 habui
1827 1261 1986 1322 duos
2020 1258 2233 1333 filios;
2267 1260 2384 1338 qui

894 1361 1106 1420 rimati
1141 1370 1293 1420 sunt
1335 1363 1683 1420 adversum
1709 1380 1772 1418 se
1815 1360 1886 1419 in
1927 1378 2104 1435 agre,
2139 1361 2386 1418 nullus-

895 1479 1016 1540 que
1053 1469 1194 1519 erat
1234 1461 1354 1538 qui
1392 1479 1491 1518 eos
1521 1459 1863 1536 prohibere
1882 1467 2088 1535 posset
2103 1481 2131 1528 ,·
2157 1465 2217 1516 et
2238 1477 2385 1533 per-

896 1559 1091 1618 cussit
1122 1561 1287 1618 alter
1316 1562 1622 1626 alterum,
1652 1567 1709 1616 et
1741 1556 2067 1632 interfecit
2093 1577 2265 1616 eum.
2302 1558 2385 1617 Εἰ

895 1677 1030 1716 ecce
1069 1675 1455 1732 consurqens
1487 1657 1791 1714 universa
1831 1654 2123 1731 cognatio
2161 1655 2388 1712 adver-

895 1775 1004 1814 sus
1034 1755 1348 1814 ancillam
1382 1763 1582 1824 tuam,
1615 1753 1778 1812 dicit
1809 1773 1831 1812 .·
1865 1755 2068 1812 Trade
2095 1771 2241 1811 eum
2272 1754 2388 1830 qui

2492 762 2753 828 fratrem
2802 764 2895 827 sic
2938 764 3285 827 occidendo
3324 780 3337 824 :
3382 781 3511 826 non
3551 779 3703 841 ergo
3745 760 3985 822 fuisset
4020 744 4083 782 ¹⁹·

2489 863 2819 944 iniquitaS,
2853 864 2962 926 sed
2992 862 3241 944 justitia
3272 881 3414 925 eum
3447 861 3755 924 occidere.
3772 863 3861 922 Et
3882 861 3988 920 ait

2490 983 2605 1022 rcoe
2636 985 2659 1022 .·
2692 965 2819 1031 Qui
2848 963 3321 1022 contradixerit
3354 963 3491 1033 tibi,
3518 961 3581 1023 id
3611 967 3727 1036 est,
3754 958 3989 1022 nolue-

2492 1060 2576 1122 rit
2618 1061 2877 1123 credere
2922 1060 3039 1122 tibi
3084 1059 3366 1121 narranti
3406 1059 3599 1122 verba
3634 1077 3777 1141 quae
3812 1056 3983 1122 dixi.

2492 1159 2792 1222 videlicet
2822 1160 2993 1240 quod
3022 1158 3261 1239 jubebo
3292 1177 3406 1241 pro
3438 1157 3578 1222 silio
3610 1167 3738 1233 tue,
3756 1159 3990 1216 adduc

2490 1278 2639 1318 eum
2668 1261 2755 1318 ad
2785 1279 2905 1330 me,
2931 1258 2993 1320 id
3024 1266 3142 1334 est,
3162 1277 3305 1321 mea
3334 1256 3704 1320 auctoritate
3734 1255 3988 1317 denun-

2494 1356 2581 1418 tia
2620 1357 2703 1432 θί,
2744 1357 2914 1438 quod
2966 1356 3179 1421 veniat
3230 1357 3305 1418 ad
3356 1375 3481 1432 me,
3523 1366 3582 1416 et
3622 1359 3801 1415 ultra
3850 1375 3987 1414 non

2492 1460 2685 1517 addet
2728 1466 2801 1516 ut
2848 1467 3072 1533 tanqat
3118 1466 3197 1527 te,
3230 1455 3294 1517 id
3343 1464 3459 1530 est,
3507 1453 3623 1516 tibi
3670 1452 3989 1516 molestus

2494 1555 2663 1616 ultra
2698 1572 2826 1617 non
2865 1553 2988 1617 erit
3026 1553 3465 1636 persequendo
3500 1551 3708 1614 filium
3744 1559 3931 1614 tuum
3971 1569 3987 1610 :

2496 1652 2799 1735 quoniam
2838 1652 3125 1715 districte
3167 1650 3519 1733 prohibebo
3563 1650 3625 1713 id
3666 1649 3751 1725 ei,
3786 1659 3857 1712 ut
3900 1658 3988 1725 te,

2498 1750 2564 1812 id
2594 1759 2689 1813 cst
2723 1751 2933 1813 filium
2969 1760 3170 1827 tuum,
3206 1769 3334 1813 non
3368 1759 3601 1830 tangat,
3634 1747 3825 1830 cujus
3854 1767 3997 1830 pcr-

889 1852 1205 1930 percussit
1225 1854 1501 1931 fratrem
1529 1860 1836 1922 suum,ut
1856 1851 2220 1910 occidamus
2239 1870 2386 1910 eum
2426 1850 2472 1912 B
2501 1851 2713 1914 cussio
2746 1850 2863 1913 tibi
2896 1858 3020 1912 tam
3050 1849 3263 1928 gravis
3304 1857 3420 1925 est,
3454 1848 3619 1912 sicut
3655 1848 3995 1930 percussio

891 1971 1014 2029 pro
1044 1951 1270 2010 anima
1299 1950 1536 2027 fratris
1564 1951 1694 2020 sui,
1727 1969 1911 2028 quem.
1948 1949 2295 2027 interfecit,
2328 1958 2387 2008 et

897 2053 1226 2110 deleamus
1254 2050 1570 2108 heredem.
1591 2049 1677 2108 Et
1706 2057 2006 2126 quaerunt
2033 2049 2390 2123 exstinque-

899 2169 969 2207 re
1008 2148 1364 2207 scintillam
1411 2167 1641 2217 meam,
1673 2165 1816 2225 qua·
1852 2147 2080 2206 relicta
2120 2155 2237 2214 est,
2269 2145 2387 2208 hoc

901 2254 1018 2322 est,
1055 2244 1308 2325 cognati
1341 2243 1566 2307 volunt
1602 2243 1889 2307 occidere
1931 2241 2142 2305 silium
2173 2262 2387 2306 meum

901 2343 1225 2408 residuum
1255 2360 1268 2404 :
1307 2343 1372 2404 in
1401 2361 1531 2424 quo
1561 2351 1622 2405 et
1653 2360 1766 2424 per
1793 2361 1986 2423 quem
2018 2342 2258 2405 relucet
2288 2361 2392 2405 no·

901 2463 1073 2520 men,
1122 2442 1450 2518 memoria,
1499 2450 1562 2504 et
1615 2440 1818 2503 virtus
1863 2449 2197 2524 parentum
2248 2459 2391 2504 suo-

901 2561 1068 2618 rum,
1101 2540 1634 2622 quemadmodum
1671 2539 1837 2620 ignis
1879 2539 1944 2602 in
1985 2538 2267 2602 scintilla
2296 2560 2391 2602 re-

902 2641 1214 2723 splendet,
1240 2648 1303 2703 et
1333 2659 1447 2722 per
1477 2658 1617 2702 eam
1650 2638 2128 2712 manifestatum
2157 2650 2231 2699 ut
2260 2661 2389 2700 non

900 2742 1176 2818 supersit
1199 2741 1338 2799 viro
1363 2759 1494 2799 meo
1516 2737 1849 2808 nomen,id
1873 2746 1969 2800 est
1995 2737 2387 2814 memoriale,

901 2848 961 2899 et
989 2839 1311 2918 reliquiae,
1344 2836 1407 2899 id
1440 2845 1536 2900 est
1569 2836 1906 2918 posteritas
1937 2836 2157 2917 proliS,
2200 2857 2393 2914 super

906 2947 1147 2998 terram
1173 2957 1196 2996 .·
1227 2935 1396 3018 quod
1427 2935 1611 2997 valde
1634 2934 1955 2998 vitabatur
1985 2933 2050 2996 in
2083 2935 2244 3014 lege,
2264 2935 2392 2999 imo

905 3134 1110 3197 functi
1140 3134 1280 3197 sine
1311 3134 1553 3210 liberiS,
1587 3134 1821 3197 ducere
1850 3133 2187 3215 conjugem
2226 3134 2387 3215 cjuS‚

905 3242 970 3296 et
1025 3232 1333 3295 suscitare
1390 3231 1672 3295 sobolem
1727 3231 1808 3294 ei.
1859 3234 1947 3293 Et
1998 3232 2093 3292 ait
2143 3254 2259 3293 rex
2308 3237 2396 3294 ad

904 3334 1244 3392 mulierem
1273 3351 1296 3389 .·
1335 3333 1506 3390 Vade
1545 3332 1616 3391 in
1654 3334 1918 3391 domum
1962 3341 2168 3401 tuam,
2198 3341 2257 3392 et
2286 3351 2395 3407 eqo

888 3431 1128 3507 jubebo
1163 3448 1286 3507 pro
1337 3437 1417 3497 te,
1451 3427 1514 3489 id
1563 3436 1678 3504 est,
1722 3428 2006 3509 cognatis
2055 3438 2120 3491 et
2167 3428 2393 3492 ceteris

905 3525 1260 3608 prohibebo
1291 3525 1582 3589 occidere
1618 3525 1830 3587 filium
1864 3533 2067 3588 tuum.

989 3626 1306 3703 Dimitque
1332 3627 1570 3685 mulier
1595 3627 1916 3687 Tkecuitis
1935 3628 2023 3686 ad
2041 3646 2252 3703 reqem
2274 3646 2296 3685 .·
2311 3628 2392 3687 In

907 3744 1030 3793 me,
1073 3726 1334 3786 domine
1383 3726 1480 3784 mi
1525 3745 1663 3795 rem,
1705 3726 1790 3785 sit
1833 3726 2174 3805 iniquitas,
2218 3734 2278 3785 et
2324 3728 2395 3785 in

903 3826 1170 3883 domum
1193 3824 1408 3901 patris
1437 3824 1607 3885 mei:
1631 3822 1695 3884 id
1727 3831 1843 3899 θεῖ,
1879 3823 1933 3884 si
1965 3823 2120 3903 quid
2153 3824 2395 3905 peccati

907 3929 1004 3984 est
1035 3920 1099 3982 in
1133 3920 1274 3997 hoc,
1293 3921 1466 4002 quod
1498 3920 1592 3984 sic
1617 3920 1760 3984 filio
1788 3940 1930 3985 meo
1959 3921 2259 4000 ignosciS,
2285 3922 2399 3984 mi-

908 4018 974 4081 hi
1005 4028 1070 4081 et
1089 4018 1430 4100 parentelae
1459 4038 1615 4083 meae
1645 4020 2014 4101 imputetur,
2035 4042 2152 4081 rea·
2181 4032 2398 4083 autem

2503 1950 2594 2011 tui
2627 1949 2851 2031 ipsiuS.

2597 2054 2750 2118 Quce
2794 2050 2915 2118 ait,
2962 2048 3229 2130 cupiens
3280 2045 3767 2129 promissionem
3818 2044 3995 2126 regis

2502 2147 2623 2211 sibi
2680 2147 2934 2223 factam,
2979 2147 3255 2230 amplius
3307 2144 3724 2209 confirmari:
3762 2149 3997 2206 Rea-022

2500 2250 2692 2308 detur
2720 2268 2837 2307 νεα·
2864 2247 3134 2307 Domini
3162 2247 3285 2306 Dei
3318 2247 3448 2316 sui,
3484 2243 3547 2306 id
3586 2252 3701 2318 est,
3746 2242 3993 2305 intuitu

2501 2355 2565 2408 et
2608 2364 2822 2408 amore
2866 2345 2975 2407 Dei
3022 2343 3372 2426 provideat,
3406 2353 3637 2404 utnon
3666 2345 3997 2420 multipli-

2500 2455 2727 2505 centur
2748 2445 3044 2520 prooeimi
3080 2443 3440 2519 sanquini3‚
3486 2441 3548 2503 id
3590 2450 3687 2504 est
3722 2459 3997 2504 consan-

2501 2542 2719 2624 guinei
2752 2542 2874 2604 filii
2906 2541 3031 2626 mei
3062 2538 3373 2618 defuncti,
3392 2544 3479 2602 ad
3506 2543 3950 2601 ulciscendum
3972 2563 3995 2600 .-

2506 2643 2567 2705 id
2596 2650 2712 2719 est,
2738 2659 2849 2704 oro
2880 2650 2951 2703 ut
2982 2649 3071 2717 tu,
3097 2640 3375 2716 domine,
3402 2638 3779 2702 sententiam
3814 2646 3993 2702 tuam

2504 2758 2619 2823 pro
2660 2739 2801 2802 silio
2842 2739 3183 2821 superstite
3220 2737 3349 2818 jam
3391 2736 3723 2819 prolatam,
3758 2736 3853 2800 sic
3886 2756 3995 2799 ro-

2504 2840 2689 2902 bores
2721 2847 2783 2901 et
2813 2837 3126 2916 divulgeS,
3162 2836 3334 2918 quod
3373 2836 3623 2916 cognati
3664 2854 3793 2898 non
3832 2855 3999 2918 prae-

2504 2945 2757 3000 sumant
2800 2935 3149 3012 confluere,
3197 2943 3511 3016 quatenus
3556 2933 3747 2996 simul
3796 2953 3997 2996 manu

591 2997 594 3002 Ι
626 3051 870 3103 neuim.
904 3035 988 3099 ob
1005 3035 1126 3098 hoc
1147 3035 1499 3112 vitandum,
1510 3033 1855 3116 jubebatur
1875 3034 2274 3116 propinquus
2296 3036 2395 3098 de-
2429 3035 2472 3098 C
2504 3036 2715 3101 valida
2746 3035 2957 3097 filium
2990 3053 3203 3097 meum
3235 3033 3526 3097 occidant
3561 3049 3574 3094 :
3610 3033 3779 3114 quod
3824 3052 4000 3094 unus

2504 3144 2614 3199 aut
2663 3135 2849 3218 pauci
2898 3152 3115 3197 eorum
3170 3152 3297 3215 prae
3346 3133 3572 3195 timore
3624 3140 3729 3195 tuo
3779 3130 4001 3195 facere

2507 3253 2632 3298 non
2674 3235 3015 3306 auderent;
3052 3243 3111 3293 et
3154 3252 3561 3311 nequaquam
3600 3233 4001 3308 interficient

2503 3334 2723 3409 filium
2754 3352 2988 3402 meum,
3024 3330 3078 3393 si
3114 3329 3340 3393 seceris
3373 3330 3544 3411 quod
3586 3329 3827 3411 rogavi.
3864 3333 4003 3398 Qui

2505 3432 2601 3491 ait
2628 3452 2649 3490 .·
2678 3432 2844 3492 Vivit
2872 3428 3296 3499 Dominus,id
3327 3428 3602 3510 est,juro
3634 3448 3745 3511 per
3764 3429 3995 3506 Deum,

2504 3531 2663 3609 quia
2700 3548 2831 3589 non
2874 3530 3052 3588 cadet
3093 3530 3172 3587 de
3204 3529 3464 3605 capillis
3496 3529 3630 3605 filii
3664 3529 3764 3587 tui
3798 3548 4003 3605 super

2508 3638 2745 3689 terram
2769 3648 2791 3686 .·
2810 3626 2931 3687 hoc
2962 3633 3078 3702 est,
3100 3634 3226 3688 tam
3256 3626 3581 3689 evidenter
3610 3645 3683 3689 ac
3716 3624 4001 3689 firmiter

2504 3724 2806 3807 judicabo
2836 3742 2951 3806 pro
2982 3742 3080 3799 eo,
3100 3724 3269 3804 quod
3302 3742 3417 3805 pro
3449 3723 3565 3786 hac
3594 3743 3785 3787 causa
3804 3743 4001 3787 nemo

2508 3823 2766 3886 audebit
2794 3822 2853 3885 ei
2884 3822 3165 3903 aliquam
3196 3821 3517 3886 laesionem
3552 3819 3813 3885 inferre.

2595 3924 2787 3982 Dioeit
2827 3940 2974 3998 erqo
3020 3923 3257 3981 mulier
3301 3942 3323 3981 .·
3370 3925 3703 4001 Loquatur
3746 3924 4003 3983 aneilla

2511 4030 2623 4081 tua
2672 4023 2760 4080 ad
2806 4023 3146 4081 dominum
3194 4040 3409 4080 meum
3452 4039 3659 4097 reqem
3704 4022 3999 4083 verbum.

907 4128 967 4179 et
1009 4121 1276 4179 thronus
1316 4119 1458 4196 ejus
1501 4120 1587 4179 sit
1633 4121 1957 4190 innocenS,
2003 4138 2120 4183 nec
2169 4120 2229 4183 ei
2280 4139 2397 4183 nec
2510 4122 2594 4180 E't
2630 4120 2781 4179 ait:
2812 4123 3118 4199 Loquere.
3158 4120 3473 4198 Dia-itque
3516 4120 3778 4189 mulier,
3810 4120 4005 4199 quasi

908 4217 1050 4297 ejus
1100 4216 1396 4297 potestati
1445 4224 1552 4279 aut
1599 4218 1947 4281 successori
2008 4218 2393 4300 imponatur.
2431 4228 2480 4290 D
2506 4216 2635 4298 jam
2664 4234 2877 4297 regem
2910 4216 3168 4299 proprio
3197 4216 3439 4297 judicio
3469 4216 3715 4279 habens
3738 4226 4003 4299 captum

905 4314 1150 4377 Hebraei
1190 4316 1288 4394 (ut
1329 4314 1553 4395 fertur)
1591 4325 1920 4398 exponunt
1957 4316 2048 4380 sic
2083 4338 2096 4381 :
2133 4317 2398 4381 Domine
2508 4324 2571 4377 et
2612 4314 2963 4397 obligatum
3010 4315 3089 4378 ad
3140 4315 3593 4395 ignoscendum
3638 4314 3943 4379 Absaloni
3984 4337 4000 4381 :

905 4412 994 4474 mi
1039 4432 1168 4490 rex,
1216 4413 1587 4494 contingere
1631 4422 1858 4496 potest,
1904 4422 1974 4476 ut
2019 4422 2088 4476 tu
2139 4414 2399 4478 aliunde
2512 4416 2722 4483 Quare
2769 4418 3064 4493 coqitasti
3104 4416 3549 4493 hujuscemodi
3590 4436 3725 4475 rem
3770 4426 4005 4477 eontra

905 4510 1350 4593 multipliciter
1387 4521 1756 4593 occupatuS‚
1787 4512 2192 4579 obliviscaris
2234 4514 2395 4576 hanc

904 4628 1157 4673 causam
1187 4627 1201 4672 :
1227 4619 1290 4673 et
1323 4608 1414 4674 sic
1447 4610 1513 4672 in
1542 4612 1731 4674 domo
1761 4630 1902 4673 mea
1929 4611 2205 4689 eveniet,
2225 4614 2395 4693 quod

885 4706 1084 4770 filius
1114 4728 1293 4772 meus
1324 4708 1650 4772 occidetur
1681 4728 1717 4771 a
1747 4726 1860 4770 sua
1898 4709 2298 4790 cognatione,
2332 4720 2397 4772 et

905 4814 972 4867 tu
1003 4806 1129 4868 eris
1161 4806 1489 4884 innocens„
1514 4806 1667 4888 quia
1698 4815 1925 4889 praeter
1955 4815 2128 4869 tuam
2161 4807 2277 4870 fiet
2307 4808 2398 4869 in-

905 4905 1278 4969 tentionem.
1314 4905 1457 4969 Haec
1499 4906 1813 4987 expositio
1857 4906 2109 4970 videtur
2153 4907 2391 4990 inepta,

903 5003 1056 5085 quia
1087 5003 1317 5067 mulier
1346 5022 1460 5085 per
1491 5005 1748 5067 modum
1781 5006 2062 5087 optantis
2092 5006 2252 5067 dixit
2287 5006 2392 5070 :In

903 5121 1026 5179 me,
1046 5102 1308 5167 domine
1337 5102 1426 5164 mi
1459 5120 1589 5179 rex,
1615 5102 1700 5164 sit
1730 5102 1863 5166 haec
1895 5102 2388 5186 iniquitaS,etc.;

903 5220 1029 5265 non
1081 5211 1293 5265 autem
1351 5202 1597 5284 optavit
1656 5200 1870 5263 filium
1923 5221 2108 5264 suum
2159 5201 2387 5265 occidi.

903 5298 1186 5381 Denique
1217 5298 1396 5363 filius
1433 5300 1572 5380 ejus
1614 5301 1964 5363 secundum
2009 5299 2215 5381 legem
2262 5320 2393 5363 mc—

2500 4518 2821 4592 populum
2849 4516 2993 4587 Dei,
3026 4513 3147 4577 hoc
3188 4515 3305 4590 θεῖ,
3348 4521 3573 4576 contra
3614 4512 4001 4577 Absaloucm

2508 4611 2719 4674 filium
2768 4620 2970 4689 tuum,
3018 4620 3083 4675 et
3124 4630 3233 4675 θοε
3270 4612 3384 4694 qui
3426 4631 3643 4676 secum
3693 4610 4000 4691 fugerunt

2505 4711 2585 4773 de
2609 4719 2773 4773 terra
2794 4710 2947 4774 hac?
2977 4710 3089 4791 qui
3111 4717 3419 4792 quantum
3452 4711 3529 4773 ad
3559 4710 3677 4774 hoc
3708 4720 3855 4773 sunt
3887 4731 4002 4793 po—

2506 4809 2696 4892 pulus
2727 4808 2858 4883 Dei,
2893 4809 3064 4890 quod
3096 4816 3278 4872 erant
3306 4809 3385 4872 dc
3418 4809 3617 4891 stirpe
3644 4809 3854 4886 lsrael,
3889 4812 3999 4873 vel

2504 4908 2582 4971 ad
2609 4907 3005 4969 ludaismum
3036 4907 3351 4983 conversi,
3387 4926 3500 4969 seu
3541 4908 3673 4970 veri
3712 4908 3823 4971 Dei
3860 4909 4003 4971 cul-

2505 5015 2693 5070 toreS.
2744 5006 2819 5067 Et
2857 5006 3013 5088 quid
3056 5015 3275 5068 contra
3315 5006 3469 5068 istos
3513 5006 3878 5087 cogitaverit
3918 5028 4001 5071 ac

2501 5104 2732 5167 dixerit
2767 5124 2896 5180 rex,
2921 5104 3336 5185 subjungitur
3360 5122 3374 5165 :
3398 5115 3457 5166 et
3488 5109 3731 5165 loeutus
3758 5116 3851 5165 est
3876 5126 4003 5165 rea·

2503 5205 2767 5262 verbum
2794 5204 2995 5271 istud,
3014 5209 3233 5283 utpote
3263 5200 3663 5279 Absalonem,
3684 5212 3747 5264 et
3778 5222 4000 5266 servos

2502 5300 2641 5381 ejus
2683 5318 2809 5363 non
2852 5318 3037 5382 posse
3079 5300 3285 5363 redire
3324 5300 3402 5362 ad
3440 5309 3669 5363 terram
3702 5300 3885 5377 hanc,
3927 5302 3997 5363 in
