4359 6250
1090 512 1436 560 mannum
1483 511 1545 556 ΙΝ
1586 510 1725 558 m.
1770 509 1921 557 xvm
1960 509 2234 558 Jumcuu.
2279 531 2360 540 —
2400 513 2543 560 Am.
2588 514 2739 561 XXXI

3335 501 3452 566 207

356 689 585 744 rentur
630 682 1009 765 spoliatores
1059 681 1203 746 illos
1243 706 1257 757 ;
1309 693 1369 744 ec
1406 693 1551 761 post
1606 691 1855 760 tergum
1887 679 1938 743 A
1968 691 2262 765 poterant
2303 703 2450 746 eum
2492 685 2736 766 juvare,
2777 707 3068 748 reversus
3107 698 3196 749 esc
3233 691 3304 750 in
3345 691 3458 749 do-

354 785 645 843 damare
673 791 1023 860 coeperunt.

444 881 573 948 Qui
596 901 804 960 quum
833 882 1273 958 respexissent,
1294 881 1609 940 diorerunc
1628 883 1717 940 ad
1740 881 1860 942 Mi-

353 979 549 1038 cham
580 1000 603 1038 :
638 981 813 1048 Quid
861 980 980 1039 tibi
1022 980 1172 1038 vis?
1210 999 1328 1038 cur
1368 981 1609 1040 clamas
1635 981 1665 1038 ἓ
1705 977 1858 1039 Nam

354 1075 635 1138 aliorum
661 1076 1233 1140 conclamationem
1264 1075 1324 1140 ei
1354 1075 1719 1158 specialiter
1749 1074 1861 1137 im-

357 1173 697 1254 putabant.
730 1173 919 1248 Quasi
971 1174 1187 1237 dicant
1231 1194 1245 1238 :
1288 1173 1614 1248 Quomodo
1663 1174 1859 1236 audes

354 1281 587 1334 contra
635 1291 753 1336 nos
804 1273 897 1336 sic
928 1273 1205 1336 clamare
1234 1275 1257 1334 2
1293 1275 1422 1343 Qui
1460 1274 1791 1352 respondit
1835 1292 1858 1331 .-

357 1375 525 1432 Deos
570 1391 759 1444 meos,
792 1392 947 1452 quos
994 1374 1165 1432 milti
1203 1374 1355 1451 feci,
1398 1372 1660 1433 tulistis.
1700 1371 1859 1433 Ecce

357 1487 556 1550 quam
582 1470 816 1533 stolida
846 1469 1076 1533 verba!
1110 1468 1437 1543 Quomodo
1466 1469 1637 1532 enim
1669 1468 1859 1532 homo

360 1576 495 1630 tam
525 1566 745 1631 fatuus
774 1566 957 1632 effici
990 1577 1221 1651 potest,
1239 1577 1308 1630 ut
1328 1586 1521 1650 opera
1552 1587 1856 1630 manuum

128 1676 181 1718 1³.
220 1689 327 1754 {uv—
358 1685 626 1728 suarum
656 1675 766 1729 aut
795 1666 1064 1729 aliarum
1100 1667 1269 1730 colat
1304 1673 1371 1728 ut
1401 1666 1597 1728 deos?
1630 1666 1861 1728 Contra

80 1755 157 1782 nu
176 1775 185 1788 ,
214 1746 309 1795 bap

148 1819 228 1845 -κν,

315 1771 557 1844 'quam
598 1763 927 1827 infinitam
965 1763 1353 1826 dementiam
1396 1763 1461 1825 in
1492 1763 1651 1825 isaia
1690 1770 1753 1825 et
1795 1761 1859 1823 in

1968 803 2147 843 mum
2176 803 2387 844 suam.

2048 883 2350 942 Sexcenci
2391 892 2604 941 autem
2655 884 2792 942 viri
2838 887 3128 944 tulerunt
3171 889 3459 946 sacerdo-

1970 989 2114 1052 tem,
2148 990 2210 1040 et
2250 1001 2394 1061 qma
2431 1001 2633 1058 supra
2662 984 2983 1053 discimus,
3021 994 3460 1063 veneruntque

1968 1081 2040 1138 in
2062 1081 2243 1151 Lais,
2268 1087 2415 1156 ete„
2440 1088 2500 1139 et
2520 1090 2978 1156 percusserunt
3001 1083 3365 1142 habitantes
3387 1084 3456 1144 in

1968 1195 2041 1236 ea
2065 1179 2136 1238 in
2156 1198 2264 1238 ore
2279 1180 2522 1255 gladii,
2547 1181 2892 1259 urbemque
2923 1181 3224 1240 incendio
3259 1185 3463 1242 cradi-

1967 1277 2228 1360 derant.
2263 1276 2344 1339 Os
2375 1276 2594 1358 gladii,
2629 1284 2726 1340 est
2759 1278 2900 1359 ejus
2935 1297 3202 1342 acumen
3241 1296 3254 1342 τ
3290 1280 3461 1361 quod

1974 1372 2060 1435 ita
2099 1375 2419 1438 consumit
2457 1395 2568 1438 seu
2615 1384 2798 1439 necat
2839 1394 2999 1457 quos
3021 1375 3251 1456 'caedit‚
3297 1377 3464 1442 sicut

1972 1491 2043 1536 os
2087 1474 2528 1537 manducantis
2578 1476 2900 1538 consumit
2948 1475 3210 1538 cibaria.
3261 1478 3460 1540 Nullo

1964 1574 2228 1648 penitus
2272 1574 2517 1651 ferente
2545 1577 2965 1651 prm-sidium,
2996 1595 3065 1636 eo
3107 1579 3277 1655 quod
3313 1595 3464 1654 pro-

1972 1674 2079 1730 cul
2108 1672 2475 1732 habitarent
2505 1693 2545 1732 α
2577 1674 2846 1742 Sidone,
2875 1683 2934 1734 et
2967 1693 3114 1736 cum
3143 1677 3326 1734 nullo
3356 1676 3465 1734 Ιιο-

1974 1770 2232 1829 minum
2280 1771 2578 1830 haberent
2619 1773 2978 1851 quidquam
3025 1773 3344 1832 societatis
3389 1793 3466 1833 ac

357 1864 531 1928 libro
581 1865 923 1948 Sapientiae
970 1865 1335 1948 disputatur
1384 1863 1691 1947 plenarie.
1742 1862 1860 1927 Sed
1895 1873 1941 1934 Β
1976 1868 2237 1944 neyotii.
2261 1870 2424 1929 Erat
2444 1878 2660 1929 autem
2689 1871 2921 1930 civitas
2949 1871 3075 1930 sica
3107 1871 3180 1931 in
3212 1873 3465 1948 reqione

354 1965 687 2045 quomodo
726 1965 837 2040 ait,
873 1965 1031 2027 Deos
1074 1981 1269 2039 meOS,
1306 1963 1359 2024 si
1402 1983 1529 2026 non
1570 1971 1704 2025 erat
1735 1962 1861 2024 nisi

86 2075 328 2152 judie-mn.
358 2063 612 2127 idolum
642 2067 889 2126 unum?
920 2063 1013 2126 Ad
1043 2064 1216 2144 quod
1246 2083 1320 2126 ex
1350 2063 1732 2144 praecedenti
1764 2081 1861 2124 ar-

84 2155 119 2180 ο.

360 2162 569 2226 ticulo
600 2171 775 2245 patet
804 2161 1280 2244 responsio.Est
1309 2179 1567 2242 quoque
1598 2179 1864 2225 consue-

360 2263 523 2325 tudo
550 2261 907 2325 idololatris
940 2261 1149 2324 taliter
1179 2260 1380 2341 loqui,
1403 2268 1467 2322 et
1497 2258 1733 2342 plurali
1767 2260 1862 2322 uti

358 2381 483 2444 pro
530 2361 873 2442 singulari,
924 2359 1461 2443 quemadmodum
1523 2359 1602 2421 de
1655 2357 1862 2422 vitulo

359 2459 689 2524 conflatili
746 2459 1045 2522 dixerunt
1093 2456 1278 2540 impii
1334 2457 1634 2521 Israelitae
1688 2475 1702 2520 ε
1755 2458 1865 2520 Isti

358 2553 521 2628 sunt
550 2559 643 2622 dii
677 2559 793 2635 tui,
828 2557 1040 2620 Israel.
1074 2559 1311 2638 ltaque,
1347 2557 1506 2620 Deos
1548 2575 1723 2620 meos
1769 2566 1865 2619 tu-

359 2659 557 2733 listis,
592 2658 657 2720 id
698 2666 797 2720 est
832 2655 992 2718 mihi
1032 2655 1386 2718 abstulistis
1428 2663 1493 2717 et
1521 2655 1854 2721 vobiscum

357 2757 607 2821 furtive
640 2755 963 2839 portastiS‚
997 2765 1055 2815 ec
1083 2757 1501 2823 sacerdotem,
1532 2773 1727 2835 quem
1755 2753 1863 2817 Mi-

351 2856 515 2919 chas
564 2854 816 2937 putavit
858 2872 975 2935 per
1022 2851 1401 2916 violentiam
1454 2861 1517 2913 et
1570 2853 1861 2916 timorem

352 2963 655 3019 coactum
687 2972 725 3016 a
756 2951 999 3015 Danitis
1034 2951 1113 3013 ad
1149 2951 1541 3032 pergendum
1582 2971 1730 3014 cum
1768 2951 1864 3033 ip-

1972 1968 2210 2028 Rolzob.
2251 1965 2610 2029 Secundum
2654 1967 2902 2048 Lyram,
2940 1968 3007 2029 in
3051 1968 3312 2032 Hebraeo
3356 1970 3466 2032 ha-

1977 2066 2182 2143 betur,
2217 2066 2284 2128 In
2313 2075 2606 2129 *torrente
2645 2066 2886 2130 Rohob.
2923 2066 3042 2130 Sed
3077 2068 3290 2150 potius
3323 2087 3466 2132 reor

1977 2165 2244 2228 verbum
2282 2164 2441 2228 illud
2480 2164 2858 2228 Hebraicum
2888 2166 2966 2229 ad
2998 2174 3341 2249 utrumque
3369 2186 3467 2230 es-

1978 2283 2045 2327 se
2072 2263 2492 2345 aequivocum,
2529 2263 2869 2346 aptiusque
2907 2283 3046 2328 esse
3087 2265 3464 2328 translatum

1978 2362 2097 2426 hoc
2145 2363 2307 2439 loce,
2349 2362 2416 2424 In
2465 2363 2744 2444 regione,
2789 2382 3005 2444 quam,
3041 2364 3108 2426 In
3159 2372 3460 2427 torrente.

1979 2466 2189 2532 Quam
2237 2482 2502 2523 rursum
2549 2471 2968 2532 exstruentes,
3001 2463 3467 2524 ‘habitaverunt

1976 2562 2049 2622 in
2078 2581 2180 2630 ea,
2213 2571 2427 2622 vocato
2457 2562 2719 2621 nomine
2747 2561 3037 2621 civitatis
3066 2564 3238 2634 Dan,
3259 2563 3466 2640 juoeta

1977 2663 2360 2720 vocabulum
2391 2661 2608 2738 patris
2645 2661 2754 2719 sui
2793 2679 2984 2738 quem
3018 2670 3332 2736 ,qenuerat
3374 2663 3471 2722 Is-

1973 2762 2132 2829 rael,
2156 2779 2300 2838 quae
2321 2761 2515 2836 prius
2543 2760 2702 2819 Lais
2728 2760 3088 2828 dicebatur.
3112 2758 3302 2822 Porro
3332 2760 3468 2822 haec

1974 2855 2200 2919 civitas
2227 2864 2394 2921 sorte
2431 2856 2748 2919 ceciderat
2779 2855 2972 2919 tribui
3004 2857 3159 2934 Dan,
3179 2864 3243 2919 et
3271 2857 3360 2919 ita
3389 2875 3466 2919 ex

1974 2955 2406 3032 concessione,
2443 2955 2570 3018 imo
2613 2962 2676 3016 et
2717 2954 3004 3036 jussione
3043 2955 3260 3019 divina
3296 2965 3470 3039 pote-

354 3054 475 3131 sis,
508 3063 571 3114 ει
608 3055 835 3114 omnia
874 3071 1017 3131 quae
1056 3053 1277 3121 kabe0,
1309 3049 1374 3113 id
1413 3058 1510 3112 est
1552 3049 1762 3133 ephod
1802 3059 1864 3114 et
1899 3052 1942 3115 C
1974 3062 2116 3116 rant
2158 3072 2300 3116 eam
2329 3070 2692 3136 expugnare
2723 3053 2986 3132 Danitae,
3025 3054 3378 3137 praesertim
3411 3054 3466 3116 si

354 3164 579 3219 cetera
632 3151 1050 3216 sacerdotalia
1103 3159 1479 3215 ornamenta
1535 3159 1597 3213 ct
1650 3170 1859 3227 sacra,

356 3272 645 3336 quorum
690 3271 845 3315 usus
889 3249 1016 3313 fuit
1053 3250 1120 3311 in
1160 3249 1339 3313 cultu
1382 3250 1647 3315 deorum
1688 3268 1863 3313 meo-

360 3372 509 3441 rum
545 3372 561 3416 ε
596 3369 742 3432 quae
774 3350 992 3413 omnia
1024 3356 1272 3410 tantum
1307 3348 1654 3430 appretior,
1689 3349 1860 3429 quod

358 3460 581 3515 cetera
625 3468 773 3531 quae
816 3448 976 3510 mihi
1016 3465 1143 3509 non
1183 3445 1561 3523 abstulistiS,
1604 3465 1862 3529 compa-

360 3551 617 3614 ratione
664 3548 921 3612 illorum
971 3565 1089 3629 pro
1137 3546 1341 3608 nihilo
1390 3554 1637 3626 reputo.
1682 3546 1859 3609 Unde

356 3652 471 3729 (ut
518 3646 763 3727 fertur)
812 3646 879 3707 in
929 3644 1189 3708 Hebraeo
1238 3642 1528 3719 habetur,
1582 3644 1659 3705 Et
1707 3646 1863 3726 quid

358 3747 647 3829 amplius
688 3744 893 3807 mihi?
931 3752 1236 3825 'tanquam
1279 3742 1469 3818 dicat,
1513 3740 1643 3804 lllis
1692 3742 1867 3806 abla-

362 3848 473 3923 tis,
516 3844 849 3927 vilipendo
891 3862 1037 3925 quae
1082 3840 1243 3903 mihi
1290 3849 1685 3903 manserunt.
1738 3842 1868 3905 Sic-

1974 3153 2051 3215 ad
2093 3152 2519 3216 idololatriam
2551 3170 2680 3215 non
2713 3153 3010 3215 ruissent.

2057 3254 2544 3332 Posueruntque
2572 3253 2698 3311 sibi
2726 3254 3045 3329 sculptile,
3082 3252 3146 3315 id
3186 3262 3306 3332 est,
3340 3252 3469 3317 ido·

1978 3352 2110 3413 lum
2169 3351 2327 3413 illud
2387 3351 2708 3433 sculptum
2764 3361 3103 3414 erexerunt
3151 3352 3230 3417 ad
3283 3372 3463 3416 suam

1976 3449 2450 3513 damnationem
2500 3448 2622 3511 sibi
2675 3448 2741 3511 in
2789 3450 3002 3527 deum,
3037 3461 3096 3512 et
3138 3453 3466 3515 Jonathan

1974 3551 2197 3627 filium
2232 3552 2495 3609 Gersam
2523 3550 2658 3625 filii
2689 3549 2953 3625 Moysi-3,
2987 3570 3064 3609 ac
3089 3552 3260 3627 filios
3297 3552 3467 3628 εἰπε,
3499 3580 3756 3631 &om-132

1977 3646 2278 3712 videlicet
2301 3646 2604 3723 Jonathae,
2631 3654 2983 3727 posuerunt
3013 3646 3135 3708 sibi
3166 3646 3236 3709 in
3264 3670 3468 3709 sacer-

1974 3750 2174 3816 dote-³,
2205 3764 2404 3827 quum
2445 3754 2655 3807 tamen
2696 3762 2824 3806 non
2863 3753 3077 3808 essent
3106 3746 3187 3809 de
3219 3747 3466 3810 semine

1978 3844 2208 3921 Aaron,
2229 3845 2302 3904 in
2336 3845 2508 3904 tribu
2538 3846 2707 3915 Dan,
2739 3841 2803 3904 id
2835 3850 2932 3905 est
2963 3842 3028 3905 in
3063 3844 3324 3925 praefata
3351 3866 3467 3909 sua

359 3966 494 4029 que
526 3945 595 4007 in
624 3963 743 4007 sua
770 3941 1223 4025 superstitione
1254 3948 1317 4002 et
1348 3938 1709 4003 idololatria
1742 3940 1867 4004 fuit
1980 3942 2136 4005 urbe
2165 3951 2358 4023 atque
2379 3940 2640 4015 familia,
2663 3958 2788 4003 non
2813 3948 3022 4007 tamen
3055 3941 3122 4003 in
3155 3943 3324 4006 tribu
3357 3944 3469 4007 illa

360 4044 534 4108 male
580 4044 872 4106 devotus.
913 4042 990 4103 Et
1034 4038 1280 4103 utinam
1326 4057 1439 4102 nos
1485 4046 1614 4102 tam
1654 4040 1865 4105 valide
1980 4041 2181 4105 totali.
2224 4041 2346 4103 Iste
2384 4038 2682 4103 Jonathas
2734 4037 2856 4101 fuit
2905 4038 3208 4121 praefatus
3257 4042 3468 4106 adole-

362 4146 441 4207 ad
476 4162 705 4208 verum
738 4142 935 4203 Deum
969 4160 1043 4203 ac
1076 4138 1437 4221 spiritualia
1465 4137 1861 4217 afficiamur,
1980 4159 2161 4203 scens
2199 4138 2437 4216 Levita,
2473 4138 2626 4220 quia
2665 4145 2728 4200 et
2756 4137 2995 4221 Moyses
3031 4137 3154 4202 fuit
3183 4141 3263 4203 de
3293 4141 3465 4204 tribu

361 4243 543 4325 quod
598 4259 821 4303 eorum
876 4247 1203 4321 respectu,
1254 4256 1371 4319 pro
1424 4237 1629 4300 nihilo
1682 4257 1869 4321 repu-
1900 4238 2152 4308 DLevi.
2195 4238 2353 4301 Ecce
2401 4236 2571 4318 quod
2621 4254 2808 4299 nemo
2858 4236 2937 4299 de
2985 4238 3467 4319 progenitorum

366 4351 581 4405 temus
632 4335 1008 4420 temporalia
1056 4344 1119 4399 et
1169 4344 1441 4399 terrena.
1491 4340 1575 4399 Ει
1622 4338 1865 4409 dicitis,
1978 4355 2239 4400 suorum
2269 4334 2601 4398 sanctitate
2619 4334 2810 4397 debet
2829 4354 3228 4417 praesumere,
3245 4347 3355 4401 aut
3381 4338 3470 4401 in-

368 4443 549 4510 Quid
589 4439 882 4500 clama-s?
910 4438 1363 4515 Dixeruncque
1398 4437 1461 4495 ei
1497 4436 1633 4513 filii
1666 4438 1814 4497 Dan
1845 4456 1868 4499 .·
1976 4443 2157 4499 caute
2196 4433 2546 4510 confidere,
2583 4433 2694 4496 sed
2724 4434 2804 4496 de
2836 4432 3066 4496 humili
3103 4444 3300 4518 atque
3335 4437 3470 4501 ido-

370 4544 540 4601 Cave
574 4558 657 4599 ne
694 4540 875 4597 ultra
910 4536 1196 4615 loquaris
1227 4536 1316 4594 ad
1346 4554 1479 4605 nos,
1513 4543 1573 4594 et
1604 4535 1870 4594 veniant
1978 4553 2096 4596 nea
2117 4533 2371 4596 illorum
2389 4530 2734 4594 sectatione
2755 4540 2963 4614 potest
2985 4552 3254 4616 sperare,
3271 4554 3466 4617 quum

364 4641 457 4697 ad
502 4648 563 4699 te
606 4636 745 4696 viri
788 4635 1011 4695 animo
1059 4632 1389 4703 concitati,
1436 4640 1495 4691 et
1546 4633 1679 4708 ipse
1722 4652 1869 4691 cum

366 4737 556 4797 omni
582 4738 771 4795 domo
806 4742 919 4793 tua
942 4750 1192 4808 pereas,
1224 4728 1290 4791 id
1324 4736 1440 4806 est,
1469 4738 1535 4791 tu
1566 4748 1711 4791 cum
1740 4729 1866 4791 tuis

366 4832 741 4898 domesticis
783 4829 1093 4894 occidaris
1137 4848 1174 4890 a
1220 4827 1425 4903 nobiS,
1474 4836 1707 4909 tuaque
1755 4828 1869 4891 do—

368 4952 515 4995 mus
554 4928 993 4995 comburatur.
1035 4926 1228 5001 Quasi
1265 4925 1481 4988 dicant
1516 4943 1529 4986 :
1571 4925 1710 4987 Noli
1751 4944 1865 4989 nos

368 5030 555 5113 quasi
612 5026 947 5091 maleficos
1003 5024 1289 5107 insequi,
1341 5024 1497 5105 quia
1548 5042 1677 5087 non
1732 5024 1869 5087 ani-

368 5148 475 5192 mo
526 5126 809 5203 furandi,
865 5125 977 5188 sed
1030 5123 1355 5203 religionis
1404 5121 1537 5185 zelo
1595 5122 1864 5186 fecimus

368 5230 483 5291 illa
530 5246 678 5309 quae
727 5224 1021 5288 fecimus
1074 5224 1305 5281 Videas
1350 5232 1566 5282 autem
1613 5223 1865 5283 Mickas

366 5331 543 5411 quod
582 5327 888 5403 forciores
922 5342 987 5382 se
1024 5330 1247 5393 essent,
1280 5319 1434 5401 quia
1473 5338 1589 5383 nec
1628 5320 1717 5383 dii
1760 5320 1861 5383 sui

1975 4632 2274 4696 Jonathas
2302 4630 2412 4693 ille
2431 4628 2863 4712 nequissimus
2889 4630 3082 4695 suerit
3108 4651 3304 4715 nepos
3337 4653 3474 4696 san-

1977 4729 2248 4793 ctissimi
2277 4728 2525 4811 MoysiS,
2556 4728 2671 4809 qui
2704 4727 3124 4792 idololatriam
3156 4738 3282 4792 tam
3316 4730 3464 4793 infi-

1982 4826 2113 4889 nite
2142 4826 2489 4901 exhorruit,
2525 4825 2709 4906 cujus
2740 4825 2932 4888 etiam
2964 4825 3164 4903 filius,
3201 4828 3460 4892 nomine

1978 4925 2258 5002 Gersam,
2292 4924 2573 4987 creditur
2604 4923 2924 4987 virtuosus
2955 4922 3176 4987 fuisse.
3214 4924 3316 4989 Sic
3352 4926 3469 4989 ita-

1979 5044 2105 5106 que
2147 5030 2500 5105 posuerunt
2544 5021 2786 5085 idolum
2829 5021 2987 5084 illud
3017 5030 3080 5084 et
3109 5024 3465 5089 sacerdotes

1978 5123 2322 5203 sacrilegos
2354 5120 2477 5183 sibi
2510 5142 2709 5201 usque
2737 5124 2827 5181 ad
2853 5123 3026 5181 diem
3065 5123 3464 5198 captivitatis

1974 5239 2144 5285 suoe:
2165 5240 2294 5303 qua
2312 5218 2482 5301 capti
2511 5227 2660 5281 sunt
2689 5236 2803 5299 per
2832 5234 3040 5297 regem
3062 5218 3463 5301 Assyriorum

1976 5319 2394 5394 Salmanasar,
2431 5324 2502 5380 ut
2529 5323 2756 5398 quarto
2786 5314 3024 5397 Regum
3054 5316 3460 5387 describitur.
3491 5282 3591 5401 ,ἐξ
3611 5285 3732 5393 ἐφ’
