4359 6250
852 462 973 526 198

1581 490 1931 539 manuario
1975 492 2035 538 IN
2083 491 2221 538 CAP.
2267 491 2370 537 xv!
2411 491 2689 539 mmmm.
2737 512 2817 523 —
2857 493 3000 540 ART.
3049 494 3243 541 XXVIII

880 662 1013 740 illa,
1049 682 1129 726 an
1178 683 1329 727 non.
1365 664 1441 725 Et
1491 672 1671 726 erant
1718 671 1985 745 satrapa}
2036 662 2100 724 in
2149 661 2367 743 aliquo
2395 661 2446 722 A
2477 681 2512 724 a
2546 681 2667 740 me,
2704 671 2766 726 et
2803 663 3174 727 mentiendo
3214 665 3549 728 contristas
3587 674 3779 747 atque
3822 663 3974 730 illu·

886 762 1026 826 loco
1075 762 1357 825 cubiculi
1404 762 1557 825 satis
1606 770 1870 825 secreto.
1928 763 2370 841 Clamavitque

881 863 970 922 ad
1000 882 1147 922 eum
1167 883 1189 920 .·
1218 863 1597 924 Philistiim*
1628 881 1821 939 super
1862 872 1939 934 te,
1972 865 2269 932 Samson,
2307 860 2368 922 id

884 966 1005 1035 est,
1041 959 1343 1022 Philistaei
1383 979 1576 1042 super
1615 968 1675 1022 te
1720 960 1993 1022 irruunt.
2032 962 2158 1028 Qui
2188 961 2372 1038 rupit

884 1059 1174 1128 vincula,
1191 1063 1501 1138 quomodo
1520 1059 1580 1118 si
1606 1068 1870 1136 rumpat
1890 1060 2035 1138 quis
2063 1062 2255 1135 filum
2277 1059 2373 1134 fa-

883 1166 1059 1216 ctum
1088 1159 1169 1216 de
1194 1167 1455 1234 stuppa,
1480 1166 1717 1218 tortum
1754 1158 2150 1235 sputamine,
2168 1177 2372 1236 quum

886 1259 1143 1316 odorem
1172 1259 1358 1334 iynis
1377 1259 1710 1334 acceperit.
1745 1255 1897 1318 Nam
1936 1254 2190 1316 seminae
2222 1272 2375 1316 nen·-

887 1355 967 1417 do
1016 1354 1286 1417 miscent
1338 1353 1583 1435 aliquid
1630 1353 1846 1416 salivae
1895 1373 2005 1416 seu
2057 1353 2252 1434 sputi,
2305 1361 2376 1415 ut

885 1453 1150 1516 materia
1190 1472 1335 1535 quae
1385 1453 1624 1529 filatur,
1668 1452 1871 1534 magis
1920 1453 2254 1516 cohaereat.
2290 1454 2376 1513 Et

885 1573 1015 1614 non
1062 1562 1153 1612 est
1199 1554 1529 1630 coquit-um
1576 1554 1651 1612 in
1694 1573 1818 1632 quo
1862 1561 2013 1612 esset
2056 1553 2376 1631 fortitudo

884 1653 1045 1728 ejus.
1064 1650 1351 1732 Denique
1381 1650 1519 1712 visa
1549 1669 1659 1712 seu
1688 1649 1942 1730 cognita
1970 1649 2377 1714 vinculorum

890 1749 1148 1812 illorum
1172 1748 1539 1831 diruptione
1562 1756 1687 1811 tam
1719 1749 1879 1811 mire
1902 1747 2229 1825 facillima,
2245 1748 2379 1810 Phi-

890 1847 1074 1911 listaei
1106 1847 1269 1910 clam
1302 1847 1618 1910 abierunt.

970 1949 1286 2028 Dioeitque
1312 1950 1539 2009 Balita
1568 1951 1659 2008 ad
1685 1968 1833 2009 eum
1864 1969 1886 2009 .·
1924 1951 2077 2009 Ecce
2108 1948 2380 2006 illusisti

894 2048 1081 2118 mihi,
1114 2055 1175 2106 et
1216 2047 1464 2123 salsum
1509 2050 1758 2107 locutus
1798 2067 1902 2118 es,·
1937 2050 2162 2106 saltem
2207 2066 2382 2106 nunc

892 2147 1118 2206 indica
1138 2145 1329 2215 mihi,
1348 2164 1471 2224 quo
1494 2145 1697 2222 tiyari
1714 2147 1963 2215 debeas,
1979 2143 2067 2206 ita
2090 2152 2160 2205 ut
2180 2163 2383 2206 erum-

893 2260 1045 2325 pere
1077 2260 1376 2324 nequeas·
1416 2244 1538 2303 Cui
1568 2245 1681 2302 ille
1708 2245 2037 2320 respondit
2058 2264 2081 2302 .·
2112 2245 2194 2303 Si
2227 2246 2386 2320 liqa·

896 2349 998 2401 tus
1025 2342 1212 2417 fuero
1240 2351 1475 2418 septem
1514 2343 1697 2400 novis
1725 2343 2023 2421 funibus,
2055 2342 2172 2421 qui
2220 2361 2384 2401 nun-

896 2461 1093 2520 quam
1140 2440 1414 2516 fuerunt
1461 2441 1531 2500 in
1585 2459 1791 2518 opere,
1826 2442 2135 2517 infirmus
2178 2460 2284 2500 ero
2327 2450 2386 2500 et

895 2541 1180 2599 aliorum
1230 2539 1569 2598 hominum
1624 2540 1864 2598 similis
1915 2537 1981 2598 in
2032 2537 2382 2613 debilitate,

897 2637 1135 2719 quibus
1184 2655 1297 2719 per
1342 2635 1783 2700 fortitudinem
1835 2635 2167 2698 dissimilis
2219 2655 2382 2699 sum.

904 2737 1146 2804 Quibus
1170 2757 1435 2797 rursum
1464 2737 1683 2796 vinxit
1713 2756 1862 2796 eum
1889 2738 2144 2805 Datila,
2174 2745 2236 2796 et
2265 2740 2389 2796 cla-

902 2837 1162 2895 mavit:
1191 2835 1563 2897 Philistiim
1609 2853 1803 2911 super
1850 2844 1928 2906 te,
1970 2838 2266 2905 Samson,
2315 2835 2389 2893 in

901 2935 1191 2993 cubiculo
1214 2934 1477 2993 insidiis
1502 2935 1921 3011 proeparatis,
1935 2931 2113 3013 juxta
2142 2930 2392 3013 exposi—

2479 761 2576 823 dis
2607 782 2749 837 me3
2783 783 2983 845 quum
3015 773 3228 827 tamen
3259 782 3375 845 ego
3404 783 3480 828 cx
3509 784 3723 828 amore
3748 767 3974 848 praeei-

2479 879 2608 942 puo
2646 862 2896 944 cupiam
2940 871 3047 925 tua
3085 863 3248 926 scire
3279 863 3546 940 occulta,
3581 884 3782 946 quum
3811 865 3974 927 ami-

2479 977 2696 1022 corum
2731 960 2815 1022 sit
2840 961 3192 1042 proprium,
3209 961 3569 1025 desiderare
3587 979 3973 1042 cognoscere

2480 1067 2543 1121 et
2573 1068 2796 1122 mutuo
2817 1079 2932 1122 sua
2954 1061 3424 1124 communicare
3454 1071 3718 1125 secreta.
3735 1067 3974 1132 Quum-

2481 1179 2602 1237 que
2631 1163 2892 1220 molesta
2921 1161 2983 1218 ei
3011 1171 3186 1231 esset,
3209 1171 3270 1221 et
3295 1181 3414 1240 per
3447 1165 3678 1222 multos
3703 1162 3843 1222 dies
3853 1164 3973 1239 ju-

2475 1257 2648 1333 yiter
2675 1258 3052 1330 adhaereret,
3085 1260 3372 1336 spatium
3403 1262 3492 1320 ad
3530 1261 3808 1339 quietem
3839 1281 3972 1320 non

2486 1357 2793 1426 tribuens,
2830 1355 2892 1417 id
2923 1362 3041 1434 est,
3079 1374 3226 1419 eum
3258 1355 3535 1420 dormire
3565 1375 3694 1421 non
3725 1357 3968 1434 sinens,

2481 1456 2718 1531 defecit
2760 1457 2985 1516 anima
3029 1457 3194 1533 ejus,
3225 1466 3285 1517 et
3326 1459 3414 1517 ad
3461 1467 3727 1518 mortem
3777 1479 3975 1538 usque

2487 1556 2723 1616 lassata
2754 1564 2888 1613 est:
2919 1571 3036 1616 nec
3070 1563 3280 1616 tamen
3313 1554 3374 1616 vi
3407 1563 3518 1617 aut
3545 1555 3774 1618 timore
3804 1574 3976 1619 com-

2487 1651 2732 1732 pescuit
2773 1651 3126 1733 improbam
3169 1653 3367 1730 illam,
3402 1652 3554 1735 quia
3597 1654 3978 1718 sensualiter

2490 1749 2682 1812 nimis
2724 1749 3133 1814 afficiebatur
3170 1752 3249 1813 ad
3291 1751 3515 1834 ipsam.
3557 1757 3736 1814 Tunc
3763 1755 3979 1831 aperi-

2409 1847 2454 1909 B
2487 1869 2598 1910 ens
2631 1851 2964 1910 veritatem
2995 1852 3118 1920 rei,
3148 1852 3324 1911 dimit
3355 1854 3444 1911 ad
3473 1872 3616 1912 eam
3645 1872 3671 1911 .·
3703 1855 3980 1912 Ferrum

2489 1967 2828 2027 nunquam
2871 1951 3158 2010 ascendit
3195 1969 3387 2027 super
3416 1960 3610 2027 caput
3639 1971 3880 2019 meum,
3913 1950 3979 2012 id

2492 2053 2604 2122 est,
2619 2046 2827 2108 crines
2848 2047 3075 2128 capitis
3108 2047 3232 2111 mei
3265 2067 3590 2130 nunquam
3611 2047 3821 2111 abrasi
3845 2049 3982 2112 sive

2494 2143 2759 2207 abscissi
2791 2153 2959 2219 sunt,
2979 2149 3134 2226 quia
3170 2167 3536 2216 nazaraeus,
3557 2148 3632 2207 id
3659 2157 3750 2208 est
3779 2167 3983 2208 conse-

2493 2253 2711 2304 cratus
2739 2246 3016 2304 Domino
3046 2265 3191 2305 sum
3219 2247 3300 2304 de
3333 2253 3508 2304 utero
3539 2249 3772 2306 matris
3805 2267 3978 2308 meae.

2495 2345 2574 2404 Si
2604 2361 2826 2402 rasum
2846 2343 3054 2418 fuerit
3083 2353 3279 2420 caput
3308 2363 3545 2415 meum,
3563 2346 3806 2404 recedet
3824 2366 3864 2404 a
3885 2365 3984 2404 me

2493 2441 2812 2517 fortitudo
2848 2459 3029 2500 mea:
3059 2447 3370 2520 quantum
3415 2440 3493 2502 ad
3539 2439 3980 2504 excellentiam

2497 2556 2700 2614 suam,
2755 2546 3029 2619 propter·
3064 2538 3628 2618 transgressionem
3682 2541 3983 2622 praecepti

2497 2636 2801 2730 Nazaraeis
2834 2635 2964 2698 dati
3001 2636 3079 2698 de
3112 2635 3233 2700 hoc
3268 2638 3438 2719 quod
3476 2656 3604 2701 non
3641 2639 3982 2712 radantur3

2495 2745 2555 2795 et
2583 2737 2910 2812 deficiam,
2939 2755 3169 2814 eroque
3197 2737 3364 2796 sicut
3392 2738 3585 2797 ceteri
3613 2739 3922 2799 homines.

2597 2835 2950 2914 Videasque
2980 2833 3204 2904 illa,id
3237 2841 3334 2896 est
3365 2834 3797 2911 conside-ram,
3817 2839 3988 2916 quod

2499 2933 2820 3007 confessus
2859 2935 2922 2990 ei
2957 2943 3111 2992 esset
3144 2953 3393 2994 omnem
3431 2935 3732 2994 animum
3769 2955 3986 3003 suum,

904 3030 1144 3094 tionem
1189 3038 1574 3113 praetactam.
1609 3030 1763 3092 Nam
1795 3030 1998 3093 Dalila
2039 3030 2268 3093 iterum
2302 3028 2393 3091 in·
2422 3025 2467 3089 C
2501 3029 2567 3092 id
2597 3039 2692 3092 est
2723 3037 3061 3094 totum-cor
3087 3051 3273 3093 suum
3299 3032 3378 3095 de
3404 3031 3525 3094 ista
3551 3033 3838 3096 materia.
3863 3033 3992 3096 Hoc

904 3130 1269 3194 sinuaverat
1316 3130 1651 3193 Philistaeis
1710 3148 2085 3212 responsum
2147 3130 2395 3193 Samso-

907 3230 1029 3293 nis.
1072 3229 1206 3304 Quo
1255 3230 1534 3310 cognito,
1570 3238 1883 3293 venerunt
1930 3249 2076 3291 cum
2128 3228 2394 3291 funibus

906 3328 1114 3392 novis,
1152 3331 1280 3398 Qui
1322 3330 1505 3407 rupit
1548 3330 1812 3389 vincula
1854 3330 2046 3408 quasi
2082 3332 2200 3405 fila
2247 3332 2399 3388 tela-

906 3448 1104 3489 rum:
1136 3426 1203 3490 in
1246 3446 1375 3509 quo
1420 3434 1591 3508 patet
1640 3425 2037 3488 admirabilis
2090 3425 2398 3489 fortitudo

912 3526 1135 3608 ipsius,
1170 3528 1481 3607 Dioeitque
1509 3528 1739 3586 Dalila
1780 3516 2044 3607 rursu-‘m
2082 3528 2169 3587 ad
2205 3546 2399 3585 eum:

920 3628 1247 3706 Usquequo
1278 3627 1521 3703 decipis
1551 3645 1670 3697 me,
1704 3634 1763 3685 et
1792 3626 2038 3703 falsum
2075 3626 2350 3703 loqueris
2373 3628 2402 3684 ,2

914 3728 1178 3789 Ostende
1206 3745 1329 3805 quo
1362 3726 1605 3784 vinciri
1632 3726 1875 3785 debeas.
1916 3725 2036 3784 Cui
2074 3725 2402 3802 respondit

911 3826 1230 3886 Samson:
1261 3824 1342 3883 Si
1371 3824 1640 3900 (inquit)
1668 3832 1901 3899 septem
1930 3824 2138 3881 crines
2168 3822 2402 3900 capitis

914 3924 1040 3983 mei
1078 3942 1226 3982 cum
1266 3922 1416 3981 licio
1438 3922 1798 3997 pleoeueriS,
1839 3920 1959 3982 hoc
2009 3928 2105 3982 est
2148 3937 2404 4001 compo-

914 4021 1142 4099 sueriS,
1165 4030 1225 4080 et
1254 4024 1512 4080 clavum
1544 4020 1645 4078 his
1675 4019 1960 4082 crinibus
1992 4022 2404 4097 circumtiqa-

918 4130 1053 4181 tum
1079 4129 1262 4180 terrae
1279 4119 1525 4196 fixeris,
1540 4120 1845 4196 infirmus
1864 4138 1983 4179 ero.
2003 4122 2185 4188 Quod
2203 4139 2405 4198 quum

2503 3148 2780 3213 namque
2811 3150 2884 3193 cx
2916 3130 3104 3193 modo
3146 3130 3448 3212 loquendi
3489 3130 3812 3195 Samsonis
3855 3152 3994 3216 per-

2505 3218 2747 3310 pendit,
2782 3228 2934 3311 quia
2969 3248 3115 3291 cum
3153 3230 3359 3292 multa
3393 3229 3701 3309 gravitate
3731 3239 3796 3293 et
3826 3249 3996 3293 reve-

2507 3328 2712 3389 rentia
2741 3327 2849 3390 Dei
2884 3327 3016 3389 haec
3049 3328 3337 3409 protulit.
3359 3328 3435 3389 Et
3463 3328 3623 3391 vidit
3643 3348 3790 3392 eum
3825 3328 3996 3391 infra

2509 3426 2767 3505 longum
2804 3433 3054 3507 tempus
3086 3445 3211 3489 non
3245 3446 3478 3488 rasum.
3500 3428 3684 3489 Misit
3703 3431 3794 3488 cut
3814 3430 3998 3506 prin-

2507 3526 3216 3601 cipe32Philistinorum
3245 3544 3322 3585 ac
3349 3527 3732 3586 mandavit:
3763 3528 4000 3587 Ascen—

2507 3626 2642 3683 dite
2661 3626 2874 3684 adhuc
2901 3628 3094 3683 semel
3105 3646 3127 3683 .·
3142 3624 3270 3705 jam
3303 3624 3473 3686 enim
3508 3624 3709 3687 tribus
3745 3624 3999 3688 vicibus

2509 3722 2961 3795 ascenderant3
3002 3724 3162 3802 quia
3193 3744 3368 3783 nunc
3398 3726 3568 3784 mihi
3595 3726 3854 3801 aperuit
3891 3744 4004 3785 cor

2507 3842 2720 3881 suum.
2748 3822 2872 3889 Qui
2901 3824 3349 3891 ascenderunt,
3367 3832 3694 3899 assumpta
3715 3825 4000 3899 pecunia

2511 3940 2708 3998 quam
2743 3920 3200 3997 promiserant.
3237 3923 3324 3981 At
3367 3922 3488 3980 illa
3525 3922 3810 3981 dor-mire
3853 3942 4003 3982 eum

2511 4022 2664 4099 fecit
2705 4038 2899 4096 super
2935 4038 3156 4095 ,qenua
3197 4040 3338 4091 sua,
3375 4028 3433 4079 et
3473 4020 3543 4080 in
3583 4022 3738 4079 sinu
3766 4040 3882 4079 suo
3909 4040 4006 4081 re-

2511 4119 2759 4178 clinare
2786 4128 3025 4194 caput:
3056 4124 3120 4179 et
3159 4115 3323 4179 forte
3365 4117 3789 4180 inebriaverat
3827 4136 4000 4179 eum.

914 4219 1162 4294 fecisset
1192 4219 1443 4288 Dalila,
1472 4219 1648 4277 diaeit
1688 4220 1775 4277 ad
1813 4238 2004 4278 eum:
2035 4218 2404 4279 Philistiim
2440 4215 2483 4277 D
2520 4218 2898 4293 Vocavitque
2931 4224 3261 4287 tonsorem,
3287 4234 3476 4296 quem
3509 4214 3637 4295 jam
3671 4222 3818 4278 anic
3853 4215 4008 4279 fecit

916 4336 1110 4393 super
1142 4326 1222 4386 te,
1252 4320 1547 4377 Samson.
1574 4318 1700 4383 Qui
1728 4336 2112 4393 consuryens
2140 4320 2222 4377 de
2249 4336 2406 4375 som-

916 4434 1041 4474 no:
1074 4416 1243 4478 unde
1268 4414 1520 4477 videtur
1547 4415 1716 4494 quod
1755 4413 1894 4495 ipsa
1924 4415 2042 4477 hoc
2079 4413 2237 4477 fecit
2265 4414 2408 4475 dor-

920 4514 1144 4578 mienti
1198 4512 1511 4590 Samsoni‚
1564 4512 1676 4596 qui
1728 4512 1953 4575 habuit
2000 4512 2406 4593 longissimos

920 4614 1107 4697 pilos,
1145 4612 1443 4676 videlicet
1485 4631 1811 4694 nunquam
1865 4630 2079 4685 rasos3
2113 4616 2407 4673 eoetraaeit

918 4718 1177 4773 clavum
1208 4714 1499 4773 crinibus
1528 4722 1586 4772 et
1618 4714 1790 4772 licio.

998 4813 1312 4890 Dz’oeitque
1347 4812 1572 4872 Datila
1611 4830 1633 4869 .·
1677 4812 1999 4878 Quomodo
2034 4812 2202 4869 dicis
2241 4812 2411 4889 quod

878 4922 881 4927 '
919 4931 1100 4972 amas
1133 4930 1254 4978 me,
1284 4930 1487 4989 quum
1525 4910 1786 4968 animus
1829 4917 1978 4967 tuus
2006 4928 2133 4968 non
2167 4912 2252 4967 si!
2288 4930 2411 4968 me—

918 5030 1065 5069 cum
1088 5012 1117 5069 ‚2
1146 5011 1279 5070 Per
1320 5018 1442 5068 tres
1487 5009 1646 5065 vices
1684 5008 1992 5066 mentitus
2028 5028 2091 5065 es
2128 5009 2318 5079 milti,
2351 5016 2410 5066 et

921 5108 1194 5167 noluisti
1220 5108 1433 5167 dicere
1462 5106 1535 5166 in
1566 5123 1688 5184 quo
1718 5105 1803 5164 sit
1834 5105 2127 5165 mamima
2155 5105 2414 5180 fortitu-

922 5208 1002 5265 do
1037 5215 1171 5266 tua.
1206 5204 1391 5278 Quasi
1422 5204 1592 5267 dicat
1619 5220 1633 5264 ε
1669 5202 1931 5281 Signum
1954 5210 2051 5265 est
2078 5202 2251 5284 quod
2284 5220 2411 5265 non

925 5303 1085 5366 dicis
1116 5303 1236 5366 hoc
1270 5321 1434 5379 vere,
1470 5302 1622 5384 quia
1659 5310 1901 5365 secreta
1933 5309 2043 5363 tua
2072 5301 2410 5364 abscondis

2517 4314 2582 4375 in
2621 4315 2810 4376 domo
2849 4314 3090 4389 adesse,
3124 4324 3183 4373 et
3214 4316 3376 4375 rasit
3405 4324 3638 4391 septem
3669 4316 3906 4385 crines,
3938 4315 4004 4376 id

2516 4420 2612 4475 est
2641 4411 2974 4474 universos
3005 4411 3168 4494 pilos
3207 4410 3434 4494 capitis
3473 4412 3639 4489 ejus,
3669 4412 3824 4493 quia
3864 4431 4007 4495 sep-

2517 4520 2667 4588 tem,
2689 4519 2786 4573 est
2817 4528 3119 4573 numerus
3151 4508 3727 4573 universitatiS.Vel
3761 4520 4004 4593 septem

2517 4611 2863 4672 dumtaxat.
2879 4608 3104 4690 Aptius
3137 4617 3347 4671 tamen
3374 4628 3487 4691 per
3506 4617 3749 4690 septem
3771 4609 4002 4682 crines,

2521 4708 2967 4789 intelliguntur
2998 4716 3240 4789 septem
3281 4708 3690 4771 collectiones
3729 4708 4006 4790 pilorum

2522 4809 2738 4889 ipsius
2755 4807 2930 4869 Unde
2953 4808 3053 4886 (ut.
3084 4806 3314 4887 fertur)
3335 4808 3400 4867 in
3431 4806 3690 4869 Hebraeo
3719 4806 4004 4882 habetur,

2521 4908 2770 4988 Septem
2799 4904 3373 4986 flocc‹.=.ll0s.Sicque
3396 4904 3631 4967 abrasit.
3655 4906 3846 4968 totam
3868 4906 4008 4985 ejus

2521 5004 2844 5067 caesariem
2886 5022 3000 5085 per
3040 5012 3282 5086 septem
3325 5002 3650 5066 floccellos
3691 5004 4010 5067 discrimi-

2521 5111 2734 5165 natam
2759 5122 2870 5165 seu
2897 5101 3337 5183 disgregatam.
3359 5102 3510 5163 Nam
3538 5110 3601 5164 et
3630 5101 3799 5164 infra
3829 5102 4010 5164 habe-

2520 5210 2623 5263 tur
2645 5202 2941 5281 :Jamque
2971 5200 3190 5283 capilli
3219 5200 3358 5281 ejus
3389 5200 3630 5263 renasci
3659 5208 4002 5282 coeperunt.

2519 5301 2696 5363 Unde
2727 5307 3025 5383 apparet,
3070 5298 3242 5379 quod
3291 5316 3417 5361 non
3467 5308 3710 5380 septem
3760 5306 4006 5360 tantum

4073 2663 4234 2705 κιαι.
4308 2645 4309 2694 l

4015 2740 4126 2768 nur.
4151 2728 4214 2766 ξύ.
