4359 6250
811 487 890 550 28
1639 509 1988 555 ENARRA'rlo
2030 509 2092 554 IN
2134 510 2272 555 GAP.
2320 510 2357 555 V
2397 509 2600 557 Josmz.
2646 529 2727 540 —
2766 510 2909 556 ΛΒΤ.
2955 510 3064 556 vm

813 675 1321 741 circumcisionis
1382 679 1562 742 factae
1621 680 1686 742 in
1746 681 2013 762 AEgypto
2065 700 2140 743 ea
2198 699 2305 743 no·
2333 680 2384 742 A
2416 681 2921 744 circumcisionis
2951 682 3235 744 omnium
3267 701 3343 744 ex
3363 681 3625 764 AEgypto
3655 682 3901 744 educto-

545 791 782 840 Eaeod.x··‚
812 783 935 852 cte,
986 795 1115 858 qua
1170 777 1332 840 Deus
1394 778 1816 861 primogenita
1866 780 2302 862 AEgyptiorum

518 859 587 900 ²⁹·
813 876 1150 956 percussit,
1188 876 1255 939 in
1287 898 1412 960 qua
1444 888 1628 941 nocte
1667 880 1889 942 dicunt
1928 879 2161 942 multos
2194 879 2305 940 He-

813 975 1128 1039 braeorum
1151 976 1560 1040 circumcisos
1586 977 1783 1040 fuisse
1805 996 2028 1060 :quam
2063 977 2307 1060 opinio-

817 1093 962 1136 nem
996 1077 1292 1156 reprobat
1331 1066 1514 1158 L'yra,
1537 1077 1842 1159 quoniam
1875 1097 1950 1140 ex
1982 1077 2305 1159 Scriptura

814 1173 1259 1237 auctoritatem
1308 1193 1436 1237 non
1484 1175 1696 1250 habet,
1732 1183 1795 1238 et
1844 1175 2146 1256 quoniam
2192 1177 2307 1237 cir-

817 1271 1124 1335 cumcisio
1168 1273 1280 1334 illa
1314 1273 1570 1337 fecisset
1614 1273 1786 1337 l'ilios
1825 1274 2013 1336 Israel
2055 1275 2307 1357 ineptos

819 1379 881 1433 et
923 1371 1307 1452 impotentes
1358 1374 1436 1435 ad
1489 1374 1943 1452 egrediendum
2003 1374 2082 1435 de
2143 1383 2309 1436 terra

819 1470 1072 1553 AEgypti
1122 1480 1381 1554 propter
1429 1472 1934 1535 circumcisionis
1987 1481 2305 1536 recentem

548 1581 669 1626 lbid·
689 1584 758 1623 42·
818 1569 1127 1634 dolorem.
1153 1571 1385 1634 Eadem
1411 1571 1582 1634 enim
1607 1580 1790 1635 nocte
1821 1572 2111 1634 exierunt
2131 1573 2308 1654 AEgy-

820 1677 1022 1750 ptum,
1061 1677 1130 1731 ut
1173 1670 1238 1731 in
1282 1670 1494 1733 Exodo
1540 1669 1794 1752 legitur.
1828 1670 1986 1734 Hinc
2017 1671 2178 1753 Lyra
2216 1670 2309 1732 al'-

823 1767 1064 1844 firmat,
1097 1771 1267 1851 quod
1320 1770 1720 1833 circumcisio
1772 1771 1892 1832 ista
1941 1771 2307 1833 nominatur

2418 799 2581 857 rum,
2618 789 2680 843 et
2710 789 2855 843 ante
2889 781 2953 842 in
2984 800 3058 844 ca
3088 781 3629 844 circumcisorum.

2496 880 2825 956 Praeterea,
2858 877 3393 960 quemadmodum
3446 881 3647 961 tangit
3695 881 3904 960 Augu-

2417 979 2645 1054 stinuS,
2700 978 2961 1059 quidam
3012 977 3293 1041 haeretici
3345 977 3661 1055 dicebant,
3708 979 3905 1061 bapti-

2416 1085 2586 1139 zatos
2638 1076 2855 1153 semel,
2911 1077 3415 1158 rebaptizando&
3461 1087 3903 1159 argumentum

2420 1185 2743 1238 sumentes
2775 1193 2853 1238 ex
2894 1175 3013 1238 hoc
3045 1175 3207 1253 loco,
3242 1178 3411 1257 quod
3448 1177 3746 1240 Dominus
3775 1179 3906 1258 jus-

2420 1275 2503 1336 sit
2536 1274 2708 1337 filios
2738 1274 2925 1338 Israel
2958 1274 3329 1338 circumcidi
3372 1277 3669 1352 secundo,
3707 1295 3902 1358 quum

2419 1381 2631 1436 tamen
2665 1393 2791 1437 non
2825 1374 2907 1434 sit
2945 1374 3064 1438 hoc
3103 1375 3182 1436 de
3224 1373 3465 1438 eisdem
3510 1394 3771 1438 numero
3812 1375 3907 1437 in-

2420 1472 2859 1552 telligendum.

2502 1572 2604 1635 Sic
2638 1572 2851 1654 itaque
2878 1573 3066 1636 Josuc
3098 1572 3500 1636 circumcidit
3537 1594 3645 1638 eos
3684 1594 3908 1638 secun-

2421 1672 2524 1748 do,
2560 1675 2631 1733 in
2663 1677 2818 1732 colle
2846 1675 3359 1750 Proepuziorum,
3392 1672 3455 1735 id
3499 1683 3595 1736 est
3640 1673 3702 1736 in
3744 1674 3909 1738 colle

2422 1772 2700 1854 quodam
2748 1781 2809 1835 et
2852 1773 3021 1853 circa
3064 1772 3315 1850 collem,
3359 1772 3470 1855 qui
3512 1774 3756 1836 ratione
3796 1773 3910 1836 hu-

823 1869 1122 1944 secunda,
1159 1877 1448 1951 respectu
1482 1869 1621 1949 ejus
1651 1887 1840 1950 quam
1876 1868 2187 1932 Abraham
2225 1869 2309 1933 fe·
2345 1870 2390 1931 B
2418 1873 2522 1953 jus
2568 1871 3074 1935 circumcisionis
3126 1872 3214 1934 ibi
3265 1870 3469 1948 raetae,
3518 1881 3775 1936 vocatus
3814 1881 3912 1936 est

573 1984 788 2033 aarum,
821 1966 929 2043 cit,
967 1986 1034 2028 se
1086 1967 1297 2049 ipsum
1347 1976 1408 2030 et
1459 1987 1678 2031 omnes
1731 1987 1876 2031 suos
1926 1969 2309 2032 domesticos

527 2048 665 2089 ²³'²⁷·
821 2065 1308 2144 circumcidenS‚
1335 2076 1405 2129 ut
1435 2068 1502 2129 in
1532 2067 1759 2130 Genesi
1793 2068 2112 2130 recitatur.
2140 2069 2309 2130 ldem

826 2165 1047 2228 dicunt
1097 2167 1357 2248 quidam
1407 2167 1820 2249 expositores
1859 2167 2308 2230 Verumtamen

823 2265 993 2326 istud
1045 2284 1174 2328 non
1226 2267 1480 2329 videtur
1531 2266 1726 2328 textui
1778 2285 2150 2344 consonare,
2195 2286 2310 2330 nec

715 2423 722 2432 .
822 2363 1010 2428 dictis
1043 2364 1430 2428 Sanctorum.
1457 2366 1611 2427 Nam
1636 2365 1940 2428 Dominus
1969 2365 2061 2427 ait
2090 2366 2154 2427 in
2187 2375 2313 2428 tex-

824 2471 892 2524 tu
937 2464 1013 2526 ad
1059 2463 1247 2526 Josuc
1283 2481 1296 2525 ε
1333 2463 1729 2526 Circumcide
1774 2463 1946 2526 filios
1990 2464 2176 2526 lsrael
2222 2483 2313 2526 se-

823 2561 1056 2624 cundo.
1108 2561 1422 2624 Abraham
1475 2571 1685 2624 autem
1739 2581 1866 2624 non
1915 2561 2314 2625 circumcidit

825 2658 998 2723 filios
1030 2660 1219 2722 lsrael
1253 2678 1267 2722 :
1307 2660 1436 2722 imo
1469 2660 1533 2722 in
1569 2660 1678 2722 illa
1708 2661 2314 2736 circumcisione,de

821 2777 950 2840 qua
995 2759 1062 2821 in
1094 2760 1321 2822 Genesi
1355 2759 1581 2836 fertur,
1613 2760 1787 2841 quod
1816 2759 2217 2822 circumcidit
2248 2779 2314 2824 se

571 2875 689 2918 ιωα.
714 2879 792 2927 εὴ
825 2866 889 2921 et
920 2877 1067 2921 suos
1099 2858 1506 2935 domestieOS‚
1540 2858 1708 2921 Isaac
1749 2859 2031 2920 nondum
2075 2859 2315 2921 exstitit

529 2941 738 2990 ¹¹¹·⁴¹⁵·
828 2964 1035 3017 natus,
1091 2955 1396 3018 Praeterea
1445 2956 1637 3034 (sicut
1686 2975 1857 3018 nunc
1911 2965 2144 3019 tactum
2195 2959 2316 3036 est)

825 3054 890 3115 B.
927 3053 1320 3137 Augustinus
1357 3061 1620 3116 testatur
1649 3055 1814 3116 hanc
1846 3053 2168 3137 duplicem
2201 3055 2317 3117 cir·
2349 3059 2392 3121 C
2426 3056 2535 3140 qui
2578 3074 2705 3118 non
2748 3063 2929 3117 erant
2968 3055 3282 3118 numerati
3314 3075 3351 3117 a
3382 3056 3688 3120 vicesimo
3717 3076 3909 3136 anno,

824 3154 1283 3217 cumcisionem
1305 3155 1381 3215 ad
1405 3155 1696 3216 eumdem
1719 3154 2024 3236 populum
2049 3153 2319 3217 referen—

825 3252 995 3314 dam.
1039 3251 1315 3333 Populus
1361 3261 1570 3314 autem
1613 3252 1968 3315 Judaeorum
2019 3271 2172 3341 non·
2198 3251 2318 3315 fuit

826 3350 1240 3414 circumcisus
1272 3349 1351 3412 ab
1382 3350 1720 3412 Abraham.
1763 3350 1999 3414 Idcirco
2037 3351 2215 3432 juxta
2246 3371 2319 3413 ea

825 3468 969 3531 quae
1020 3448 1189 3511 inl'ra
1237 3450 1302 3511 in
1353 3450 1474 3511 isto
1521 3448 1836 3511 habentur
1880 3450 2182 3532 capitulo,
2228 3470 2319 3512 rc-

827 3550 1296 3631 spondendum‚
1332 3549 1500 3630 quod
1532 3548 1934 3611 circumcisio
1975 3548 2108 3611 haec
2140 3568 2320 3613 voca-

830 3659 930 3712 tur
952 3650 1230 3712 secunda
1263 3657 1552 3730 respectu
1584 3647 1723 3727 ejus
1753 3666 1896 3728 quae
1929 3648 2093 3709 faeta
2123 3656 2220 3710 est
2251 3648 2316 3710 in

827 3750 1093 3831 AEgypto
1129 3766 1142 3810 :
1181 3766 1307 3810 non
1345 3756 1554 3809 tamen
1600 3746 1662 3808 in
1707 3754 1890 3809 nocte
1930 3766 2054 3828 qua
2085 3747 2322 3828 primo-

826 3847 1042 3928 genita
1099 3852 1270 3910 sunt·
1308 3865 1628 3929 percussa,
1683 3846 1792 3909 sed
1842 3854 2011 3908 ante.
2064 3846 2321 3909 Constat

828 3947 1024 4022 enim,
1050 3947 1220 4028 quod
1252 3944 1493 4008 Hebraei
1529 3944 1594 4005 in
1627 3944 1892 4025 AEgypto
1927 3944 2189 4007 fuerunt
2218 3964 2321 4008 ne-

827 4045 1140 4125 gligentes
1173 4043 1238 4104 in
1271 4042 1678 4105 observantia
1708 4042 2010 4123 proecepti
2050 4042 2321 4105 eircum-

565 4163 798 4212 Exodau,
829 4142 1114 4206 cisionis,
1158 4141 1336 4203 Unde
1375 4160 1574 4222 quum
1617 4139 1854 4221 Moyses
1895 4140 1988 4201 eis
2027 4140 2322 4219 jussisset

2420 1970 2604 2034 collis
2635 1971 3115 2052 Praeputiorum,
3140 1989 3281 2053 quae
3312 1963 3557 2034 seilicet
3589 1971 3676 2033 ibi
3708 1971 3912 2035 absci-

2424 2089 2493 2132 sa
2542 2078 2715 2132 sunt.
2771 2073 2926 2131 Hoec
2974 2081 3191 2130 aulem
3238 2081 3327 2130 esc
3375 2091 3570 2130 cau-sa
3617 2075 3913 2133 secundoe

2420 2170 2959 2238 circumcis-ionia,
2991 2187 3133 2248 quae
3176 2167 3296 2229 sub
3332 2168 3518 2231 Josue
3558 2169 3725 2230 facta
3763 2177 3859 2231 est
3890 2188 3905 2231 ἰ

2426 2269 2649 2330 Omnis
2683 2270 2968 2344 populus
3007 2268 3123 2346 qui
3163 2286 3445 2342 cyressus
3472 2278 3563 2327 est
3600 2288 3681 2326 ex
3708 2270 3912 2344 AEyy-

2415 2378 2527 2444 pto
2566 2368 2822 2442 ,ceneris
2866 2367 3238 2436 masculini,
3274 2364 3573 2428 videlicet
3617 2367 3911 2426 universi

2424 2468 2751 2524 bellatores
2782 2466 2938 2533 viri,
2972 2465 3217 2524 mortui
3243 2474 3395 2524 sunt
3424 2467 3497 2524 in
3526 2468 3768 2524 deserto
3791 2483 3911 2542 per
3964 2485 4213 2528 Numani.

2424 2564 2822 2640 lonqissimos
2866 2565 2990 2622 vioe
3038 2564 3378 2631 circuitu&
3408 2572 3597 2644 prout
3639 2562 3703 2624 in
3744 2561 3909 2626 libro
3938 2548 4215 2658 ἰῗζὲζξζῖ

2424 2661 2839 2723 Numerorum
2872 2669 2934 2723 et
2964 2661 3451 2724 Deuteronomio
3480 2669 3655 2743 patet
3690 2679 3703 2722 ε
3738 2663 3909 2743 quod
3938 2675 4006 2721 ⁴⁹3
4027 2686 4131 2721 xxv.
4152 2641 4215 2713 ⁹-'

2424 2759 2909 2839 intelligendum
2943 2767 3039 2821 est
3069 2760 3147 2821 de
3178 2759 3355 2836 viriS,
3376 2768 3528 2842 puta
3556 2761 3636 2823 de
3666 2760 3767 2822 his
3797 2759 3909 2842 qui
3962 2733 4216 2782 Dum*

2426 2859 2492 2920 in
2526 2859 2733 2940 prima
2762 2858 3202 2922 numeratione
3224 2868 3371 2920 sunt
3394 2859 3914 2936 numerati,dem-

2426 2958 2551 3040 ptis
2597 2965 2808 3019 tamen
2851 2956 3040 3019 Caleb
3072 2965 3131 3019 et
3171 2958 3380 3033 Josue‚
3416 2966 3607 3039 atque
3650 2958 3908 3033 Levitis,
3944 2978 4215 3081 summm?

4002 3046 4215 3091 ;xxv1.ti..

2429 3158 2539 3219 sed
2569 3156 2649 3218 ab
2684 3174 2810 3218 uno
2852 3174 3091 3232 mense,
3126 3164 3197 3217 ut
3238 3156 3302 3217 in
3343 3156 3633 3218 Numeris
3671 3156 3913 3219 dictum

2430 3264 2561 3329 est3
2597 3256 2714 3333 qui
2742 3274 2957 3314 omnes
2994 3256 3363 3315 circumcisi
3400 3266 3587 3316 erant
3630 3256 3697 3316 in
3735 3256 3919 3337 AEgy-

2429 3363 2559 3437 pto.
2594 3356 2888 3431 Populus
2928 3364 3142 3413 autem
3186 3356 3303 3432 qui
3342 3365 3536 3415 natus
3576 3365 3665 3415 est
3706 3357 3779 3415 in
3816 3358 3921 3415 dc-

2428 3463 2591 3514 serto
2632 3472 2753 3529 per
2802 3454 3248 3530 quadraqinta
3298 3472 3503 3512 annos
3563 3454 3637 3512 in
3688 3454 3923 3513 itinere

2431 3554 2767 3613 latissimoe
2815 3552 3217 3621 solitudz‘m‘S,
3252 3553 3747 3611 incircmncisus
3783 3552 3923 3628 fuit

2429 3655 2626 3711 donec
2662 3658 3211 3719 consumerentur,
3258 3648 3321 3709 id
3364 3657 3480 3718 est,
3518 3649 3583 3709 in
3632 3648 3924 3712 solitudi-

2433 3767 2512 3812 ne
2549 3754 2969 3810 morerentur.
3010 3748 3136 3814 Qm·
3168 3766 3297 3807 non
3328 3750 3683 3808 audierant
3716 3768 3923 3808 vocem

2430 3848 2722 3913 Domini,
2769 3844 2832 3905 id
2882 3851 2997 3919 est,
3056 3843 3589 3925 promissionibus
3639 3845 3749 3907 Dei
3792 3863 3922 3907 non

2430 3944 2858 4019 crediderunt,
2908 3942 3013 4004 sed
3064 3950 3206 4023 post
3256 3942 3531 4005 reditum
3583 3942 3921 4006 duodecim

2430 4042 2899 4124 exploratorum
2924 4039 3219 4103 dixerunt
3247 4040 3535 4103 :Utinam
3570 4060 3917 4124 pereamus,
3990 4056 4227 4104 mmm.

2430 4150 2492 4203 et
2541 4157 2669 4202 non
2730 4138 2985 4201 inducat
3039 4156 3153 4200 nos
3213 4138 3519 4201 Dominus
3569 4139 3635 4200 in
3684 4146 3919 4201 terram
3952 4121 4053 4168 ³²⁴·

537 4228 800 4277 ³¹⁶·“¹⁴⁸·
831 4242 1054 4304 tollere
1083 4257 1319 4319 agnum
1353 4238 1712 4320 paschalem
1739 4238 1986 4300 decima
2014 4238 2118 4300 die
2149 4257 2321 4300 men·
2353 4246 2401 4306 D
2430 4241 2616 4316 hanc,
2643 4256 2723 4300 ne
2754 4238 3053 4300 cadamus
3082 4237 3318 4316 gladio.
3354 4238 3429 4298 Et
3460 4256 3682 4299 rursus
3717 4254 3731 4298 ε
3766 4237 3923 4299 Con-

830 4340 918 4401 sis
954 4337 1166 4420 primi,
1201 4346 1264 4400 et
1295 4337 1590 4399 eumdem
1624 4337 1958 4399 comedere
1985 4338 2323 4417 quartade-

827 4438 993 4501 cima
1015 4437 1119 4499 die
1141 4435 1381 4499 mensis
1403 4435 1689 4515 ejusdem
1716 4434 1792 4496 ad
1819 4454 2174 4517 vesperam,
2202 4436 2321 4499 hoc

826 4554 1084 4620 quoque
1112 4533 1408 4616 jussisset
1438 4542 1508 4595 ut
1541 4552 1727 4596 nemo
1760 4532 1884 4594 nisi
1907 4534 2321 4598 circumcisus

825 4638 902 4700 ad
955 4654 1132 4698 esum
1175 4632 1321 4714 agni
1368 4632 1542 4694 illius
1584 4632 2026 4695 admitteretur
2073 4652 2086 4697 :
2141 4634 2323 4697 valde

828 4733 1159 4819 probabile
1180 4741 1296 4807 est,
1319 4732 1488 4813 quod
1509 4731 1706 4793 Judaei
1742 4732 2024 4794 nondum
2057 4733 2323 4796 circum-

825 4835 966 4911 cisi,
1013 4832 1660 4907 circumcidebantur,
1704 4838 1766 4893 et
1809 4831 1927 4894 hoc
1973 4829 2171 4895 fiebat
2212 4851 2325 4913 per

825 4933 962 4997 dies
1009 4932 1164 4994 satis
1214 4930 1448 4992 multos
1497 4938 1646 4991 ante
1691 4948 1908 4992 eorum
1961 4931 2199 4993 exitum
2246 4932 2325 4992 de

827 5032 1137 5113 AEgypto3
1185 5029 1406 5109 sicque
1465 5036 1754 5109 respectu
1817 5028 1988 5090 illius
2049 5032 2323 5093 circum-

2432 4338 2769 4401 stituamus
2824 4335 3009 4398 nobis
3060 4336 3310 4412 ducem,
3358 4344 3421 4397 et
3473 4336 3801 4398 redeamus
3853 4334 3921 4397 in

2434 4437 2791 4518 AEgyptum.
2846 4438 2929 4496 Ec
2977 4437 3212 4513 quibus
3262 4444 3411 4495 ante
3444 4436 3799 4512 juraverat
3848 4444 3923 4494 ut

2431 4536 2782 4595 ostenderet
2824 4534 2913 4592 eis
2962 4542 3199 4592 terram
3244 4536 3406 4593 lacte
3446 4543 3505 4593 ec
3550 4536 3733 4593 melle
3778 4553 3921 4593 ma-

2432 4642 2719 4693 nantem.
2756 4630 2886 4693 Illis
2926 4630 3096 4693 enim
3136 4637 3283 4692 ante
3326 4650 3439 4713 per
3481 4630 3733 4712 Moysen
3775 4648 3923 4711 pro·
3994 4652 4211 4696 etuas.

2433 4730 2610 4793 misit
2650 4750 2793 4792 cum
2825 4730 3209 4810 juramento,
3244 4730 3416 4810 quod
3447 4730 3627 4792 daret
3666 4729 3759 4792 eis
3800 4736 3925 4792 ter·
3952 4717 3994 4764 ⁷³
4018 4720 4058 4757 ⁸·

2434 4848 2571 4891 ram
2631 4826 3074 4909 promissionis
3129 4844 3142 4887 :
3198 4846 3339 4908 quae
3399 4826 3737 4909 promissio
3800 4826 3925 4889 fuit

2437 4926 2851 5005 intelligenda
2882 4944 3025 4987 eum
3058 4925 3427 4988 conditione
3459 4925 3794 5007 implicita,
3832 4933 3927 4987 ut-

2438 5034 2586 5108 pote
2627 5024 2749 5086 nisi
2793 5024 3291 5085 demererentur.

2519 5128 2771 5185 Horum
2801 5124 2933 5198 filii
2976 5123 3047 5180 in
3096 5125 3302 5181 Iocum
3347 5132 3776 5181 successerunt
3808 5142 3931 5199 pa-

2442 5234 2643 5290 trum,
2690 5230 2750 5281 et
2794 5220 3161 5279 circumcisi
3208 5230 3362 5280 sunt
3420 5242 3459 5279 a
3507 5224 3721 5289 Josue,
3770 5226 3933 5299 quia

2439 5324 2607 5382 sicut
2638 5321 2785 5379 nati
2815 5320 3111 5396 fuerant,
3144 5319 3215 5377 in
3238 5320 3562 5397 praeputio
3592 5314 3803 5379 erant.
3829 5318 3934 5380 Di-

829 5128 1115 5203 cisioniS‚
1171 5128 1293 5189 ista
1342 5134 1604 5189 vocatur
1654 5127 1986 5188 secunda:
2042 5130 2217 5209 quod
2265 5136 2328 5189 et

833 5226 1034 5290 Rabbi
1086 5225 1316 5288 Paulus
1375 5224 1688 5287 affirmat.
1743 5225 1872 5287 Imo
1923 5225 2329 5288 circumcisio

835 5326 956 5388 ista
1006 5332 1218 5407 potest
1270 5323 1393 5386 dici
1447 5323 1746 5399 secunda,
1793 5331 2081 5405 respectu
2138 5324 2327 5387 totius
