4359 6250
899 472 1019 537 618

1511 492 1858 537 mammo
1901 493 1962 537 IN
2003 492 2142 539 cAP.
2190 494 2249 537 vl
2292 493 2450 539 unm
2490 493 2689 538 TERTu
2730 494 2955 541 hacun.
3002 512 3082 523 ·-
3122 494 3265 539 Am.
3310 494 3376 541 lx

898 662 1278 726 commissus
1327 660 1448 722 erit
1495 660 1641 723 vitae
1693 660 2078 735 laudabilis3
2131 662 2185 723 si
2238 681 2389 725 vero
2418 660 2469 723 A
2501 669 2720 743 utpote
2764 663 3165 725 ascendendo
3212 664 3291 725 ad
3330 682 3695 725 mensuram
3748 662 3987 726 cubito-

897 761 1226 837 cecideriS‚
1261 762 1484 825 cadent
1520 769 1581 823 et
1613 760 1732 842 ipsi
1769 779 1883 842 pro
1925 780 2155 841 magna
2184 769 2383 842 parte.

896 860 1344 923 Verumtamen
1372 859 1492 922 ista
1515 878 1640 922 non
1675 868 1822 921 sunt
1847 861 1932 922 ita
1953 859 2383 939 intelligenda,

895 960 1067 1041 quod
1101 959 1236 1022 solo
1268 978 1414 1040 rege
1445 959 1730 1035 cadente,
1765 959 1924 1022 Deus
1955 958 2265 1041 populum
2298 978 2389 1021 re-

898 1059 1212 1140 liquisset,
1231 1066 1338 1121 aut
1372 1057 1678 1140 templum
1708 1057 1924 1120 dirimi
1947 1057 2344 1140 permisisset
2370 1082 2384 1133 ς

897 1159 1008 1221 sed
1062 1157 1364 1239 praescius
1417 1157 1802 1230 futurorum,
1858 1156 1946 1219 ita
1995 1156 2243 1219 locutus
2293 1165 2389 1219 est

896 1256 1217 1333 DominuS‚
1233 1256 1590 1338 praevidens
1611 1275 1822 1317 casum
1843 1256 2060 1338 populi
2083 1276 2158 1318 ex
2177 1274 2389 1336 regum

807 1414 818 1427 ‚
897 1364 1262 1419 secuturum
1304 1354 1510 1417 ruina.
1545 1354 1850 1418 Praeterea
1892 1354 2092 1437 aliqui
2139 1355 2382 1431 dicunt,

902 1455 1093 1517 Deum
1139 1454 1259 1515 ista
1305 1473 1444 1516 esse
1494 1454 1774 1518 locutum
1828 1454 1905 1516 ad
1958 1454 2381 1529 Salomonem,

897 1553 1154 1633 quando
1200 1552 1420 1634 templi
1466 1552 1808 1615 aedificatio
1851 1552 1973 1614 fuit
2017 1552 2333 1633 completa
2368 1575 2382 1625 3

898 1651 1006 1713 sed
1041 1658 1278 1713 textum
1312 1651 1658 1731 sequendo,
1683 1650 1884 1729 magis
1906 1658 2191 1732 apparet,
2212 1650 2384 1730 quod

897 1748 995 1810 bis
1030 1749 1151 1811 ista
1182 1748 1430 1811 locutus
1464 1750 1546 1811 sit
1577 1750 1634 1811 ei
1673 1766 1686 1811 ε
1723 1749 2241 1831 primo‚durante
2274 1748 2385 1810 illa

2499 779 2641 821 rum
2690 761 2945 842 viginti,
2992 780 3118 825 non
3172 772 3380 825 tamen
3433 780 3635 843 usque
3682 761 3985 824 solarium

2500 860 2939 941 pertingendo.
2974 860 3425 923 Verumtamen
3466 860 3709 923 Hebraei
3744 880 3859 943 per
3898 870 3987 923 ta-

2498 958 2714 1021 bulata
2745 960 2867 1022 ista
2886 960 3158 1034 cedrina,
3180 959 3546 1039 intelligunt
3567 969 3813 1040 partem
3836 968 3989 1021 tem·

2502 1057 2590 1139 pli
2620 1057 3007 1135 interiorem,
3042 1077 3233 1140 quam
3277 1058 3501 1121 dicunt
3549 1058 3615 1119 in
3648 1057 3989 1121 altitudine

2500 1154 2700 1218 fuisse
2731 1156 3087 1221 brev10rem
3120 1164 3295 1238 parte
3321 1156 3538 1238 templi
3572 1155 3893 1229 exteriori,
3920 1156 3987 1217 in

2498 1253 2731 1317 cubitis
2762 1256 2980 1317 decem
3016 1273 3031 1317 :
3066 1274 3207 1336 quae
3238 1274 3383 1336 pars
3422 1256 3697 1317 exterior
3726 1254 3855 1316 fuit
3878 1256 3991 1317 tri-

2496 1354 2677 1433 ginta
2704 1354 3065 1417 cubitorum
3096 1355 3162 1416 in
3202 1355 3353 1431 alto,
3388 1362 3457 1415 ut
3500 1354 3729 1435 patuit,
3762 1364 3827 1417 et
3866 1354 3989 1417 ista

2499 1453 2751 1531 viginti,
2788 1461 2857 1515 ut
2887 1453 3129 1517 dicunt.
3165 1456 3249 1515 Ec
3278 1456 3431 1530 feeit
3476 1454 3849 1513 interiorem
3878 1456 3989 1513 do-

2498 1572 2679 1613 mum
2708 1554 2962 1612 oraculi
2988 1555 3057 1613 in
3094 1556 3402 1613 Sanctum
3436 1562 3834 1621 sanctorum,
3866 1552 3987 1614 hoc

2496 1659 2612 1728 est,
2662 1651 3035 1714 exteriorem
3080 1660 3321 1732 partem
3363 1650 3584 1732 templi
3634 1650 3859 1712 divisit
3902 1651 3986 1713 ab

2497 1748 2807 1825 interiori,
2854 1768 2967 1832 per
3011 1749 3455 1831 interpositum
3500 1748 3807 1831 parietem
3850 1750 3985 1829 jam

895 1848 1392 1925 constructione,
1447 1850 1524 1911 ad
1575 1847 2064 1911 confortandum
2115 1867 2265 1910 eum
2314 1846 2381 1909 in
2420 1844 2466 1905 B
2495 1847 2854 1931 praefatum‚
2882 1849 2971 1911 ita
3000 1856 3071 1910 ut
3101 1868 3245 1930 pars
3278 1847 3389 1909 illa
3411 1846 3699 1923 interior,
3724 1858 3891 1911 esset
3920 1856 3987 1911 et

895 1947 1066 2011 bono
1111 1946 1400 2029 incept03
1435 1948 1737 2023 secundO,
1773 1946 2050 2010 aedificio
2086 1964 2383 2009 consum-

897 2054 1090 2121 mato,
1126 2047 1204 2108 ad
1249 2045 1624 2110 avisandum
1669 2047 1986 2121 eumdem,
2022 2054 2084 2108 et
2114 2064 2229 2127 pro
2274 2046 2383 2108 ha—

894 2145 1102 2208 benda
1151 2144 1398 2208 cautela
1447 2145 1512 2206 in
1563 2153 1908 2227 posterum.
1961 2143 2121 2217 Quid
2167 2152 2381 2206 autem

895 2252 1117 2306 contra
1149 2246 1268 2307 hoc
1297 2243 1491 2325 objici
1525 2252 1758 2325 posset,
1785 2252 2080 2323 tangetur
2111 2242 2382 2305 inferius

895 2350 958 2405 ct
995 2342 1298 2405 solvetur.

977 2440 1194 2518 Igitur
1242 2440 1594 2515 aedificavit
1645 2440 1951 2499 Salomon
1993 2442 2281 2509 domum,
2322 2446 2384 2497 et

895 2539 1360 2599 consummavit
1379 2558 1534 2597 eam.
1557 2540 1637 2599 Et.
1655 2537 2103 2615 oedificavit,id
2126 2545 2225 2599 est
2244 2556 2385 2619 ope·

896 2636 1044 2711 ruit,
1073 2638 1354 2713 parietes
1386 2635 1670 2717 lapideos
1701 2638 1927 2696 domus
1967 2638 2379 2708 intrinsecus,

897 2737 1203 2797 tabulatis
1223 2736 1533 2804 cedrinis,
1553 2734 1672 2797 hoc
1701 2742 1798 2797 est
1829 2733 2060 2797 tabulis
2093 2736 2172 2797 de
2194 2736 2382 2798 cedro

893 2834 1249 2916 copulatis;
1285 2858 1326 2895 a
1356 2837 1731 2913 pavimento
1774 2838 2004 2895 domus
2047 2855 2249 2914 usque
2296 2838 2384 2895 ad

891 2936 1328 2995 summitatem
1343 2936 1702 3010 parietum,
1719 2932 1780 2995 id
1805 2940 2123 3013 estusque
2153 2934 2233 2994 ad
2254 2933 2382 3014 pri-

2494 1956 2825 2010 vocaretur
2855 1947 3151 2011 Sanctum
3182 1956 3565 2023 sanctorum,
3590 1947 3655 2007 in
3688 1965 3819 2028 quo
3834 1966 3985 2011 eon-

2493 2045 2859 2108 tinebantur
2887 2065 3050 2121 arca,
3086 2053 3150 2109 et.
3178 2045 3410 2108 tabulae
3440 2046 3825 2119 testamenti,
3846 2066 3985 2128 pro-
4054 2064 4195 2105 aar.
4218 2079 4267 2106 n.

4038 2158 4053 2175 ‚
4074 2132 4118 2168 5.

2493 2144 2887 2225 pitiatorium
2916 2164 3172 2225 quoque
3202 2154 3265 2207 et
3291 2144 3655 2208 Cherubim.

2572 2246 2777 2305 Porro
2810 2247 3253 2322 quadrayinta
3278 2246 3639 2303 cubitorum
3670 2242 3735 2305 in
3778 2243 3983 2322 longi-

2496 2339 2716 2403 tudine
2764 2351 2903 2401 erat
2950 2344 3165 2420 ipsum
3212 2345 3517 2417 templum
3558 2361 3681 2419 pro
3730 2344 3983 2422 foribus

2493 2443 2768 2510 oraculi,
2804 2440 2866 2501 id
2906 2448 3025 2516 est,
3061 2459 3207 2522 pars
3251 2438 3469 2521 templi
3512 2440 3805 2515 exterior,
3838 2460 3985 2521 quaa

2495 2548 2757 2603 vocatur
2784 2539 2892 2601 hic
2924 2539 3253 2621 templum,
3288 2538 3511 2602 habuit
3542 2538 3609 2601 in
3649 2539 3841 2619 longo
3870 2560 3983 2602 eu-

2493 2639 2661 2702 bitos
2683 2638 3103 2720 quadraginta
3122 2648 3269 2701 ante
3292 2637 3461 2701 sores
3494 2638 3629 2701 sive
3648 2639 3985 2702 introitum

2495 2737 2705 2800 Sancti
2737 2745 3099 2800 sanctorum
3135 2754 3150 2797 ε
3183 2736 3335 2817 quia
3372 2737 3645 2799 exterior
3686 2756 3833 2819 pars
3862 2736 3985 2799 sita

2494 2844 2629 2898 erat
2660 2834 3025 2898 immediate
3055 2843 3201 2896 ante
3222 2842 3285 2897 et
3311 2835 3489 2916 juxta
3504 2836 3759 2917 januam
3784 2836 3985 2917 partis

2496 2934 2850 3007 interioris3
2877 2934 3096 3014 sicque
3127 2952 3273 3015 pars
3306 2933 3415 2995 illa
3446 2934 3739 3009 exterior,
3760 2933 3881 2995 fuit
3918 2934 3983 2997 in

893 3051 1067 3094 mum
1101 3031 1426 3107 solarium,
1458 3042 1518 3092 et
1547 3053 1744 3111 usque
1774 3034 1862 3093 ad
1889 3034 2229 3111 laquearia
2264 3040 2381 3095 tra-
2418 3037 2463 3101 C
2492 3034 2689 3116 duplo
2712 3032 2961 3115 longior
2975 3041 3151 3114 parte
3174 3031 3461 3095 interiori
3482 3050 3495 3095 :
3516 3042 3773 3115 propter
3794 3035 3981 3115 quod,

891 3132 1083 3196 bibus
1113 3130 1336 3206 affixa,
1361 3135 1614 3210 operuit
1635 3134 2094 3212 liynis,utpote
2127 3132 2376 3208 tabulis,

890 3233 1175 3292 cedrinis
1207 3232 1594 3291 intrinsecus
1611 3241 1714 3302 ;et
1746 3233 1904 3291 texit
1927 3233 2379 3307 pavimentum

889 3334 1140 3400 domus,
1173 3329 1342 3410 quod
1383 3348 1458 3390 cx
1507 3328 1956 3411 pulcherrimis
2005 3329 2377 3392 marmoreis

2492 3143 2795 3216 tanquam
2826 3133 2892 3195 in
2932 3133 3128 3215 duplo
3166 3131 3389 3212 major,
3428 3132 3537 3195 illa
3574 3142 3837 3196 vocatur
3874 3134 3981 3196 hic

2491 3233 2822 3315 templum.
2866 3232 2943 3294 Et
3001 3231 3163 3295 sicut
3222 3231 3699 3294 tabernaculum
3750 3232 3979 3315 Moysis

2492 3332 2614 3394 suit
2644 3332 2921 3394 divisum
2956 3329 3021 3392 in
3052 3331 3208 3392 duas
3249 3339 3461 3412 partes
3492 3349 3606 3411 per
3644 3329 3979 3412 interposi-

2490 3440 2622 3494 tum
2656 3430 2893 3506 velum,
2915 3438 2983 3491 ut
3014 3436 3187 3511 patet
3215 3429 3283 3489 in
3304 3428 3551 3502 Exod03
3576 3427 3669 3490 sic
3697 3428 3977 3490 divisum
4008 3448 4147 3489 em
4166 3463 4268 3489 uu-

2490 3529 2614 3593 fuit
2644 3529 2950 3610 templum
2982 3526 3337 3590 Salomonis
3376 3545 3489 3607 per
3529 3525 3977 3588 intermedium
4008 3515 4079 3553 ³³·

2488 3627 2823 3692 cedrinum
2864 3625 3193 3708 parietem,
3227 3625 3355 3687 imo
3388 3625 3577 3686 ctiam
3623 3644 3737 3706 per
3764 3624 3977 3688 velum

2486 3735 2759 3808 quatuor
2787 3725 3089 3798 colorum,
3106 3724 3279 3805 quod
3298 3732 3445 3785 ante
3466 3722 3771 3804 parietem
3794 3723 3977 3784 illum

2489 3825 2826 3908 pendebat,
2858 3824 3035 3905 juxta
3064 3823 3223 3885 illud
3262 3822 3525 3884 secundi
3558 3821 3981 3904 Paralipome-

2488 3941 2639 4000 non,
2692 3922 2865 3985 Fecit
2913 3941 3169 4004 quoque
3216 3920 3427 3984 velum
3476 3941 3554 3983 ex
3606 3920 3977 4000 hyacintho,
4034 3940 4071 3982 ιι
4096 3943 4251 3982 Pam·

892 3428 1214 3509 lapidibus
1248 3427 1275 3488 f
1279 3428 1372 3490 uit
1395 3427 1658 3498 factum,
1678 3429 1913 3488 tabulis
1932 3429 2156 3504 abieyn
2167 3430 2241 3500 is,
2260 3428 2381 3490 hoc

891 3535 986 3590 est
1017 3526 1334 3589 asseribus
1375 3528 1456 3589 de
1484 3526 1802 3589 abietibus
1830 3526 2032 3588 caesiS.
2065 3528 2381 3603 ,Ἐάίβσα-

893 3627 1110 3705 vitque
1151 3627 1393 3703 viyinti
1431 3627 1794 3685 cubitorum
1843 3627 1931 3684 ad
1963 3627 2377 3702 posteriorem

881 3735 1136 3804 partem
1171 3727 1392 3802 templi
1423 3727 1716 3785 tabulata
1742 3725 2030 3784 cedrina.
2055 3723 2170 3786 Per
2204 3725 2381 3786 tabu-

891 3825 1018 3886 lata
1055 3825 1176 3886 ista
1213 3823 1492 3900 cedrina,
1529 3843 1671 3904 quae
1712 3822 1778 3884 in
1821 3822 2159 3886 altitudine
2199 3833 2380 3886 erant

889 3922 1118 4004 viginti
1151 3922 1536 3998 cubitorum,
1559 3923 1848 3985 doctores
1868 3921 2164 3984 catholici
2198 3921 2381 3984 intel-
4010 4006 4063 4045 u

893 4021 1098 4102 ligunt
1123 4021 1428 4103 parietem
1453 4020 1752 4083 situatum
1779 4021 1945 4083 inter
1965 4027 2209 4102 partem
2232 4029 2380 4084 tem·

891 4121 981 4204 pli
1014 4119 1380 4183 interiorem
1403 4128 1464 4182 ct
1485 4121 1882 4194 exteriorem,
1901 4119 2197 4193 dicentcS‚
2214 4122 2376 4201 quod

2488 4041 2792 4105 purpura,
2854 4040 3041 4084 cocco
3102 4028 3163 4082 et
3218 4019 3403 4101 bysso
3446 4036 3459 4080 ε
3502 4019 3699 4100 quod,
3750 4039 3979 4082 secun-

2489 4122 2639 4183 dum
2678 4120 2986 4196 Glossam,
3032 4117 3233 4200 gratia
3276 4117 3522 4180 decoris
3572 4126 3667 4180 est
3713 4117 3977 4191 factum,

891 4228 1159 4301 utraque
1193 4239 1336 4301 pars
1373 4219 1613 4301 templi,
1643 4219 1940 4284 videlicet
1974 4218 2379 4296 Sanctum,ct
2411 4223 2460 4285 D
2490 4228 2559 4282 ut
2609 4219 2773 4281 inter
2828 4217 3101 4300 parietes
3157 4216 3489 4280 deauratos
3548 4215 3977 4279 holosericum

891 4318 1188 4380 Sanctum
1221 4327 1605 4392 sanctorum,
1632 4317 1870 4381 exstitit
1889 4337 2071 4399 aeque
2090 4317 2239 4394 alta,
2260 4319 2379 4382 sci-

891 4417 1042 4479 licet
1072 4416 1430 4481 cubitorum
1459 4417 1736 4496 triginta,
1753 4426 1812 4480 et
1845 4418 2017 4498 quod
2039 4418 2257 4480 decem
2280 4437 2381 4480 cu·

891 4515 1167 4578 bitorum
1201 4514 1471 4577 altitudo
1502 4516 1736 4576 mansit
1765 4524 2002 4597 aperta,
2041 4524 2110 4578 ut
2154 4535 2269 4597 per
2310 4516 2380 4578 il-

891 4614 1016 4676 lam
1049 4622 1409 4696 aperturam
1449 4613 1661 4674 fumus
1691 4614 2040 4676 ascendens
2071 4616 2150 4677 de
2196 4616 2376 4678 altari

893 4713 1160 4789 incensi,
1195 4713 1365 4794 quod
1400 4712 1522 4775 fuit
1554 4712 1618 4774 in
1650 4721 1829 4794 parte
1861 4713 2080 4795 templi
2114 4715 2381 4778 exterio·

891 4811 968 4886 ri,
1005 4812 1268 4875 intraret
1309 4812 1374 4873 in
1426 4819 1668 4893 partem
1711 4810 1932 4892 templi
1983 4811 2375 4887 interiorem,

890 4930 1032 4993 quae
1061 4919 1323 4973 vocatur
1352 4910 1648 4972 Sanctum
1684 4918 2045 4972 sanctorum
2074 4935 2089 4985 3
2117 4910 2255 4973 sive
2280 4913 2382 4990 (ut

889 5008 999 5071 alii
1032 5009 1284 5087 dicunt)
1305 5017 1374 5068 ut
1403 5007 1610 5070 dulcis
1647 5007 1756 5068 ille
1783 5027 1979 5088 vapor
1998 5018 2377 5086 aromatum,

2490 4318 2856 4398 refulgeret.

2568 4420 2653 4479 Et
2696 4420 2879 4476 cedro
2924 4417 3133 4476 omnis
3174 4417 3402 4474 domus
3446 4415 3837 4474 intrinsecus
3882 4435 3983 4472 ve-

2487 4519 2823 4584 stiebatur,
2853 4515 2971 4576 hoc
3013 4521 3129 4585 est,
3164 4520 3366 4576 totum
3410 4511 3717 4593 templum
3762 4511 3831 4574 in
3870 4531 3983 4593 pa·

2490 4615 2756 4678 rictibus
2806 4621 2868 4675 et,
2916 4611 2980 4674 in
3034 4620 3197 4674 tecto
3246 4619 3437 4692 atque
3487 4611 3607 4672 sub
3656 4610 3978 4681 trabibuS,

2489 4712 2893 4796 operiebatur
2917 4709 3195 4774 cedrinis
3225 4709 3567 4784 asseribuS‚
3601 4712 3837 4770 habens
3860 4719 3985 4770 tor-

2489 4823 2763 4872 naturas
2803 4821 2863 4871 et
2892 4811 3249 4888 juncturas
3284 4829 3437 4868 suas
3472 4809 3887 4887 fabrefactas,
3922 4821 3985 4870 et

2489 4916 2831 4974 caelaturas
2860 4911 3209 4970 eminentes
3238 4929 3260 4968 .·
3294 4907 3414 4969 hoc
3443 4914 3559 4982 est,
3597 4905 3661 4967 in
3705 4906 3866 4987 ipsis
3896 4915 3987 4968 ta-

2490 5008 2664 5072 bulis
2698 5007 2915 5090 templi
2940 5007 3239 5082 cedrinis,
3265 5013 3445 5069 erant
3474 5025 3617 5068 cum
3650 5014 3837 5068 torno
3860 5005 3987 5068 for-

891 5108 969 5170 de
1012 5106 1196 5168 altari
1243 5107 1671 5188 thymiamatis
1712 5110 2081 5191 procedenS,
2117 5108 2383 5172 intraret
2493 5115 2675 5169 matae
2719 5107 3119 5188 operationes
3165 5105 3451 5186 quaedam
3501 5101 3869 5166 artificiosae
3916 5104 3985 5166 in

890 5205 1242 5269 oraculum.
1279 5205 1641 5270 AEdisicavit
1673 5206 1886 5289 itaque
1925 5207 2059 5271 haec
2100 5208 2383 5271 tabulata
2493 5207 2649 5289 ipsis
2682 5205 3039 5268 tabularum
3061 5204 3398 5286 juncturiS,
3425 5223 3503 5265 ne
3523 5202 3704 5265 locus
3732 5204 3991 5284 junctu·

892 5303 1171 5382 cedrina,
1207 5325 1245 5364 a
1269 5306 1643 5383 pavimento
1673 5327 1872 5386 usque
1901 5309 1987 5366 ad
2017 5309 2379 5384 superiora,
2494 5326 2577 5370 rae
2627 5305 3016 5390 deprehendi
3068 5305 3326 5368 valeret.
3375 5303 3564 5364 Erant
3608 5320 3873 5384 quoque
3918 5303 3987 5366 in
