4359 6250
922 495 1270 542 ENARRATm
1315 495 1374 540 IN
1419 494 1555 540 cAP.
1601 494 1712 539 xlll
1757 493 1912 538 unm
1955 493 2208 540 st-:cunml
2249 495 2473 542 REGUH.
2518 515 2599 526 —
2638 498 2781 544 ΛΒΤ.
2828 499 2958 544 xxn

3365 481 3483 544 513

367 681 542 726 mar.
577 665 722 728 Ideo
763 666 975 748 potius
1027 686 1191 743 reor,
1225 668 1396 748 quod
1427 665 1697 728 Thamar
1741 684 1885 747 pro-
1913 665 1964 726 A
1990 679 2650 751 augmentum3quam
2672 675 2841 752 quod
2860 681 3009 732 ante
3023 672 3363 752 fecisti,me
3384 691 3483 748 op-

367 763 530 825 tulit
559 765 758 828 verba
788 765 925 828 haec
957 775 1025 827 ut
1055 773 1371 827 averteret
1402 762 1660 827 fratrem
1693 782 1878 825 suum

363 880 406 923 a
437 871 617 925 tanto
639 862 940 938 facinore,
962 884 1076 946 spe
1099 864 1433 927 obtinendi
1454 882 1593 926 eam
1616 863 1790 924 licite
1817 872 1881 924 et

363 960 689 1036 honeste;
723 971 787 1024 et
814 962 1110 1044 quamvis
1145 961 1546 1038 mentiretur,
1581 961 1874 1037 dicende,

359 1059 503 1122 Rex
544 1079 675 1123 non
708 1061 968 1142 negabit
1007 1081 1108 1124 me
1151 1061 1292 1137 tibi,
1338 1061 1462 1123 fuit
1502 1060 1873 1124 officiosum

357 1159 782 1222 mendacium
821 1168 885 1222 et
921 1159 1063 1223 leve
1102 1167 1456 1242 peccatum.
1503 1159 1628 1222 Hoc
1668 1167 1733 1222 et
1776 1159 1877 1222 Jo-

357 1257 615 1337 sephus
645 1258 924 1322 sensisse
955 1258 1228 1336 videtur,
1255 1258 1526 1321 dicendo
1563 1275 1576 1319 :
1602 1258 1872 1320 Thamar

359 1354 461 1416 ita
512 1354 729 1418 locuta
778 1365 895 1432 est,
942 1365 1013 1418 ut
1059 1356 1138 1418 ad
1185 1364 1440 1438 tempus
1481 1355 1874 1438 petulantem

362 1452 594 1516 fratris
625 1454 726 1516 sui
759 1455 1070 1536 impetum
1101 1455 1342 1520 valeret
1375 1452 1718 1517 refrenare.
1755 1453 1872 1515 Ma-

357 1551 574 1630 gister
620 1571 878 1634 quoque
932 1553 998 1615 in
1049 1553 1332 1616 historiis
1371 1571 1385 1615 :
1433 1553 1584 1629 Hoc,
1639 1550 1871 1633 inquit,

361 1649 655 1727 dicebat,
689 1659 760 1712 ut
794 1650 1267 1732 subterfugeret
1305 1671 1530 1714 manus
1570 1651 1732 1733 ejus,
1759 1650 1878 1712 Ve-

363 1757 741 1813 rumtamen
771 1750 972 1832 aliqui
1006 1751 1250 1827 dicunt,
1284 1759 1672 1832 praeceptum
1717 1749 1876 1829 legis

1979 771 2273 844 primens
2296 788 2318 830 .·
2338 768 2510 850 quod
2542 769 2824 852 aliquam
2848 769 3101 832 videtur
3130 769 3479 831 excusatio-

1989 884 2135 927 nem
2169 867 2526 944 admittere,
2562 867 2628 929 in
2672 875 2986 949 quantum
3018 868 3194 930 venit
3234 885 3361 929 non
3406 886 3481 929 ex

1987 964 2254 1042 malitia,
2306 967 2411 1028 sed
2465 965 2837 1028 infirmitate
2882 974 2944 1028 et
2991 965 3277 1046 passione
3326 985 3483 1048 prae-

1989 1064 2377 1127 dominante.
2424 1065 2553 1127 [mo
2591 1065 2895 1146 quoniam
2935 1063 3273 1128 defloravit
3314 1083 3474 1140 eam,

1992 1162 2324 1225 tenebatur
2362 1183 2501 1226 eam
2540 1163 2773 1226 babere
2812 1181 3093 1240 uxorem,
3128 1163 3478 1225 secundum

1986 1259 2144 1340 legis
2186 1269 2594 1344 praeceptum,
2631 1261 2698 1323 in
2729 1262 2943 1324 Exodo
2982 1281 3054 1324 ac
3097 1262 3481 1324 Deuterono-

1985 1358 2114 1423 mio
2154 1360 2487 1441 scriptum,
2530 1361 2655 1422 nisi
2694 1361 2953 1423 aliunde
3000 1360 3229 1423 fuisset
3270 1359 3482 1424 obsta-

1983 1457 2201 1520 culum
2248 1477 2261 1520 :
2316 1478 2444 1540 quo
2494 1459 2859 1535 exsistente,
2904 1458 3177 1522 debebat
3227 1458 3285 1521 ei
3335 1457 3479 1521 aliis

1984 1557 2191 1619 modis
2236 1576 2349 1639 pro
2394 1576 2579 1639 posse
2623 1577 2738 1640 pro
2784 1557 2961 1620 illato
3004 1559 3235 1620 damno
3282 1557 3482 1638 possi-

1984 1654 2178 1718 bilem
2226 1656 2712 1734 rcstitutionem‚
2756 1656 3051 1738 quamvis
3092 1656 3480 1736 condignam

1985 1772 2112 1816 non
2144 1755 2370 1836 potuit,
2386 1755 2565 1837 juxta
2587 1756 2758 1837 quod
2791 1755 2857 1818 in
2889 1753 3331 1818 Ecclesiastico
3360 1753 3479 1817 fer-

3524 1283 3770 1334 Exodxxn,

3510 1347 3771 1398 iamneae.

3512 1421 3607 1460 xxn,
3625 1410 3691 1459 28,
3704 1411 3771 1452 22³.

93 1867 328 1920 tamn,
363 1849 732 1930 prohibens
759 1868 1042 1913 sororem
1075 1869 1153 1913 ex
1193 1859 1370 1932 patre
1402 1870 1438 1912 a
1469 1849 1666 1912 fratre
1703 1848 1876 1910 sumi
1905 1847 1953 1909 B
1989 1861 2124 1915 tur:
2159 1851 2377 1916 Omnis
2411 1854 2785 1935 ponderatio
2818 1872 2947 1916 non
2980 1861 3079 1917 est
3107 1852 3300 1932 digna
3330 1872 3479 1917 con·
3516 1871 3773 1924 uectum.

363 1948 440 2010 in
485 1949 848 2031 conjugem,
885 1967 1025 2012 esse
1063 1949 1580 2030 intelligendum,
1614 1948 1874 2030 quando
1987 1951 2247 2014 tinentis
2277 1952 2527 2017 animae.
2553 1955 2638 2014 Et
2668 1955 2880 2014 noluit
2908 1955 3143 2014 audire
3169 1955 3479 2024 eam,·sed
3506 1937 3574 1978 ²⁰·

73 1933 110 1974 9.

365 2047 577 2110 frater
595 2057 660 2111 et
679 2065 857 2112 soror
890 2047 1130 2110 fuerint
1147 2048 1355 2127 gentis
1377 2048 1434 2129 ej
1445 2048 1664 2110 usdem
1691 2064 1704 2108 :
1727 2046 1879 2109 Tha-

361 2165 516 2208 mar
545 2155 760 2210 autem
793 2145 918 2209 fuit
953 2146 1095 2209 filia
1125 2146 1374 2209 Maacha
1406 2145 1694 2208 mulieris
1727 2164 1877 2226 gen-

363 2245 532 2321 tilis,
577 2265 764 2328 quam
807 2253 1018 2308 tamen
1064 2247 1164 2325 (ut
1202 2245 1513 2325 creditur)
1555 2244 1754 2308 David
1797 2245 1877 2307 ad

357 2343 771 2406 Iudaismum
792 2344 1139 2419 convertit;
1162 2345 1413 2407 Amnon
1435 2362 1585 2407 vero
1608 2363 1684 2406 ex
1706 2351 1877 2406 utro-

362 2462 504 2524 que
534 2451 799 2524 parente
829 2441 955 2504 fuit
992 2443 1314 2506 Israelita:
1341 2443 1560 2524 sicque
1592 2442 1876 2525 potuisse

364 2542 653 2604 Thamar
684 2542 830 2604 fieri
873 2543 1212 2623 conjugem
1242 2542 1514 2606 Amnon.
1551 2541 1672 2604 Sed
1704 2541 1873 2604 istud

366 2640 613 2704 salvari
643 2658 774 2704 non
807 2649 1034 2723 potest,
1061 2641 1364 2723 quoniam
1401 2641 1466 2702 in
1502 2641 1877 2703 Deuterono-

95 2751 334 2802 Deutmn.
365 2739 510 2803 mio
552 2739 788 2820 legitur
828 2757 842 2801 τ
886 2739 1252 2803 Maledictus
1291 2739 1402 2822 qui
1443 2739 1679 2802 dormit
1727 2758 1871 2801 cum

79 2817 140 2857 ΞΕ.

367 2856 598 2902 sorore
633 2858 752 2901 sua
781 2837 924 2900 filia
963 2837 1160 2920 patris
1192 2838 1292 2900 sui
1322 2837 1423 2902 vel
1466 2837 1685 2900 matris
1720 2856 1868 2899 suae.

79 2950 336 3002 tenua-1.
367 2938 548 3000 Idem
587 2955 846 3019 quoque
877 2936 941 2998 in
975 2936 1256 3000 Levitico
1285 2936 1677 3018 perhibetur.

459 3039 696 3098 Noluit
723 3046 942 3097 autem
973 3037 1234 3098 Amnon
1255 3038 1648 3115 acquiescere
1673 3037 1876 3114 preci·
1900 3032 1946 3097 C
1981 3040 2227 3098 cemodi
2253 3041 2430 3100 enim
2458 3041 2617 3116 filioe
2637 3040 2805 3117 reyis
2835 3039 3034 3102 David
3068 3040 3352 3116 viryines
3382 3059 3477 3098 ve-

366 3139 492 3197 bus
528 3138 676 3215 ejus
721 3134 1326 3212 rationabilissimiS,
1367 3138 1478 3195 sed
1509 3138 1873 3212 proevalens

366 3237 634 3295 viribus
661 3236 971 3314 oppressit
1008 3255 1173 3307 eam,
1206 3244 1266 3295 et
1295 3236 1552 3294 cubavit
1593 3254 1741 3295 cum
1770 3256 1867 3295 ea.

365 3332 496 3397 Sed
525 3334 729 3415 quaeri
761 3342 989 3415 potest,
1023 3352 1138 3395 cur
1169 3352 1298 3396 non
1328 3333 1644 3409 clamavit,
1671 3352 1872 3414 quum

105 3444 332 3499 venun,
365 3433 732 3495 seeundum
773 3432 978 3513 legem
1023 3432 1348 3495 debuisset
1390 3432 1686 3509 clamare,
1723 3433 1874 3513 quia

85 3508 142 3547 24.

363 3532 500 3595 fuit
534 3532 602 3594 in
639 3530 920 3607 civitate,
955 3531 1084 3595 imo
1124 3532 1190 3593 in
1231 3531 1489 3613 palatio,
1526 3550 1643 3594 nec
1684 3531 1871 3611 longe

361 3639 556 3694 erant
596 3629 712 3712 qui
755 3638 1048 3711 poterant
1091 3629 1456 3693 subvenire.
1500 3630 1735 3693 Forsan
1787 3648 1866 3692 ne

363 3730 636 3792 fratrem
671 3748 856 3791 suum
887 3726 1330 3805 confunderet,
1367 3737 1431 3791 et
1471 3728 1694 3791 mortis
1727 3748 1870 3791 sen-

363 3827 591 3891 tentiae
622 3826 925 3890 subderet
971 3846 1140 3889 eum.
1176 3829 1262 3888 Et
1289 3848 1546 3888 carosam
1574 3848 1717 3888 eam
1755 3830 1870 3888 Ιια-

361 3928 509 3987 buit
537 3927 687 3986 odio
719 3944 954 4003 mayno
982 3926 1206 3997 nimis,
1239 3927 1335 3986 ita
1369 3934 1439 3985 ut
1469 3927 1685 4003 majus
1714 3934 1869 3985 esset

361 4026 620 4095 odium,
663 4044 787 4103 quo
823 4044 967 4085 eam
1009 4026 1256 4093 oderat,
1299 4044 1514 4084 amore
1549 4044 1672 4104 quo
1719 4035 1868 4085 ante

359 4126 716 4183 dileoeerat.
738 4121 852 4184 Illa
881 4120 1121 4184 etenim
1152 4129 1458 4202 quantum
1492 4130 1758 4203 poterat,
1783 4122 1868 4185 vi-

1985 2061 2199 2111 vocato
2237 2070 2467 2128 puero,
2505 2053 2621 2131 qui
2663 2053 3077 2112 ministrabat
3122 2051 3209 2120 ei,
3246 2051 3424 2110 dimit
3454 2071 3476 2110 .·

1984 2150 2170 2226 Effice
2206 2152 2376 2210 lianc
2411 2171 2451 2210 a
2490 2171 2588 2210 me
2624 2153 2828 2230 foras,
2865 2159 2925 2210 et
2970 2153 3201 2211 claude
3241 2150 3478 2210 ostium

1975 2257 2116 2324 post
2145 2267 2311 2308 eam.
2343 2250 2494 2315 Quoe
2528 2249 2765 2308 induta
2792 2257 2933 2308 erat
2966 2249 3171 2308 talari
3204 2248 3425 2308 tunica
3453 2267 3476 2306 .·

1984 2367 2126 2429 quae
2174 2348 2420 2412 scilicet
2462 2368 2664 2432 usque
2709 2350 2789 2411 ad
2828 2349 2988 2412 talos
3032 2349 3173 2430 ejus
3219 2349 3479 2412 descen-

1983 2447 2096 2523 dit,
2131 2467 2324 2528 quam
2353 2446 2663 2529 Iosephus
2694 2456 2877 2511 vocat
2914 2447 3238 2511 colobium
3278 2446 3481 2508 mani-

1983 2555 2210 2608 catum.
2223 2546 2479 2622 Tamen,
2505 2553 2575 2607 ut
2593 2546 2855 2627 quidam
2883 2545 3095 2622 refert,
3118 2545 3181 2606 in
3214 2544 3478 2608 Hebraeo

1983 2643 2271 2720 habetur,
2308 2643 2519 2708 Serica
2560 2644 2796 2707 tunica.
2834 2644 2953 2707 Sed
2994 2644 3207 2727 potius
3256 2651 3351 2706 est
3390 2651 3480 2705 te-

1985 2743 2287 2820 nendum,
2331 2742 2607 2805 litteram
2656 2743 2817 2806 banc
2857 2743 3109 2806 veritati
3152 2741 3473 2805 Hebraicae

1981 2861 2343 2918 consonare,
2365 2850 2427 2906 et
2451 2842 2719 2904 verbum
2751 2842 2909 2905 illud
2934 2841 3311 2921 Hebraicum
3336 2859 3476 2903 esse

1984 2940 2252 3003 forsitan
2294 2941 2685 3022 aequivocum
2722 2940 2800 3002 ad
2836 2947 3193 3022 utrumque.
3231 2940 3477 3017 Hujus-

1979 3138 2179 3199 stibus
2211 3141 2579 3199 utebantur.
2614 3138 2683 3200 In
2722 3156 2848 3219 quo
2889 3137 3271 3217 religiositas
3310 3136 3475 3217 regis

1980 3234 2176 3299 David
2207 3245 2480 3318 apparet,
2505 3237 2618 3320 qui
2647 3245 2777 3299 tam
2809 3236 3162 3299 humilibus
3187 3234 3474 3299 vestibus

1982 3353 2110 3397 non
2155 3334 2223 3396 in
2269 3342 2501 3399 terram
2538 3332 2999 3411 defluentibuS,
3038 3334 3148 3397 sed
3187 3333 3295 3396 vix
3332 3353 3474 3397 eam

1984 3432 2413 3514 tangentibus,
2445 3433 2638 3515 jussit
2669 3452 2815 3496 suas
2846 3432 3019 3496 filias
3051 3432 3179 3505 uti;
3216 3451 3333 3495 nee
3365 3432 3475 3494 du-

1979 3531 2178 3609 bium,
2215 3532 2374 3614 quin
2405 3531 2472 3593 in
2503 3531 2731 3594 ceteris
2762 3530 2894 3593 suis
2924 3530 3293 3594 domesticis
3328 3549 3473 3610 pro-

1980 3628 2490 3710 portionabiliter
2526 3628 2800 3692 vestium
2840 3628 3322 3691 condecentiam
3360 3627 3472 3690 ob-

1978 3714 2290 3791 servavit.
2310 3727 2399 3789 Ex
2428 3745 2553 3807 quo
2585 3726 3138 3808 reprehenduntur
3168 3724 3459 3808 superbae

1979 3845 2052 3889 ac
2107 3824 2297 3888 fatuae
2354 3825 2655 3887 mulieres
2704 3843 2778 3887 ac
2823 3823 3103 3904 virgines
3162 3824 3468 3906 temporis

1981 3924 2194 4006 hujuS,
2237 3943 2380 4005 quae
2419 3924 2569 3986 licet
2607 3942 2644 3986 a
2682 3924 2855 4003 regia
2894 3922 3229 3986 nobilitate
3268 3921 3471 4004 pluri-

1978 4042 2152 4084 mum
2209 4022 2466 4099 distent,
2521 4028 2732 4085 tamen
2784 4021 3069 4085 vestibus
3118 4019 3466 4084 enormiter

1978 4120 2208 4201 longiS,
2232 4140 2304 4183 ac
2336 4140 2403 4183 se
2434 4138 2547 4202 per
2580 4128 2810 4183 terram
2844 4119 3245 4182 trahentibus
3278 4118 3471 4180 indu-

361 4220 579 4283 riliter
618 4219 854 4283 restitit
887 4237 900 4281 :
937 4220 1176 4283 ideireo
1208 4220 1308 4299 (ut
1339 4218 1557 4282 ferunt
1594 4220 1867 4301 Hebraei)
1897 4220 1949 4282 D
1978 4228 2196 4281 untur.
2244 4219 2311 4281 In
2359 4218 2751 4282 ornamentis
2800 4218 2993 4282 ctiam
3045 4215 3462 4300 pretiositate,

365 4318 570 4381 miser
599 4318 711 4380 ille
741 4337 810 4381 se
837 4318 1117 4397 graviter
1148 4318 1332 4380 laesit.

448 4418 770 4497 Dixitque
797 4418 861 4476 ei
878 4419 1138 4478 Amnon
1159 4436 1183 4477 .·
1203 4420 1414 4493 Surge
1439 4426 1499 4477 et
1529 4420 1711 4477 vade.
1727 4416 1868 4497 Ipsa

363 4522 586 4578 autem
623 4515 726 4595 (ut
769 4514 858 4576 ait
887 4514 1104 4577 Petrus
1135 4514 1488 4595 Comestor)
1516 4514 1763 4595 rogavit
1803 4524 1873 4577 ut

365 4622 664 4677 maneret
694 4632 842 4675 cum
864 4612 1021 4695 ipso,
1043 4620 1106 4676 et
1137 4610 1325 4675 fieret
1353 4612 1414 4675 ei
1440 4631 1612 4689 uxor,
1641 4621 1871 4695 putans

367 4712 593 4776 forsan
623 4710 692 4773 in
725 4711 846 4775 hoc
866 4729 1054 4793 posse
1073 4710 1445 4792 dispensari.
1466 4715 1639 4783 Quoe,
1661 4712 1873 4776 nolen-

367 4822 434 4875 te
487 4812 652 4895 ipso,
685 4814 1016 4891 respondit
1046 4832 1068 4871 .·
1101 4812 1325 4890 Majus
1351 4822 1440 4873 est
1475 4814 1590 4873 hoc
1619 4817 1868 4875 malum

364 4914 546 4993 quod
590 4932 772 4973 nunc
817 4913 960 4988 aqis
1007 4914 1352 4972 adversum
1399 4930 1520 4981 me,
1551 4916 1869 4990 eoepellens

365 5032 492 5083 me,
527 5010 595 5072 in
628 5018 942 5091 quantum
971 5009 1090 5073 hoc
1133 5008 1267 5089 agis
1298 5027 1374 5071 ex
1411 5008 1686 5072 maximo
1716 5009 1862 5072 odio

365 5116 436 5171 et
465 5116 840 5190 contemptu
878 5126 1166 5189 personae
1203 5126 1380 5184 meae,
1417 5106 1521 5169 cui
1553 5115 1698 5189 post
1732 5115 1866 5170 tan-

367 5216 502 5269 tam
547 5206 854 5287 injuriam
897 5206 1133 5269 teneris
1174 5206 1251 5269 ad
1291 5224 1770 5287 recompensam
1800 5214 1864 5269 et

363 5304 906 5388 compassionem,
941 5322 1070 5368 non
1112 5305 1192 5368 ad
1222 5304 1627 5368 contumeliae
1669 5304 1861 5386 hujus

623 5438 692 5490 Τ.
723 5440 772 5491 3.

1981 4318 2187 4397 figura
2224 4337 2297 4380 ac
2336 4317 2747 4380 multitudine
2780 4316 3055 4379 vestium
3094 4314 3470 4395 gravissime

1978 4425 2265 4498 peccant.
2291 4416 2596 4479 Similiter
2625 4416 3059 4479 adolescentes
3088 4434 3160 4478 ac
3190 4413 3316 4478 viri
3353 4431 3469 4476 suo

1977 4516 2188 4579 modo.

2057 4616 2271 4694 Ejecit
2298 4617 2516 4695 itaque
2543 4634 2684 4675 eam
2716 4615 3015 4675 minister
3044 4615 3229 4674 illius
3258 4617 3459 4694 foras,

1977 4716 2335 4793 clausitque
2363 4714 2531 4791 fores
2554 4722 2696 4791 post
2724 4734 2889 4774 eam.
2930 4714 3082 4781 Quae
3111 4711 3179 4773 in
3211 4712 3465 4792 signum

1978 4810 2238 4887 doloris,
2252 4815 2634 4889 adsperyens
2652 4813 2932 4871 cinerem
2952 4812 3157 4888 capiti
3174 4830 3311 4881 su0,
3328 4812 3470 4870 scis-

1975 4931 2048 4970 sa
2080 4912 2281 4971 talari
2312 4911 2556 4981 tunica,
2580 4911 3019 4989 impositisque
3051 4910 3351 4970 manibus
3367 4928 3468 4969 su·

1968 5028 2088 5086 per
2116 5018 2311 5087 caput
2338 5029 2556 5078 suum,
2586 5010 2744 5078 ibat,
2776 5026 2891 5089 per
2934 5006 3242 5088 palatium
3274 5006 3461 5086 regiS,

1977 5116 2048 5170 ut
2077 5106 2279 5189 aliqui
2310 5106 2553 5183 dicunt,
2584 5126 2731 5169 cum
2764 5106 2872 5169 tali
2904 5104 3345 5187 dispositione,
3372 5114 3469 5166 ut-

1976 5214 2124 5287 pote
2147 5205 2314 5268 victa
2344 5204 2562 5267 dolore
2590 5223 2665 5267 ac
2686 5222 2958 5267 moerore
2984 5204 3066 5267 ob
3100 5212 3306 5267 tantas
3338 5202 3462 5265 sibi

1975 5302 2185 5366 illatas
2230 5301 2521 5383 injurias,
2558 5304 2928 5379 ingrediens
2972 5304 3233 5366 domum
3273 5302 3469 5365 Absa-

3158 5440 3219 5489 33
