4359 6250
1120 512 1467 559 &vanniano
1508 512 1569 558 {N
1611 511 1747 557 CAP.
1794 512 1897 556 XVI
1937 512 2212 560 summm.
2257 533 2337 544 -—
2378 515 2520 561 ΛΒΤ.
2566 517 2759 563 xxvm

3361 499 3476 562 197

370 679 605 742 sertim
640 679 883 762 publici
913 681 1127 744 hostes
1161 681 1354 745 totius
1375 681 1871 758 communitatiS,
1908 682 1951 743 A
2068 686 2221 746 Post
2251 689 2384 747 hoec
2412 690 2662 748 amavit
2695 689 3027 748 mulierem
3055 708 3198 766 quoe
3227 689 3476 749 habita-

368 779 792 842 securitatem
822 799 951 843 non
983 779 1223 844 habent
1262 781 1327 843 in
1364 800 1623 844 suorum
1663 782 1878 862 hospi-

372 876 488 938 tiis
510 877 911 941 aemulorum.
928 878 1230 942 Philistaei
1256 889 1468 943 autem
1501 880 1878 962 reputabant

356 976 757 1040 ‚Samsonem
796 997 927 1040 suae
966 977 1337 1060 reipublicae
1379 980 1727 1042 maximum
1767 979 1878 1042 ho-

370 1082 543 1137 stem
584 1093 599 1137 :
634 1075 763 1138 imo
806 1075 1041 1138 talibus
1083 1078 1461 1140 adversariis
1505 1077 1877 1160 prohibetur

370 1173 711 1252 ingressus
743 1173 813 1236 in
845 1183 1077 1238 terram
1109 1195 1301 1257 quam
1334 1185 1604 1240 vastant.

463 1275 651 1340 Quod
669 1293 871 1352 quum
896 1276 1229 1336 audissent
1246 1277 1639 1346 Philistiim,
1656 1286 1716 1336 et
1739 1295 1878 1352 per-

367 1373 725 1432 crebuisset
756 1375 938 1449 apud
978 1393 1103 1443 eos,
1134 1375 1409 1434 intrasse
1438 1377 1660 1435 urbem
1690 1377 1879 1436 Sam-

365 1492 515 1544 son,
569 1455 1141 1534 circumdederunt
1195 1493 1365 1534 eum.
1416 1473 1544 1536 Hoc
1603 1473 1875 1554 intelligi

368 1577 615 1650 potest,
650 1571 822 1651 quod
866 1570 1041 1633 cives
1079 1569 1278 1633 Gazaei
1322 1571 1877 1634 circumdederunt

366 1669 667 1747 domum,
690 1668 757 1730 in
783 1687 913 1750 qua
944 1668 1207 1733 Samson
1240 1678 1373 1732 erat
1395 1696 1409 1748 3
1434 1671 1536 1732 vel
1563 1672 1734 1752 quod
1764 1670 1875 1732 alii

369 1785 643 1848 quoque
696 1766 997 1830 Philistaei
1049 1767 1607 1831 circumdederunt
1650 1769 1873 1831 urbem

1987 785 2081 842 vit
2121 785 2403 856 inmane
2440 788 2632 846 Sorec
2666 806 2689 845 .·
2727 793 2824 847 est
2867 793 3078 848 autem
3125 784 3332 860 Sorec‚
3367 805 3476 866 ge-

1990 900 2108 942 nus
2147 890 2256 943 aut
2295 882 2471 944 locus
2512 883 2702 957 vitis3
2745 894 2805 944 et
2844 885 3188 944 vocabatur
3223 885 3472 946 Dalila.
3515 867 3520 872 ⁵

1988 978 2316 1060 Scriptura
2360 999 2482 1042 non
2532 981 2734 1057 docet,
2777 1000 2855 1042 an
2903 980 3134 1042 mulier
3184 979 3306 1042 ista
3353 980 3478 1043 fuit

1986 1077 2065 1138 de
2115 1077 2314 1158 stirpe
2363 1077 2840 1140 Philistinorum
2893 1097 2971 1140 an
3021 1078 3470 1154 Hebraeorum3

1988 1194 2104 1237 nec
2134 1175 2326 1237 etiam
2359 1175 2674 1257 exprimit,
2696 1195 2775 1238 an
2807 1177 2988 1238 duxit
3017 1196 3154 1238 eam
3188 1195 3471 1238 uxorem.

1985 1273 2061 1335 Et
2096 1285 2272 1356 put0,
2307 1276 2477 1356 quod
2514 1276 2786 1357 sumpsit
2827 1296 2963 1339 eam
3005 1276 3070 1337 in
3112 1276 3470 1356 conjugem,

1986 1374 2291 1454 quoniam
2333 1373 2533 1436 multo
2574 1382 2859 1456 tempore
2896 1373 3062 1436 sedit
3090 1393 3236 1437 cum
3265 1393 3361 1450 ea,
3393 1393 3475 1438 ne

1986 1471 2277 1534 videatur
2309 1480 2482 1534 tanto
2513 1481 2798 1554 tempore
2831 1472 2894 1534 in
2929 1471 3351 1536 fornicatione
3382 1492 3474 1535 se-

1984 1570 2440 1633 disse.Vidctur
2459 1589 2728 1651 quoque,
2742 1571 2913 1652 quod
2935 1569 3117 1634 fuerit
3137 1569 3472 1647 philistaea,

1984 1669 2290 1751 quoniam
2335 1675 2602 1750 satrapae
2635 1667 3114 1732 philistinorum
3157 1677 3283 1730 tam
3322 1687 3472 1732 con-

1986 1766 2262 1831 fidenter
2307 1776 2709 1831 accesserunt
2745 1769 2822 1830 ad
2854 1787 3016 1844 eam,
3051 1775 3124 1830 ut
3151 1766 3473 1848 deciperet

369 1864 582 1942 illam,
617 1884 699 1928 ne
730 1885 845 1947 per
872 1865 1153 1948 aliquam
1184 1867 1322 1948 ejus
1363 1875 1607 1948 partem
1650 1868 1877 1930 evade-
1912 1867 1957 1928 B
1986 1867 2195 1929 virum
2226 1886 2434 1944 suum,
2461 1866 2683 1948 etipsa
2707 1875 2828 1928 tam
2853 1867 2980 1930 cito
3001 1866 3324 1949 acquievit
3351 1865 3473 1930 eis-

370 1971 495 2026 re-t.
529 1965 777 2026 Positis
816 1967 889 2024 in
922 1975 1113 2042 porta
1152 1968 1439 2026 civitatis
1482 1968 1870 2039 custodibus,

368 2061 441 2123 in
474 2081 553 2125 ea
583 2061 833 2126 scilicet
866 2071 1068 2144 porta,
1090 2082 1415 2145 perquam
1450 2062 1657 2126 fuerat
1682 2064 1877 2126 exitu-

366 2179 483 2222 rus
501 2184 517 2235 ;
536 2160 641 2222 vel
664 2161 991 2242 singulare
1012 2161 1275 2243 ponitur
1295 2181 1409 2244 pro
1429 2161 1686 2243 plurali,
1702 2171 1774 2224 ut
1792 2163 1876 2224 sit

364 2277 627 2338 sensuS,
657 2260 830 2341 quod
861 2260 929 2321 in
960 2260 1232 2341 singulis
1263 2260 1462 2342 portis
1493 2260 1669 2323 urbis
1700 2260 1873 2323 illius

369 2365 735 2440 posuerunt
770 2359 943 2422 viros
982 2366 1257 2421 armatos
1296 2360 1374 2421 ad
1405 2359 1868 2422 observandum

366 2457 515 2537 ejus
544 2474 899 2536 egressum.
923 2460 1009 2520 Et
1040 2459 1140 2517 ibi
1170 2468 1297 2518 tota
1317 2467 1495 2518 nocte
1510 2477 1657 2517 eum
1686 2459 1875 2518 silen-

351 2557 463 2616 tio
504 2561 971 2635 praestolantes,
1007 2567 1081 2619 ut
1110 2558 1284 2634 facto
1316 2577 1506 2618 mane
1537 2566 1875 2617 exeuntem

364 2655 451 2718 de
494 2655 686 2718 domo
728 2655 1041 2732 mulieriS‚
1082 2655 1182 2720 vel
1227 2656 1305 2718 de
1348 2663 1531 2738 porta
1568 2654 1869 2730 civitam,

363 2757 737 2815 occiderent
783 2753 849 2815 in
897 2754 1097 2817 altero
1134 2755 1363 2818 horum
1403 2754 1710 2818 locorum.
1753 2753 1872 2816 Sed

362 2854 689 2934 quomodo
708 2853 1230 2935 praestolabantur
1248 2853 1316 2915 in
1337 2861 1515 2935 porta
1530 2861 1657 2916 tota
1676 2860 1868 2928 nocte,

362 2973 575 3035 quum
611 2952 1065 3034 subjungatur,
1087 2953 1416 3014 Dormivit
1445 2961 1662 3013 autem
1695 2954 1875 3012 Sam-

1985 1965 2153 2040 dem,
2191 1972 2450 2047 tamque
2490 1963 2978 2046 infatigabiliter
3008 1963 3324 2028 laboravit
3357 1981 3473 2045 pro

1986 2063 2129 2127 hoc.
2182 2067 2619 2142 Veneruntque
2656 2067 2744 2124 ad
2775 2085 2918 2124 eam
2957 2065 3286 2142 principes
3317 2064 3475 2124 Pla·-

1986 2163 2360 2222 listinorum
2400 2171 2585 2241 atque
2620 2163 2936 2221 dia-erunt
2967 2181 2991 2224 .·.
3021 2162 3254 2238 Decipe
3299 2181 3474 2228 eum,

1982 2271 2041 2321 et
2071 2262 2244 2320 disce
2271 2262 2352 2320 ab
2381 2262 2496 2320 illo
2529 2262 2601 2320 in
2633 2279 2756 2338 quo
2795 2262 3025 2320 habeat
3059 2268 3308 2320 tantam
3349 2260 3475 2336 for-

1988 2359 2364 2428 titudinem,
2393 2368 2452 2418 et
2495 2361 2806 2436 quomodo
2845 2377 2994 2418 eum
3029 2376 3336 2434 superare
3369 2376 3474 2416 va-

1984 2461 2253 2527 leamus,
2287 2465 2346 2516 et
2391 2457 2681 2517 vinctum
2725 2456 3029 2533 affliyere.
3067 2458 3250 2524 Quod
3285 2457 3344 2514 si
3378 2455 3473 2531 fe-

1983 2556 2167 2626 ceris,
2186 2554 2486 2615 dabimus
2518 2555 2637 2615 tibi
2663 2555 2914 2630 sinyuli
2937 2555 3118 2614 mille
3135 2562 3194 2613 et
3213 2561 3470 2614 eentum

1983 2662 2331 2730 arqenteOS.

2062 2755 2306 2813 Locuta
2336 2761 2424 2811 est
2453 2770 2599 2828 erqo
2630 2752 2856 2812 Dalila
2885 2752 2974 2810 ad
3004 2751 3276 2810 Samson
3297 2766 3320 2810 .·
3350 2750 3473 2811 Dic

1970 2851 2175 2919 mihi,
2195 2852 2464 2920 obsecro,
2497 2849 2570 2910 in
2603 2868 2724 2928 quo
2755 2849 2840 2908 sit
2872 2857 2988 2908 tua
3017 2849 3316 2909 maxima
3345 2849 3473 2925 for-

1986 2951 2221 3018 titudo,
2252 2947 2316 3010 id
2361 2955 2478 3022 est,
2516 2947 2581 3008 in
2621 2964 2749 3028 quo
2787 2945 3112 3023 consistat,
3147 2953 3211 3008 et
3240 2965 3316 3008 ex
3344 2965 3476 3027 qua

364 3073 489 3113 son
522 3073 729 3134 usque
759 3055 848 3113 ad
876 3052 1079 3113 noetis
1110 3053 1445 3113 medium?
1475 3049 1606 3113 Dici
1639 3058 1867 3133 potest,
1902 3052 1945 3115 C
1982 3066 2173 3110 causa
2225 3047 2604 3129 dependeat,
2650 3055 2710 3106 et
2756 3047 2920 3125 quid
2965 3047 3050 3106 sit
3097 3046 3168 3105 in
3220 3063 3344 3125 quo
3395 3045 3474 3105 li-

363 3153 548 3234 quod
577 3170 693 3234 per
722 3152 1165 3234 synecdochen
1198 3151 1318 3214 hoc
1348 3149 1617 3213 dicatur.
1655 3149 1866 3226 Pori-0,

364 3271 450 3315 an
488 3251 735 3313 tamdiu
762 3270 912 3315 vere
943 3250 1264 3327 dormivit,
1288 3269 1369 3311 an
1396 3249 1606 3331 potius
1628 3248 1869 3311 tamdiu

365 3350 693 3413 dormisse
722 3350 993 3425 dicatur,
1026 3349 1181 3432 quia
1211 3348 1452 3412 tamdiu
1485 3348 1687 3430 jacuit
1724 3366 1867 3409 cum

367 3448 623 3511 femina
656 3447 791 3525 illa,
821 3449 1003 3529 juxta
1040 3466 1443 3511 communem
1483 3447 1741 3509 modum
1781 3444 1871 3507 lo-

362 3548 642 3629 quendi,
692 3547 941 3629 ignoro.
984 3551 1071 3609 Et
1120 3550 1271 3608 inde
1318 3565 1725 3623 consurqens,
1764 3564 1871 3621 ap-

353 3648 719 3725 prehendit
739 3648 961 3707 ambas
978 3656 1183 3725 portoe
1199 3646 1395 3722 fores,
1414 3643 1479 3705 id
1500 3652 1597 3706 est
1618 3642 1866 3723 januaS,

362 3766 522 3805 eum
564 3746 859 3822 postibus
908 3746 1046 3805 suis
1092 3754 1153 3804 et
1197 3764 1367 3812 sera,
1415 3744 1872 3820 impositasque

365 3845 666 3905 humeris
697 3846 835 3905 suis
866 3844 1157 3921 portavit
1185 3845 1272 3902 ad
1300 3843 1601 3901 verticem
1636 3840 1870 3900 montis

366 3945 495 4024 qui
524 3945 791 4021 respicit
809 3942 1283 4005 Hebron.Unde
1314 3939 1675 4023 percepisse
1705 3938 1872 4002 vide-

368 4054 480 4106 tur
508 4064 579 4107 se
607 4062 750 4106 esse
782 4041 1134 4105 obsessum.
1170 4039 1371 4114 Quare
1411 4037 1708 4100 Philistaei
1749 4037 1869 4100 hoc

364 4149 735 4219 cernenteS,
770 4160 914 4205 eum
948 4159 1077 4203 non
1111 4138 1525 4201 invaserunt?
1554 4137 1651 4199 An
1682 4154 1873 4217 sopor

1974 3157 2191 3223 yantas,
2223 3165 2556 3223 erumpere
2604 3165 2880 3224 nequeas
2910 3146 2940 3206 ‚2
2976 3146 3098 3204 Cui
3145 3144 3474 3221 respondit

1980 3250 2252 3307 Samson
2288 3244 2355 3306 in
2387 3244 2554 3321 dolo,
2589 3242 2691 3306 vel
2725 3242 2891 3306 forte
2922 3242 3184 3318 ironice,
3221 3260 3348 3305 non
3380 3260 3473 3303 as-

1981 3342 2237 3419 sertive,
2281 3350 2345 3405 ct
2394 3342 2486 3405 sic
2534 3348 2942 3405 excusaretur
2989 3360 3026 3403 a
3071 3340 3260 3421 culpa
3299 3359 3473 3403 men-

1980 3441 2169 3504 dacii.
2203 3440 2374 3503 Infra
2410 3449 2624 3503 tamen
2658 3439 2860 3501 Dalila
2895 3438 2953 3501 ei
2994 3438 3268 3520 imponit
3297 3439 3467 3519 quod

1978 3540 2285 3605 mentitus
2316 3540 2398 3601 sit
2427 3539 2697 3613 ci.Quod
2732 3538 2786 3599 si
2817 3538 2924 3613 ita,
2946 3546 3042 3601 est
3065 3537 3469 3601 mendacium

1981 3640 2139 3702 illud
2172 3640 2483 3719 jocosum,
2506 3656 2632 3700 non
2663 3636 3210 3719 perniciosum.Si
3236 3646 3470 3714 septem

1980 3740 2292 3800 nerviceis
2319 3739 2618 3813 funibus,
2657 3736 2777 3798 hoc
2819 3745 2917 3799 cst
2960 3736 3040 3798 de
3085 3734 3298 3798 nervis
3343 3734 3471 3797 for—

1980 3836 2190 3914 matiS,
2223 3839 2497 3897 necdum
2542 3837 2754 3905 siccis,
2783 3844 2843 3896 et
2887 3837 3102 3895 adhuc
3147 3836 3472 3895 humenti-

1980 3938 2115 4006 bus,
2148 3933 2261 4015 qui
2309 3932 2650 3995 difficilius
2701 3932 3178 4013 dirumpuntur,
3233 3934 3472 4010 liyatus

1978 4034 2194 4110 suem,
2215 4034 2525 4109 infirmus
2554 4050 2659 4091 ero
2689 4040 2764 4091 ut
2793 4032 2988 4091 ceteri
3019 4031 3330 4091 homines.
3355 4028 3473 4103 Qui

1982 4131 2131 4194 licet
2168 4136 2382 4193 essent
2427 4128 2670 4191 robusti
2713 4129 2778 4190 in
2809 4146 2924 4191 suo
2965 4146 3218 4208 genere,
3261 4136 3470 4190 tamen

365 4242 473 4306 vel
508 4242 705 4304 timor
744 4258 853 4303 eos
901 4238 1182 4303 invasit?
1216 4237 1332 4300 Vel
1370 4236 1423 4299 si
1470 4234 1765 4299 resistere
1809 4240 1871 4297 et
1905 4232 1952 4293 D
1983 4238 2274 4310 respectu
2305 4227 2627 4291 Samsonis
2667 4235 2850 4289 erant
2889 4226 3177 4289 infirmi:
3211 4235 3473 4308 propter

366 4361 521 4405 eum
554 4339 863 4402 invadere
895 4337 1286 4412 nitebantur,
1320 4354 1466 4398 mox
1498 4353 1605 4397 eos
1637 4332 1871 4415 abjecit

368 4461 445 4504 ac
477 4438 741 4522 repulit.
779 4437 1065 4519 Denique
1096 4434 1150 4497 si
1184 4434 1474 4516 peccavit
1504 4452 1649 4495 cum
1689 4430 1873 4494 femi-

370 4557 459 4602 na
497 4538 635 4615 illa,
670 4536 907 4599 mirum
939 4535 1111 4617 quod
1142 4534 1307 4597 Deus
1348 4533 1413 4594 in
1453 4531 1564 4594 illo
1603 4529 1871 4593 articulo

368 4637 551 4700 dedit
575 4644 639 4698 et
660 4633 1067 4699 conservavit
1086 4632 1153 4694 in
1174 4650 1251 4694 eo
1281 4629 1722 4705 fortitudinem
1746 4636 1875 4689 tan-

372 4746 536 4799 tam:
560 4734 631 4797 in
652 4752 785 4817 quo
802 4733 967 4796 mira
985 4731 1097 4796 Dei
1124 4729 1559 4794 misericordia
1579 4746 1881 4791 commen-

368 4835 583 4898 datur.
618 4832 799 4896 Unde
842 4840 907 4895 et
952 4830 1155 4895 videri
1196 4828 1389 4892 alicui
1438 4835 1669 4910 potest,
1704 4826 1872 4907 quod

376 4932 692 4997 fortitudo
721 4930 835 4993 illa
858 4930 986 4993 fuit
1017 4930 1081 4992 in
1114 4946 1191 4993 eo
1212 4926 1877 5007 habitualiter‚quam-

372 5032 485 5095 diu
509 5032 717 5110 legem
736 5028 1171 5091 Nazaraeorum
1194 5022 1707 5105 servavitAliqui
1727 5040 1877 5086 vero

372 5131 623 5206 dicunt,
650 5128 825 5210 quod
858 5144 985 5189 non
1013 5127 1229 5190 aderat
1258 5124 1317 5188 ei
1350 5141 1601 5205 semper
1632 5122 1766 5183 sive
1801 5120 1878 5181 ad

379 5229 661 5303 libitum,
688 5228 801 5289 sed
834 5225 1177 5301 interdum,
1202 5223 1553 5287 secundum
1580 5219 1752 5303 quod
1782 5238 1883 5281 cx-

382 5325 683 5408 pediebat
703 5324 1057 5387 secundum
1077 5320 1561 5404 dispositionem
1583 5317 1883 5380 divinam.

1980 4328 2150 4409 quod
2197 4327 2388 4391 ceteri
2436 4326 2724 4390 homines
2769 4326 3150 4389 videbantur
3192 4324 3252 4388 ei
3292 4324 3472 4387 infir-

1981 4426 2092 4489 mi.
2129 4430 2638 4505 Attuleruntque
2668 4428 2756 4486 ad
2783 4446 2926 4487 eam
2953 4435 3232 4502 satrapoe
3259 4425 3473 4487 Phili-

1980 4527 2304 4587 stinorum
2346 4534 2581 4601 septem
2625 4525 2842 4602 funes,
2885 4533 2958 4584 ut
2999 4524 3281 4585 dioeerat.
3315 4522 3469 4585 Nam

1984 4622 2187 4684 Dalila
2227 4621 2440 4683 statim
2481 4620 2834 4683 insinuavit
2870 4620 2962 4684 eis
3005 4619 3202 4684 verba
3231 4619 3474 4683 Samso-

1985 4720 2107 4783 niS.
2146 4721 2391 4790 Quibus
2434 4718 2698 4781 funibus
2731 4720 2949 4779 vinaeit
2987 4738 3134 4779 eum
3179 4717 3300 4780 hoc
3338 4737 3476 4799 per-

1984 4819 2364 4881 mittentem.
2381 4818 2448 4879 ln
2472 4816 2864 4880 Scholastica
2883 4814 3152 4878 habetur
3171 4814 3438 4877 historia
3457 4832 3471 4876 ε

1989 4916 2416 4980 Dormientem
2447 4923 2510 4977 et
2537 4914 2922 4977 inebriatum
2951 4912 3332 4975 Samsonem.
3355 4916 3479 4974 La-

1990 5016 2268 5078 tentibus
2296 5016 2476 5089 apud
2501 5034 2564 5073 se
2596 5013 2884 5083 insidiis,
2920 5010 3167 5073 scilicet
3205 5008 3477 5093 satrapis

1990 5113 2143 5189 illis,
2178 5117 2242 5174 et
2277 5129 2495 5173 eorum
2535 5109 2821 5183 familiis,
2854 5109 2965 5191 qui
3001 5117 3064 5171 et
3097 5109 3344 5172 occulte
3375 5129 3479 5172 ve-

1992 5216 2258 5282 nerunt3
2287 5219 2347 5268 et
2373 5210 2446 5267 in
2470 5210 2762 5267 cubiculo
2779 5211 2978 5283 finem
2997 5209 3096 5267 rei
3118 5218 3481 5285 eoespectan-

1997 5312 2188 5379 tibus,
2206 5325 2286 5369 an
2320 5304 2567 5368 scilicet
2589 5304 2852 5367 Samson
2884 5314 3204 5388 rumperet
3223 5305 3480 5368 vincula
