4359 6250
625 769 680 812 IV
693 770 799 824 Βερ.
813 770 884 818 ι,9..

639 967 769 1011 Deut-
785 980 885 1019 xxii,

911 464 1030 527 616

1525 480 1872 527 mannum
1913 481 1976 526 IN
2017 482 2155 527 ΕΑΓ.
2203 479 2265 523 v1
2306 478 2462 525 unm
2503 479 2700 524 'raum
2746 479 2967 525 nmuu.
3013 500 3094 511 —
3134 478 3276 525 ΛΒΤ.
3322 480 3387 526 lx

913 652 1174 735 quidam
1207 661 1555 734 exponunt.
1580 652 1758 714 Unde
1790 652 1960 714 infra
1986 651 2401 734 quartolibro
2431 648 2483 711 A
2512 650 2734 732 positae
2786 651 2851 712 in
2899 652 3118 728 domo,
3169 651 3619 734 prominebant
3670 651 3837 715 foras
3884 671 3985 733 per

918 750 1123 814 fertur
1167 752 1246 814 de
1289 750 1580 827 Ochozia,
1613 752 1784 833 quod
1834 752 2064 814 cecidit
2109 771 2221 833 per
2258 768 2405 812 can-
2486 766 2759 831 gyrum,
2807 757 2877 810 ut
2927 750 3169 813 dictum
3218 759 3353 825 est3
3394 760 3463 811 ut
3510 772 3637 811 non
3690 753 3987 811 haererent

915 852 1112 915 cellos
1154 851 1382 914 domus
1427 871 1576 914 suae.
1611 850 1768 913 Hinc
1809 851 1872 913 in
1915 850 2406 914 Deuteronomio

917 951 1042 1013 fuit
1089 959 1474 1033 praeceptum
1522 968 1536 1013 ε
1582 950 1782 1024 Quum
1833 949 2259 1013 aedificaveris
2299 950 2408 1012 do-

916 1070 1088 1113 mum
1124 1068 1377 1127 novam,
1415 1048 1612 1112 facies
1654 1069 1908 1111 murum
1951 1048 2100 1111 tecti
2143 1067 2257 1130 per
2286 1048 2407 1109 cir-

916 1150 1184 1225 cuitum,
1241 1168 1320 1211 ne
1371 1148 1744 1211 effundatur
1792 1147 2168 1229 sanguis-in
2218 1147 2407 1209 domo

917 1256 1048 1324 tua,
1085 1256 1147 1310 et
1178 1247 1265 1309 sis
1299 1266 1465 1322 rcuS,
1494 1246 1746 1309 labente
1773 1246 1902 1310 alio
1933 1254 1995 1307 et
2028 1246 2094 1307 in
2125 1264 2406 1327 praeceps

920 1354 1168 1409 ruente.

1025 1444 1500 1525 Consequenter
1568 1443 1778 1522 agitur
1837 1443 1915 1505 de
1977 1442 2409 1523 inaequalitate

921 1544 1112 1606 trium
1146 1542 1588 1624 praedictorum
1625 1541 2073 1617 tabulatorum,
2101 1542 2167 1603 in
2202 1540 2409 1603 latitu-

919 1643 1070 1703 dine
1117 1642 1507 1703 eorumdem.
1564 1643 1947 1702 Tabulatum
1985 1644 2156 1719 quod
2197 1642 2409 1700 subter

918 1750 1079 1811 erat,
1115 1740 1233 1801 hoc
1265 1747 1359 1801 est
1393 1738 1662 1801 inferius
1691 1758 1801 1801 seu
1839 1738 2136 1800 infimum
2170 1738 2410 1799 tabula-

2516 852 2725 909 muris
2776 853 3023 927 templi,
3052 850 3173 911 hoc
3215 858 3333 926 est,
3369 850 3457 911 ita
3501 851 3676 931 quod
3728 849 3992 911 tabulata

2517 966 2643 1009 non
2681 947 3023 1027 tangebant
3061 947 3424 1011 immediate
3468 966 3687 1011 muros
3732 947 3941 1029 templi
3972 965 3987 1008 ι

2516 1045 2819 1128 quoniam
2852 1046 3172 1109 modicum
3206 1046 3483 1128 spatium
3526 1045 3994 1127 relinquebatur

2520 1145 2686 1207 iuter
2736 1164 2811 1207 ea
2850 1153 2913 1207 et
2958 1164 3198 1222 murm,
3230 1146 3401 1226 quod
3444 1155 3657 1207 tamen
3708 1154 3843 1207 erat
3878 1154 3997 1208 tam

2519 1263 2809 1327 parvum,
2845 1238 3014 1324 quod
3046 1263 3158 1325 per
3200 1243 3409 1325 ipsum
3450 1263 3579 1308 non
3621 1252 3868 1325 poterat
3898 1264 3997 1326 pes

2520 1344 2777 1418 intrare,
2828 1350 2939 1404 aut
2984 1340 3320 1403 ambulans
3368 1343 3615 1406 cadere.
3666 1342 3749 1404 Et
3796 1340 3997 1405 forsan

2517 1440 2998 1521 relinquebatur
3029 1439 3117 1501 ibi
3155 1441 3233 1502 ad
3279 1441 3657 1503 intuendum
3691 1461 3809 1523 per
3852 1441 3998 1503 illud

2516 1540 2671 1623 quid
2720 1546 3013 1619 ageretur
3054 1536 3323 1601 inferius
3364 1539 3464 1602 vel
3514 1548 3703 1603 esset.
3740 1540 3857 1603 Vel
3900 1540 4001 1601 ali-

2516 1639 2671 1722 quid
2712 1637 3011 1719 sculptile
3054 1646 3161 1699 aut
3200 1638 3515 1713 caelatum,
3554 1638 3999 1721 interpositum

2519 1738 2643 1801 fuit
2686 1738 2763 1799 ad
2814 1746 3107 1799 ornatum
3158 1744 3221 1799 et
3264 1735 3749 1818 perfectionem.
3799 1738 4001 1819 Aliqui

924 1847 1078 1915 tum,
1116 1840 1399 1919 quinque
1427 1839 1668 1898 cubitos
1695 1839 1959 1897 habebat
1993 1839 2370 1898 latitudinis
2384 1860 2411 1907 ,·
2442 1833 2489 1896 B
2519 1845 2729 1900 autem
2763 1834 3051 1898 referunt
3093 1835 3261 1897 istud
3294 1836 3371 1897 ad
3414 1835 3847 1899 tabulatorum
3876 1837 4005 1898 illo-

919 1948 976 1998 εἰ
1005 1938 1292 1997 medium
1327 1938 1712 2004 tabulatum,
1732 1956 1842 1995 sex
1871 1938 2233 1996 cubitorum
2267 1937 2411 1995 lati-

923 2037 1173 2096 tudinis
1204 2043 1357 2109 erat,
1390 2034 1512 2097 hoc
1543 2042 1658 2111 est,
1694 2052 1802 2096 sex
1843 2033 2091 2096 cubitos
2134 2033 2411 2096 habebat

920 2133 988 2195 in
1038 2133 1199 2206 lat03
1232 2142 1291 2192 et
1335 2135 1598 2193 tertium
1649 2135 2035 2200 tabulatum,
2066 2132 2237 2213 quod
2276 2141 2412 2194 erat

919 2231 1096 2312 juxta
1147 2238 1382 2292 tectum
1435 2230 1678 2311 templi,
1715 2239 1849 2293 erat
1897 2231 2130 2290 habens
2177 2240 2412 2307 septem

919 2331 1160 2389 cubitos
1183 2329 1578 2389 latitudinis,
1599 2328 1766 2390 Istud
1790 2328 2139 2391 secundum
2162 2328 2411 2409 aliquos

920 2427 997 2490 ad
1032 2426 1306 2489 litteram
1340 2425 1576 2488 factum
1607 2434 1724 2503 est,
1758 2434 2072 2507 quatenus
2110 2426 2413 2489 exsisten-

921 2533 1017 2588 tes
1067 2525 1134 2586 in
1185 2523 1621 2606 superioribus
1675 2525 1995 2601 tabulatiS,
2035 2543 2162 2587 non
2212 2525 2413 2607 impe-

920 2624 1210 2687 direntur
1251 2623 1568 2704 respicere
1619 2614 1901 2686 inferius⁰
1935 2642 2048 2705 per
2087 2622 2413 2686 inferioris

922 2722 1190 2785 tabulati
1234 2721 1655 2785 obstaculum.
1691 2721 2164 2797 Verumtamen,
2216 2730 2288 2782 ut
2346 2720 2413 2783 in

923 2820 1314 2884 Scholastica
1343 2820 1544 2882 fertur
1585 2820 1872 2896 historia,
1907 2819 2151 2882 Hebraei
2194 2819 2415 2882 dicunt

921 2919 1043 2983 tria
1089 2918 1368 2981 tabulata
1416 2918 1816 2981 latitudinem
1858 2918 2156 2980 habuisse
2206 2938 2415 3000 aequa-

2521 1954 2661 1997 rum
2694 1934 3034 2009 canceHOS‚
3054 1933 3166 2015 qui
3199 1933 3519 1996 distabant
3550 1953 3587 1995 a
3607 1934 3853 2015 pariete
3882 1954 4005 1997 mu-

2522 2051 2719 2113 roque
2752 2032 2995 2113 templi,
3031 2039 3341 2112 quantum
3380 2048 3661 2110 congrua
3706 2032 4009 2095 tabulato-

2524 2151 2664 2193 rum
2710 2131 2979 2193 latitudo
3022 2130 3249 2210 exegit.
3286 2130 3406 2192 Sed
3457 2130 3626 2192 istud
3675 2131 3931 2194 videtur
3972 2152 4005 2193 a

2523 2240 2695 2294 textu
2746 2239 3138 2306 extraneum,
3181 2249 3377 2310 quum
3418 2230 3496 2292 de
3543 2229 3853 2293 cancellis
3888 2250 4001 2295 non

2523 2330 2607 2391 sit
2635 2328 3001 2391 immediate
3031 2328 3380 2410 praehabita
3412 2328 3651 2391 mentio
3689 2346 3703 2391 :
3741 2330 4005 2412 ideopo—

2524 2430 2649 2491 tius
2682 2427 3004 2493 videretur
3046 2426 3449 2490 referendum
3482 2428 3558 2489 ad
3600 2428 3841 2505 trabeS,
3876 2448 4005 2509 quae

2525 2528 2674 2589 licet
2704 2526 3195 2589 extenderentur
3226 2544 3339 2607 per
3367 2545 3647 2603 murum,
3681 2535 3899 2591 tamen
3928 2528 4007 2589 di·

2522 2627 2581 2690 ci
2626 2632 2894 2708 possunt
2946 2643 3129 2687 muro
3174 2642 3300 2686 non
3353 2624 3634 2700 haesisse,
3682 2626 3843 2706 quia
3890 2645 4003 2689 non

2526 2721 2919 2785 finiebantur
2958 2722 3035 2783 ad
3074 2740 3351 2796 murum,
3373 2722 3481 2785 sed
3514 2723 4002 2804 pertransibant.

2604 2822 2858 2897 Verum,
2895 2829 2963 2883 ut
3008 2818 3202 2883 refert
3233 2820 3413 2902 Lyra,
3448 2820 3693 2883 Hebraei
3723 2830 3788 2884 et
3828 2823 4007 2885 etiam

2521 2920 2831 3001 Josephus
2870 2919 3113 2995 dicunt,
3164 2920 3333 2999 quod
3386 2918 3665 2981 tabulata
3716 2921 4011 3002 praedicta

925 3018 1072 3093 lem,
1107 3017 1196 3080 ita
1222 3026 1294 3079 ut
1323 3017 1377 3079 si
1408 3036 1444 3078 a
1473 3036 1722 3079 summo
1754 3036 1958 3098 usque
2001 3017 2077 3079 ad
2111 3016 2410 3079 infimum
2449 3018 2495 3082 C
2526 3036 2654 3081 non
2688 3026 2865 3079 erant
2901 3016 3419 3094 deambulatoria,
3454 3019 3565 3079 sed
3592 3027 3723 3081 tres
3764 3020 4011 3083 ordines

924 3114 1252 3199 plumbata
1306 3114 1693 3179 caementarii
1749 3116 2208 3192 demitteretur,
2275 3135 2415 3197 pcr-

922 3216 1306 3298 penderetur
1334 3232 1552 3277 eorum
1583 3215 1933 3296 aequalitaS.
1959 3215 2169 3277 Nihilo
2200 3215 2412 3276 minus

925 3311 1201 3375 inferius
1231 3313 1582 3374 tabulatum
1604 3313 1838 3375 dicitur
1858 3312 2147 3394 quinque
2177 3312 2414 3376 cubito-

925 3431 1067 3473 rum
1100 3411 1166 3473 in
1200 3411 1349 3488 lato,
1385 3411 1666 3474 medium
1699 3431 1805 3474 sex
1836 3411 2197 3474 cubitorum
2225 3412 2414 3494 :quia

925 3510 1217 3592 superior
1263 3531 1484 3573 murus
1524 3511 1756 3573 arctior
1804 3510 2030 3588 factuS,
2065 3511 2249 3593 quasi
2301 3531 2416 3593 per

924 3608 1212 3672 cubitum
1243 3618 1378 3672 erat
1409 3605 1738 3672 retractus.
1763 3609 2065 3672 Ultimum
2099 3628 2272 3686 vero,
2294 3611 2414 3673 hoc

925 3716 1020 3772 est
1063 3728 1427 3790 supremum
1469 3708 1844 3786 tabulatum,
1887 3708 2119 3771 dicitur
2169 3717 2413 3791 septem

925 3805 1284 3869 cubitorum
1310 3804 1524 3878 fuisse,
1541 3815 1800 3887 propter
1822 3806 2265 3868 retractionem
2287 3826 2416 3868 mu-

924 3904 981 3966 ri
1012 3904 1303 3986 superius
1345 3903 1640 3966 similiter
1684 3903 1936 3966 factam.
1972 3903 2234 3977 Quidam
2265 3922 2415 3966 vero

923 4002 1220 4065 dixerunt
1241 4001 1538 4064 infimum
1564 4002 1916 4064 tabulatum
1941 4011 2184 4083 septem
2217 4001 2415 4065 fuisse

924 4100 1309 4177 cubitorum,
1345 4100 1628 4163 medium
1661 4120 1791 4176 sex,
1827 4120 2197 4182 supremum
2227 4101 2416 4183 quin-

2524 3116 3049 3201 appendiciorum
3080 3135 3191 3180 seu
3214 3116 3745 3180 domuncularum
3766 3138 3885 3201 pro
3916 3119 4014 3181 ba-

2527 3217 2835 3280 bitatione
2880 3215 3318 3278 ministrorum
3374 3216 3618 3297 templi.
3668 3217 3851 3280 Unde
3900 3217 4014 3279 fre-

2526 3323 2796 3397 quenter
2842 3313 3134 3377 laterales
3178 3321 3504 3390 vocantur,
3540 3324 3807 3396 propter
3852 3316 4013 3397 quod

2528 3432 2656 3476 non
2704 3422 2884 3476 erant
2926 3413 2989 3474 in
3031 3412 3325 3474 orientali
3366 3412 3587 3493 templi
3632 3422 3838 3495 parte,
3873 3434 4017 3496 quo-

2529 3512 2698 3575 niam
2749 3511 2837 3572 ibi
2886 3511 3168 3593 porticus
3221 3510 3365 3572 fuit.
3408 3511 3485 3572 Et
3534 3520 3669 3573 erat
3716 3513 4016 3593 quaelibet

2526 3609 2885 3673 altitudinis
2934 3610 3223 3691 quinque
3270 3609 3655 3687 cubitorum,
3710 3610 3804 3672 ita
3852 3613 4013 3694 quod

2528 3709 2865 3771 inferiores
2898 3715 3079 3770 erant
3120 3707 3485 3770 immediate
3528 3727 3722 3790 super
3764 3718 4012 3772 terram.

2528 3808 2762 3888 ltaque,
2808 3806 3157 3868 secundum
3208 3805 3522 3882 Hebraeos,
3575 3807 3759 3887 juxta
3808 3828 4016 3870 muros

2532 3905 2747 3988 templi
2790 3905 2855 3966 in
2904 3913 3080 3986 parte
3124 3904 3443 3980 exteriori,
3490 3923 3657 3966 unus
3702 3903 3834 3967 fuit
3872 3908 4017 3970 ordo

2528 4002 3067 4086 appendiciorum,
3087 4021 3361 4083 quorum
3382 4002 3652 4066 altitudo
3674 4011 3815 4066 erat
3844 4006 4017 4087 quin-

2526 4123 2651 4184 que
2708 4102 3111 4176 cubitorum;
3166 4111 3229 4164 et
3276 4119 3473 4182 quum
3527 4121 3749 4164 murus
3806 4103 4015 4185 templi

922 4219 1070 4283 que,
1107 4199 1194 4261 ita
1224 4208 1292 4261 ut
1321 4200 1719 4262 ascendendo
1749 4207 2142 4262 arctarentur
2175 4199 2417 4262 tabula-
2444 4201 2493 4262 D
2526 4201 2881 4264 elevaretur
2912 4219 3027 4281 per
3056 4199 3305 4262 cubitos
3336 4199 3623 4281 quinque
3646 4220 3685 4261 a
3716 4209 3907 4278 terra,
3932 4221 4017 4264 re-

922 4306 1007 4376 ta,
1045 4298 1210 4360 sicut
1249 4306 1312 4362 et
1343 4317 1602 4372 murus;
1638 4306 1700 4361 et
1738 4298 1921 4379 quasi
1966 4297 2243 4360 litteram
2283 4316 2417 4361 cor-

923 4397 1221 4476 rigenteS,
1285 4414 1401 4478 pro
1451 4396 1700 4472 Subter,
1754 4397 1975 4477 legunt
2023 4397 2252 4479 Super,
2306 4404 2414 4460 aut

923 4504 1094 4559 certe
1132 4495 1349 4576 legunt
1395 4494 1645 4570 Subter,
1688 4495 1994 4571 dicenteS,
2035 4495 2413 4558 Tabulatum

923 4595 1097 4676 quod
1145 4593 1362 4656 subter
1393 4601 1546 4670 erat,
1584 4613 1710 4655 non
1763 4593 1921 4670 loce,
1960 4593 2069 4656 sed
2121 4612 2408 4656 numero.

922 4691 1466 4766 Quemadmodum
1490 4690 1660 4754 enim
1685 4691 1884 4753 altum
1907 4692 2291 4773 quandoque
2314 4711 2415 4754 vo-

920 4797 1098 4854 catur
1131 4789 1545 4872 profundum,
1571 4791 1957 4871 quandoque
1987 4809 2357 4871 supremum
2394 4809 2407 4853 ε

921 4890 1012 4953 sic
1060 4897 1124 4952 et
1170 4889 1388 4951 subter
1436 4897 1664 4952 vocant
1708 4889 1870 4963 loco,
1907 4889 2076 4970 quod
2116 4889 2287 4951 infra
2317 4898 2415 4952 est

918 4989 1237 5072 positum3
1273 4986 1494 5050 subter
1530 4995 1742 5049 autem
1783 5005 2071 5062 numero,
2117 4987 2195 5049 ad
2239 4989 2410 5068 quod

919 5087 1286 5151 ascenditur
1317 5086 1732 5148 numerando.

1004 5189 1232 5247 Trabes
1253 5194 1468 5246 autem
1499 5187 1574 5244 in
1594 5187 1778 5245 domo
1804 5187 2022 5260 posuit
2037 5205 2156 5263 per
2178 5187 2411 5245 circui-

918 5295 1056 5346 tum
1086 5285 1444 5362 forinsecus
1464 5300 1488 5343 .·
1517 5281 1671 5364 quia
1701 5283 1908 5345 trabes
1939 5301 2014 5346 ex
2047 5291 2407 5348 transverso

2526 4299 2783 4362 strictus
2814 4307 2949 4361 erat
2978 4317 3015 4359 a
3048 4307 3225 4379 parte
3257 4297 3555 4360 exteriori
3587 4317 3703 4380 per
3730 4301 4012 4363 cubitum

2528 4415 2725 4459 unum
2752 4421 2765 4469 ;
2801 4403 2993 4476 atque
3024 4394 3088 4456 in
3122 4395 3327 4476 spatio
3358 4394 3531 4456 illius
3556 4395 3756 4458 cubiti
3790 4397 4017 4480 promi·

2528 4495 2760 4572 nentiS,
2796 4503 2975 4557 erant
3006 4494 3215 4575 capita
3246 4493 3543 4571 trabium,
3580 4494 3690 4556 ubi
3724 4497 4016 4559 termina-

2524 4593 2709 4656 batur
2759 4592 3005 4674 primus
3055 4593 3211 4655 ordo
3258 4591 3831 4674 appendiciorum3
3887 4601 4015 4678 post

2524 4711 2738 4773 quem,
2773 4699 2841 4752 ut
2883 4698 3117 4752 'tactum
3164 4698 3282 4766 est,
3318 4698 3499 4754 erant
3535 4691 3663 4754 duo
3702 4691 3815 4753 alii
3858 4692 4015 4756 ordi-

2529 4809 2641 4851 nes
2671 4788 3221 4870 appendiciorum.
3246 4788 3323 4849 Et
3352 4789 3703 4851 secundum
3738 4789 3919 4867 istos,
3939 4800 4013 4851 ta-

2524 4888 2741 4951 bulata
2771 4906 2897 4951 non
2930 4896 3111 4950 erant
3140 4889 3205 4950 in
3236 4887 3529 4950 orientali
3563 4896 3741 4969 parte
3774 4889 4009 4972 templi.

2609 4991 2849 5048 Domus
2881 4996 3097 5047 autem
3128 5008 3330 5066 quum
3358 4989 3825 5063 oedificaretur,
3864 4989 4013 5052 vide·

2526 5085 2673 5148 licet
2707 5083 3034 5166 templum,
3070 5089 3149 5146 de
3190 5087 3427 5144 dolatis
3459 5085 3790 5162 lapidibus
3838 5097 4010 5166 atque

2512 5186 2817 5264 perfectis
2864 5186 3189 5261 aedificata
3234 5193 3343 5245 est.
3400 5183 3559 5246 Saxa
3606 5183 3780 5246 enim
3844 5191 4009 5248 erant

2519 5283 2847 5365 quadrata,
2882 5289 2946 5345 ct
2975 5281 3428 5346 convenienter
3458 5289 3681 5364 parata
3710 5302 3785 5346 ae
3822 5282 4005 5366 polita
