4359 6250
871 519 1218 566 manuario
1262 519 1322 564 ΙΝ
1366 519 1502 564 ΟΔΡ.
1548 517 1699 563 xvm
1741 517 1897 563 unm
1941 516 2192 563 sectJNm
2235 516 2457 562 nssouu.
2502 537 2582 546 —-
2624 517 2766 562 ΛΒΤ.
2813 515 2985 562 xxvu

3346 499 3467 562 539

271 733 276 738 -
360 691 506 763 dio,
551 690 620 753 id
669 700 768 754 est
814 709 931 772 pro
981 689 1232 771 refugio
1275 697 1340 753 et.
1389 688 1649 764 auxilio,
1697 694 1767 749 ut
1815 686 1870 749 si
1901 687 1952 748 A
1981 693 2260 768 ceptum,
2292 689 2511 746 sedens
2540 690 2737 748 mulo,
2775 689 3110 764 Quumque
3148 689 3469 764 inyressus

361 790 722 870 contigerit
751 809 866 854 nos
901 791 1144 871 fugere,
1181 789 1505 854 valeamus
1545 807 1658 870 per
1689 796 1750 850 te
1778 786 1873 848 in-

361 889 647 951 staurari
669 897 732 952 et
752 890 1028 972 reparari
1056 889 1131 950 ad
1159 886 1681 970 pugnam.Capite
1700 885 1872 948 enim

362 987 935 1071 sublato,·corpus
988 996 1349 1052 truncatum
1399 983 1518 1050 est‘.
1565 988 1672 1048 Ad
1719 1005 1874 1065 quos

363 1109 492 1148 rea>
533 1089 684 1148 ait:
717 1091 898 1157 Quod
943 1090 1118 1148 vobis
1158 1096 1399 1147 rectum
1445 1089 1731 1154 videtur,
1760 1087 1874 1144 Izoc

362 1188 651 1265 faciam.
694 1186 870 1249 Unde
919 1194 1115 1268 patet,
1163 1186 1333 1267 quod
1381 1204 1490 1248 rex
1539 1203 1650 1246 seu
1699 1182 1874 1264 prin-

363 1303 529 1366 ceps
571 1284 762 1348 debet
801 1285 1170 1364 dirigibilis,
1213 1303 1341 1347 non
1389 1282 1700 1365 pertinax,
1735 1301 1874 1344 esse

367 1384 438 1446 in
471 1383 718 1446 arduiS.

455 1486 654 1545 Stetit
683 1502 838 1560 erqo
859 1504 980 1543 rem
993 1485 1205 1561 juoeta
1238 1493 1522 1560 portam,
1554 1481 1874 1543 deducens

365 1582 727 1645 exercitum
760 1601 966 1663 usque
995 1582 1074 1644 ad
1107 1581 1317 1644 locum
1349 1580 1553 1656 illum,
1589 1587 1652 1642 et
1694 1578 1877 1642 robo-

367 1701 526 1744 rans
573 1681 884 1764 populum
927 1689 1120 1762 atque
1158 1680 1568 1744 considerans
1603 1676 1877 1760 qualiter

365 1782 844 1862 egrederentur.
853 1783 1450 1859 Eyrediebaturque
1465 1780 1744 1858 populus
1756 1797 1876 1854 per

1979 786 2210 862 fuisset
2232 790 2451 846 mulus
2471 804 2663 867 super
2683 804 2873 866 quem
2900 785 3083 862 sedit,
3103 788 3313 846 subter
3332 806 3469 846 con-

1979 887 2247 944 densam
2282 905 2589 964 quercum
2617 895 2678 945 et
2708 905 3041 961 maynam,
3082 882 3145 946 id
3186 892 3279 948 est
3314 883 3469 966 spis-

1983 1001 2115 1044 sam
2138 1002 2209 1044 ac
2233 982 2486 1064 plenam
2518 982 2709 1044 ramis
2732 1003 2803 1046 ac
2828 981 3181 1060 frondibus,
3200 987 3469 1046 adleoesit

1982 1091 2176 1158 caput
2218 1083 2359 1159 ejus
2395 1085 2665 1161 quercui
2707 1102 2819 1164 per
2864 1081 3128 1163 capillos
3178 1081 3472 1164 longissi-

1983 1199 2119 1242 mos
2162 1198 2323 1260 quos
2372 1179 2645 1243 habebat
2680 1199 2693 1244 ε
2733 1181 2899 1244 unde
2944 1181 3195 1244 videtur
3242 1181 3471 1263 capitis

1983 1287 2367 1340 armaturam
2401 1297 2528 1342 non
2561 1278 2859 1342 habuisse
2881 1279 2976 1344 vel
2996 1280 3472 1362 deposuisse3et

1984 1379 2097 1436 illo
2123 1383 2423 1454 suspenso
2450 1381 2621 1439 inter
2640 1382 2863 1439 coelum
2898 1388 2957 1440 et
2984 1383 3473 1447 ter-mmmmm

1983 1478 2094 1536 cui
2125 1479 2472 1548 insederat,
2490 1478 2938 1556 pertransivit.
2966 1479 3140 1538 Vidit
3170 1481 3285 1538 hoc
3310 1480 3476 1558 quis-

1977 1577 2192 1652 piam,
2224 1585 2283 1634 et
2329 1577 2665 1636 nuntiavit
2711 1575 2833 1658 ipsi
2863 1579 3043 1648 Joab,
3074 1579 3295 1638 dicens
3324 1595 3348 1638 .·
3378 1580 3476 1638 Vi-

1984 1675 2058 1733 di
2080 1675 2357 1734 Absalon
2382 1677 2663 1750 pendere
2689 1677 2767 1734 de
2796 1695 3055 1754 quercu.
3084 1678 3165 1736 Et
3195 1678 3291 1736 ait
3317 1677 3477 1737 Joab

1987 1775 2128 1833 viro
2157 1775 2275 1853 qui
2304 1775 2727 1834 nuntiaverat
2756 1776 2819 1832 ei
2840 1793 2862 1834 .·
2884 1777 2964 1836 Si
2992 1777 3244 1847 vidisti,
3275 1796 3477 1856 quare

369 1892 633 1942 turmas
660 1902 812 1942 suas
841 1882 1094 1941 centeni
1121 1889 1181 1940 et
1212 1879 1490 1940 milleni.
1524 1880 1610 1939 E't
1641 1897 1877 1954 proece-
1913 1863 1959 1926 Β
1989 1892 2116 1932 non
2147 1873 2501 1949 confodisti
2527 1893 2673 1933 eum
2702 1893 2845 1933 cum
2884 1884 3078 1945 terra,
3112 1873 3177 1935 id
3217 1881 3313 1937 est
3344 1883 3469 1936 tam

357 1981 472 2057 pit
521 2001 640 2039 reoe
681 1981 838 2040 Joab
878 1988 938 2039 et
977 1979 1211 2044 Abi-sai
1251 1987 1311 2037 et
1347 1978 1573 2048 Ethai,
1605 1978 1874 2036 dicens:

371 2081 650 2139 Servate
699 2079 894 2146 mihi,
925 2075 990 2138 id
1042 2083 1158 2152 est,
1207 2093 1337 2138 non
1383 2073 1712 2150 occidatiS,
1759 2093 1876 2136 nec

367 2175 587 2239 occidi
619 2174 1030 2258 permittatiS,
1056 2194 1341 2252 puerum
1370 2175 1675 2234 Absalon.
1699 2172 1876 2235 Unde

369 2274 659 2350 elicitur,
693 2274 866 2356 quod
897 2272 1096 2336 David
1129 2291 1204 2335 ex
1237 2271 1626 2336 revelatione
1663 2279 1874 2334 certus

371 2372 525 2448 fuit,
576 2372 681 2436 vel
731 2391 808 2434 ex
855 2369 1254 2435 confidentia
1300 2370 1410 2433 Dei
1460 2369 1876 2452 probabiliter

371 2471 560 2534 novit
586 2470 940 2534 exercitum
979 2489 1164 2532 suum
1213 2467 1712 2551 praevaliturum‚
1750 2468 1877 2530 val-

369 2571 587 2651 deque
620 2569 836 2632 timuit
873 2569 952 2631 de
991 2568 1281 2650 periculo
1313 2567 1670 2642 AbsaloniS,
1705 2574 1768 2629 et
1797 2567 1876 2630 de

370 2676 617 2732 aeterna
654 2667 1066 2731 damnatione
1109 2666 1335 2749 ipsius,
1371 2666 1580 2729 sciens
1618 2665 1874 2747 quantis

371 2767 709 2832 involutus
753 2775 921 2831 esset
963 2766 1344 2829 criminibus
1381 2782 1394 2826 :
1430 2765 1669 2828 idcirco
1719 2783 1876 2846 prae-

370 2866 550 2948 cepit
599 2885 680 2928 ne
730 2865 1151 2928 occideretur.
1209 2868 1292 2926 Et
1341 2866 1552 2924 omnis
1595 2867 1875 2941 populus

369 2966 683 3025 audiebat
704 2965 1183 3042 praecipientem
1202 2983 1410 3040 reyem
1432 2963 1678 3022 cunctis
1690 2963 1876 3039 prin-

369 3065 630 3142 cipibus
653 3083 777 3142 pro
807 3065 1112 3125 Absalon.

451 3166 688 3243 Itaque
716 3143 1000 3240 eyressus
1027 3172 1118 3223 est
1143 3166 1422 3239 populus
1461 3164 1534 3222 in
1573 3181 1875 3239 campum

367 3272 602 3323 contra
645 3265 872 3323 Israel.
907 3263 994 3321 Et
1033 3262 1285 3338 factum
1323 3269 1412 3320 est
1443 3261 1754 3338 praelium
1801 3261 1874 3319 in

367 3364 546 3421 saltu
591 3360 938 3435 Ephraim,
972 3358 1037 3420 id
1082 3366 1178 3422 est
1219 3358 1398 3438 juxta
1443 3376 1667 3419 nemus
1713 3356 1874 3418 illud

370 3458 441 3519 in
489 3476 738 3539 campo.
773 3456 850 3518 Et
889 3456 1184 3537 quamvis
1226 3456 1393 3518 ultra
1429 3456 1765 3518 Iordanem
1806 3454 1872 3516 in

369 3564 547 3620 terra
583 3555 817 3618 Galaad
860 3555 1030 3619 facta
1066 3556 1150 3617 sit
1188 3573 1423 3637 pugna,
1458 3563 1670 3617 tamen
1709 3552 1876 3617 facta

371 3655 587 3719 fertur
611 3654 678 3716 in
711 3655 876 3717 saltu
898 3652 1542 3737 Ephraim,quoniam
1577 3652 1774 3714 saltus
1805 3651 1876 3713 il-

371 3754 434 3817 le
481 3754 653 3816 ultra
696 3753 1032 3816 Jordanem
1083 3754 1245 3814 situs
1295 3752 1418 3813 fuit
1461 3770 1537 3814 cx
1581 3750 1874 3833 opposito

371 3852 582 3915 tribus
630 3852 956 3934 Ephraim,
1002 3851 1352 3914 habitantis
1399 3850 1482 3913 ab
1525 3850 1652 3911 alia
1697 3858 1874 3931 parte

367 3950 689 4026 lon-danis,
725 3959 988 4032 propter
1024 3950 1194 4030 quod
1236 3957 1495 4012 vocatus
1537 3956 1632 4011 est
1675 3948 1872 4010 saltus

369 4048 703 4131 Ephraim.
742 4052 826 4110 Et
864 4070 1060 4110 ecesus
1093 4058 1182 4107 est
1215 4050 1308 4107 ibi
1329 4050 1612 4125 populus
1644 4050 1868 4119 Israel,

370 4147 436 4210 id
469 4153 589 4221 est,
625 4146 852 4227 viginti
898 4144 1105 4207 millia
1134 4146 1212 4207 de
1241 4144 1478 4227 populo
1509 4143 1866 4219 AbsaloniS,

1987 1969 2201 2034 valide
2230 1988 2373 2032 cum
2407 1969 2647 2047 lancea,
2681 1972 2854 2052 quod
2886 1971 3230 2034 corruisset
3260 1972 3325 2034 in
3356 1981 3475 2036 ter-

1989 2072 2165 2132 ram?
2196 2079 2255 2129 et
2298 2089 2409 2147 eyo
2451 2071 2764 2130 dedissem
2810 2072 2931 2131 tibi
2966 2073 3175 2130 decem
3219 2075 3475 2148 argenti

1985 2171 2195 2238 siclos,
2244 2179 2303 2230 et
2361 2187 2571 2228 unum
2628 2169 2931 2229 balteum.
2988 2170 3115 2238 Qui
3161 2170 3338 2230 dimit
3387 2173 3475 2230 ad

1982 2269 2142 2328 Joab
2159 2288 2181 2325 .·
2204 2269 2283 2328 Si
2310 2269 2701 2345 appenderes
2725 2269 2797 2327 in
2822 2269 3122 2328 manibus
3151 2269 3307 2328 meis
3336 2270 3477 2328 mil-

1995 2371 2051 2426 Ie
2097 2376 2453 2443 arqenteos,
2502 2387 2910 2446 nequaquam
2966 2368 3282 2429 mitterem
3336 2389 3475 2430 ma-

1986 2486 2148 2526 num
2198 2485 2405 2526 meam
2444 2467 2517 2526 in
2554 2468 2775 2543 filium
2818 2467 3007 2544 reyis.
3041 2469 3476 2529 Audientibus

1983 2565 2161 2623 enim
2194 2565 2374 2624 nobis
2395 2566 2703 2640 praecepit
2731 2585 2870 2636 rear,
2908 2567 3028 2624 tibi
3062 2575 3123 2626 et
3150 2567 3381 2627 Abisai
3416 2577 3477 2626 et

1987 2663 2193 2724 Ethai
2221 2663 2482 2722 dicens:
2508 2665 2830 2723 Custodite
2856 2665 3026 2724 milti
3046 2683 3327 2740 puerum
3348 2666 3475 2725 Ab·

1985 2765 2191 2822 salon.
2214 2764 2343 2822 Sed
2370 2771 2431 2822 et
2458 2763 2520 2821 si
2543 2763 2829 2839 fecissem
2863 2763 2979 2825 hoc
3009 2766 3318 2823 audacter
3335 2783 3476 2824 con-

1990 2871 2090 2921 tra
2135 2861 2431 2921 animam
2477 2881 2707 2932 meam,
2752 2860 2813 2922 id
2864 2870 2960 2923 est
3004 2861 3068 2922 in
3117 2861 3474 2943 periculum

1990 2957 2136 3021 vitae
2188 2977 2367 3035 meae,
2414 2967 2477 3022 et
2524 2978 2669 3022 cum
2725 2960 2947 3040 grandi
3002 2968 3261 3042 peccato
3310 2961 3475 3040 regis

1911 3055 1956 3118 C
1986 3065 2376 3139 praeceptum
2439 3057 2959 3140 transgrediendo
2999 3084 3013 3136 ;
3066 3079 3485 3140 nequaquam,

1985 3158 2100 3215 hoc
2146 3176 2357 3232 reyem
2410 3161 2606 3218 latere
2646 3160 2981 3237 potuisset,
3020 3158 3172 3238 quia
3222 3159 3473 3221 tandem

1985 3252 2106 3315 hoc
2138 3254 2549 3336 percepisset,
2579 3255 2679 3317 vel
2710 3275 2785 3318 ex
2817 3256 3113 3331 humana,
3152 3255 3250 3320 vel
3285 3276 3358 3320 ex
3384 3257 3477 3319 di-

1986 3352 2136 3413 vina
2166 3352 2699 3429 insinuatione,et
2730 3354 2823 3417 sic
2854 3354 3207 3417 vindicaret
3238 3355 3303 3417 in
3334 3374 3470 3428 me3

1981 3461 2042 3512 et
2075 3462 2143 3512 tu
2173 3462 2375 3512 stares
2412 3474 2492 3511 ex
2522 3456 2810 3525 adversO,
2845 3454 2907 3515 id
2940 3462 3055 3529 est,
3090 3455 3167 3515 ad
3198 3455 3477 3537 compla-

1983 3551 2256 3612 cendum
2304 3551 2459 3631 regi,
2498 3550 2775 3630 fingeres
2820 3559 2880 3614 te
2925 3552 3153 3614 iratum
3196 3553 3376 3629 mihi,
3412 3562 3476 3617 et

1986 3648 2230 3712 diceres
2275 3669 2377 3712 me
2426 3648 2591 3713 male
2641 3649 2866 3729 egisse,
2905 3650 3355 3715 interficiendo
3399 3651 3476 3714 fi-

1985 3748 2142 3809 lium
2175 3748 2345 3828 regis
2377 3756 2599 3811 contra
2638 3748 2775 3830 ejus
2817 3748 3179 3831 imperium.
3215 3750 3327 3811 Vir
3356 3750 3473 3813 iste

1984 3845 2238 3909 videtur
2266 3864 2535 3925 magnus
2566 3856 2629 3909 et
2660 3847 2863 3909 audax
2897 3847 3117 3923 fuisse,
3150 3849 3260 3929 qui
3299 3848 3475 3930 prin—

1983 3944 2110 4025 cipi
2145 3943 2391 4006 militiae
2416 3943 2687 4007 audebat
2717 3944 2808 4009 sic
2839 3945 3038 4027 loqui.
3058 3948 3143 4007 Et
3165 3950 3261 4007 ait
3278 3949 3435 4009 Joab
3451 3969 3473 4007 .·

1987 4046 2132 4104 Non
2176 4046 2346 4103 sicut
2392 4054 2459 4104 tu
2508 4046 2630 4114 vis,
2658 4048 2767 4105 sed
2813 4047 3160 4123 aqyrediar
3190 4067 3337 4106 eum
3377 4067 3474 4106 co-

1983 4163 2126 4201 ram
2177 4153 2255 4203 te.
2307 4144 2483 4204 Tulit
2534 4164 2680 4221 erqo
2721 4146 2877 4205 Joab
2928 4153 3049 4204 tres
3100 4148 3351 4205 lanceas
3400 4147 3473 4204 in

371 4249 454 4307 ab
479 4248 774 4307 exercitu
802 4246 1048 4315 David,
1067 4247 1370 4324 factaque
1397 4253 1487 4305 est
1508 4248 1710 4322 playa
1741 4264 1872 4303 ma·
1902 4239 1952 4300 D
1985 4260 2189 4301 manu
2215 4261 2357 4311 sua,
2381 4252 2441 4302 et
2474 4244 2702 4317 infioeit
2724 4262 2831 4303 eas
2860 4240 3218 4305 successive
3246 4244 3317 4303 in
3345 4264 3477 4303 cor-

364 4364 504 4421 yna
535 4345 606 4403 in
639 4346 750 4403 die
781 4346 902 4404 ilia
931 4345 1178 4421 viyinti
1213 4344 1526 4404 millium.
1561 4344 1720 4403 Ῑῑιιὶί
1757 4362 1873 4401 au-

373 4453 498 4503 tem
527 4444 838 4519 praelium
879 4443 974 4501 ibi
1002 4444 1366 4519 dispersum
1403 4461 1596 4519 super
1633 4444 1869 4522 faciem

369 4542 586 4601 omnis
633 4550 840 4601 terroe.
869 4542 957 4601 Ec
1001 4543 1204 4601 multo
1235 4544 1459 4617 piures
1496 4549 1684 4603 eran-t
1717 4559 1871 4618 quos

367 4642 578 4699 saltus
613 4649 1119 4715 consumpserat,
1151 4658 1348 4719 quam
1390 4640 1462 4699 ln·
1499 4658 1653 4718 quos
1693 4658 1871 4699 vora-

371 4746 556 4798 verat
575 4737 848 4814 9ladius
879 4740 948 4797 in
983 4739 1090 4797 die
1120 4739 1242 4797 illa
1263 4758 1285 4797 .·
1305 4736 1460 4818 quia
1491 4736 1659 4799 inter
1688 4736 1870 4798 arbo-

370 4854 473 4898 res
516 4834 660 4897 illas
707 4833 930 4915 fugere
971 4853 1098 4898 non
1142 4834 1460 4911 valebant,
1496 4835 1605 4897 sed
1641 4853 1678 4896 a
1716 4832 1868 4897 feris

370 4932 638 5015 plurimi
672 4932 1149 5009 occidebantur,
1183 4941 1246 4995 et
1273 4933 1460 4995 multi
1491 4941 1870 4997 corruerunt

370 5033 438 5095 in
473 5030 717 5095 foveas

449 5131 714 5192 Accidit
733 5139 948 5191 autem
975 5139 1050 5191 ut
1068 5139 1424 5189 occurreret
1447 5131 1726 5190 Absalon
1751 5150 1870 5189 ser-

368 5231 466 5289 vis
485 5230 734 5297 David,
754 5226 867 5309 qui
901 5234 1110 5291 tamen
1141 5244 1270 5289 non
1303 5226 1675 5289 invaserunt
1699 5246 1863 5304 eum,

365 5326 476 5389 sed
509 5325 734 5405 fugere
763 5323 1194 5406 permiserunt
1225 5333 1483 5406 propter
1515 5323 1684 5405 regis
1713 5344 1868 5407 pra>-

1979 4342 2060 4399 de
2089 4342 2392 4411 Absalon,
2431 4339 2493 4402 id
2534 4349 2629 4402 est
2670 4340 2910 4421 pectori
2949 4341 3089 4422 ejus
3130 4360 3241 4404 seu
3271 4341 3469 4419 cordi,

1979 4446 2090 4500 aut
2133 4455 2355 4520 prope,
2395 4440 2705 4502 sumendo
2750 4457 2859 4501 cor
2905 4458 3019 4521 pro
3058 4438 3369 4503 materiali
3412 4448 3475 4503 et

1979 4536 2280 4617 organica
2326 4538 2611 4619 corporis
2656 4546 2856 4619 parte.
2897 4537 3075 4601 Unde
3116 4538 3245 4601 dici
3288 4538 3469 4615 solet,

1979 4636 2150 4716 quod
2182 4653 2293 4698 cor
2325 4635 2391 4699 in
2423 4636 2682 4697 animali
2717 4644 2813 4699 est
2846 4636 3119 4717 primum
3146 4636 3475 4713 vivenS‚et

1979 4734 2273 4796 ultimum
2304 4734 2595 4798 moriens
2619 4738 2955 4815 Quumque
2973 4738 3477 4813 adhucpalpita·

1979 4843 2074 4894 ret
2105 4836 2429 4895 inhoerem
2455 4836 2752 4913 quercui,
2788 4844 3221 4895 cucurrerunt
3260 4838 3475 4895 decem

1968 4933 2249 5010 juvenes
2306 4934 2621 5009 armiqeri
2673 4934 2852 5005 Joab,
2904 4943 2963 4993 et
3016 4935 3469 5011 percutientes,

1980 5032 2449 5109 interfecerunt
2476 5052 2645 5105 eum,

2052 5131 2297 5191 Cecinit
2336 5139 2549 5190 autem
2585 5132 2741 5191 Joab
2778 5131 3068 5201 buccina,
3108 5128 3186 5191 ad
3230 5128 3475 5191 insinu-

1981 5226 2220 5289 andum
2262 5226 2432 5307 quod
2469 5234 2792 5289 cessarent
2832 5226 2911 5289 ab
2943 5226 3339 5291 insecutione
3372 5226 3473 5289 fu-

1978 5322 2315 5405 gientium,
2349 5334 2409 5383 et
2458 5323 2733 5384 retinuit
2768 5327 3109 5401 populum,
3152 5344 3231 5384 ne
3266 5344 3473 5402 perse-
