4359 6250
915 491 1036 558 694

1465 511 1812 558 mammo
1855 512 1916 557 IN
1957 509 2095 556 cAP.
2142 508 2247 556 xv!
2288 507 2449 555 unm
2486 507 2687 554 mum
2728 507 2951 555 amun.
2996 527 3077 538 —
3116 508 3261 555 Am.
3304 507 3453 554 mv

911 687 1143 754 Israel,
1171 693 1245 744 ut
1278 704 1373 743 me
1403 685 1700 744 irritares
1731 684 1803 742 in
1829 684 2105 760 peccatis
2132 701 2355 742 eorum
2377 701 2399 740 :
2430 679 2481 741 A
2592 683 2787 742 Anno
2820 682 3115 742 vicesimo
3143 682 3409 758 septimo
3438 682 3571 741 Asa
3600 680 3771 756 reqis
3798 681 3997 750 Juda,

905 801 1042 842 ecce
1069 801 1178 859 eqo
1207 785 1524 842 demetam
1557 782 1915 860 posteriora
1941 784 2180 850 Baasa,
2214 790 2275 840 et
2294 799 2403 858 po-

905 883 1178 942 steriora
1231 884 1458 941 domus
1506 881 1681 958 ejus,
1724 890 1784 940 et
1829 881 2076 956 faciam
2133 883 2399 939 domum

908 989 1089 1039 tuam
1119 981 1286 1040 sicut
1318 983 1585 1040 domum
1622 979 1954 1040 Jeroboam
1982 979 2116 1056 filii
2156 979 2395 1049 Nabal,

905 1077 968 1140 id
1001 1086 1119 1154 cst,
1145 1078 1346 1139 instar
1367 1077 1740 1140 metentium
1774 1077 2094 1138 succidam
2121 1083 2185 1138 et
2214 1075 2293 1138 de
2314 1076 2401 1138 vi-

903 1183 969 1238 ta
1000 1176 1116 1238 hac
1139 1175 1356 1238 tollam
1387 1183 1592 1239 morte
1617 1175 1896 1239 violenta
1919 1182 2207 1256 posteros
2230 1182 2393 1237 tuos,

911 1276 1037 1343 Qui
1074 1284 1366 1336 mortuus
1407 1276 1617 1352 fuerit
1651 1278 1731 1335 de
1757 1278 1975 1336 Baasa
2006 1277 2078 1333 in
2109 1275 2396 1344 civitate,

907 1376 1232 1433 comedent
1259 1393 1404 1434 eum
1433 1394 1618 1434 canes
1637 1398 1665 1445 ,·
1700 1384 1760 1434 et
1789 1375 1907 1452 qui
1939 1382 2229 1434 mortuus
2256 1372 2400 1448 fue-

910 1474 1002 1535 rit
1023 1492 1106 1531 em
1133 1491 1201 1531 eo
1223 1473 1296 1532 in
1317 1475 1589 1549 reqione,
1603 1475 1928 1532 comedent
1943 1492 2092 1531 eum
2115 1475 2399 1531 volucres

908 1573 1074 1633 coeli.
1109 1572 1388 1650 Reliqua
1432 1581 1648 1631 autem
1675 1590 2042 1631 sermonum
2070 1574 2317 1640 Baasa,
2337 1578 2397 1630 et

907 1689 1322 1751 qucecumque
1359 1671 1538 1748 fecit,
1586 1678 1647 1729 et
1687 1669 1926 1746 proelia
1971 1669 2138 1746 ejus,
2184 1689 2399 1729 nonne

905 1771 1040 1830 lzoec
1057 1769 1300 1846 scripta
1319 1777 1472 1827 sunt
1493 1771 1566 1828 in
1592 1769 1753 1827 libro
1775 1768 2116 1828 Verborum
2137 1769 2397 1828 dierum

2513 781 2811 856 reynavit
2832 782 3099 840 Zambri
3125 790 3357 857 septem
3384 781 3607 840 diebus
3636 780 3707 838 in
3740 781 3995 840 Ther-sa.

2511 882 2717 940 Porro
2736 881 2950 938 eoeerci
2954 889 3052 940 tus
3070 880 3383 940 obsidebat
3406 881 3766 944 Gebbetkon.
3780 880 4001 938 urbem

2512 977 3046 1038 Philistinorum.
3096 981 3434 1057 Quumque
3480 977 3769 1046 audisset
3816 977 4001 1036 rebel-

2514 1077 2673 1134 lasse
2703 1077 2991 1146 Zambri,
3022 1085 3083 1136 et
3110 1077 3411 1136 occidisse
3436 1096 3669 1152 reyem,
3690 1076 3851 1152 fecit
3876 1077 4001 1134 sibi

2508 1194 2720 1251 reyem
2763 1177 2972 1234 omnis
3008 1177 3217 1236 Israel
3242 1176 3463 1244 Amri,
3490 1176 3608 1254 qui
3640 1184 3785 1234 erat
3814 1176 3999 1251 prin-

2509 1291 2651 1349 ceps
2682 1273 2939 1334 militiae
2956 1293 3149 1351 super
3178 1275 3385 1334 Israel
3414 1274 3489 1332 in
3517 1275 3625 1332 die
3644 1274 3769 1334 illa
3796 1274 3873 1332 in
3900 1291 4001 1334 ca—

2508 1373 2681 1431 stris.
2716 1372 3024 1432 Ascendit
3048 1391 3196 1448 erqo
3225 1373 3442 1444 Amri,
3464 1383 3525 1432 et
3550 1373 3763 1432 omnis
3792 1373 4001 1432 Israel

2509 1489 2657 1530 cum
2684 1489 2777 1541 eo,
2810 1472 2889 1529 de
2920 1471 3293 1542 Gebbetkon,
3324 1479 3385 1530 et
3412 1471 3781 1531 obsidebant
3816 1473 4000 1530 Ther-

2506 1589 2601 1630 sa.
2644 1571 2877 1628 Videns
2904 1579 3119 1629 autem
3144 1569 3411 1630 Zambri
3428 1572 3599 1648 quod
3622 1588 4001 1646 expuqnan-

2507 1671 2595 1728 da
2624 1677 2777 1728 esset
2806 1668 3061 1738 civitas,
3096 1670 3420 1745 inyressus
3446 1677 3537 1728 est
3556 1670 3921 1745 palatium,
3938 1680 3997 1729 et

2506 1768 2838 1826 succendit
2867 1786 2930 1826 se
2963 1786 3111 1825 cum
3141 1769 3329 1826 domo
3359 1768 3537 1842 reyia
3558 1791 3583 1838 ,·
3610 1775 3670 1826 et
3700 1777 3997 1829 mortuus

905 1885 1130 1942 reyum
1169 1868 1420 1927 Israel?
1455 1867 1787 1927 Dormivit
1823 1885 1970 1942 erqo
1998 1868 2220 1926 Baasa
2248 1885 2397 1926 cum
2433 1865 2480 1927 B
2508 1873 2596 1925 est
2640 1867 2715 1924 in
2752 1866 3033 1941 peccatis
3076 1865 3237 1935 suis,
3283 1885 3426 1944 quoe
3462 1877 3868 1942 peccaverat,
3894 1869 3999 1943 fa-

895 1965 1197 2042 patribus
1245 1966 1408 2035 suis,
1437 1967 1848 2044 sepultusque
1891 1973 1981 2024 est
2015 1966 2086 2024 in
2117 1967 2398 2036 Ple-ersa,-

901 2071 962 2122 et
993 2064 1291 2138 reynavit
1313 2065 1440 2124 Ela
1461 2063 1646 2140 filius
1665 2063 1806 2139 ejus
1829 2082 1952 2140 pro
1978 2083 2064 2122 eo.
2084 2061 2395 2144 Josephus

903 2159 1129 2222 scribit
1157 2178 1302 2222 eum
1334 2159 1612 2223 occisum
1647 2178 1685 2222 a
1717 2159 1958 2223 Creone
1993 2177 2104 2222 suo
2131 2159 2398 2222 commi-

903 2258 1125 2321 litone.
1152 2263 1364 2328 Quum
1424 2270 1642 2321 autem
1687 2262 1760 2319 in
1807 2280 2013 2320 manu
2049 2261 2217 2320 Jehu
2258 2261 2397 2339 filii

903 2359 1181 2419 Hanani
1201 2361 1552 2436 propketoe,
1575 2359 1836 2418 verbu-m
1855 2360 2124 2419 Domini
2141 2359 2395 2435 factum

903 2464 1055 2515 esset
1083 2466 1307 2517 contra
1339 2461 1552 2518 Baasa
1581 2465 1640 2516 et
1679 2467 1902 2518 contra
1933 2459 2199 2516 domum
2226 2458 2393 2534 ejus,

901 2564 963 2616 et
991 2563 1214 2615 contra
1235 2575 1421 2615 omne
1450 2559 1700 2616 malum
1721 2559 1892 2634 quod
1919 2556 2159 2633 fecerat
2177 2575 2395 2616 coram

903 2656 1202 2724 Domine,
1235 2657 1326 2714 ad
1364 2655 1770 2714 irritandum
1807 2674 1954 2714 eum
1987 2656 2059 2714 in
2099 2656 2395 2732 operibus

901 2773 1222 2813 manuum
1253 2773 1552 2823 suarum,
1569 2762 1643 2814 ut
1660 2757 1841 2829 fieret
1857 2754 2026 2813 sicut
2053 2755 2281 2812 domus
2300 2756 2393 2813 Je-

898 2852 1199 2912 roboam:
1225 2853 1301 2911 ob
1328 2853 1498 2911 lianc
1526 2871 1790 2911 causam
1820 2853 2054 2912 occidit
2083 2871 2255 2923 eum,
2279 2854 2393 2912 hoc

895 2958 987 3010 est
1023 2951 1188 3010 Jelzu
1217 2951 1437 3026 filium
1467 2952 1742 3010 Hanani
1763 2953 2165 3027 prophetam.

2506 1966 2679 2023 ciens
2710 1967 2959 2023 malum
2986 1983 3207 2024 coram
3234 1964 3536 2033 Domino,
3564 1973 3625 2022 et
3654 1966 3997 2027 ambulans

2507 2063 2579 2122 in
2603 2064 2712 2122 via
2739 2063 3098 2132 Jeroboam,
3124 2072 3186 2123 et
3216 2064 3286 2122 in
3314 2072 3565 2139 peccato
3592 2062 3737 2140 eius
3760 2084 3887 2142 quo
3904 2067 3999 2142 fe-

2504 2162 2594 2221 cit
2634 2181 2897 2238 peccare
2925 2163 3154 2222 Israel.
3188 2163 3467 2240 Reliqua
3508 2171 3728 2222 autem
3765 2183 3999 2224 sermo-

2506 2280 2667 2320 num
2710 2261 2997 2331 Zambri,
3039 2270 3099 2320 et
3141 2261 3542 2320 insidiarum
3577 2261 3749 2337 ejus,
3792 2271 3853 2321 et
3904 2273 3997 2340 ty-

2505 2360 2833 2428 rannidis,
2866 2378 3078 2420 nonne
3108 2359 3241 2420 lzaec
3268 2361 3511 2436 scripta
3538 2369 3693 2420 sunt
3723 2362 3799 2420 in
3834 2364 3993 2422 libro

2524 2459 2865 2517 Verborum
2895 2459 3153 2518 dierum
3182 2477 3407 2534 reyum
3426 2461 3676 2519 Israel?
3702 2462 3883 2521 Tunc
3898 2463 3996 2520 di-

2504 2557 2681 2615 visus
2728 2565 2818 2616 est
2858 2560 3139 2634 populus
3170 2559 3378 2618 Israel
3418 2558 3491 2617 in
3536 2559 3707 2618 duas
3746 2569 3985 2636 partes.

2504 2657 2723 2716 Media
2758 2673 2921 2732 pars
2952 2657 3187 2732 populi
3218 2657 3596 2734 sequebatur
3642 2659 3887 2718 Tkebm‘
3917 2663 3993 2736 fi-

2504 2753 2666 2813 lium
2704 2755 2960 2824 Ginetlz,
2992 2763 3065 2814 ut
3104 2755 3511 2814 constitueret
3548 2775 3697 2814 eum
3736 2775 3994 2832 reyem,·

2499 2862 2561 2912 et
2598 2853 2814 2914 media
2855 2872 3038 2930 pars,
3090 2853 3305 2913 Amri.
3358 2855 3728 2914 Proevaluit
3774 2866 3991 2916 autem

2492 2954 2777 3028 populus
2824 2954 2941 3031 qui
2979 2962 3119 3012 erat
3166 2972 3313 3013 cum
3342 2954 3557 3024 Amri,
3583 2957 3829 3030 populo
3876 2957 3991 3034 qui

976 3051 1170 3111 Anno
1201 3050 1500 3109 vicesimo
1527 3058 1702 3108 sexto
1725 3051 1858 3110 Asa
1889 3050 2058 3125 reyis
2074 3051 2275 3120 Iuda,
2300 3070 2391 3109 re·-
2425 3051 2470 3114 C
2498 3051 2877 3131 sequebatur
2931 3052 3171 3112 Thebni
3216 3051 3438 3130 filium
3488 3052 3725 3112 Ginetli
3754 3077 3783 3125 ,·
3826 3074 3985 3114 mor-

889 3148 1126 3225 ynavit
1164 3149 1290 3209 Ela
1336 3149 1522 3225 filius
1561 3150 1780 3208 Baasa
1826 3167 2018 3224 super
2065 3150 2273 3209 Israel
2316 3151 2388 3209 in

906 3249 1137 3307 Thersa
1167 3247 1412 3306 duobus
1443 3248 1664 3317 annis,
1696 3245 1760 3308 id
1808 3255 1902 3309 est
1942 3264 2112 3309 anno
2157 3264 2287 3309 uno
2326 3254 2391 3309 et

899 3352 1078 3426 parte
1125 3343 1388 3406 alterius
1435 3344 1611 3405 anni.
1654 3346 1740 3405 Et
1787 3348 2118 3407 rebellavit
2163 3355 2387 3405 contra

895 3464 1046 3503 eum
1073 3464 1292 3503 servus
1320 3463 1478 3503 suus
1497 3446 1791 3514 Zambri,
1818 3447 1962 3505 dua:
1992 3447 2220 3507 medice
2240 3462 2390 3521 par-

900 3543 982 3602 tis
1024 3544 1337 3621 equitum.
1373 3544 1538 3603 E'rat
1577 3553 1793 3605 autem
1837 3546 1966 3605 Ela
2003 3546 2076 3604 in
2124 3546 2385 3613 Thersa,

898 3642 1132 3711 bibens,
1165 3650 1224 3701 et
1265 3645 1671 3713 temulentus,
1705 3644 1776 3703 in
1809 3646 1994 3703 domo
2024 3646 2194 3704 Arsa
2221 3664 2387 3721 prae-

893 3741 1050 3817 fecti
1086 3741 1340 3800 Thersa.
1375 3741 1647 3800 Irruens
1673 3760 1820 3817 erqo
1849 3743 2116 3803 Zambri
2135 3762 2387 3819 percus-

891 3838 978 3897 sit
1007 3846 1066 3897 et
1096 3838 1328 3897 occidit
1362 3858 1535 3908 eum,
1567 3858 1739 3898 anno
1783 3839 2078 3899 vicesimo
2115 3841 2383 3917 septimo

894 3939 1026 3997 Asa
1055 3937 1225 4013 reyis
1237 3938 1435 4007 Iuda,
1462 3944 1523 3995 et
1554 3938 1848 4013 reynavit
1870 3956 1993 4014 pro
2021 3957 2112 3997 eo,
2151 3941 2385 4007 Quum-

892 4055 1015 4114 que
1037 4044 1377 4111 reynasset,
1396 4044 1456 4095 et
1472 4036 1730 4095 sedisset
1748 4056 1935 4112 super
1953 4037 2189 4095 solium
2218 4039 2378 4115 ejus,

885 4135 1204 4210 percussit
1251 4153 1504 4193 omnem
1549 4136 1814 4195 domum
1851 4137 2092 4207 Baasa,
2139 4144 2201 4195 et
2252 4156 2381 4196 non

2502 3159 2773 3228 tuusque
2802 3159 2893 3209 est
2929 3152 3189 3221 Thebni,
3220 3160 3280 3210 et
3324 3154 3619 3227 reynavit
3648 3154 3866 3214 Amri.

2578 3249 2770 3307 Anno
2815 3249 3130 3307 tricesimo
3167 3249 3385 3325 primo
3413 3250 3547 3310 Asa
3575 3251 3747 3327 reyis
3786 3252 3977 3321 Iuda,

2498 3348 2797 3423 reynavit
2824 3348 3018 3406 Amri
3046 3365 3240 3423 super
3269 3348 3473 3407 Israel
3500 3349 3841 3408 duodecim
3879 3370 3986 3409 an-

2498 3446 2623 3506 nis.
2674 3448 2756 3505 In
2795 3446 3031 3505 Thersa
3072 3447 3370 3522 regnavit
3411 3466 3521 3505 sex
3560 3448 3783 3508 annis.
3814 3447 3987 3511 Patet

2497 3559 2648 3623 ergo
2676 3542 2998 3623 quomodo
3028 3541 3278 3605 Zambri
3307 3542 3575 3621 irruenS,
3610 3544 3847 3607 occidit
3874 3545 3985 3607 Eia

2497 3659 2666 3704 anno
2696 3641 3002 3705 vicesimo
3046 3642 3319 3724 septimo
3347 3642 3469 3703 Asa
3518 3642 3706 3721 regis.
3740 3644 3983 3707 Delcvit

2495 3740 2710 3817 etiam,
2764 3740 2827 3803 id
2877 3750 2974 3803 est
3024 3739 3367 3816 interfecit,
3422 3740 3667 3802 Zambri
3727 3760 3979 3806 omnem

2493 3840 2753 3902 domum
2786 3839 2995 3901 Baasa.
3011 3837 3343 3920 Quumque
3362 3839 3642 3902 audisset
3667 3840 3981 3904 exercitus

2498 3937 2707 4019 ipsum
2742 3936 2989 3999 Zambri
3022 3937 3331 4000 occidisse
3378 3955 3587 4019 regem
3618 3937 3733 4000 Eia
3764 3940 3981 4021 pransa-

2492 4044 2652 4112 tum,
2686 4034 2839 4098 fecit
2868 4035 2993 4097 sibi
3026 4054 3235 4116 regem
3276 4036 3477 4113 Amri,
3508 4036 3619 4117 qui
3650 4046 3789 4100 erat
3819 4039 3981 4120 prin·

2493 4154 2643 4217 ceps
2672 4134 2940 4211 militiae,
2964 4142 3028 4197 ct
3058 4133 3434 4197 obsidebant
3464 4134 3702 4198 Thersa
3732 4136 3973 4215 urbem,

893 4231 1242 4310 dereliquit
1269 4250 1352 4288 em
1380 4250 1456 4289 ea
1487 4232 1876 4308 minqentem
1919 4234 2007 4291 ad
2035 4234 2382 4310 parietem,
2415 4236 2463 4297 D
2493 4232 2560 4294 in
2610 4252 2737 4313 qua
2785 4230 2909 4294 fuit
2958 4233 3209 4295 Zambri
3258 4249 3272 4294 :
3323 4234 3435 4315 qui
3487 4234 3711 4297 videns
3760 4256 3831 4299 se
3876 4257 3975 4301 ca-

892 4336 952 4387 et
985 4330 1384 4407 propinquos
1425 4337 1485 4388 et
1522 4331 1761 4389 amicos
1803 4330 1964 4406 ejus.
2007 4333 2382 4410 Delevitque

893 4428 1163 4488 Zambri
1191 4446 1442 4487 omnem
1471 4430 1736 4487 domum
1765 4431 2222 4507 Baasa,y'u.vta
2252 4450 2382 4490 ver-

893 4526 1044 4585 bum
1074 4527 1343 4586 Domini
1378 4528 1551 4605 quod
1589 4530 1838 4587 locutus
1868 4528 2089 4603 fuerat
2124 4532 2214 4588 ad
2251 4532 2380 4590 Ba—

891 4644 1004 4685 asa
1036 4626 1108 4685 in
1141 4644 1340 4685 manu
1367 4627 1534 4685 Jehu
1565 4628 1916 4703 prophetoe,
1937 4637 2205 4705 propter
2233 4630 2379 4688 uni-

891 4740 1072 4782 versa
1105 4732 1370 4800 peccata
1405 4727 1651 4793 Baasa,
1692 4735 1753 4786 et
1787 4734 2045 4801 peccata
2085 4728 2213 4787 E'la
2242 4729 2378 4804 filii

885 4824 1050 4900 ejus,
1081 4823 1200 4903 qui
1221 4832 1672 4900 peccaverunt,
1706 4833 1766 4884 et
1789 4844 2052 4901 peccare
2080 4826 2376 4901 fecerunt

885 4925 1117 4991 Israel,
1138 4931 1553 4999 provocantes
1571 4925 1925 4983 Dominum
1943 4926 2150 4985 Deum
2170 4925 2377 4985 Israel

887 5022 962 5080 in
995 5021 1394 5081 vanitatibus
1419 5022 1577 5082 suis.
1601 5023 1881 5101 Reliqua
1904 5033 2118 5083 autem
2148 5044 2377 5085 sermo-

885 5140 1048 5179 num
1079 5120 1227 5190 E'la,
1259 5128 1319 5180 et
1356 5122 1578 5181 omnia
1607 5140 1750 5200 quoe
1791 5121 1971 5197 fecit,
2000 5142 2215 5184 nonne
2244 5126 2376 5185 Izoec

881 5218 1126 5295 scripta
1153 5227 1305 5279 sunt
1337 5220 1410 5279 in
1432 5219 1592 5279 libro
1626 5221 1972 5283 Verborum
2000 5223 2259 5284 dierum
2279 5244 2375 5283 re-

874 5334 1038 5394 yum
1066 5320 1270 5377 Israel
1289 5319 1319 5377 ?

2494 4331 2821 4412 piendum,
2857 4330 3141 4394 incendit
3169 4331 3475 4415 palatium
3505 4342 3567 4396 et
3596 4335 3882 4417 seipsum
3914 4337 3973 4398 in

2493 4429 2625 4493 illo.
2650 4430 2834 4493 Anno
2862 4449 3119 4513 quoque
3150 4432 3471 4495 tricesimo
3500 4432 3711 4515 primo
3738 4434 3865 4497 Asa
3892 4456 3977 4499 rc·

2488 4528 2607 4609 giS,
2656 4529 2947 4611 regnavit
2974 4528 3148 4591 Amri
3189 4548 3383 4612 super
3424 4532 3609 4595 lsrael
3640 4533 3971 4597 duodecim

2488 4628 2697 4689 annis,
2734 4628 2887 4691 Nam
2918 4636 3167 4692 mortuo
3199 4628 3448 4692 Zambri
3476 4630 3721 4695 divisus
3749 4642 3849 4697 est
3876 4652 3974 4715 po-

2486 4727 2678 4809 pulus
2720 4727 2910 4790 Israel
2956 4727 3023 4788 in
3067 4728 3225 4791 duas
3268 4738 3501 4811 pat-iffi,
3534 4749 3809 4812 quarum
3850 4752 3971 4795 una

2487 4826 2808 4889 nitebatur
2840 4826 3087 4889 Thebni
3120 4826 3329 4890 facere
3359 4846 3591 4909 regem,
3625 4830 3752 4893 alia
3782 4830 3969 4894 istum

2485 4925 2681 5002 Amri,
2716 4925 3097 5007 duravitque
3129 4926 3249 4989 ista
3279 4928 3601 4991 contentio
3630 4928 3841 4993 tribus
3868 4950 3970 4993 an—

2486 5023 2628 5102 nis;
2668 5025 2887 5106 sicque
2941 5024 3394 5089 succumbente
3436 5035 3501 5089 et
3540 5036 3791 5093 mortuo
3838 5029 3967 5112 ipso

2484 5122 2754 5200 Thebni,
2794 5124 3079 5204 regnavit
3121 5124 3297 5186 Amri
3336 5124 3631 5207 pacifice.
3668 5128 3966 5209 Regnavit

2483 5230 2693 5285 autem
2726 5221 3061 5285 duodecim
3096 5222 3281 5286 annis
3304 5243 3340 5286 a
3360 5224 3566 5306 prima
3586 5244 3702 5288 sua
3729 5226 3965 5290 electio·

2482 5338 2585 5383 ne.
2623 5321 2925 5400 Emitque
2958 5331 3233 5384 montem
3254 5325 3601 5397 Samariae,
3626 5322 3692 5386 id
3720 5333 3817 5387 est
3834 5344 3962 5408 par·
