<?xml version="1.0" encoding="UTF-8"?>
<!DOCTYPE html PUBLIC "-//W3C//DTD XHTML 1.0 Transitional//EN"
    "http://www.w3.org/TR/xhtml1/DTD/xhtml1-transitional.dtd">
<html xmlns="http://www.w3.org/1999/xhtml" xml:lang="en" lang="en">
 <head>
  <title>
</title>
<meta http-equiv="Content-Type" content="text/html;charset=utf-8" />
  <meta name='ocr-system' content='tesseract 3.04.00' />
  <meta name='ocr-capabilities' content='ocr_page ocr_carea ocr_par ocr_line ocrx_word'/>
</head>
<body>
  <div class='ocr_page' id='page_1' title='image "./doctorisecstati02denigoog_0278.png"; bbox 0 0 4359 6250; ppageno 0'>
   <div class='ocr_carea' id='block_1_1' title="bbox 1256 495 2619 545">
    <p class='ocr_par' dir='ltr' id='par_1_1' title="bbox 1256 495 2619 545">
     <span class='ocr_line' id='line_1_1' title="bbox 1256 495 2619 545; baseline -0.001 -2"><span class='ocrx_word' id='word_1_1' title='bbox 1256 495 1603 543; x_wconf 60' lang='lat' dir='ltr'><em>zumulo</em></span> <span class='ocrx_word' id='word_1_2' title='bbox 1645 497 1707 542; x_wconf 84' lang='lat' dir='ltr'><em>IN</em></span> <span class='ocrx_word' id='word_1_3' title='bbox 1749 497 1887 542; x_wconf 73' lang='lat' dir='ltr'><em>m.</em></span> <span class='ocrx_word' id='word_1_4' title='bbox 1933 496 2000 545; x_wconf 87' lang='lat'><em>111</em></span> <span class='ocrx_word' id='word_1_5' title='bbox 2040 497 2224 543; x_wconf 74' lang='lat' dir='ltr'><em>num.</em></span> <span class='ocrx_word' id='word_1_6' title='bbox 2268 515 2350 526; x_wconf 93' lang='lat'><em>-—</em></span> <span class='ocrx_word' id='word_1_7' title='bbox 2391 499 2533 544; x_wconf 69' lang='grc' dir='ltr'><strong>ΛΒΤ.</strong></span> <span class='ocrx_word' id='word_1_8' title='bbox 2582 499 2619 542; x_wconf 84' lang='lat' dir='ltr'>V</span> 
     </span>
    </p>
   </div>
   <div class='ocr_carea' id='block_1_2' title="bbox 3359 478 3479 543">
    <p class='ocr_par' dir='ltr' id='par_1_2' title="bbox 3359 478 3479 543">
     <span class='ocr_line' id='line_1_2' title="bbox 3359 478 3479 543; baseline -0.017 0"><span class='ocrx_word' id='word_1_9' title='bbox 3359 478 3479 543; x_wconf 77' lang='lat'><em>235</em></span> 
     </span>
    </p>
   </div>
   <div class='ocr_carea' id='block_1_3' title="bbox 395 660 3484 752">
    <p class='ocr_par' dir='ltr' id='par_1_3' title="bbox 395 660 3484 752">
     <span class='ocr_line' id='line_1_3' title="bbox 395 660 3484 752; baseline 0.002 -29"><span class='ocrx_word' id='word_1_10' title='bbox 395 660 548 725; x_wconf 87' lang='lat' dir='ltr'><em>l&#39;ecit</em></span> <span class='ocrx_word' id='word_1_11' title='bbox 578 683 719 726; x_wconf 81' lang='lat' dir='ltr'><em>eam</em></span> <span class='ocrx_word' id='word_1_12' title='bbox 760 665 872 728; x_wconf 81' lang='lat' dir='ltr'><em>tali</em></span> <span class='ocrx_word' id='word_1_13' title='bbox 906 668 1011 730; x_wconf 79' lang='lat' dir='ltr'><em>die</em></span> <span class='ocrx_word' id='word_1_14' title='bbox 1041 676 1103 730; x_wconf 87' lang='lat' dir='ltr'><em>et</em></span> <span class='ocrx_word' id='word_1_15' title='bbox 1131 669 1289 731; x_wconf 83' lang='lat' dir='ltr'><em>hora</em></span> <span class='ocrx_word' id='word_1_16' title='bbox 1316 671 1634 747; x_wconf 81' lang='lat' dir='ltr'><em>accedere,</em></span> <span class='ocrx_word' id='word_1_17' title='bbox 1668 679 1887 751; x_wconf 84' lang='lat' dir='ltr'><em>quate-</em></span> <span class='ocrx_word' id='word_1_18' title='bbox 1917 669 1964 731; x_wconf 85' lang='lat' dir='ltr'>A</span> <span class='ocrx_word' id='word_1_19' title='bbox 1998 690 2211 743; x_wconf 85' lang='lat' dir='ltr'><em>mane,</em></span> <span class='ocrx_word' id='word_1_20' title='bbox 2251 674 2310 731; x_wconf 91' lang='lat' dir='ltr'><em>si</em></span> <span class='ocrx_word' id='word_1_21' title='bbox 2358 682 2414 732; x_wconf 91' lang='lat' dir='ltr'><em>te</em></span> <span class='ocrx_word' id='word_1_22' title='bbox 2461 673 2734 732; x_wconf 80' lang='lat' dir='ltr'><em>voluerit</em></span> <span class='ocrx_word' id='word_1_23' title='bbox 2774 672 3290 752; x_wconf 74' lang='lat' dir='ltr'><em>propinquitatis</em></span> <span class='ocrx_word' id='word_1_24' title='bbox 3322 672 3484 749; x_wconf 82' lang='lat' dir='ltr'><em>jure</em></span> 
     </span>
    </p>
   </div>
   <div class='ocr_carea' id='block_1_4' title="bbox 391 763 1885 851">
    <p class='ocr_par' dir='ltr' id='par_1_4' title="bbox 391 763 1885 851">
     <span class='ocr_line' id='line_1_4' title="bbox 391 763 1885 851; baseline 0.005 -28"><span class='ocrx_word' id='word_1_25' title='bbox 391 780 513 823; x_wconf 90' lang='lat' dir='ltr'><em>nus</em></span> <span class='ocrx_word' id='word_1_26' title='bbox 542 763 703 827; x_wconf 90' lang='lat' dir='ltr'><em>Booz</em></span> <span class='ocrx_word' id='word_1_27' title='bbox 742 774 893 829; x_wconf 91' lang='lat' dir='ltr'><em>tunc</em></span> <span class='ocrx_word' id='word_1_28' title='bbox 923 768 1184 848; x_wconf 85' lang='lat' dir='ltr'><em>pronior</em></span> <span class='ocrx_word' id='word_1_29' title='bbox 1220 777 1383 831; x_wconf 84' lang='lat' dir='ltr'><em>esset</em></span> <span class='ocrx_word' id='word_1_30' title='bbox 1420 769 1495 831; x_wconf 89' lang='lat' dir='ltr'><em>ad</em></span> <span class='ocrx_word' id='word_1_31' title='bbox 1527 769 1885 851; x_wconf 85' lang='lat' dir='ltr'><em>amplexum</em></span> 
     </span>
    </p>
   </div>
   <div class='ocr_carea' id='block_1_5' title="bbox 390 861 1889 1028">
    <p class='ocr_par' dir='ltr' id='par_1_5' title="bbox 390 861 1889 1028">
     <span class='ocr_line' id='line_1_5' title="bbox 392 861 1889 950; baseline 0.006 -28"><span class='ocrx_word' id='word_1_32' title='bbox 392 861 639 943; x_wconf 88' lang='lat' dir='ltr'><em>ipsius;</em></span> <span class='ocrx_word' id='word_1_33' title='bbox 682 873 894 928; x_wconf 84' lang='lat' dir='ltr'><em>tamen</em></span> <span class='ocrx_word' id='word_1_34' title='bbox 927 875 990 928; x_wconf 86' lang='lat' dir='ltr'><em>et</em></span> <span class='ocrx_word' id='word_1_35' title='bbox 1019 867 1233 931; x_wconf 85' lang='lat' dir='ltr'><em>Noemi</em></span> <span class='ocrx_word' id='word_1_36' title='bbox 1272 877 1517 950; x_wconf 83' lang='lat' dir='ltr'><em>poterat</em></span> <span class='ocrx_word' id='word_1_37' title='bbox 1554 877 1889 932; x_wconf 91' lang='lat' dir='ltr'><em>consuetu-</em></span> 
     </span>
     <span class='ocr_line' id='line_1_6' title="bbox 390 960 1037 1028; baseline 0.009 -6"><span class='ocrx_word' id='word_1_38' title='bbox 390 960 611 1024; x_wconf 83' lang='lat' dir='ltr'>dinem</span> <span class='ocrx_word' id='word_1_39' title='bbox 644 963 821 1026; x_wconf 88' lang='lat' dir='ltr'><em>illam</em></span> <span class='ocrx_word' id='word_1_40' title='bbox 852 965 1037 1028; x_wconf 89' lang='lat' dir='ltr'><em>scire.</em></span> 
     </span>
    </p>
   </div>
   <div class='ocr_carea' id='block_1_6' title="bbox 391 1063 1893 1835">
    <p class='ocr_par' dir='ltr' id='par_1_6' title="bbox 391 1063 1893 1835">
     <span class='ocr_line' id='line_1_7' title="bbox 474 1063 1885 1145; baseline 0.003 -23"><span class='ocrx_word' id='word_1_41' title='bbox 474 1064 563 1122; x_wconf 78' lang='lat' dir='ltr'><em>Ec</em></span> <span class='ocrx_word' id='word_1_42' title='bbox 594 1063 707 1122; x_wconf 82' lang='lat' dir='ltr'><em>ille</em></span> <span class='ocrx_word' id='word_1_43' title='bbox 722 1084 744 1122; x_wconf 95' lang='grc'><em>.·</em></span> <span class='ocrx_word' id='word_1_44' title='bbox 775 1067 1128 1128; x_wconf 78' lang='lat' dir='ltr'><em>Benedicta</em></span> <span class='ocrx_word' id='word_1_45' title='bbox 1156 1087 1240 1138; x_wconf 88' lang='lat' dir='ltr'><em>es,</em></span> <span class='ocrx_word' id='word_1_46' title='bbox 1260 1067 1501 1145; x_wconf 80' lang='lat' dir='ltr'><em>inquit,</em></span> <span class='ocrx_word' id='word_1_47' title='bbox 1526 1087 1567 1126; x_wconf 91' lang='lat' dir='ltr'><em>a</em></span> <span class='ocrx_word' id='word_1_48' title='bbox 1588 1067 1885 1138; x_wconf 81' lang='lat' dir='ltr'><em>DominO,</em></span> 
     </span>
     <span class='ocr_line' id='line_1_8' title="bbox 391 1160 1890 1244; baseline 0.005 -25"><span class='ocrx_word' id='word_1_49' title='bbox 391 1161 564 1236; x_wconf 78' lang='lat' dir='ltr'><em>filia.</em></span> <span class='ocrx_word' id='word_1_50' title='bbox 599 1160 847 1238; x_wconf 82' lang='lat' dir='ltr'>Mirum,</span> <span class='ocrx_word' id='word_1_51' title='bbox 882 1164 1055 1244; x_wconf 91' lang='lat' dir='ltr'><em>quod</em></span> <span class='ocrx_word' id='word_1_52' title='bbox 1084 1183 1160 1227; x_wconf 85' lang='lat' dir='ltr'><em>ex</em></span> <span class='ocrx_word' id='word_1_53' title='bbox 1188 1163 1523 1227; x_wconf 87' lang='lat' dir='ltr'><em>subitanea</em></span> <span class='ocrx_word' id='word_1_54' title='bbox 1552 1164 1890 1227; x_wconf 85' lang='lat' dir='ltr'><em>conturba-</em></span> 
     </span>
     <span class='ocr_line' id='line_1_9' title="bbox 396 1257 1889 1344; baseline 0.005 -25"><span class='ocrx_word' id='word_1_55' title='bbox 396 1257 571 1321; x_wconf 92' lang='lat' dir='ltr'><em>tione</em></span> <span class='ocrx_word' id='word_1_56' title='bbox 614 1277 743 1323; x_wconf 89' lang='lat' dir='ltr'><em>non</em></span> <span class='ocrx_word' id='word_1_57' title='bbox 782 1263 1193 1344; x_wconf 82' lang='lat' dir='ltr'>reprehendit</span> <span class='ocrx_word' id='word_1_58' title='bbox 1231 1283 1370 1326; x_wconf 89' lang='lat' dir='ltr'><em>eam</em></span> <span class='ocrx_word' id='word_1_59' title='bbox 1400 1283 1477 1326; x_wconf 87' lang='lat' dir='ltr'><em>ex</em></span> <span class='ocrx_word' id='word_1_60' title='bbox 1508 1263 1889 1343; x_wconf 84' lang='lat' dir='ltr'><em>indignatio—</em></span> 
     </span>
     <span class='ocr_line' id='line_1_10' title="bbox 395 1358 1886 1438; baseline 0.003 -19"><span class='ocrx_word' id='word_1_61' title='bbox 395 1375 497 1433; x_wconf 88' lang='lat' dir='ltr'><em>ne,</em></span> <span class='ocrx_word' id='word_1_62' title='bbox 532 1358 709 1438; x_wconf 89' lang='lat' dir='ltr'><em>quod</em></span> <span class='ocrx_word' id='word_1_63' title='bbox 748 1377 905 1420; x_wconf 89' lang='lat' dir='ltr'><em>ausa</em></span> <span class='ocrx_word' id='word_1_64' title='bbox 942 1358 1170 1422; x_wconf 86' lang='lat' dir='ltr'><em>suisset</em></span> <span class='ocrx_word' id='word_1_65' title='bbox 1208 1359 1363 1422; x_wconf 88' lang='lat' dir='ltr'><em>talia</em></span> <span class='ocrx_word' id='word_1_66' title='bbox 1400 1368 1733 1424; x_wconf 86' lang='lat' dir='ltr'><em>attentare.</em></span> <span class='ocrx_word' id='word_1_67' title='bbox 1768 1359 1886 1423; x_wconf 87' lang='lat' dir='ltr'><em>Sed</em></span> 
     </span>
     <span class='ocr_line' id='line_1_11' title="bbox 394 1455 1891 1539; baseline 0.003 -21"><span class='ocrx_word' id='word_1_68' title='bbox 394 1455 652 1519; x_wconf 88' lang='lat' dir='ltr'><em>videtur</em></span> <span class='ocrx_word' id='word_1_69' title='bbox 702 1455 905 1520; x_wconf 80' lang='lat' dir='ltr'><em>fuisse</em></span> <span class='ocrx_word' id='word_1_70' title='bbox 952 1457 1053 1520; x_wconf 88' lang='lat' dir='ltr'><em>vir</em></span> <span class='ocrx_word' id='word_1_71' title='bbox 1096 1457 1295 1536; x_wconf 84' lang='lat' dir='ltr'><em>mitis,</em></span> <span class='ocrx_word' id='word_1_72' title='bbox 1328 1467 1392 1522; x_wconf 91' lang='lat' dir='ltr'><em>et</em></span> <span class='ocrx_word' id='word_1_73' title='bbox 1440 1459 1696 1539; x_wconf 84' lang='lat' dir='ltr'><em>cognita</em></span> <span class='ocrx_word' id='word_1_74' title='bbox 1734 1477 1891 1522; x_wconf 87' lang='lat' dir='ltr'><em>voce</em></span> 
     </span>
     <span class='ocr_line' id='line_1_12' title="bbox 394 1554 1885 1640; baseline 0.003 -24"><span class='ocrx_word' id='word_1_75' title='bbox 394 1554 585 1630; x_wconf 85' lang='lat' dir='ltr'><em>Ruth,</em></span> <span class='ocrx_word' id='word_1_76' title='bbox 620 1574 815 1636; x_wconf 87' lang='lat' dir='ltr'><em>quam</em></span> <span class='ocrx_word' id='word_1_77' title='bbox 856 1555 1103 1620; x_wconf 89' lang='lat' dir='ltr'><em>sincere</em></span> <span class='ocrx_word' id='word_1_78' title='bbox 1143 1557 1386 1634; x_wconf 82' lang='lat' dir='ltr'><em>dilexit,</em></span> <span class='ocrx_word' id='word_1_79' title='bbox 1421 1558 1547 1620; x_wconf 82' lang='lat' dir='ltr'><em>fuit</em></span> <span class='ocrx_word' id='word_1_80' title='bbox 1577 1558 1885 1640; x_wconf 82' lang='lat' dir='ltr'><em>placatuS,</em></span> 
     </span>
     <span class='ocr_line' id='line_1_13' title="bbox 394 1652 1885 1738; baseline 0.003 -23"><span class='ocrx_word' id='word_1_81' title='bbox 394 1652 524 1716; x_wconf 89' lang='lat' dir='ltr'><em>imo</em></span> <span class='ocrx_word' id='word_1_82' title='bbox 573 1661 639 1717; x_wconf 89' lang='lat' dir='ltr'><em>et</em></span> <span class='ocrx_word' id='word_1_83' title='bbox 685 1654 850 1717; x_wconf 91' lang='lat' dir='ltr'><em>Deus</em></span> <span class='ocrx_word' id='word_1_84' title='bbox 902 1654 1203 1736; x_wconf 90' lang='lat' dir='ltr'><em>spiritum</em></span> <span class='ocrx_word' id='word_1_85' title='bbox 1252 1657 1392 1738; x_wconf 90' lang='lat' dir='ltr'><em>ejus</em></span> <span class='ocrx_word' id='word_1_86' title='bbox 1440 1656 1885 1733; x_wconf 79' lang='lat' dir='ltr'><em>mansuefecit,</em></span> 
     </span>
     <span class='ocr_line' id='line_1_14' title="bbox 395 1752 1893 1835; baseline 0.001 -21"><span class='ocrx_word' id='word_1_87' title='bbox 395 1752 615 1834; x_wconf 84' lang='lat' dir='ltr'><em>itaque</em></span> <span class='ocrx_word' id='word_1_88' title='bbox 643 1774 785 1816; x_wconf 85' lang='lat' dir='ltr'><em>cam</em></span> <span class='ocrx_word' id='word_1_89' title='bbox 816 1755 1111 1818; x_wconf 84' lang='lat' dir='ltr'><em>laudavit.</em></span> <span class='ocrx_word' id='word_1_90' title='bbox 1122 1758 1209 1817; x_wconf 87' lang='lat' dir='ltr'><em>Et</em></span> <span class='ocrx_word' id='word_1_91' title='bbox 1232 1759 1523 1835; x_wconf 79' lang='lat' dir='ltr'><em>priorem</em></span> <span class='ocrx_word' id='word_1_92' title='bbox 1543 1759 1893 1817; x_wconf 86' lang='lat' dir='ltr'><em>misericor-</em></span> 
     </span>
    </p>
   </div>
   <div class='ocr_carea' id='block_1_7' title="bbox 1998 771 3490 1838">
    <p class='ocr_par' dir='ltr' id='par_1_7' title="bbox 1998 771 3490 1838">
     <span class='ocr_line' id='line_1_15' title="bbox 1998 771 3486 841; baseline 0.001 -14"><span class='ocrx_word' id='word_1_93' title='bbox 1998 771 2298 841; x_wconf 85' lang='lat' dir='ltr'><em>retinere,</em></span> <span class='ocrx_word' id='word_1_94' title='bbox 2331 773 2481 831; x_wconf 83' lang='lat' dir='ltr'><em>bene</em></span> <span class='ocrx_word' id='word_1_95' title='bbox 2510 792 2607 831; x_wconf 85' lang='lat' dir='ltr'><em>res</em></span> <span class='ocrx_word' id='word_1_96' title='bbox 2637 781 2780 830; x_wconf 88' lang='lat' dir='ltr'><em>acta</em></span> <span class='ocrx_word' id='word_1_97' title='bbox 2807 780 2917 830; x_wconf 87' lang='lat' dir='ltr'><em>est.</em></span> <span class='ocrx_word' id='word_1_98' title='bbox 2951 773 3078 832; x_wconf 88' lang='lat' dir='ltr'><em>Sin</em></span> <span class='ocrx_word' id='word_1_99' title='bbox 3117 780 3334 830; x_wconf 83' lang='lat' dir='ltr'><em>autem</em></span> <span class='ocrx_word' id='word_1_100' title='bbox 3373 772 3486 828; x_wconf 84' lang='lat' dir='ltr'><em>ille</em></span> 
     </span>
     <span class='ocr_line' id='line_1_16' title="bbox 1998 866 3487 951; baseline -0.001 -22"><span class='ocrx_word' id='word_1_101' title='bbox 1998 869 2111 947; x_wconf 83' lang='lat' dir='ltr'><em>qui</em></span> <span class='ocrx_word' id='word_1_102' title='bbox 2142 868 2569 951; x_wconf 78' lang='lat' dir='ltr'><em>propinquior</em></span> <span class='ocrx_word' id='word_1_103' title='bbox 2595 889 2698 931; x_wconf 89' lang='lat' dir='ltr'><em>me</em></span> <span class='ocrx_word' id='word_1_104' title='bbox 2729 877 2845 945; x_wconf 87' lang='lat' dir='ltr'><em>est,</em></span> <span class='ocrx_word' id='word_1_105' title='bbox 2881 868 2946 931; x_wconf 91' lang='lat' dir='ltr'><em>id</em></span> <span class='ocrx_word' id='word_1_106' title='bbox 2987 875 3083 931; x_wconf 91' lang='lat' dir='ltr'><em>est</em></span> <span class='ocrx_word' id='word_1_107' title='bbox 3111 869 3311 948; x_wconf 85' lang='lat' dir='ltr'><em>magis</em></span> <span class='ocrx_word' id='word_1_108' title='bbox 3337 866 3487 930; x_wconf 80' lang='lat' dir='ltr'><em>afri-</em></span> 
     </span>
     <span class='ocr_line' id='line_1_17' title="bbox 2000 966 3488 1048; baseline 0 -20"><span class='ocrx_word' id='word_1_109' title='bbox 2000 967 2099 1029; x_wconf 90' lang='lat' dir='ltr'><em>nis</em></span> <span class='ocrx_word' id='word_1_110' title='bbox 2127 967 2267 1044; x_wconf 89' lang='lat' dir='ltr'><em>tibi,</em></span> <span class='ocrx_word' id='word_1_111' title='bbox 2284 967 2395 1048; x_wconf 90' lang='lat' dir='ltr'><em>qui</em></span> <span class='ocrx_word' id='word_1_112' title='bbox 2421 976 2484 1030; x_wconf 88' lang='lat' dir='ltr'><em>et</em></span> <span class='ocrx_word' id='word_1_113' title='bbox 2505 967 2642 1031; x_wconf 86' lang='lat' dir='ltr'><em>viro</em></span> <span class='ocrx_word' id='word_1_114' title='bbox 2675 975 2783 1031; x_wconf 92' lang='lat' dir='ltr'><em>tuo</em></span> <span class='ocrx_word' id='word_1_115' title='bbox 2804 966 3130 1047; x_wconf 83' lang='lat' dir='ltr'><em>cognatior</em></span> <span class='ocrx_word' id='word_1_116' title='bbox 3151 966 3275 1028; x_wconf 83' lang='lat' dir='ltr'><em>suit</em></span> <span class='ocrx_word' id='word_1_117' title='bbox 3293 985 3488 1048; x_wconf 85' lang='lat' dir='ltr'><em>quam</em></span> 
     </span>
     <span class='ocr_line' id='line_1_18' title="bbox 2000 1069 3490 1146; baseline -0.001 -18"><span class='ocrx_word' id='word_1_118' title='bbox 2000 1084 2137 1146; x_wconf 86' lang='lat' dir='ltr'><em>eg0,</em></span> <span class='ocrx_word' id='word_1_119' title='bbox 2170 1069 2456 1128; x_wconf 82' lang='lat' dir='ltr'><em>noluerit</em></span> <span class='ocrx_word' id='word_1_120' title='bbox 2503 1077 2559 1129; x_wconf 90' lang='lat' dir='ltr'><em>te</em></span> <span class='ocrx_word' id='word_1_121' title='bbox 2603 1069 2907 1144; x_wconf 81' lang='lat' dir='ltr'><em>accipere,</em></span> <span class='ocrx_word' id='word_1_122' title='bbox 2937 1087 3048 1143; x_wconf 70' lang='lat' dir='ltr'><em>eqo</em></span> <span class='ocrx_word' id='word_1_123' title='bbox 3087 1070 3320 1145; x_wconf 82' lang='lat' dir='ltr'><strong><em>absque</em></strong></span> <span class='ocrx_word' id='word_1_124' title='bbox 3347 1069 3490 1126; x_wconf 83' lang='lat' dir='ltr'><em>ulla</em></span> 
     </span>
     <span class='ocr_line' id='line_1_19' title="bbox 1998 1166 3483 1245; baseline 0.001 -21"><span class='ocrx_word' id='word_1_125' title='bbox 1998 1167 2401 1226; x_wconf 77' lang='lat' dir='ltr'><em>dubitatione</em></span> <span class='ocrx_word' id='word_1_126' title='bbox 2443 1177 2499 1227; x_wconf 85' lang='lat' dir='ltr'><em>te</em></span> <span class='ocrx_word' id='word_1_127' title='bbox 2545 1168 2887 1245; x_wconf 77' lang='lat' dir='ltr'><em>accipiam.</em></span> <span class='ocrx_word' id='word_1_128' title='bbox 2929 1167 3102 1226; x_wconf 87' lang='lat' dir='ltr'><em>Vivit</em></span> <span class='ocrx_word' id='word_1_129' title='bbox 3145 1166 3483 1226; x_wconf 83' lang='lat' dir='ltr'><em>Dominus.</em></span> 
     </span>
     <span class='ocr_line' id='line_1_20' title="bbox 2000 1262 3487 1347; baseline 0.003 -23"><span class='ocrx_word' id='word_1_130' title='bbox 2000 1262 2157 1326; x_wconf 86' lang='lat' dir='ltr'><em>Ecce</em></span> <span class='ocrx_word' id='word_1_131' title='bbox 2178 1263 2430 1343; x_wconf 88' lang='lat' dir='ltr'><em>juratio.</em></span> <span class='ocrx_word' id='word_1_132' title='bbox 2451 1265 2559 1326; x_wconf 89' lang='lat' dir='ltr'><em>His</em></span> <span class='ocrx_word' id='word_1_133' title='bbox 2581 1264 2794 1328; x_wconf 87' lang='lat' dir='ltr'><em>verbis</em></span> <span class='ocrx_word' id='word_1_134' title='bbox 2815 1265 2971 1328; x_wconf 88' lang='lat' dir='ltr'><em>Booz</em></span> <span class='ocrx_word' id='word_1_135' title='bbox 3000 1264 3221 1347; x_wconf 86' lang='lat' dir='ltr'><em>pandit</em></span> <span class='ocrx_word' id='word_1_136' title='bbox 3250 1283 3318 1326; x_wconf 89' lang='lat' dir='ltr'><em>se</em></span> <span class='ocrx_word' id='word_1_137' title='bbox 3347 1284 3487 1328; x_wconf 86' lang='lat' dir='ltr'><em>eam</em></span> 
     </span>
     <span class='ocr_line' id='line_1_21' title="bbox 1999 1361 3488 1445; baseline 0.003 -24"><span class='ocrx_word' id='word_1_138' title='bbox 1999 1361 2165 1424; x_wconf 86' lang='lat' dir='ltr'><em>velle</em></span> <span class='ocrx_word' id='word_1_139' title='bbox 2195 1362 2486 1444; x_wconf 87' lang='lat' dir='ltr'><em>accipere</em></span> <span class='ocrx_word' id='word_1_140' title='bbox 2533 1363 2598 1424; x_wconf 92' lang='lat' dir='ltr'><em>in</em></span> <span class='ocrx_word' id='word_1_141' title='bbox 2643 1383 2792 1426; x_wconf 88' lang='lat' dir='ltr'><em>casu</em></span> <span class='ocrx_word' id='word_1_142' title='bbox 2835 1362 2946 1426; x_wconf 93' lang='lat' dir='ltr'><em>illo</em></span> <span class='ocrx_word' id='word_1_143' title='bbox 2986 1371 3244 1445; x_wconf 89' lang='lat' dir='ltr'><em>propter</em></span> <span class='ocrx_word' id='word_1_144' title='bbox 3284 1363 3488 1444; x_wconf 89' lang='lat' dir='ltr'><em>ipsius</em></span> 
     </span>
     <span class='ocr_line' id='line_1_22' title="bbox 2000 1457 3490 1544; baseline 0.003 -24"><span class='ocrx_word' id='word_1_145' title='bbox 2000 1457 2167 1520; x_wconf 86' lang='lat' dir='ltr'><em>Ruth</em></span> <span class='ocrx_word' id='word_1_146' title='bbox 2215 1461 2702 1538; x_wconf 84' lang='lat' dir='ltr'><em>virtuositatem,</em></span> <span class='ocrx_word' id='word_1_147' title='bbox 2737 1471 2800 1524; x_wconf 84' lang='lat' dir='ltr'><em>ct</em></span> <span class='ocrx_word' id='word_1_148' title='bbox 2840 1470 3099 1544; x_wconf 85' lang='lat' dir='ltr'><em>propter</em></span> <span class='ocrx_word' id='word_1_149' title='bbox 3137 1461 3294 1542; x_wconf 81' lang='lat' dir='ltr'><em>legis</em></span> <span class='ocrx_word' id='word_1_150' title='bbox 3333 1481 3490 1544; x_wconf 84' lang='lat' dir='ltr'><em>prae-</em></span> 
     </span>
     <span class='ocr_line' id='line_1_23' title="bbox 1999 1561 3490 1643; baseline 0.003 -24"><span class='ocrx_word' id='word_1_151' title='bbox 1999 1566 2280 1640; x_wconf 83' lang='lat' dir='ltr'><em>ceptum,</em></span> <span class='ocrx_word' id='word_1_152' title='bbox 2303 1579 2374 1623; x_wconf 89' lang='lat' dir='ltr'><em>ac</em></span> <span class='ocrx_word' id='word_1_153' title='bbox 2396 1561 2712 1624; x_wconf 85' lang='lat' dir='ltr'><em>desiderio</em></span> <span class='ocrx_word' id='word_1_154' title='bbox 2742 1561 2940 1643; x_wconf 90' lang='lat' dir='ltr'><em>prolis</em></span> <span class='ocrx_word' id='word_1_155' title='bbox 2960 1562 3338 1642; x_wconf 82' lang='lat' dir='ltr'><em>deputandae</em></span> <span class='ocrx_word' id='word_1_156' title='bbox 3365 1581 3490 1624; x_wconf 89' lang='lat' dir='ltr'><em>ma-</em></span> 
     </span>
     <span class='ocr_line' id='line_1_24' title="bbox 2001 1656 3217 1740; baseline 0.002 -23"><span class='ocrx_word' id='word_1_157' title='bbox 2001 1656 2124 1718; x_wconf 87' lang='lat' dir='ltr'><em>rito</em></span> <span class='ocrx_word' id='word_1_158' title='bbox 2155 1656 2483 1720; x_wconf 82' lang='lat' dir='ltr'><em>defuncto.</em></span> <span class='ocrx_word' id='word_1_159' title='bbox 2518 1662 2748 1720; x_wconf 86' lang='lat' dir='ltr'><em>Dormi</em></span> <span class='ocrx_word' id='word_1_160' title='bbox 2781 1679 2977 1740; x_wconf 80' lang='lat' dir='ltr'><em>usque</em></span> <span class='ocrx_word' id='word_1_161' title='bbox 3005 1679 3217 1721; x_wconf 85' lang='lat' dir='ltr'><em>mane.</em></span> 
     </span>
     <span class='ocr_line' id='line_1_25' title="bbox 2080 1758 3490 1838; baseline 0.003 -22"><span class='ocrx_word' id='word_1_162' title='bbox 2080 1758 2407 1819; x_wconf 86' lang='lat' dir='ltr'><em>Dormivit</em></span> <span class='ocrx_word' id='word_1_163' title='bbox 2437 1760 2658 1838; x_wconf 82' lang='lat' dir='ltr'><em>itaque</em></span> <span class='ocrx_word' id='word_1_164' title='bbox 2685 1763 2774 1820; x_wconf 89' lang='lat' dir='ltr'><em>ad</em></span> <span class='ocrx_word' id='word_1_165' title='bbox 2797 1762 2988 1836; x_wconf 88' lang='lat' dir='ltr'><em>pedes</em></span> <span class='ocrx_word' id='word_1_166' title='bbox 3016 1760 3155 1837; x_wconf 80' lang='lat' dir='ltr'><em>ejus</em></span> <span class='ocrx_word' id='word_1_167' title='bbox 3185 1780 3383 1838; x_wconf 78' lang='lat' dir='ltr'><em>usque</em></span> <span class='ocrx_word' id='word_1_168' title='bbox 3401 1763 3490 1821; x_wconf 88' lang='lat' dir='ltr'><em>ad</em></span> 
     </span>
    </p>
   </div>
   <div class='ocr_carea' id='block_1_8' title="bbox 390 1850 3486 1938">
    <p class='ocr_par' dir='ltr' id='par_1_8' title="bbox 390 1850 3486 1938">
     <span class='ocr_line' id='line_1_26' title="bbox 390 1850 3486 1938; baseline 0.004 -31"><span class='ocrx_word' id='word_1_169' title='bbox 390 1855 579 1914; x_wconf 81' lang='lat' dir='ltr'><em>diam</em></span> <span class='ocrx_word' id='word_1_170' title='bbox 601 1857 953 1931; x_wconf 78' lang='lat' dir='ltr'><em>posteriore</em></span> <span class='ocrx_word' id='word_1_171' title='bbox 978 1858 1320 1933; x_wconf 80' lang='lat' dir='ltr'><em>superasti,</em></span> <span class='ocrx_word' id='word_1_172' title='bbox 1344 1855 1623 1918; x_wconf 75' lang='lat' dir='ltr'><em>Priorem</em></span> <span class='ocrx_word' id='word_1_173' title='bbox 1653 1855 1893 1918; x_wconf 79' lang='lat' dir='ltr'><em>miseri·</em></span> <span class='ocrx_word' id='word_1_174' title='bbox 1923 1850 1965 1911; x_wconf 87' lang='grc' dir='ltr'>Β</span> <span class='ocrx_word' id='word_1_175' title='bbox 2000 1857 2202 1915; x_wconf 75' lang='lat' dir='ltr'><em>noctis</em></span> <span class='ocrx_word' id='word_1_176' title='bbox 2241 1857 2615 1929; x_wconf 73' lang='lat' dir='ltr'><em>abscessum,</em></span> <span class='ocrx_word' id='word_1_177' title='bbox 2652 1857 2715 1919; x_wconf 80' lang='lat' dir='ltr'><em>id</em></span> <span class='ocrx_word' id='word_1_178' title='bbox 2762 1866 2858 1920; x_wconf 81' lang='lat' dir='ltr'><em>est</em></span> <span class='ocrx_word' id='word_1_179' title='bbox 2902 1876 3104 1938; x_wconf 78' lang='lat' dir='ltr'><em>usque</em></span> <span class='ocrx_word' id='word_1_180' title='bbox 3146 1859 3223 1919; x_wconf 79' lang='lat' dir='ltr'><em>ad</em></span> <span class='ocrx_word' id='word_1_181' title='bbox 3267 1857 3486 1920; x_wconf 72' lang='lat' dir='ltr'><em>horam</em></span> 
     </span>
    </p>
   </div>
   <div class='ocr_carea' id='block_1_9' title="bbox 309 1950 1896 3016">
    <p class='ocr_par' dir='ltr' id='par_1_9' title="bbox 309 1950 1896 3016">
     <span class='ocr_line' id='line_1_27' title="bbox 309 1950 1891 2035; baseline 0.003 -23"><span class='ocrx_word' id='word_1_182' title='bbox 309 1979 322 1987; x_wconf 91' lang='lat'><strong>·</strong></span> <span class='ocrx_word' id='word_1_183' title='bbox 392 1950 679 2014; x_wconf 83' lang='lat' dir='ltr'><em>cordiam</em></span> <span class='ocrx_word' id='word_1_184' title='bbox 713 1951 907 2034; x_wconf 87' lang='lat' dir='ltr'><em>hujus</em></span> <span class='ocrx_word' id='word_1_185' title='bbox 937 1953 1126 2028; x_wconf 89' lang='lat' dir='ltr'><em>Ruth,</em></span> <span class='ocrx_word' id='word_1_186' title='bbox 1148 1953 1287 2035; x_wconf 91' lang='lat' dir='ltr'><em>ipse</em></span> <span class='ocrx_word' id='word_1_187' title='bbox 1306 1954 1465 2016; x_wconf 91' lang='lat' dir='ltr'><em>Booz</em></span> <span class='ocrx_word' id='word_1_188' title='bbox 1494 1963 1698 2030; x_wconf 85' lang='lat' dir='ltr'><em>vocat,</em></span> <span class='ocrx_word' id='word_1_189' title='bbox 1720 1955 1891 2034; x_wconf 89' lang='lat' dir='ltr'><em>quod</em></span> 
     </span>
     <span class='ocr_line' id='line_1_28' title="bbox 394 2049 1893 2133; baseline 0.003 -23"><span class='ocrx_word' id='word_1_190' title='bbox 394 2049 539 2131; x_wconf 91' lang='lat' dir='ltr'><em>ipsa</em></span> <span class='ocrx_word' id='word_1_191' title='bbox 579 2049 749 2111; x_wconf 85' lang='lat' dir='ltr'><em>Ruth</em></span> <span class='ocrx_word' id='word_1_192' title='bbox 795 2058 925 2113; x_wconf 90' lang='lat' dir='ltr'><em>tam</em></span> <span class='ocrx_word' id='word_1_193' title='bbox 970 2069 1259 2114; x_wconf 88' lang='lat' dir='ltr'><em>amorose</em></span> <span class='ocrx_word' id='word_1_194' title='bbox 1298 2061 1361 2114; x_wconf 91' lang='lat' dir='ltr'><em>et</em></span> <span class='ocrx_word' id='word_1_195' title='bbox 1406 2050 1511 2133; x_wconf 86' lang='lat' dir='ltr'><em>pic</em></span> <span class='ocrx_word' id='word_1_196' title='bbox 1556 2071 1623 2114; x_wconf 91' lang='lat' dir='ltr'><em>se</em></span> <span class='ocrx_word' id='word_1_197' title='bbox 1667 2052 1893 2114; x_wconf 86' lang='lat' dir='ltr'><em>habuit</em></span> 
     </span>
     <span class='ocr_line' id='line_1_29' title="bbox 390 2147 1892 2236; baseline 0.001 -26"><span class='ocrx_word' id='word_1_198' title='bbox 390 2147 569 2236; x_wconf 82' lang='lat' dir='ltr'><em>circa</em></span> <span class='ocrx_word' id='word_1_199' title='bbox 596 2168 787 2211; x_wconf 91' lang='lat' dir='ltr'><em>suum</em></span> <span class='ocrx_word' id='word_1_200' title='bbox 816 2149 1117 2212; x_wconf 83' lang='lat' dir='ltr'><em>maritum</em></span> <span class='ocrx_word' id='word_1_201' title='bbox 1150 2149 1215 2211; x_wconf 91' lang='lat' dir='ltr'><em>in</em></span> <span class='ocrx_word' id='word_1_202' title='bbox 1246 2151 1387 2231; x_wconf 88' lang='lat' dir='ltr'><em>ejus</em></span> <span class='ocrx_word' id='word_1_203' title='bbox 1418 2149 1570 2227; x_wconf 76' lang='lat' dir='ltr'><em>vita,</em></span> <span class='ocrx_word' id='word_1_204' title='bbox 1598 2159 1799 2213; x_wconf 87' lang='lat' dir='ltr'><em>morte</em></span> <span class='ocrx_word' id='word_1_205' title='bbox 1830 2160 1892 2214; x_wconf 89' lang='lat' dir='ltr'><em>et</em></span> 
     </span>
     <span class='ocr_line' id='line_1_30' title="bbox 392 2248 1894 2330; baseline 0.003 -22"><span class='ocrx_word' id='word_1_206' title='bbox 392 2248 751 2330; x_wconf 83' lang='lat' dir='ltr'><em>sepultura,</em></span> <span class='ocrx_word' id='word_1_207' title='bbox 784 2257 849 2311; x_wconf 89' lang='lat' dir='ltr'><em>et</em></span> <span class='ocrx_word' id='word_1_208' title='bbox 878 2249 1050 2312; x_wconf 83' lang='lat' dir='ltr'><em>circa</em></span> <span class='ocrx_word' id='word_1_209' title='bbox 1078 2257 1345 2312; x_wconf 87' lang='lat' dir='ltr'><em>matrem</em></span> <span class='ocrx_word' id='word_1_210' title='bbox 1376 2249 1573 2311; x_wconf 79' lang='lat' dir='ltr'><em>illius,</em></span> <span class='ocrx_word' id='word_1_211' title='bbox 1594 2249 1894 2312; x_wconf 90' lang='lat' dir='ltr'><em>Posterio-</em></span> 
     </span>
     <span class='ocr_line' id='line_1_31' title="bbox 394 2347 1887 2428; baseline 0.002 -21"><span class='ocrx_word' id='word_1_212' title='bbox 394 2366 531 2410; x_wconf 91' lang='lat' dir='ltr'><em>rem</em></span> <span class='ocrx_word' id='word_1_213' title='bbox 578 2355 791 2409; x_wconf 84' lang='lat' dir='ltr'><em>autem</em></span> <span class='ocrx_word' id='word_1_214' title='bbox 841 2349 981 2428; x_wconf 82' lang='lat' dir='ltr'><em>ejus</em></span> <span class='ocrx_word' id='word_1_215' title='bbox 1031 2347 1532 2411; x_wconf 86' lang='lat' dir='ltr'><em>misericordiam</em></span> <span class='ocrx_word' id='word_1_216' title='bbox 1580 2348 1887 2424; x_wconf 87' lang='lat' dir='ltr'><em>nominat,</em></span> 
     </span>
     <span class='ocr_line' id='line_1_32' title="bbox 392 2445 1893 2527; baseline 0.003 -21"><span class='ocrx_word' id='word_1_217' title='bbox 392 2445 573 2527; x_wconf 89' lang='lat' dir='ltr'><em>quod</em></span> <span class='ocrx_word' id='word_1_218' title='bbox 616 2446 862 2526; x_wconf 84' lang='lat' dir='ltr'><em>optavit</em></span> <span class='ocrx_word' id='word_1_219' title='bbox 903 2445 1311 2510; x_wconf 83' lang='lat' dir='ltr'><em>matrimonio</em></span> <span class='ocrx_word' id='word_1_220' title='bbox 1350 2446 1579 2510; x_wconf 88' lang='lat' dir='ltr'><em>sociari</em></span> <span class='ocrx_word' id='word_1_221' title='bbox 1625 2457 1893 2527; x_wconf 83' lang='lat' dir='ltr'><em>cognato</em></span> 
     </span>
     <span class='ocr_line' id='line_1_33' title="bbox 393 2543 1893 2627; baseline 0.002 -22"><span class='ocrx_word' id='word_1_222' title='bbox 393 2543 612 2605; x_wconf 83' lang='lat' dir='ltr'><em>mariti</em></span> <span class='ocrx_word' id='word_1_223' title='bbox 644 2543 745 2605; x_wconf 91' lang='lat' dir='ltr'><em>sui</em></span> <span class='ocrx_word' id='word_1_224' title='bbox 777 2543 1091 2621; x_wconf 80' lang='lat' dir='ltr'><em>defuncti,</em></span> <span class='ocrx_word' id='word_1_225' title='bbox 1126 2563 1253 2607; x_wconf 90' lang='lat' dir='ltr'><em>non</em></span> <span class='ocrx_word' id='word_1_226' title='bbox 1283 2545 1760 2627; x_wconf 79' lang='lat' dir='ltr'><em>qualicumque,</em></span> <span class='ocrx_word' id='word_1_227' title='bbox 1782 2547 1893 2608; x_wconf 92' lang='lat' dir='ltr'><em>sed</em></span> 
     </span>
     <span class='ocr_line' id='line_1_34' title="bbox 394 2643 1895 2726; baseline 0 -20"><span class='ocrx_word' id='word_1_228' title='bbox 394 2643 539 2706; x_wconf 83' lang='lat' dir='ltr'><em>viro</em></span> <span class='ocrx_word' id='word_1_229' title='bbox 576 2643 939 2722; x_wconf 84' lang='lat' dir='ltr'><em>grandaev0,</em></span> <span class='ocrx_word' id='word_1_230' title='bbox 974 2652 1037 2706; x_wconf 91' lang='lat' dir='ltr'><em>et</em></span> <span class='ocrx_word' id='word_1_231' title='bbox 1065 2643 1246 2726; x_wconf 87' lang='lat' dir='ltr'><em>quasi</em></span> <span class='ocrx_word' id='word_1_232' title='bbox 1281 2643 1441 2721; x_wconf 88' lang='lat' dir='ltr'><em>seni,</em></span> <span class='ocrx_word' id='word_1_233' title='bbox 1476 2645 1553 2706; x_wconf 88' lang='lat' dir='ltr'><em>ad</em></span> <span class='ocrx_word' id='word_1_234' title='bbox 1586 2645 1895 2707; x_wconf 90' lang='lat' dir='ltr'><em>suscitan-</em></span> 
     </span>
     <span class='ocr_line' id='line_1_35' title="bbox 390 2741 1895 2824; baseline -0.001 -20"><span class='ocrx_word' id='word_1_235' title='bbox 390 2743 553 2804; x_wconf 89' lang='lat' dir='ltr'><em>dum</em></span> <span class='ocrx_word' id='word_1_236' title='bbox 583 2761 803 2804; x_wconf 88' lang='lat' dir='ltr'><em>semen</em></span> <span class='ocrx_word' id='word_1_237' title='bbox 832 2741 1163 2805; x_wconf 81' lang='lat' dir='ltr'><em>defuncte.</em></span> <span class='ocrx_word' id='word_1_238' title='bbox 1187 2743 1343 2806; x_wconf 88' lang='lat' dir='ltr'><em>Hinc</em></span> <span class='ocrx_word' id='word_1_239' title='bbox 1375 2744 1669 2806; x_wconf 87' lang='lat' dir='ltr'><em>subditur</em></span> <span class='ocrx_word' id='word_1_240' title='bbox 1698 2761 1711 2804; x_wconf 78' lang='lat' dir='ltr'><em>z</em></span> <span class='ocrx_word' id='word_1_241' title='bbox 1736 2745 1895 2824; x_wconf 82' lang='lat' dir='ltr'><em>quia</em></span> 
     </span>
     <span class='ocr_line' id='line_1_36' title="bbox 390 2841 1896 2919; baseline -0.001 -17"><span class='ocrx_word' id='word_1_242' title='bbox 390 2861 529 2902; x_wconf 82' lang='lat' dir='ltr'><em>non</em></span> <span class='ocrx_word' id='word_1_243' title='bbox 558 2861 623 2900; x_wconf 89' lang='lat' dir='ltr'><em>es</em></span> <span class='ocrx_word' id='word_1_244' title='bbox 652 2850 869 2902; x_wconf 83' lang='lat' dir='ltr'><em>secuta</em></span> <span class='ocrx_word' id='word_1_245' title='bbox 883 2841 1187 2919; x_wconf 83' lang='lat' dir='ltr'><em>juvenes,</em></span> <span class='ocrx_word' id='word_1_246' title='bbox 1213 2861 1526 2918; x_wconf 85' lang='lat' dir='ltr'><em>pauperes</em></span> <span class='ocrx_word' id='word_1_247' title='bbox 1550 2843 1687 2902; x_wconf 85' lang='lat' dir='ltr'><em>sive</em></span> <span class='ocrx_word' id='word_1_248' title='bbox 1724 2844 1896 2902; x_wconf 86' lang='lat' dir='ltr'><em>divi-</em></span> 
     </span>
     <span class='ocr_line' id='line_1_37' title="bbox 394 2938 1889 3016; baseline 0.001 -15"><span class='ocrx_word' id='word_1_249' title='bbox 394 2951 505 3001; x_wconf 84' lang='lat' dir='ltr'><em>tes.</em></span> <span class='ocrx_word' id='word_1_250' title='bbox 543 2939 733 3014; x_wconf 82' lang='lat' dir='ltr'><em>Quasi</em></span> <span class='ocrx_word' id='word_1_251' title='bbox 780 2939 988 3002; x_wconf 90' lang='lat' dir='ltr'><em>dicat:</em></span> <span class='ocrx_word' id='word_1_252' title='bbox 1021 2939 1157 3001; x_wconf 92' lang='lat' dir='ltr'><em>Non</em></span> <span class='ocrx_word' id='word_1_253' title='bbox 1194 2959 1269 3002; x_wconf 84' lang='lat' dir='ltr'><em>ex</em></span> <span class='ocrx_word' id='word_1_254' title='bbox 1299 2938 1569 3002; x_wconf 86' lang='lat' dir='ltr'><em>libidine</em></span> <span class='ocrx_word' id='word_1_255' title='bbox 1600 2949 1771 3003; x_wconf 88' lang='lat' dir='ltr'><em>mota</em></span> <span class='ocrx_word' id='word_1_256' title='bbox 1802 2961 1889 3016; x_wconf 85' lang='lat' dir='ltr'><em>eS,</em></span> 
     </span>
    </p>
   </div>
   <div class='ocr_carea' id='block_1_10' title="bbox 2001 1953 3497 3024">
    <p class='ocr_par' dir='ltr' id='par_1_10' title="bbox 2001 1953 3497 3024">
     <span class='ocr_line' id='line_1_38' title="bbox 2001 1953 3487 2037; baseline 0.005 -25"><span class='ocrx_word' id='word_1_257' title='bbox 2001 1953 2428 2034; x_wconf 86' lang='lat' dir='ltr'><em>propinquam</em></span> <span class='ocrx_word' id='word_1_258' title='bbox 2455 1954 2759 2030; x_wconf 88' lang='lat' dir='ltr'><em>dilucu10‚</em></span> <span class='ocrx_word' id='word_1_259' title='bbox 2782 1973 2911 2017; x_wconf 92' lang='lat' dir='ltr'><em>non</em></span> <span class='ocrx_word' id='word_1_260' title='bbox 2942 1965 3150 2018; x_wconf 88' lang='lat' dir='ltr'><em>tamen</em></span> <span class='ocrx_word' id='word_1_261' title='bbox 3183 1976 3384 2037; x_wconf 87' lang='lat' dir='ltr'><em>usque</em></span> <span class='ocrx_word' id='word_1_262' title='bbox 3410 1958 3487 2019; x_wconf 87' lang='lat' dir='ltr'><em>ad</em></span> 
     </span>
     <span class='ocr_line' id='line_1_39' title="bbox 2003 2051 3492 2117; baseline 0.002 -5"><span class='ocrx_word' id='word_1_263' title='bbox 2003 2051 2409 2114; x_wconf 86' lang='lat' dir='ltr'><em>tenebrarum</em></span> <span class='ocrx_word' id='word_1_264' title='bbox 2445 2072 2788 2115; x_wconf 79' lang='lat' dir='ltr'><em>recessum.</em></span> <span class='ocrx_word' id='word_1_265' title='bbox 2809 2053 2960 2115; x_wconf 89' lang='lat' dir='ltr'><em>Nam</em></span> <span class='ocrx_word' id='word_1_266' title='bbox 2985 2054 3280 2116; x_wconf 76' lang='lat' dir='ltr'><em>subditur</em></span> <span class='ocrx_word' id='word_1_267' title='bbox 3301 2072 3314 2117; x_wconf 91' lang='lat'>:</span> <span class='ocrx_word' id='word_1_268' title='bbox 3335 2058 3492 2116; x_wconf 86' lang='lat' dir='ltr'><em>Sur-</em></span> 
     </span>
     <span class='ocr_line' id='line_1_40' title="bbox 2001 2152 3491 2232; baseline 0.001 -22"><span class='ocrx_word' id='word_1_269' title='bbox 2001 2152 2173 2210; x_wconf 73' lang='lat' dir='ltr'><em>reoeit</em></span> <span class='ocrx_word' id='word_1_270' title='bbox 2217 2153 2434 2230; x_wconf 77' lang='lat' dir='ltr'><em>itaque</em></span> <span class='ocrx_word' id='word_1_271' title='bbox 2473 2163 2820 2232; x_wconf 81' lang='lat' dir='ltr'><em>antequam</em></span> <span class='ocrx_word' id='word_1_272' title='bbox 2859 2155 3147 2214; x_wconf 81' lang='lat' dir='ltr'><em>homines</em></span> <span class='ocrx_word' id='word_1_273' title='bbox 3176 2173 3491 2230; x_wconf 71' lang='lat' dir='ltr'><em>coynosce-</em></span> 
     </span>
     <span class='ocr_line' id='line_1_41' title="bbox 2001 2253 3492 2312; baseline 0.003 -5"><span class='ocrx_word' id='word_1_274' title='bbox 2001 2258 2143 2309; x_wconf 85' lang='lat' dir='ltr'><em>rent</em></span> <span class='ocrx_word' id='word_1_275' title='bbox 2191 2269 2255 2308; x_wconf 90' lang='lat' dir='ltr'><em>se</em></span> <span class='ocrx_word' id='word_1_276' title='bbox 2303 2260 2548 2312; x_wconf 78' lang='lat' dir='ltr'><em>mutuo,</em></span> <span class='ocrx_word' id='word_1_277' title='bbox 2595 2253 2678 2312; x_wconf 81' lang='lat' dir='ltr'><em>Et</em></span> <span class='ocrx_word' id='word_1_278' title='bbox 2727 2253 2904 2312; x_wconf 72' lang='lat' dir='ltr'><em>dia-it</em></span> <span class='ocrx_word' id='word_1_279' title='bbox 2945 2255 3114 2312; x_wconf 69' lang='lat' dir='ltr'><em>Booz</em></span> <span class='ocrx_word' id='word_1_280' title='bbox 3145 2273 3168 2311; x_wconf 90' lang='grc'><em>.·</em></span> <span class='ocrx_word' id='word_1_281' title='bbox 3203 2254 3365 2312; x_wconf 84' lang='lat' dir='ltr'><em>Cave</em></span> <span class='ocrx_word' id='word_1_282' title='bbox 3411 2273 3492 2312; x_wconf 86' lang='lat' dir='ltr'><em>ne</em></span> 
     </span>
     <span class='ocr_line' id='line_1_42' title="bbox 2001 2349 3493 2428; baseline 0.004 -23"><span class='ocrx_word' id='word_1_283' title='bbox 2001 2349 2147 2426; x_wconf 82' lang='lat' dir='ltr'><em>quis</em></span> <span class='ocrx_word' id='word_1_284' title='bbox 2182 2351 2434 2409; x_wconf 83' lang='lat' dir='ltr'><em>noverit</em></span> <span class='ocrx_word' id='word_1_285' title='bbox 2466 2352 2638 2428; x_wconf 79' lang='lat' dir='ltr'><em>quod</em></span> <span class='ocrx_word' id='word_1_286' title='bbox 2663 2353 2789 2410; x_wconf 74' lang='lat' dir='ltr'><em>huc</em></span> <span class='ocrx_word' id='word_1_287' title='bbox 2819 2352 3094 2420; x_wconf 83' lang='lat' dir='ltr'><em>veneris,</em></span> <span class='ocrx_word' id='word_1_288' title='bbox 3127 2369 3207 2413; x_wconf 88' lang='lat' dir='ltr'><em>ne</em></span> <span class='ocrx_word' id='word_1_289' title='bbox 3246 2349 3493 2413; x_wconf 88' lang='lat' dir='ltr'><em>scilicet</em></span> 
     </span>
     <span class='ocr_line' id='line_1_43' title="bbox 2003 2445 3494 2530; baseline 0.003 -24"><span class='ocrx_word' id='word_1_290' title='bbox 2003 2445 2238 2527; x_wconf 88' lang='lat' dir='ltr'><em>aliquis</em></span> <span class='ocrx_word' id='word_1_291' title='bbox 2269 2447 2639 2528; x_wconf 86' lang='lat' dir='ltr'><em>opinaretur</em></span> <span class='ocrx_word' id='word_1_292' title='bbox 2659 2448 2902 2530; x_wconf 84' lang='lat' dir='ltr'><em>aliquid</em></span> <span class='ocrx_word' id='word_1_293' title='bbox 2929 2449 3079 2511; x_wconf 91' lang='lat' dir='ltr'><em>mali</em></span> <span class='ocrx_word' id='word_1_294' title='bbox 3101 2458 3350 2529; x_wconf 85' lang='lat' dir='ltr'><em>gestum</em></span> <span class='ocrx_word' id='word_1_295' title='bbox 3382 2449 3494 2512; x_wconf 90' lang='lat' dir='ltr'><em>ibi-</em></span> 
     </span>
     <span class='ocr_line' id='line_1_44' title="bbox 2003 2543 3493 2630; baseline 0.003 -26"><span class='ocrx_word' id='word_1_296' title='bbox 2003 2543 2189 2618; x_wconf 90' lang='lat' dir='ltr'><em>dem;</em></span> <span class='ocrx_word' id='word_1_297' title='bbox 2225 2553 2288 2606; x_wconf 87' lang='lat' dir='ltr'><em>et</em></span> <span class='ocrx_word' id='word_1_298' title='bbox 2331 2545 2637 2627; x_wconf 85' lang='lat' dir='ltr'><em>quoniam</em></span> <span class='ocrx_word' id='word_1_299' title='bbox 2682 2547 2910 2610; x_wconf 91' lang='lat' dir='ltr'><em>modus</em></span> <span class='ocrx_word' id='word_1_300' title='bbox 2955 2547 3065 2611; x_wconf 92' lang='lat' dir='ltr'><em>ille</em></span> <span class='ocrx_word' id='word_1_301' title='bbox 3107 2548 3386 2630; x_wconf 83' lang='lat' dir='ltr'><em>ponendi</em></span> <span class='ocrx_word' id='word_1_302' title='bbox 3423 2567 3493 2609; x_wconf 90' lang='lat' dir='ltr'><em>se</em></span> 
     </span>
     <span class='ocr_line' id='line_1_45' title="bbox 2004 2643 3494 2729; baseline 0.003 -25"><span class='ocrx_word' id='word_1_303' title='bbox 2004 2643 2082 2705; x_wconf 90' lang='lat' dir='ltr'><em>ad</em></span> <span class='ocrx_word' id='word_1_304' title='bbox 2129 2645 2323 2725; x_wconf 89' lang='lat' dir='ltr'><em>pedes</em></span> <span class='ocrx_word' id='word_1_305' title='bbox 2363 2645 2508 2719; x_wconf 84' lang='lat' dir='ltr'><em>viri,</em></span> <span class='ocrx_word' id='word_1_306' title='bbox 2545 2665 2656 2708; x_wconf 84' lang='lat' dir='ltr'><em>seu</em></span> <span class='ocrx_word' id='word_1_307' title='bbox 2696 2647 2944 2710; x_wconf 85' lang='lat' dir='ltr'><em>occulte</em></span> <span class='ocrx_word' id='word_1_308' title='bbox 2984 2646 3240 2728; x_wconf 88' lang='lat' dir='ltr'><em>petendi</em></span> <span class='ocrx_word' id='word_1_309' title='bbox 3272 2647 3494 2729; x_wconf 84' lang='lat' dir='ltr'><em>conju-</em></span> 
     </span>
     <span class='ocr_line' id='line_1_46' title="bbox 2003 2741 3492 2827; baseline 0.005 -25"><span class='ocrx_word' id='word_1_310' title='bbox 2003 2741 2203 2822; x_wconf 88' lang='lat' dir='ltr'><em>gium,</em></span> <span class='ocrx_word' id='word_1_311' title='bbox 2239 2743 2761 2824; x_wconf 87' lang='lat' dir='ltr'><em>reprehensibilis</em></span> <span class='ocrx_word' id='word_1_312' title='bbox 2789 2744 3144 2807; x_wconf 78' lang='lat' dir='ltr'><em>videbatur.</em></span> <span class='ocrx_word' id='word_1_313' title='bbox 3166 2745 3492 2827; x_wconf 87' lang='lat' dir='ltr'><em>Completo</em></span> 
     </span>
     <span class='ocr_line' id='line_1_47' title="bbox 2004 2840 3495 2927; baseline 0.003 -25"><span class='ocrx_word' id='word_1_314' title='bbox 2004 2848 2216 2903; x_wconf 85' lang='lat' dir='ltr'><em>autem</em></span> <span class='ocrx_word' id='word_1_315' title='bbox 2250 2840 2417 2903; x_wconf 88' lang='lat' dir='ltr'><em>inter</em></span> <span class='ocrx_word' id='word_1_316' title='bbox 2447 2861 2554 2905; x_wconf 89' lang='lat' dir='ltr'><em>eos</em></span> <span class='ocrx_word' id='word_1_317' title='bbox 2585 2843 2929 2919; x_wconf 91' lang='lat' dir='ltr'><em>connubio,</em></span> <span class='ocrx_word' id='word_1_318' title='bbox 2964 2863 3063 2904; x_wconf 86' lang='lat' dir='ltr'><em>res</em></span> <span class='ocrx_word' id='word_1_319' title='bbox 3102 2853 3352 2925; x_wconf 85' lang='lat' dir='ltr'><em>poterat</em></span> <span class='ocrx_word' id='word_1_320' title='bbox 3379 2864 3495 2927; x_wconf 93' lang='lat' dir='ltr'><em>pu-</em></span> 
     </span>
     <span class='ocr_line' id='line_1_48' title="bbox 2006 2939 3497 3024; baseline 0.003 -23"><span class='ocrx_word' id='word_1_321' title='bbox 2006 2939 2256 3002; x_wconf 90' lang='lat' dir='ltr'><em>blicari.</em></span> <span class='ocrx_word' id='word_1_322' title='bbox 2290 2940 2506 3022; x_wconf 87' lang='lat' dir='ltr'><em>Itaque</em></span> <span class='ocrx_word' id='word_1_323' title='bbox 2537 2939 2694 3003; x_wconf 88' lang='lat' dir='ltr'><em>Booz</em></span> <span class='ocrx_word' id='word_1_324' title='bbox 2726 2942 3071 3022; x_wconf 87' lang='lat' dir='ltr'><em>prudenter</em></span> <span class='ocrx_word' id='word_1_325' title='bbox 3099 2943 3381 3024; x_wconf 87' lang='lat' dir='ltr'><em>providit</em></span> <span class='ocrx_word' id='word_1_326' title='bbox 3410 2942 3497 3006; x_wconf 78' lang='lat' dir='ltr'><em>l&#39;a-</em></span> 
     </span>
    </p>
   </div>
   <div class='ocr_carea' id='block_1_11' title="bbox 392 3029 3496 3121">
    <p class='ocr_par' dir='ltr' id='par_1_11' title="bbox 392 3029 3496 3121">
     <span class='ocr_line' id='line_1_49' title="bbox 392 3029 3496 3121; baseline 0.001 -21"><span class='ocrx_word' id='word_1_327' title='bbox 392 3039 573 3120; x_wconf 90' lang='lat' dir='ltr'><em>quod</em></span> <span class='ocrx_word' id='word_1_328' title='bbox 626 3037 775 3100; x_wconf 91' lang='lat' dir='ltr'><em>inde</em></span> <span class='ocrx_word' id='word_1_329' title='bbox 826 3037 1153 3119; x_wconf 83' lang='lat' dir='ltr'><em>probatur,</em></span> <span class='ocrx_word' id='word_1_330' title='bbox 1205 3039 1376 3118; x_wconf 89' lang='lat' dir='ltr'><em>quod</em></span> <span class='ocrx_word' id='word_1_331' title='bbox 1433 3057 1560 3101; x_wconf 91' lang='lat' dir='ltr'><em>non</em></span> <span class='ocrx_word' id='word_1_332' title='bbox 1610 3038 1894 3120; x_wconf 81' lang='lat' dir='ltr'><em>quaesisti</em></span> <span class='ocrx_word' id='word_1_333' title='bbox 1930 3029 1975 3092; x_wconf 92' lang='lat' dir='ltr'>C</span> <span class='ocrx_word' id='word_1_334' title='bbox 2006 3057 2125 3100; x_wconf 77' lang='lat' dir='ltr'><em>mac</em></span> <span class='ocrx_word' id='word_1_335' title='bbox 2172 3058 2304 3101; x_wconf 80' lang='lat' dir='ltr'><em>suae</em></span> <span class='ocrx_word' id='word_1_336' title='bbox 2347 3058 2419 3101; x_wconf 87' lang='lat' dir='ltr'><em>ac</em></span> <span class='ocrx_word' id='word_1_337' title='bbox 2463 3039 2652 3101; x_wconf 87' lang='lat' dir='ltr'><em>Ruth.</em></span> <span class='ocrx_word' id='word_1_338' title='bbox 2685 3043 2773 3101; x_wconf 84' lang='lat' dir='ltr'><em>Et</em></span> <span class='ocrx_word' id='word_1_339' title='bbox 2810 3061 3118 3102; x_wconf 82' lang='lat' dir='ltr'><em>rursum:</em></span> <span class='ocrx_word' id='word_1_340' title='bbox 3151 3045 3496 3121; x_wconf 72' lang='lat' dir='ltr'><em>Eoepande,</em></span> 
     </span>
    </p>
   </div>
   <div class='ocr_carea' id='block_1_12' title="bbox 393 3137 1903 4208">
    <p class='ocr_par' dir='ltr' id='par_1_12' title="bbox 393 3137 1903 4208">
     <span class='ocr_line' id='line_1_50' title="bbox 394 3137 1898 3219; baseline 0.002 -20"><span class='ocrx_word' id='word_1_341' title='bbox 394 3138 675 3201; x_wconf 86' lang='lat' dir='ltr'><em>alterum</em></span> <span class='ocrx_word' id='word_1_342' title='bbox 720 3137 1022 3199; x_wconf 85' lang='lat' dir='ltr'><em>maritum</em></span> <span class='ocrx_word' id='word_1_343' title='bbox 1062 3137 1528 3201; x_wconf 80' lang='lat' dir='ltr'><em>adolescentem</em></span> <span class='ocrx_word' id='word_1_344' title='bbox 1570 3158 1681 3201; x_wconf 89' lang='lat' dir='ltr'><em>seu</em></span> <span class='ocrx_word' id='word_1_345' title='bbox 1719 3138 1898 3219; x_wconf 88' lang='lat' dir='ltr'><em>juve-</em></span> 
     </span>
     <span class='ocr_line' id='line_1_51' title="bbox 396 3235 1897 3318; baseline 0.001 -20"><span class='ocrx_word' id='word_1_346' title='bbox 396 3256 547 3299; x_wconf 82' lang='lat' dir='ltr'><em>nem</em></span> <span class='ocrx_word' id='word_1_347' title='bbox 594 3235 960 3317; x_wconf 86' lang='lat' dir='ltr'><em>pulchrum,</em></span> <span class='ocrx_word' id='word_1_348' title='bbox 994 3255 1142 3300; x_wconf 90' lang='lat' dir='ltr'><em>cum</em></span> <span class='ocrx_word' id='word_1_349' title='bbox 1176 3254 1305 3316; x_wconf 88' lang='lat' dir='ltr'><em>quo</em></span> <span class='ocrx_word' id='word_1_350' title='bbox 1336 3244 1588 3317; x_wconf 88' lang='lat' dir='ltr'><em>poteras</em></span> <span class='ocrx_word' id='word_1_351' title='bbox 1621 3236 1897 3318; x_wconf 86' lang='lat' dir='ltr'><em>amplius</em></span> 
     </span>
     <span class='ocr_line' id='line_1_52' title="bbox 394 3334 1900 3411; baseline 0 -14"><span class='ocrx_word' id='word_1_352' title='bbox 394 3334 730 3410; x_wconf 86' lang='lat' dir='ltr'><em>delectari,</em></span> <span class='ocrx_word' id='word_1_353' title='bbox 764 3334 875 3396; x_wconf 90' lang='lat' dir='ltr'><em>sed</em></span> <span class='ocrx_word' id='word_1_354' title='bbox 904 3353 1029 3396; x_wconf 89' lang='lat' dir='ltr'><em>me.</em></span> <span class='ocrx_word' id='word_1_355' title='bbox 1063 3336 1223 3395; x_wconf 83' lang='lat' dir='ltr'><em>Noli</em></span> <span class='ocrx_word' id='word_1_356' title='bbox 1249 3353 1397 3411; x_wconf 69' lang='lat' dir='ltr'><em>erqo</em></span> <span class='ocrx_word' id='word_1_357' title='bbox 1428 3344 1707 3396; x_wconf 80' lang='lat' dir='ltr'><em>metuere</em></span> <span class='ocrx_word' id='word_1_358' title='bbox 1738 3334 1900 3397; x_wconf 88' lang='lat' dir='ltr'><em>inor-</em></span> 
     </span>
     <span class='ocr_line' id='line_1_53' title="bbox 394 3433 1898 3513; baseline -0.003 -15"><span class='ocrx_word' id='word_1_359' title='bbox 394 3434 623 3498; x_wconf 84' lang='lat' dir='ltr'><em>dinato</em></span> <span class='ocrx_word' id='word_1_360' title='bbox 655 3433 905 3509; x_wconf 85' lang='lat' dir='ltr'><em>timore,</em></span> <span class='ocrx_word' id='word_1_361' title='bbox 928 3436 1039 3493; x_wconf 89' lang='lat' dir='ltr'><em>sed</em></span> <span class='ocrx_word' id='word_1_362' title='bbox 1068 3435 1397 3513; x_wconf 77' lang='lat' dir='ltr'><em>quidquid</em></span> <span class='ocrx_word' id='word_1_363' title='bbox 1423 3435 1677 3493; x_wconf 70' lang='lat' dir='ltr'><em>dia-eris</em></span> <span class='ocrx_word' id='word_1_364' title='bbox 1706 3436 1898 3504; x_wconf 73' lang='lat' dir='ltr'><em>mihi,</em></span> 
     </span>
     <span class='ocr_line' id='line_1_54' title="bbox 396 3530 1900 3614; baseline -0.001 -17"><span class='ocrx_word' id='word_1_365' title='bbox 396 3535 522 3597; x_wconf 86' lang='lat' dir='ltr'><em>hoe</em></span> <span class='ocrx_word' id='word_1_366' title='bbox 566 3541 687 3609; x_wconf 83' lang='lat' dir='ltr'><em>est,</em></span> <span class='ocrx_word' id='word_1_367' title='bbox 721 3530 1038 3612; x_wconf 89' lang='lat' dir='ltr'><em>quidquid</em></span> <span class='ocrx_word' id='word_1_368' title='bbox 1084 3531 1550 3595; x_wconf 88' lang='lat' dir='ltr'><em>rationabiliter</em></span> <span class='ocrx_word' id='word_1_369' title='bbox 1580 3551 1617 3595; x_wconf 88' lang='lat' dir='ltr'><em>a</em></span> <span class='ocrx_word' id='word_1_370' title='bbox 1654 3552 1757 3595; x_wconf 89' lang='lat' dir='ltr'><em>me</em></span> <span class='ocrx_word' id='word_1_371' title='bbox 1798 3551 1900 3614; x_wconf 87' lang='lat' dir='ltr'><em>pe-</em></span> 
     </span>
     <span class='ocr_line' id='line_1_55' title="bbox 396 3630 1899 3711; baseline -0.001 -19"><span class='ocrx_word' id='word_1_372' title='bbox 396 3630 607 3706; x_wconf 76' lang='lat' dir='ltr'><em>tieriS,</em></span> <span class='ocrx_word' id='word_1_373' title='bbox 659 3631 911 3708; x_wconf 81' lang='lat' dir='ltr'><em>faciam</em></span> <span class='ocrx_word' id='word_1_374' title='bbox 962 3631 1083 3690; x_wconf 81' lang='lat' dir='ltr'><em>tibi</em></span> <span class='ocrx_word' id='word_1_375' title='bbox 1128 3647 1243 3711; x_wconf 93' lang='lat' dir='ltr'><em>pro</em></span> <span class='ocrx_word' id='word_1_376' title='bbox 1301 3647 1489 3711; x_wconf 90' lang='lat' dir='ltr'><em>posse</em></span> <span class='ocrx_word' id='word_1_377' title='bbox 1544 3647 1708 3692; x_wconf 89' lang='lat' dir='ltr'><em>meo.</em></span> <span class='ocrx_word' id='word_1_378' title='bbox 1761 3632 1899 3691; x_wconf 86' lang='lat' dir='ltr'><em>Scit</em></span> 
     </span>
     <span class='ocr_line' id='line_1_56' title="bbox 393 3730 1901 3807; baseline -0.001 -18"><span class='ocrx_word' id='word_1_379' title='bbox 393 3731 578 3791; x_wconf 85' lang='lat' dir='ltr'><em>enim</em></span> <span class='ocrx_word' id='word_1_380' title='bbox 599 3730 815 3790; x_wconf 86' lang='lat' dir='ltr'><em>omnis</em></span> <span class='ocrx_word' id='word_1_381' title='bbox 834 3731 1115 3807; x_wconf 81' lang='lat' dir='ltr'><em>populus</em></span> <span class='ocrx_word' id='word_1_382' title='bbox 1135 3730 1250 3806; x_wconf 83' lang='lat' dir='ltr'><em>qui</em></span> <span class='ocrx_word' id='word_1_383' title='bbox 1278 3732 1527 3789; x_wconf 76' lang='lat' dir='ltr'><em>habitat</em></span> <span class='ocrx_word' id='word_1_384' title='bbox 1560 3730 1741 3789; x_wconf 84' lang='lat' dir='ltr'><em>intra</em></span> <span class='ocrx_word' id='word_1_385' title='bbox 1758 3749 1901 3807; x_wconf 87' lang='lat' dir='ltr'><em>por-</em></span> 
     </span>
     <span class='ocr_line' id='line_1_57' title="bbox 398 3826 1899 3907; baseline 0.001 -20"><span class='ocrx_word' id='word_1_386' title='bbox 398 3837 499 3887; x_wconf 81' lang='lat' dir='ltr'><em>tas</em></span> <span class='ocrx_word' id='word_1_387' title='bbox 538 3828 723 3887; x_wconf 80' lang='lat' dir='ltr'><em>urbis</em></span> <span class='ocrx_word' id='word_1_388' title='bbox 762 3846 941 3897; x_wconf 75' lang='lat' dir='ltr'><em>mea»,</em></span> <span class='ocrx_word' id='word_1_389' title='bbox 971 3826 1214 3888; x_wconf 88' lang='lat' dir='ltr'><em>scilicet</em></span> <span class='ocrx_word' id='word_1_390' title='bbox 1254 3826 1671 3889; x_wconf 83' lang='lat' dir='ltr'><em>Bethlehem:</em></span> <span class='ocrx_word' id='word_1_391' title='bbox 1705 3845 1899 3907; x_wconf 89' lang='lat' dir='ltr'><em>quam</em></span> 
     </span>
     <span class='ocr_line' id='line_1_58' title="bbox 396 3925 1902 4011; baseline -0.002 -22"><span class='ocrx_word' id='word_1_392' title='bbox 396 3926 561 3990; x_wconf 90' lang='lat' dir='ltr'><em>dicit</em></span> <span class='ocrx_word' id='word_1_393' title='bbox 592 3925 821 3987; x_wconf 88' lang='lat' dir='ltr'><em>urbem</em></span> <span class='ocrx_word' id='word_1_394' title='bbox 851 3944 1055 4001; x_wconf 89' lang='lat' dir='ltr'><em>suam,</em></span> <span class='ocrx_word' id='word_1_395' title='bbox 1076 3925 1229 4006; x_wconf 87' lang='lat' dir='ltr'><em>quia</em></span> <span class='ocrx_word' id='word_1_396' title='bbox 1258 3933 1443 4011; x_wconf 86' lang='lat' dir='ltr'><em>natus</em></span> <span class='ocrx_word' id='word_1_397' title='bbox 1464 3926 1565 4006; x_wconf 90' lang='lat' dir='ltr'><em>(ut</em></span> <span class='ocrx_word' id='word_1_398' title='bbox 1594 3926 1902 4005; x_wconf 88' lang='lat' dir='ltr'><em>creditur)</em></span> 
     </span>
     <span class='ocr_line' id='line_1_59' title="bbox 397 4021 1903 4105; baseline -0.002 -17"><span class='ocrx_word' id='word_1_399' title='bbox 397 4034 463 4089; x_wconf 87' lang='lat' dir='ltr'><em>et</em></span> <span class='ocrx_word' id='word_1_400' title='bbox 494 4031 930 4087; x_wconf 85' lang='lat' dir='ltr'><em>commoratus</em></span> <span class='ocrx_word' id='word_1_401' title='bbox 965 4021 1089 4084; x_wconf 80' lang='lat' dir='ltr'><em>fuit</em></span> <span class='ocrx_word' id='word_1_402' title='bbox 1120 4023 1185 4084; x_wconf 91' lang='lat' dir='ltr'><em>in</em></span> <span class='ocrx_word' id='word_1_403' title='bbox 1218 4042 1313 4099; x_wconf 88' lang='lat' dir='ltr'><em>ea,</em></span> <span class='ocrx_word' id='word_1_404' title='bbox 1334 4030 1397 4085; x_wconf 88' lang='lat' dir='ltr'><em>et</em></span> <span class='ocrx_word' id='word_1_405' title='bbox 1431 4043 1598 4086; x_wconf 91' lang='lat' dir='ltr'><em>unus</em></span> <span class='ocrx_word' id='word_1_406' title='bbox 1629 4025 1707 4086; x_wconf 91' lang='lat' dir='ltr'><em>de</em></span> <span class='ocrx_word' id='word_1_407' title='bbox 1738 4023 1903 4105; x_wconf 90' lang='lat' dir='ltr'><em>prin-</em></span> 
     </span>
     <span class='ocr_line' id='line_1_60' title="bbox 398 4122 1897 4208; baseline -0.003 -19"><span class='ocrx_word' id='word_1_408' title='bbox 398 4123 826 4208; x_wconf 84' lang='lat' dir='ltr'><em>cipalioribus</em></span> <span class='ocrx_word' id='word_1_409' title='bbox 870 4122 1051 4185; x_wconf 90' lang='lat' dir='ltr'><em>urbis</em></span> <span class='ocrx_word' id='word_1_410' title='bbox 1102 4130 1255 4198; x_wconf 88' lang='lat' dir='ltr'><em>erat,</em></span> <span class='ocrx_word' id='word_1_411' title='bbox 1300 4130 1411 4185; x_wconf 85' lang='lat' dir='ltr'><em>aut</em></span> <span class='ocrx_word' id='word_1_412' title='bbox 1457 4122 1716 4205; x_wconf 84' lang='lat' dir='ltr'><em>praesuit</em></span> <span class='ocrx_word' id='word_1_413' title='bbox 1765 4124 1897 4197; x_wconf 86' lang='lat' dir='ltr'><em>ibi;</em></span> 
     </span>
    </p>
   </div>
   <div class='ocr_carea' id='block_1_13' title="bbox 2004 3139 3501 4190">
    <p class='ocr_par' dir='ltr' id='par_1_13' title="bbox 2004 3139 3501 4190">
     <span class='ocr_line' id='line_1_61' title="bbox 2006 3139 3496 3219; baseline 0.004 -23"><span class='ocrx_word' id='word_1_414' title='bbox 2006 3139 2247 3217; x_wconf 77' lang='lat' dir='ltr'><em>inquit,</em></span> <span class='ocrx_word' id='word_1_415' title='bbox 2261 3140 2552 3216; x_wconf 81' lang='lat' dir='ltr'><em>pallium</em></span> <span class='ocrx_word' id='word_1_416' title='bbox 2584 3149 2792 3211; x_wconf 78' lang='lat' dir='ltr'><em>tuum,</em></span> <span class='ocrx_word' id='word_1_417' title='bbox 2811 3161 2933 3219; x_wconf 85' lang='lat' dir='ltr'><em>quo</em></span> <span class='ocrx_word' id='word_1_418' title='bbox 2955 3143 3249 3219; x_wconf 82' lang='lat' dir='ltr'><em>operiris,</em></span> <span class='ocrx_word' id='word_1_419' title='bbox 3268 3151 3328 3202; x_wconf 90' lang='lat' dir='ltr'><em>et</em></span> <span class='ocrx_word' id='word_1_420' title='bbox 3359 3152 3496 3203; x_wconf 87' lang='lat' dir='ltr'><em>tene</em></span> 
     </span>
     <span class='ocr_line' id='line_1_62' title="bbox 2004 3241 3495 3316; baseline 0.002 -20"><span class='ocrx_word' id='word_1_421' title='bbox 2004 3247 2281 3316; x_wconf 82' lang='lat' dir='ltr'><em>utraque</em></span> <span class='ocrx_word' id='word_1_422' title='bbox 2311 3258 2534 3297; x_wconf 80' lang='lat' dir='ltr'><em>manu.</em></span> <span class='ocrx_word' id='word_1_423' title='bbox 2559 3241 2698 3307; x_wconf 72' lang='lat' dir='ltr'><em>Qua</em></span> <span class='ocrx_word' id='word_1_424' title='bbox 2727 3243 3104 3301; x_wconf 77' lang='lat' dir='ltr'><em>eoetendente</em></span> <span class='ocrx_word' id='word_1_425' title='bbox 3133 3251 3193 3301; x_wconf 89' lang='lat' dir='ltr'><em>et</em></span> <span class='ocrx_word' id='word_1_426' title='bbox 3226 3250 3495 3310; x_wconf 81' lang='lat' dir='ltr'><em>tenente,</em></span> 
     </span>
     <span class='ocr_line' id='line_1_63' title="bbox 2006 3337 3492 3412; baseline 0.004 -17"><span class='ocrx_word' id='word_1_427' title='bbox 2006 3356 2260 3395; x_wconf 79' lang='lat' dir='ltr'><em>mensas</em></span> <span class='ocrx_word' id='word_1_428' title='bbox 2279 3346 2368 3396; x_wconf 88' lang='lat' dir='ltr'><em>est</em></span> <span class='ocrx_word' id='word_1_429' title='bbox 2394 3337 2457 3395; x_wconf 83' lang='grc' dir='ltr'><em>εἰ</em></span> <span class='ocrx_word' id='word_1_430' title='bbox 2484 3356 2594 3395; x_wconf 79' lang='lat' dir='ltr'><em>scoe</em></span> <span class='ocrx_word' id='word_1_431' title='bbox 2625 3339 2866 3398; x_wconf 84' lang='lat' dir='ltr'><em>modios</em></span> <span class='ocrx_word' id='word_1_432' title='bbox 2885 3338 3131 3399; x_wconf 71' lang='lat' dir='ltr'><em>hordei.</em></span> <span class='ocrx_word' id='word_1_433' title='bbox 3150 3337 3267 3412; x_wconf 89' lang='lat' dir='ltr'><em>Qui</em></span> <span class='ocrx_word' id='word_1_434' title='bbox 3297 3338 3492 3401; x_wconf 86' lang='lat' dir='ltr'><em>modii</em></span> 
     </span>
     <span class='ocr_line' id='line_1_64' title="bbox 2006 3432 3496 3517; baseline 0.004 -23"><span class='ocrx_word' id='word_1_435' title='bbox 2006 3450 2135 3495; x_wconf 92' lang='lat' dir='ltr'><em>non</em></span> <span class='ocrx_word' id='word_1_436' title='bbox 2189 3432 2216 3493; x_wconf 81' lang='lat' dir='ltr'><strong>f</strong></span> <span class='ocrx_word' id='word_1_437' title='bbox 2221 3442 2451 3495; x_wconf 86' lang='lat' dir='ltr'><em>uerunt</em></span> <span class='ocrx_word' id='word_1_438' title='bbox 2501 3441 2627 3496; x_wconf 90' lang='lat' dir='ltr'><em>tam</em></span> <span class='ocrx_word' id='word_1_439' title='bbox 2677 3435 2914 3515; x_wconf 84' lang='lat' dir='ltr'><em>magni,</em></span> <span class='ocrx_word' id='word_1_440' title='bbox 2947 3435 3106 3517; x_wconf 88' lang='lat' dir='ltr'><em>quin</em></span> <span class='ocrx_word' id='word_1_441' title='bbox 3153 3437 3288 3499; x_wconf 90' lang='lat' dir='ltr'><em>sola</em></span> <span class='ocrx_word' id='word_1_442' title='bbox 3329 3436 3496 3500; x_wconf 87' lang='lat' dir='ltr'><em>Ruth</em></span> 
     </span>
     <span class='ocr_line' id='line_1_65' title="bbox 2008 3532 3492 3615; baseline 0.002 -23"><span class='ocrx_word' id='word_1_443' title='bbox 2008 3532 2216 3612; x_wconf 91' lang='lat' dir='ltr'><em>potuit</em></span> <span class='ocrx_word' id='word_1_444' title='bbox 2246 3550 2353 3594; x_wconf 89' lang='lat' dir='ltr'><em>eos</em></span> <span class='ocrx_word' id='word_1_445' title='bbox 2395 3532 2686 3614; x_wconf 82' lang='lat' dir='ltr'><em>expedite</em></span> <span class='ocrx_word' id='word_1_446' title='bbox 2723 3541 2996 3615; x_wconf 83' lang='lat' dir='ltr'><em>portare.</em></span> <span class='ocrx_word' id='word_1_447' title='bbox 3029 3539 3181 3604; x_wconf 80' lang='lat' dir='ltr'><em>Quoe</em></span> <span class='ocrx_word' id='word_1_448' title='bbox 3199 3546 3492 3613; x_wconf 82' lang='lat' dir='ltr'><em>portans,</em></span> 
     </span>
     <span class='ocr_line' id='line_1_66' title="bbox 2006 3633 3496 3708; baseline 0.004 -18"><span class='ocrx_word' id='word_1_449' title='bbox 2006 3633 2299 3708; x_wconf 72' lang='lat' dir='ltr'><em>inyressa</em></span> <span class='ocrx_word' id='word_1_450' title='bbox 2327 3642 2418 3692; x_wconf 90' lang='lat' dir='ltr'><em>est</em></span> <span class='ocrx_word' id='word_1_451' title='bbox 2448 3634 2800 3704; x_wconf 86' lang='lat' dir='ltr'><em>civitatem,</em></span> <span class='ocrx_word' id='word_1_452' title='bbox 2833 3644 2892 3693; x_wconf 89' lang='lat' dir='ltr'><em>et</em></span> <span class='ocrx_word' id='word_1_453' title='bbox 2923 3636 3099 3695; x_wconf 85' lang='lat' dir='ltr'><em>venit</em></span> <span class='ocrx_word' id='word_1_454' title='bbox 3129 3638 3216 3695; x_wconf 88' lang='lat' dir='ltr'><em>ad</em></span> <span class='ocrx_word' id='word_1_455' title='bbox 3243 3656 3496 3696; x_wconf 83' lang='lat' dir='ltr'><em>socrum</em></span> 
     </span>
     <span class='ocr_line' id='line_1_67' title="bbox 2006 3732 3497 3811; baseline 0.005 -22"><span class='ocrx_word' id='word_1_456' title='bbox 2006 3750 2216 3790; x_wconf 82' lang='lat' dir='ltr'><em>suam.</em></span> <span class='ocrx_word' id='word_1_457' title='bbox 2256 3734 2409 3799; x_wconf 79' lang='lat' dir='ltr'><em>Quae</em></span> <span class='ocrx_word' id='word_1_458' title='bbox 2444 3732 2622 3792; x_wconf 68' lang='lat' dir='ltr'><em>dimit</em></span> <span class='ocrx_word' id='word_1_459' title='bbox 2661 3733 2724 3791; x_wconf 83' lang='lat' dir='ltr'><em>ei</em></span> <span class='ocrx_word' id='word_1_460' title='bbox 2757 3752 2781 3791; x_wconf 93' lang='lat'><em>:</em></span> <span class='ocrx_word' id='word_1_461' title='bbox 2828 3733 2999 3799; x_wconf 82' lang='lat' dir='ltr'><em>Quid</em></span> <span class='ocrx_word' id='word_1_462' title='bbox 3043 3735 3257 3810; x_wconf 72' lang='lat' dir='ltr'><em>eyisti,</em></span> <span class='ocrx_word' id='word_1_463' title='bbox 3295 3736 3497 3811; x_wconf 78' lang='lat' dir='ltr'><em>filia?</em></span> 
     </span>
     <span class='ocr_line' id='line_1_68' title="bbox 2012 3829 3496 3909; baseline 0.003 -18"><span class='ocrx_word' id='word_1_464' title='bbox 2012 3830 2455 3909; x_wconf 82' lang='lat' dir='ltr'><em>Narravitque</em></span> <span class='ocrx_word' id='word_1_465' title='bbox 2473 3830 2559 3899; x_wconf 84' lang='lat' dir='ltr'><em>ei,</em></span> <span class='ocrx_word' id='word_1_466' title='bbox 2582 3829 2828 3893; x_wconf 90' lang='lat' dir='ltr'><em>scilicet</em></span> <span class='ocrx_word' id='word_1_467' title='bbox 2857 3832 3066 3893; x_wconf 90' lang='lat' dir='ltr'><em>socrui</em></span> <span class='ocrx_word' id='word_1_468' title='bbox 3098 3852 3249 3909; x_wconf 80' lang='lat' dir='ltr'><em>suae,</em></span> <span class='ocrx_word' id='word_1_469' title='bbox 3274 3835 3496 3895; x_wconf 83' lang='lat' dir='ltr'><em>omnia</em></span> 
     </span>
     <span class='ocr_line' id='line_1_69' title="bbox 2008 3928 3499 4012; baseline 0.005 -26"><span class='ocrx_word' id='word_1_470' title='bbox 2008 3948 2152 4006; x_wconf 77' lang='lat' dir='ltr'><em>quae</em></span> <span class='ocrx_word' id='word_1_471' title='bbox 2189 3928 2315 3987; x_wconf 86' lang='lat' dir='ltr'><em>sibi</em></span> <span class='ocrx_word' id='word_1_472' title='bbox 2352 3930 2599 4008; x_wconf 81' lang='lat' dir='ltr'><em>fecisset</em></span> <span class='ocrx_word' id='word_1_473' title='bbox 2629 3932 2838 3999; x_wconf 80' lang='lat' dir='ltr'><em>homo,</em></span> <span class='ocrx_word' id='word_1_474' title='bbox 2869 3928 2932 3991; x_wconf 89' lang='lat' dir='ltr'><em>id</em></span> <span class='ocrx_word' id='word_1_475' title='bbox 2972 3938 3088 4007; x_wconf 89' lang='lat' dir='ltr'><em>est,</em></span> <span class='ocrx_word' id='word_1_476' title='bbox 3124 3949 3315 4012; x_wconf 88' lang='lat' dir='ltr'><em>quam</em></span> <span class='ocrx_word' id='word_1_477' title='bbox 3359 3950 3499 4012; x_wconf 83' lang='lat' dir='ltr'><em>gra-</em></span> 
     </span>
     <span class='ocr_line' id='line_1_70' title="bbox 2010 4023 3499 4093; baseline 0.005 -7"><span class='ocrx_word' id='word_1_478' title='bbox 2010 4024 2171 4087; x_wconf 87' lang='lat' dir='ltr'><em>tiose</em></span> <span class='ocrx_word' id='word_1_479' title='bbox 2205 4023 2462 4087; x_wconf 81' lang='lat' dir='ltr'><em>fecisset</em></span> <span class='ocrx_word' id='word_1_480' title='bbox 2492 4024 2614 4087; x_wconf 91' lang='lat' dir='ltr'><em>sibi</em></span> <span class='ocrx_word' id='word_1_481' title='bbox 2649 4026 2753 4089; x_wconf 91' lang='lat' dir='ltr'><em>hic</em></span> <span class='ocrx_word' id='word_1_482' title='bbox 2782 4027 2941 4090; x_wconf 91' lang='lat' dir='ltr'><em>Booz</em></span> <span class='ocrx_word' id='word_1_483' title='bbox 2973 4028 3039 4089; x_wconf 90' lang='lat' dir='ltr'><em>in</em></span> <span class='ocrx_word' id='word_1_484' title='bbox 3069 4029 3282 4091; x_wconf 87' lang='lat' dir='ltr'><em>verbis</em></span> <span class='ocrx_word' id='word_1_485' title='bbox 3313 4039 3376 4093; x_wconf 88' lang='lat' dir='ltr'><em>et</em></span> <span class='ocrx_word' id='word_1_486' title='bbox 3407 4029 3499 4093; x_wconf 76' lang='lat' dir='ltr'><em>l&#39;a-</em></span> 
     </span>
     <span class='ocr_line' id='line_1_71' title="bbox 2011 4123 3501 4190; baseline 0.003 -5"><span class='ocrx_word' id='word_1_487' title='bbox 2011 4123 2151 4186; x_wconf 78' lang='lat' dir='ltr'><em>ctis,</em></span> <span class='ocrx_word' id='word_1_488' title='bbox 2179 4126 2264 4185; x_wconf 85' lang='lat' dir='ltr'><em>E&#39;t</em></span> <span class='ocrx_word' id='word_1_489' title='bbox 2295 4126 2438 4184; x_wconf 85' lang='lat' dir='ltr'><em>ait:</em></span> <span class='ocrx_word' id='word_1_490' title='bbox 2469 4126 2628 4185; x_wconf 84' lang='grc' dir='ltr'><em>Εεεε</em></span> <span class='ocrx_word' id='word_1_491' title='bbox 2655 4145 2767 4183; x_wconf 73' lang='lat' dir='ltr'><em>sex</em></span> <span class='ocrx_word' id='word_1_492' title='bbox 2796 4128 3038 4187; x_wconf 84' lang='lat' dir='ltr'><em>modios</em></span> <span class='ocrx_word' id='word_1_493' title='bbox 3069 4130 3294 4187; x_wconf 78' lang='lat' dir='ltr'><em>hordei</em></span> <span class='ocrx_word' id='word_1_494' title='bbox 3321 4131 3501 4190; x_wconf 83' lang='lat' dir='ltr'><em>dedit</em></span> 
     </span>
    </p>
   </div>
   <div class='ocr_carea' id='block_1_14' title="bbox 397 4215 3505 4697">
    <p class='ocr_par' dir='ltr' id='par_1_14' title="bbox 397 4215 3505 4697">
     <span class='ocr_line' id='line_1_72' title="bbox 398 4215 3502 4292; baseline 0 -5"><span class='ocrx_word' id='word_1_495' title='bbox 398 4227 747 4287; x_wconf 82' lang='lat' dir='ltr'><em>mulierem</em></span> <span class='ocrx_word' id='word_1_496' title='bbox 780 4232 983 4283; x_wconf 87' lang='lat' dir='ltr'><em>teesse</em></span> <span class='ocrx_word' id='word_1_497' title='bbox 1003 4223 1293 4291; x_wconf 83' lang='lat' dir='ltr'><em>virtutis,</em></span> <span class='ocrx_word' id='word_1_498' title='bbox 1311 4220 1374 4282; x_wconf 91' lang='lat' dir='ltr'><em>id</em></span> <span class='ocrx_word' id='word_1_499' title='bbox 1396 4222 1897 4285; x_wconf 86' lang='lat' dir='ltr'><em>estvirtuosam:</em></span> <span class='ocrx_word' id='word_1_500' title='bbox 1933 4215 1982 4276; x_wconf 89' lang='lat' dir='ltr'><strong>D</strong></span> <span class='ocrx_word' id='word_1_501' title='bbox 2012 4223 2206 4292; x_wconf 72' lang='lat' dir='ltr'><em>milei,</em></span> <span class='ocrx_word' id='word_1_502' title='bbox 2235 4232 2295 4283; x_wconf 89' lang='lat' dir='ltr'><em>et</em></span> <span class='ocrx_word' id='word_1_503' title='bbox 2333 4225 2431 4283; x_wconf 86' lang='lat' dir='ltr'><em>ait</em></span> <span class='ocrx_word' id='word_1_504' title='bbox 2460 4240 2484 4283; x_wconf 93' lang='grc'><em>.·</em></span> <span class='ocrx_word' id='word_1_505' title='bbox 2523 4225 2686 4283; x_wconf 82' lang='lat' dir='ltr'><em>Nolo</em></span> <span class='ocrx_word' id='word_1_506' title='bbox 2737 4244 3010 4285; x_wconf 79' lang='lat' dir='ltr'><em>vacuam</em></span> <span class='ocrx_word' id='word_1_507' title='bbox 3059 4236 3116 4286; x_wconf 88' lang='lat' dir='ltr'><em>te</em></span> <span class='ocrx_word' id='word_1_508' title='bbox 3165 4228 3377 4286; x_wconf 83' lang='lat' dir='ltr'><em>redire</em></span> <span class='ocrx_word' id='word_1_509' title='bbox 3414 4231 3502 4288; x_wconf 88' lang='lat' dir='ltr'><em>ad</em></span> 
     </span>
     <span class='ocr_line' id='line_1_73' title="bbox 397 4319 3498 4405; baseline 0 -19"><span class='ocrx_word' id='word_1_510' title='bbox 397 4324 575 4405; x_wconf 88' lang='lat' dir='ltr'><em>quod</em></span> <span class='ocrx_word' id='word_1_511' title='bbox 606 4319 1032 4403; x_wconf 85' lang='lat' dir='ltr'><em>probabiliter</em></span> <span class='ocrx_word' id='word_1_512' title='bbox 1064 4328 1503 4399; x_wconf 82' lang='lat' dir='ltr'><em>cognoverunt</em></span> <span class='ocrx_word' id='word_1_513' title='bbox 1531 4339 1608 4382; x_wconf 83' lang='lat' dir='ltr'><em>ex</em></span> <span class='ocrx_word' id='word_1_514' title='bbox 1638 4319 1812 4383; x_wconf 81' lang='lat' dir='ltr'><em>sama</em></span> <span class='ocrx_word' id='word_1_515' title='bbox 1839 4330 1902 4383; x_wconf 88' lang='lat' dir='ltr'><em>et</em></span> <span class='ocrx_word' id='word_1_516' title='bbox 2010 4340 2265 4381; x_wconf 82' lang='lat' dir='ltr'><em>socrum</em></span> <span class='ocrx_word' id='word_1_517' title='bbox 2296 4330 2498 4381; x_wconf 81' lang='lat' dir='ltr'><em>tuam.</em></span> <span class='ocrx_word' id='word_1_518' title='bbox 2524 4324 2838 4402; x_wconf 69' lang='lat' dir='ltr'><em>Dimitque</em></span> <span class='ocrx_word' id='word_1_519' title='bbox 2864 4325 3095 4385; x_wconf 85' lang='lat' dir='ltr'><em>Noemi</em></span> <span class='ocrx_word' id='word_1_520' title='bbox 3115 4345 3137 4384; x_wconf 91' lang='lat'><em>.·</em></span> <span class='ocrx_word' id='word_1_521' title='bbox 3161 4328 3498 4404; x_wconf 72' lang='lat' dir='ltr'><em>Eoespecta,</em></span> 
     </span>
     <span class='ocr_line' id='line_1_74' title="bbox 400 4417 3504 4503; baseline 0.001 -21"><span class='ocrx_word' id='word_1_522' title='bbox 400 4420 807 4503; x_wconf 86' lang='lat' dir='ltr'><em>inspectione</em></span> <span class='ocrx_word' id='word_1_523' title='bbox 829 4427 893 4483; x_wconf 86' lang='lat' dir='ltr'><em>et</em></span> <span class='ocrx_word' id='word_1_524' title='bbox 913 4417 1373 4500; x_wconf 76' lang='lat' dir='ltr'><em>protestatione</em></span> <span class='ocrx_word' id='word_1_525' title='bbox 1394 4418 1904 4481; x_wconf 82' lang='lat' dir='ltr'><em>multorum.Nec</em></span> <span class='ocrx_word' id='word_1_526' title='bbox 2010 4420 2180 4494; x_wconf 81' lang='lat' dir='ltr'><em>filia,</em></span> <span class='ocrx_word' id='word_1_527' title='bbox 2196 4420 2393 4479; x_wconf 85' lang='lat' dir='ltr'><em>donec</em></span> <span class='ocrx_word' id='word_1_528' title='bbox 2423 4420 2758 4481; x_wconf 83' lang='lat' dir='ltr'><em>videamus</em></span> <span class='ocrx_word' id='word_1_529' title='bbox 2779 4442 2966 4501; x_wconf 81' lang='lat' dir='ltr'><em>quem</em></span> <span class='ocrx_word' id='word_1_530' title='bbox 2997 4443 3094 4482; x_wconf 86' lang='lat' dir='ltr'><em>res</em></span> <span class='ocrx_word' id='word_1_531' title='bbox 3123 4425 3374 4484; x_wconf 71' lang='lat' dir='ltr'><em>exitum</em></span> <span class='ocrx_word' id='word_1_532' title='bbox 3394 4426 3504 4485; x_wconf 77' lang='lat' dir='ltr'><em>ka-</em></span> 
     </span>
     <span class='ocr_line' id='line_1_75' title="bbox 398 4518 3505 4597; baseline 0 -16"><span class='ocrx_word' id='word_1_533' title='bbox 398 4522 617 4581; x_wconf 80' lang='lat' dir='ltr'><em>abrmo</em></span> <span class='ocrx_word' id='word_1_534' title='bbox 668 4539 769 4579; x_wconf 86' lang='lat' dir='ltr'><em>me</em></span> <span class='ocrx_word' id='word_1_535' title='bbox 806 4520 1281 4597; x_wconf 79' lang='lat' dir='ltr'><em>propinquum,</em></span> <span class='ocrx_word' id='word_1_536' title='bbox 1312 4520 1421 4576; x_wconf 87' lang='lat' dir='ltr'><em>sed</em></span> <span class='ocrx_word' id='word_1_537' title='bbox 1460 4526 1550 4577; x_wconf 89' lang='lat' dir='ltr'><em>est</em></span> <span class='ocrx_word' id='word_1_538' title='bbox 1591 4520 1765 4579; x_wconf 83' lang='lat' dir='ltr'><em>alius</em></span> <span class='ocrx_word' id='word_1_539' title='bbox 1804 4538 1904 4580; x_wconf 87' lang='lat' dir='ltr'><em>me</em></span> <span class='ocrx_word' id='word_1_540' title='bbox 2015 4518 2200 4577; x_wconf 87' lang='lat' dir='ltr'><em>beat:</em></span> <span class='ocrx_word' id='word_1_541' title='bbox 2222 4538 2423 4597; x_wconf 78' lang='lat' dir='ltr'><em>neque</em></span> <span class='ocrx_word' id='word_1_542' title='bbox 2450 4520 2628 4578; x_wconf 86' lang='lat' dir='ltr'><em>eni-m</em></span> <span class='ocrx_word' id='word_1_543' title='bbox 2655 4521 2920 4580; x_wconf 82' lang='lat' dir='ltr'><em>cessabit</em></span> <span class='ocrx_word' id='word_1_544' title='bbox 2950 4523 3154 4592; x_wconf 74' lang='lat' dir='ltr'><em>home,</em></span> <span class='ocrx_word' id='word_1_545' title='bbox 3179 4524 3314 4582; x_wconf 84' lang='lat' dir='ltr'><em>nisi</em></span> <span class='ocrx_word' id='word_1_546' title='bbox 3340 4542 3505 4583; x_wconf 87' lang='lat' dir='ltr'><em>com-</em></span> 
     </span>
     <span class='ocr_line' id='line_1_76' title="bbox 398 4616 2901 4697; baseline 0.001 -19"><span class='ocrx_word' id='word_1_547' title='bbox 398 4618 857 4697; x_wconf 82' lang='lat' dir='ltr'><em>propinquior.</em></span> <span class='ocrx_word' id='word_1_548' title='bbox 906 4618 1164 4685; x_wconf 81' lang='lat' dir='ltr'><em>Quiesce</em></span> <span class='ocrx_word' id='word_1_549' title='bbox 1211 4618 1333 4676; x_wconf 77' lang='lat' dir='ltr'><em>hac</em></span> <span class='ocrx_word' id='word_1_550' title='bbox 1378 4625 1580 4685; x_wconf 86' lang='lat' dir='ltr'><em>nocte,</em></span> <span class='ocrx_word' id='word_1_551' title='bbox 1622 4625 1682 4676; x_wconf 86' lang='lat' dir='ltr'><em>et</em></span> <span class='ocrx_word' id='word_1_552' title='bbox 1729 4620 1901 4697; x_wconf 80' lang='lat' dir='ltr'><em>facto</em></span> <span class='ocrx_word' id='word_1_553' title='bbox 2004 4616 2284 4691; x_wconf 79' lang='lat' dir='ltr'><em>pleverit</em></span> <span class='ocrx_word' id='word_1_554' title='bbox 2313 4619 2484 4695; x_wconf 82' lang='lat' dir='ltr'><em>qaod</em></span> <span class='ocrx_word' id='word_1_555' title='bbox 2515 4620 2762 4677; x_wconf 79' lang='lat' dir='ltr'><em>locutus</em></span> <span class='ocrx_word' id='word_1_556' title='bbox 2789 4628 2901 4681; x_wconf 89' lang='lat' dir='ltr'><em>est.</em></span> 
     </span>
    </p>
   </div>
  </div>
 </body>
</html>
