<?xml version="1.0" encoding="UTF-8"?>
<!DOCTYPE html PUBLIC "-//W3C//DTD XHTML 1.0 Transitional//EN"
    "http://www.w3.org/TR/xhtml1/DTD/xhtml1-transitional.dtd">
<html xmlns="http://www.w3.org/1999/xhtml" xml:lang="en" lang="en">
 <head>
  <title>
</title>
<meta http-equiv="Content-Type" content="text/html;charset=utf-8" />
  <meta name='ocr-system' content='tesseract 3.04.00' />
  <meta name='ocr-capabilities' content='ocr_page ocr_carea ocr_par ocr_line ocrx_word'/>
</head>
<body>
  <div class='ocr_page' id='page_1' title='image "./doctorisecstati02denigoog_0216.png"; bbox 0 0 4359 6250; ppageno 0'>
   <div class='ocr_carea' id='block_1_1' title="bbox 98 3675 282 3787">
    <p class='ocr_par' dir='ltr' id='par_1_1' title="bbox 98 3675 282 3787">
     <span class='ocr_line' id='line_1_1' title="bbox 136 3675 282 3717; baseline -0.014 0"><span class='ocrx_word' id='word_1_1' title='bbox 136 3675 282 3717; x_wconf 66' lang='lat' dir='ltr'><strong>Hebr.</strong></span> 
     </span>
     <span class='ocr_line' id='line_1_2' title="bbox 98 3742 259 3787; baseline -0.012 -6"><span class='ocrx_word' id='word_1_2' title='bbox 98 3742 165 3787; x_wconf 68' lang='lat'><strong>33..</strong></span> <span class='ocrx_word' id='word_1_3' title='bbox 188 3742 259 3780; x_wconf 77' lang='grc'><strong>33.</strong></span> 
     </span>
    </p>
   </div>
   <div class='ocr_carea' id='block_1_2' title="bbox 99 3874 375 3978">
    <p class='ocr_par' dir='ltr' id='par_1_2' title="bbox 99 3874 375 3978">
     <span class='ocr_line' id='line_1_3' title="bbox 134 3874 375 3923; baseline -0.008 -8"><span class='ocrx_word' id='word_1_4' title='bbox 134 3874 292 3916; x_wconf 68' lang='lat' dir='ltr'><strong>lindie.</strong></span> <span class='ocrx_word' id='word_1_5' title='bbox 313 3886 375 3923; x_wconf 76' lang='lat' dir='ltr'><strong>xi,</strong></span> 
     </span>
     <span class='ocr_line' id='line_1_4' title="bbox 99 3940 259 3978; baseline 0.013 -2"><span class='ocrx_word' id='word_1_6' title='bbox 99 3940 165 3977; x_wconf 66' lang='lat'><strong>29.</strong></span> <span class='ocrx_word' id='word_1_7' title='bbox 188 3940 259 3978; x_wconf 76' lang='grc'><strong>31].</strong></span> 
     </span>
    </p>
   </div>
   <div class='ocr_carea' id='block_1_3' title="bbox 104 4472 339 4585">
    <p class='ocr_par' dir='ltr' id='par_1_3' title="bbox 104 4472 339 4585">
     <span class='ocr_line' id='line_1_5' title="bbox 128 4472 287 4515; baseline -0.019 1"><span class='ocrx_word' id='word_1_8' title='bbox 128 4472 287 4515; x_wconf 60' lang='lat' dir='ltr'><strong>Esca.</strong></span> 
     </span>
     <span class='ocr_line' id='line_1_6' title="bbox 104 4538 339 4585; baseline -0.004 -9"><span class='ocrx_word' id='word_1_9' title='bbox 104 4542 145 4585; x_wconf 68' lang='lat'><strong>2,</strong></span> <span class='ocrx_word' id='word_1_10' title='bbox 168 4539 237 4582; x_wconf 69' lang='lat'><strong>12.</strong></span> <span class='ocrx_word' id='word_1_11' title='bbox 268 4538 339 4577; x_wconf 75' lang='lat'><strong>¹3.</strong></span> 
     </span>
    </p>
   </div>
   <div class='ocr_carea' id='block_1_4' title="bbox 100 4963 385 5071">
    <p class='ocr_par' dir='ltr' id='par_1_4' title="bbox 100 4963 385 5071">
     <span class='ocr_line' id='line_1_7' title="bbox 116 4963 383 5011; baseline -0.011 -6"><span class='ocrx_word' id='word_1_12' title='bbox 116 4963 279 5006; x_wconf 65' lang='lat' dir='ltr'><strong>ludia.</strong></span> <span class='ocrx_word' id='word_1_13' title='bbox 294 4976 383 5011; x_wconf 65' lang='grc' dir='ltr'><strong>τιιι,</strong></span> 
     </span>
     <span class='ocr_line' id='line_1_8' title="bbox 100 5028 385 5071; baseline -0.007 -3"><span class='ocrx_word' id='word_1_14' title='bbox 100 5030 177 5068; x_wconf 63' lang='grc' dir='ltr'><strong>ἒ·-</strong></span> <span class='ocrx_word' id='word_1_15' title='bbox 210 5042 271 5071; x_wconf 71' lang='lat' dir='ltr'><strong>vi.</strong></span> <span class='ocrx_word' id='word_1_16' title='bbox 306 5028 385 5066; x_wconf 68' lang='lat'><strong>³⁶-</strong></span> 
     </span>
    </p>
   </div>
   <div class='ocr_carea' id='block_1_5' title="bbox 100 5060 177 5131">
    <p class='ocr_par' dir='ltr' id='par_1_5' title="bbox 100 5060 177 5131">
     <span class='ocr_line' id='line_1_9' title="bbox 100 5060 177 5131; baseline 0.013 -1"><span class='ocrx_word' id='word_1_17' title='bbox 100 5060 177 5131; x_wconf 49' lang='lat' dir='ltr'><strong>w:</strong></span> 
     </span>
    </p>
   </div>
   <div class='ocr_carea' id='block_1_6' title="bbox 102 5258 389 5309">
    <p class='ocr_par' dir='ltr' id='par_1_6' title="bbox 102 5258 389 5309">
     <span class='ocr_line' id='line_1_10' title="bbox 102 5258 389 5309; baseline -0.021 -5"><span class='ocrx_word' id='word_1_18' title='bbox 102 5260 235 5303; x_wconf 72' lang='lat' dir='ltr'><strong>Dent.</strong></span> <span class='ocrx_word' id='word_1_19' title='bbox 248 5258 389 5309; x_wconf 51' lang='grc'><strong>*1,16.</strong></span> 
     </span>
    </p>
   </div>
   <div class='ocr_carea' id='block_1_7' title="bbox 1198 519 2716 569">
    <p class='ocr_par' dir='ltr' id='par_1_7' title="bbox 1198 519 2716 569">
     <span class='ocr_line' id='line_1_11' title="bbox 1198 519 2716 569; baseline 0 -1"><span class='ocrx_word' id='word_1_20' title='bbox 1198 521 1547 568; x_wconf 60' lang='lat' dir='ltr'><strong>mannum</strong></span> <span class='ocrx_word' id='word_1_21' title='bbox 1589 522 1649 566; x_wconf 74' lang='lat' dir='ltr'><strong>m</strong></span> <span class='ocrx_word' id='word_1_22' title='bbox 1692 521 1829 566; x_wconf 72' lang='lat' dir='ltr'><strong>cAP.</strong></span> <span class='ocrx_word' id='word_1_23' title='bbox 1876 519 1940 566; x_wconf 85' lang='lat' dir='ltr'><strong>xl</strong></span> <span class='ocrx_word' id='word_1_24' title='bbox 1980 521 2254 567; x_wconf 71' lang='lat' dir='ltr'><strong>Junlcun.</strong></span> <span class='ocrx_word' id='word_1_25' title='bbox 2299 541 2379 551; x_wconf 88' lang='lat'><strong>—</strong></span> <span class='ocrx_word' id='word_1_26' title='bbox 2418 522 2562 568; x_wconf 69' lang='grc' dir='ltr'><strong>ΛΒΤ.</strong></span> <span class='ocrx_word' id='word_1_27' title='bbox 2608 521 2716 569; x_wconf 83' lang='lat' dir='ltr'><strong>xlx</strong></span> 
     </span>
    </p>
   </div>
   <div class='ocr_carea' id='block_1_8' title="bbox 3373 507 3490 571">
    <p class='ocr_par' dir='ltr' id='par_1_8' title="bbox 3373 507 3490 571">
     <span class='ocr_line' id='line_1_12' title="bbox 3373 507 3490 571; baseline 0.009 -1"><span class='ocrx_word' id='word_1_28' title='bbox 3373 507 3490 571; x_wconf 73' lang='lat'><strong>176</strong></span> 
     </span>
    </p>
   </div>
   <div class='ocr_carea' id='block_1_9' title="bbox 394 692 3491 780">
    <p class='ocr_par' dir='ltr' id='par_1_9' title="bbox 394 692 3491 780">
     <span class='ocr_line' id='line_1_13' title="bbox 394 692 3491 780; baseline 0 -22"><span class='ocrx_word' id='word_1_29' title='bbox 394 695 741 775; x_wconf 77' lang='lat' dir='ltr'>cogitabat,</span> <span class='ocrx_word' id='word_1_30' title='bbox 763 696 1078 777; x_wconf 89' lang='lat' dir='ltr'><strong>impleret.</strong></span> <span class='ocrx_word' id='word_1_31' title='bbox 1099 695 1294 770; x_wconf 85' lang='lat' dir='ltr'>Quem</span> <span class='ocrx_word' id='word_1_32' title='bbox 1327 703 1539 757; x_wconf 89' lang='lat' dir='ltr'><strong>autem</strong></span> <span class='ocrx_word' id='word_1_33' title='bbox 1573 692 1780 775; x_wconf 90' lang='lat' dir='ltr'><strong>potuit</strong></span> <span class='ocrx_word' id='word_1_34' title='bbox 1799 709 1897 754; x_wconf 88' lang='lat' dir='ltr'><strong>eo-</strong></span> <span class='ocrx_word' id='word_1_35' title='bbox 1926 692 1979 754; x_wconf 84' lang='lat' dir='ltr'><strong>A</strong></span> <span class='ocrx_word' id='word_1_36' title='bbox 2006 693 2283 757; x_wconf 87' lang='lat' dir='ltr'><strong>dendum</strong></span> <span class='ocrx_word' id='word_1_37' title='bbox 2333 705 2448 760; x_wconf 91' lang='lat' dir='ltr'><strong>est.</strong></span> <span class='ocrx_word' id='word_1_38' title='bbox 2492 697 2680 762; x_wconf 91' lang='lat' dir='ltr'><strong>Porro</strong></span> <span class='ocrx_word' id='word_1_39' title='bbox 2720 697 3011 780; x_wconf 86' lang='lat' dir='ltr'><strong>Jephthe,</strong></span> <span class='ocrx_word' id='word_1_40' title='bbox 3044 696 3170 761; x_wconf 92' lang='lat' dir='ltr'><strong>Deo</strong></span> <span class='ocrx_word' id='word_1_41' title='bbox 3219 717 3346 761; x_wconf 89' lang='lat' dir='ltr'><strong>non</strong></span> <span class='ocrx_word' id='word_1_42' title='bbox 3393 695 3491 776; x_wconf 91' lang='lat' dir='ltr'><strong>ju-</strong></span> 
     </span>
    </p>
   </div>
   <div class='ocr_carea' id='block_1_10' title="bbox 394 791 1899 1865">
    <p class='ocr_par' dir='ltr' id='par_1_10' title="bbox 394 791 1899 1865">
     <span class='ocr_line' id='line_1_14' title="bbox 396 791 1899 876; baseline -0.003 -21"><span class='ocrx_word' id='word_1_43' title='bbox 396 794 626 874; x_wconf 85' lang='lat' dir='ltr'><strong>gitare,</strong></span> <span class='ocrx_word' id='word_1_44' title='bbox 649 796 762 876; x_wconf 90' lang='lat' dir='ltr'><strong>qui</strong></span> <span class='ocrx_word' id='word_1_45' title='bbox 798 794 1008 856; x_wconf 85' lang='lat' dir='ltr'><strong>filium</strong></span> <span class='ocrx_word' id='word_1_46' title='bbox 1042 814 1168 857; x_wconf 92' lang='lat' dir='ltr'><strong>non</strong></span> <span class='ocrx_word' id='word_1_47' title='bbox 1201 793 1519 856; x_wconf 60' lang='lat' dir='ltr'><strong>habebat?</strong></span> <span class='ocrx_word' id='word_1_48' title='bbox 1548 791 1643 854; x_wconf 88' lang='lat' dir='ltr'><strong>An</strong></span> <span class='ocrx_word' id='word_1_49' title='bbox 1675 791 1899 871; x_wconf 89' lang='lat' dir='ltr'><strong>conju-</strong></span> 
     </span>
     <span class='ocr_line' id='line_1_15' title="bbox 394 891 1894 974; baseline -0.004 -18"><span class='ocrx_word' id='word_1_50' title='bbox 394 910 543 974; x_wconf 87' lang='lat' dir='ltr'><strong>gem</strong></span> <span class='ocrx_word' id='word_1_51' title='bbox 572 893 917 973; x_wconf 89' lang='lat' dir='ltr'><strong>-cogitavit,</strong></span> <span class='ocrx_word' id='word_1_52' title='bbox 950 900 1013 955; x_wconf 90' lang='lat' dir='ltr'><strong>et</strong></span> <span class='ocrx_word' id='word_1_53' title='bbox 1042 901 1114 955; x_wconf 89' lang='lat' dir='ltr'><strong>ut</strong></span> <span class='ocrx_word' id='word_1_54' title='bbox 1152 893 1271 956; x_wconf 91' lang='lat' dir='ltr'><strong>hoc</strong></span> <span class='ocrx_word' id='word_1_55' title='bbox 1315 891 1524 967; x_wconf 78' lang='lat' dir='ltr'><strong>fieret,</strong></span> <span class='ocrx_word' id='word_1_56' title='bbox 1559 892 1722 954; x_wconf 88' lang='lat' dir='ltr'><strong>Deus</strong></span> <span class='ocrx_word' id='word_1_57' title='bbox 1768 907 1894 951; x_wconf 91' lang='lat' dir='ltr'><strong>non</strong></span> 
     </span>
     <span class='ocr_line' id='line_1_16' title="bbox 394 989 1898 1073; baseline -0.005 -18"><span class='ocrx_word' id='word_1_58' title='bbox 394 993 649 1056; x_wconf 68' lang='lat' dir='ltr'><strong>voluit?</strong></span> <span class='ocrx_word' id='word_1_59' title='bbox 679 1000 743 1054; x_wconf 88' lang='lat' dir='ltr'><strong>et</strong></span> <span class='ocrx_word' id='word_1_60' title='bbox 772 1001 844 1054; x_wconf 88' lang='lat' dir='ltr'><strong>ut</strong></span> <span class='ocrx_word' id='word_1_61' title='bbox 873 993 993 1054; x_wconf 89' lang='lat' dir='ltr'><strong>hoc</strong></span> <span class='ocrx_word' id='word_1_62' title='bbox 1024 1009 1152 1053; x_wconf 92' lang='lat' dir='ltr'><strong>non</strong></span> <span class='ocrx_word' id='word_1_63' title='bbox 1184 991 1656 1073; x_wconf 78' lang='lat' dir='ltr'><strong>relinqueretur</strong></span> <span class='ocrx_word' id='word_1_64' title='bbox 1689 989 1898 1069; x_wconf 90' lang='lat' dir='ltr'><strong>impu-</strong></span> 
     </span>
     <span class='ocr_line' id='line_1_17' title="bbox 396 1089 1895 1175; baseline -0.003 -21"><span class='ocrx_word' id='word_1_65' title='bbox 396 1093 634 1169; x_wconf 90' lang='lat' dir='ltr'><strong>nitum,</strong></span> <span class='ocrx_word' id='word_1_66' title='bbox 664 1113 745 1156; x_wconf 87' lang='lat' dir='ltr'><strong>ne</strong></span> <span class='ocrx_word' id='word_1_67' title='bbox 784 1093 930 1175; x_wconf 89' lang='lat' dir='ltr'><strong>quis</strong></span> <span class='ocrx_word' id='word_1_68' title='bbox 976 1089 1197 1175; x_wconf 82' lang='lat' dir='ltr'><strong>postea</strong></span> <span class='ocrx_word' id='word_1_69' title='bbox 1236 1092 1395 1153; x_wconf 90' lang='lat' dir='ltr'><strong>illud</strong></span> <span class='ocrx_word' id='word_1_70' title='bbox 1434 1091 1718 1164; x_wconf 84' lang='lat' dir='ltr'><strong>auderet,</strong></span> <span class='ocrx_word' id='word_1_71' title='bbox 1754 1089 1895 1150; x_wconf 88' lang='lat' dir='ltr'><strong>ideo</strong></span> 
     </span>
     <span class='ocr_line' id='line_1_18' title="bbox 398 1191 1898 1273; baseline -0.003 -22"><span class='ocrx_word' id='word_1_72' title='bbox 398 1191 543 1254; x_wconf 79' lang='lat' dir='ltr'><strong>filia</strong></span> <span class='ocrx_word' id='word_1_73' title='bbox 585 1193 797 1273; x_wconf 90' lang='lat' dir='ltr'><strong>primo</strong></span> <span class='ocrx_word' id='word_1_74' title='bbox 844 1193 1143 1268; x_wconf 91' lang='lat' dir='ltr'><strong>occurrit,</strong></span> <span class='ocrx_word' id='word_1_75' title='bbox 1177 1199 1493 1273; x_wconf 88' lang='lat' dir='ltr'><strong>quatenus</strong></span> <span class='ocrx_word' id='word_1_76' title='bbox 1543 1209 1619 1250; x_wconf 88' lang='lat' dir='ltr'><strong>ex</strong></span> <span class='ocrx_word' id='word_1_77' title='bbox 1667 1204 1898 1266; x_wconf 81' lang='lat' dir='ltr'><strong>magna</strong></span> 
     </span>
     <span class='ocr_line' id='line_1_19' title="bbox 395 1286 1898 1373; baseline -0.004 -21"><span class='ocrx_word' id='word_1_78' title='bbox 395 1291 510 1352; x_wconf 83' lang='lat' dir='ltr'><strong>Dei</strong></span> <span class='ocrx_word' id='word_1_79' title='bbox 551 1291 957 1372; x_wconf 79' lang='lat' dir='ltr'><strong>providentia</strong></span> <span class='ocrx_word' id='word_1_80' title='bbox 995 1309 1107 1373; x_wconf 87' lang='lat' dir='ltr'><strong>per</strong></span> <span class='ocrx_word' id='word_1_81' title='bbox 1143 1290 1207 1351; x_wconf 92' lang='lat' dir='ltr'><strong>id</strong></span> <span class='ocrx_word' id='word_1_82' title='bbox 1235 1289 1407 1371; x_wconf 89' lang='lat' dir='ltr'><strong>quod</strong></span> <span class='ocrx_word' id='word_1_83' title='bbox 1448 1286 1737 1364; x_wconf 86' lang='lat' dir='ltr'><strong>contigit,</strong></span> <span class='ocrx_word' id='word_1_84' title='bbox 1769 1303 1898 1347; x_wconf 93' lang='lat' dir='ltr'><strong>ma-</strong></span> 
     </span>
     <span class='ocr_line' id='line_1_20' title="bbox 394 1385 1897 1469; baseline -0.005 -17"><span class='ocrx_word' id='word_1_85' title='bbox 394 1409 599 1469; x_wconf 86' lang='lat' dir='ltr'><strong>gnum</strong></span> <span class='ocrx_word' id='word_1_86' title='bbox 633 1390 935 1453; x_wconf 69' lang='lat' dir='ltr'><strong>Ecclesiae</strong></span> <span class='ocrx_word' id='word_1_87' title='bbox 967 1395 1433 1452; x_wconf 86' lang='lat' dir='ltr'><strong>sacramentum</strong></span> <span class='ocrx_word' id='word_1_88' title='bbox 1468 1385 1897 1465; x_wconf 64' lang='lat' dir='ltr'><strong>figuraretur?</strong></span> 
     </span>
     <span class='ocr_line' id='line_1_21' title="bbox 398 1482 1896 1571; baseline -0.003 -22"><span class='ocrx_word' id='word_1_89' title='bbox 398 1489 489 1550; x_wconf 85' lang='lat' dir='ltr'><strong>Ex</strong></span> <span class='ocrx_word' id='word_1_90' title='bbox 518 1498 797 1570; x_wconf 86' lang='lat' dir='ltr'><strong>utroque</strong></span> <span class='ocrx_word' id='word_1_91' title='bbox 818 1507 968 1569; x_wconf 85' lang='lat' dir='ltr'><strong>ergo</strong></span> <span class='ocrx_word' id='word_1_92' title='bbox 989 1487 1325 1571; x_wconf 79' lang='lat' dir='ltr'><strong>prophetia</strong></span> <span class='ocrx_word' id='word_1_93' title='bbox 1355 1493 1567 1568; x_wconf 87' lang='lat' dir='ltr'><strong>aptata</strong></span> <span class='ocrx_word' id='word_1_94' title='bbox 1587 1492 1704 1559; x_wconf 83' lang='lat' dir='ltr'><strong>est,</strong></span> <span class='ocrx_word' id='word_1_95' title='bbox 1724 1482 1896 1565; x_wconf 90' lang='lat' dir='ltr'><strong>quod</strong></span> 
     </span>
     <span class='ocr_line' id='line_1_22' title="bbox 400 1583 1894 1668; baseline -0.005 -19"><span class='ocrx_word' id='word_1_96' title='bbox 400 1588 630 1650; x_wconf 79' lang='lat' dir='ltr'><strong>volens</strong></span> <span class='ocrx_word' id='word_1_97' title='bbox 660 1588 985 1668; x_wconf 89' lang='lat' dir='ltr'><strong>cogitavit,</strong></span> <span class='ocrx_word' id='word_1_98' title='bbox 1020 1595 1082 1650; x_wconf 93' lang='lat' dir='ltr'><strong>et</strong></span> <span class='ocrx_word' id='word_1_99' title='bbox 1111 1586 1283 1668; x_wconf 89' lang='lat' dir='ltr'><strong>quod</strong></span> <span class='ocrx_word' id='word_1_100' title='bbox 1317 1584 1560 1648; x_wconf 88' lang='lat' dir='ltr'><strong>nolenti</strong></span> <span class='ocrx_word' id='word_1_101' title='bbox 1602 1583 1894 1662; x_wconf 86' lang='lat' dir='ltr'><strong>contigit.</strong></span> 
     </span>
     <span class='ocr_line' id='line_1_23' title="bbox 399 1680 1899 1768; baseline -0.005 -20"><span class='ocrx_word' id='word_1_102' title='bbox 399 1687 467 1748; x_wconf 92' lang='lat' dir='ltr'><strong>Si</strong></span> <span class='ocrx_word' id='word_1_103' title='bbox 518 1706 671 1768; x_wconf 90' lang='lat' dir='ltr'><strong>ergo</strong></span> <span class='ocrx_word' id='word_1_104' title='bbox 723 1706 981 1750; x_wconf 83' lang='lat' dir='ltr'><strong>uxorem</strong></span> <span class='ocrx_word' id='word_1_105' title='bbox 1030 1685 1355 1764; x_wconf 86' lang='lat' dir='ltr'><strong>cogitavit,</strong></span> <span class='ocrx_word' id='word_1_106' title='bbox 1389 1683 1623 1764; x_wconf 82' lang='lat' dir='ltr'><strong>conjux</strong></span> <span class='ocrx_word' id='word_1_107' title='bbox 1666 1680 1899 1744; x_wconf 84' lang='lat' dir='ltr'><strong>Christi</strong></span> 
     </span>
     <span class='ocr_line' id='line_1_24' title="bbox 398 1781 1897 1865; baseline -0.005 -16"><span class='ocrx_word' id='word_1_108' title='bbox 398 1786 691 1849; x_wconf 79' lang='lat' dir='ltr'>Ecclesia</span> <span class='ocrx_word' id='word_1_109' title='bbox 727 1792 843 1848; x_wconf 89' lang='lat' dir='ltr'><strong>est.</strong></span> <span class='ocrx_word' id='word_1_110' title='bbox 880 1785 1001 1847; x_wconf 89' lang='lat' dir='ltr'><strong>Sed</strong></span> <span class='ocrx_word' id='word_1_111' title='bbox 1039 1784 1193 1865; x_wconf 90' lang='lat' dir='ltr'><strong>quia</strong></span> <span class='ocrx_word' id='word_1_112' title='bbox 1230 1783 1423 1863; x_wconf 89' lang='lat' dir='ltr'><strong>hujus</strong></span> <span class='ocrx_word' id='word_1_113' title='bbox 1453 1781 1721 1863; x_wconf 87' lang='lat' dir='ltr'><strong>Jephthe</strong></span> <span class='ocrx_word' id='word_1_114' title='bbox 1752 1798 1897 1843; x_wconf 88' lang='lat' dir='ltr'><strong>con-</strong></span> 
     </span>
    </p>
   </div>
   <div class='ocr_carea' id='block_1_11' title="bbox 2003 791 3497 1768">
    <p class='ocr_par' dir='ltr' id='par_1_11' title="bbox 2003 791 3497 1768">
     <span class='ocr_line' id='line_1_25' title="bbox 2006 791 3486 878; baseline 0.003 -26"><span class='ocrx_word' id='word_1_115' title='bbox 2006 791 2195 856; x_wconf 84' lang='lat' dir='ltr'><strong>bente</strong></span> <span class='ocrx_word' id='word_1_116' title='bbox 2216 815 2424 877; x_wconf 82' lang='lat' dir='ltr'><strong>neque</strong></span> <span class='ocrx_word' id='word_1_117' title='bbox 2457 805 2777 878; x_wconf 86' lang='lat' dir='ltr'><strong>poscente,</strong></span> <span class='ocrx_word' id='word_1_118' title='bbox 2799 806 2860 861; x_wconf 87' lang='lat' dir='ltr'><strong>et</strong></span> <span class='ocrx_word' id='word_1_119' title='bbox 2881 806 3102 861; x_wconf 88' lang='lat' dir='ltr'><strong>contra</strong></span> <span class='ocrx_word' id='word_1_120' title='bbox 3131 797 3486 877; x_wconf 84' lang='lat' dir='ltr'><strong>legitimum</strong></span> 
     </span>
     <span class='ocr_line' id='line_1_26' title="bbox 2005 893 3488 975; baseline 0.001 -21"><span class='ocrx_word' id='word_1_121' title='bbox 2005 893 2144 973; x_wconf 86' lang='lat' dir='ltr'><strong>ejus</strong></span> <span class='ocrx_word' id='word_1_122' title='bbox 2194 902 2603 975; x_wconf 84' lang='lat' dir='ltr'><strong>praeceptum,</strong></span> <span class='ocrx_word' id='word_1_123' title='bbox 2653 895 2822 959; x_wconf 89' lang='lat' dir='ltr'><strong>ultro</strong></span> <span class='ocrx_word' id='word_1_124' title='bbox 2871 896 3261 960; x_wconf 82' lang='lat' dir='ltr'><strong>sacrificium</strong></span> <span class='ocrx_word' id='word_1_125' title='bbox 3311 895 3488 959; x_wconf 87' lang='lat' dir='ltr'><strong>vovit</strong></span> 
     </span>
     <span class='ocr_line' id='line_1_27' title="bbox 2005 990 3490 1077; baseline 0.005 -26"><span class='ocrx_word' id='word_1_126' title='bbox 2005 990 2378 1054; x_wconf 90' lang='lat' dir='ltr'><strong>humanum.</strong></span> <span class='ocrx_word' id='word_1_127' title='bbox 2415 993 2567 1056; x_wconf 90' lang='lat' dir='ltr'><strong>Nam</strong></span> <span class='ocrx_word' id='word_1_128' title='bbox 2600 995 2710 1070; x_wconf 87' lang='lat' dir='ltr'><strong>ait,</strong></span> <span class='ocrx_word' id='word_1_129' title='bbox 2733 993 3129 1077; x_wconf 87' lang='lat' dir='ltr'><strong>Quicumque</strong></span> <span class='ocrx_word' id='word_1_130' title='bbox 3157 995 3382 1059; x_wconf 86' lang='lat' dir='ltr'><strong>exierit</strong></span> <span class='ocrx_word' id='word_1_131' title='bbox 3412 996 3490 1058; x_wconf 91' lang='lat' dir='ltr'><strong>de</strong></span> 
     </span>
     <span class='ocr_line' id='line_1_28' title="bbox 2003 1090 3492 1175; baseline 0.003 -24"><span class='ocrx_word' id='word_1_132' title='bbox 2003 1090 2200 1170; x_wconf 86' lang='lat' dir='ltr'><strong>janua</strong></span> <span class='ocrx_word' id='word_1_133' title='bbox 2227 1092 2451 1154; x_wconf 90' lang='lat' dir='ltr'><strong>domus</strong></span> <span class='ocrx_word' id='word_1_134' title='bbox 2482 1112 2638 1155; x_wconf 80' lang='lat' dir='ltr'><strong>meae</strong></span> <span class='ocrx_word' id='word_1_135' title='bbox 2667 1092 2922 1155; x_wconf 89' lang='lat' dir='ltr'><strong>obviam</strong></span> <span class='ocrx_word' id='word_1_136' title='bbox 2954 1094 3112 1156; x_wconf 88' lang='lat' dir='ltr'><strong>mihi</strong></span> <span class='ocrx_word' id='word_1_137' title='bbox 3151 1111 3164 1155; x_wconf 93' lang='lat'><strong>:</strong></span> <span class='ocrx_word' id='word_1_138' title='bbox 3203 1114 3316 1175; x_wconf 85' lang='lat' dir='ltr'><strong>per</strong></span> <span class='ocrx_word' id='word_1_139' title='bbox 3349 1111 3492 1175; x_wconf 85' lang='lat' dir='ltr'><strong>quae</strong></span> 
     </span>
     <span class='ocr_line' id='line_1_29' title="bbox 2006 1189 3492 1274; baseline 0.003 -24"><span class='ocrx_word' id='word_1_140' title='bbox 2006 1189 2200 1251; x_wconf 89' lang='lat' dir='ltr'><strong>verba</strong></span> <span class='ocrx_word' id='word_1_141' title='bbox 2242 1209 2370 1252; x_wconf 91' lang='lat' dir='ltr'><strong>non</strong></span> <span class='ocrx_word' id='word_1_142' title='bbox 2416 1192 2592 1254; x_wconf 86' lang='lat' dir='ltr'><strong>vovit</strong></span> <span class='ocrx_word' id='word_1_143' title='bbox 2634 1192 2894 1273; x_wconf 83' lang='lat' dir='ltr'><strong>aliquod</strong></span> <span class='ocrx_word' id='word_1_144' title='bbox 2935 1211 3151 1274; x_wconf 80' lang='lat' dir='ltr'><strong>pecuS,</strong></span> <span class='ocrx_word' id='word_1_145' title='bbox 3183 1194 3353 1274; x_wconf 88' lang='lat' dir='ltr'><strong>quod</strong></span> <span class='ocrx_word' id='word_1_146' title='bbox 3399 1212 3492 1255; x_wconf 89' lang='lat' dir='ltr'><strong>se-</strong></span> 
     </span>
     <span class='ocr_line' id='line_1_30' title="bbox 2004 1289 3494 1372; baseline 0.003 -23"><span class='ocrx_word' id='word_1_147' title='bbox 2004 1290 2284 1350; x_wconf 91' lang='lat' dir='ltr'><strong>cundum</strong></span> <span class='ocrx_word' id='word_1_148' title='bbox 2314 1289 2519 1371; x_wconf 89' lang='lat' dir='ltr'><strong>legem</strong></span> <span class='ocrx_word' id='word_1_149' title='bbox 2544 1300 2758 1372; x_wconf 90' lang='lat' dir='ltr'><strong>posset</strong></span> <span class='ocrx_word' id='word_1_150' title='bbox 2778 1292 2905 1354; x_wconf 91' lang='lat' dir='ltr'><strong>Deo</strong></span> <span class='ocrx_word' id='word_1_151' title='bbox 2925 1290 3182 1364; x_wconf 79' lang='lat' dir='ltr'><strong>offer-ri3</strong></span> <span class='ocrx_word' id='word_1_152' title='bbox 3211 1311 3326 1354; x_wconf 90' lang='lat' dir='ltr'><strong>nec</strong></span> <span class='ocrx_word' id='word_1_153' title='bbox 3348 1310 3494 1354; x_wconf 87' lang='lat' dir='ltr'><strong>con-</strong></span> 
     </span>
     <span class='ocr_line' id='line_1_31' title="bbox 2007 1387 3490 1464; baseline 0.003 -16"><span class='ocrx_word' id='word_1_154' title='bbox 2007 1388 2362 1450; x_wconf 85' lang='lat' dir='ltr'><strong>suetudinis</strong></span> <span class='ocrx_word' id='word_1_155' title='bbox 2395 1387 2539 1464; x_wconf 88' lang='lat' dir='ltr'><strong>suit,</strong></span> <span class='ocrx_word' id='word_1_156' title='bbox 2575 1397 2644 1451; x_wconf 90' lang='lat' dir='ltr'><strong>ut</strong></span> <span class='ocrx_word' id='word_1_157' title='bbox 2675 1390 3086 1452; x_wconf 79' lang='lat' dir='ltr'><strong>redeuntibus</strong></span> <span class='ocrx_word' id='word_1_158' title='bbox 3119 1409 3264 1454; x_wconf 87' lang='lat' dir='ltr'><strong>cum</strong></span> <span class='ocrx_word' id='word_1_159' title='bbox 3295 1391 3490 1453; x_wconf 87' lang='lat' dir='ltr'><strong>victo-</strong></span> 
     </span>
     <span class='ocr_line' id='line_1_32' title="bbox 2006 1487 3492 1568; baseline 0.002 -21"><span class='ocrx_word' id='word_1_160' title='bbox 2006 1487 2103 1548; x_wconf 90' lang='lat' dir='ltr'><strong>ria</strong></span> <span class='ocrx_word' id='word_1_161' title='bbox 2147 1487 2439 1563; x_wconf 80' lang='lat' dir='ltr'><strong>ducibuS,</strong></span> <span class='ocrx_word' id='word_1_162' title='bbox 2481 1487 2771 1568; x_wconf 88' lang='lat' dir='ltr'><strong>jumenta</strong></span> <span class='ocrx_word' id='word_1_163' title='bbox 2817 1497 3245 1551; x_wconf 89' lang='lat' dir='ltr'><strong>occurrerent.</strong></span> <span class='ocrx_word' id='word_1_164' title='bbox 3293 1489 3492 1552; x_wconf 88' lang='lat' dir='ltr'><strong>Canes</strong></span> 
     </span>
     <span class='ocr_line' id='line_1_33' title="bbox 2008 1587 3495 1669; baseline 0.001 -21"><span class='ocrx_word' id='word_1_165' title='bbox 2008 1595 2220 1649; x_wconf 85' lang='lat' dir='ltr'><strong>autem</strong></span> <span class='ocrx_word' id='word_1_166' title='bbox 2251 1587 2457 1649; x_wconf 86' lang='lat' dir='ltr'><strong>solent</strong></span> <span class='ocrx_word' id='word_1_167' title='bbox 2486 1605 2818 1648; x_wconf 84' lang='lat' dir='ltr'><strong>occurrere</strong></span> <span class='ocrx_word' id='word_1_168' title='bbox 2839 1587 3137 1663; x_wconf 82' lang='lat' dir='ltr'><strong>dominiS,</strong></span> <span class='ocrx_word' id='word_1_169' title='bbox 3158 1588 3236 1650; x_wconf 88' lang='lat' dir='ltr'><strong>de</strong></span> <span class='ocrx_word' id='word_1_170' title='bbox 3257 1587 3495 1669; x_wconf 89' lang='lat' dir='ltr'><strong>quibus</strong></span> 
     </span>
     <span class='ocr_line' id='line_1_34' title="bbox 2007 1684 3497 1768; baseline 0.002 -22"><span class='ocrx_word' id='word_1_171' title='bbox 2007 1684 2297 1766; x_wconf 87' lang='lat' dir='ltr'><strong>Jephthe,</strong></span> <span class='ocrx_word' id='word_1_172' title='bbox 2333 1705 2532 1766; x_wconf 90' lang='lat' dir='ltr'><strong>quum</strong></span> <span class='ocrx_word' id='word_1_173' title='bbox 2579 1693 2858 1762; x_wconf 79' lang='lat' dir='ltr'><strong>voveret,</strong></span> <span class='ocrx_word' id='word_1_174' title='bbox 2899 1686 3175 1765; x_wconf 88' lang='lat' dir='ltr'><strong>cogitare</strong></span> <span class='ocrx_word' id='word_1_175' title='bbox 3221 1705 3348 1749; x_wconf 92' lang='lat' dir='ltr'><strong>non</strong></span> <span class='ocrx_word' id='word_1_176' title='bbox 3392 1705 3497 1768; x_wconf 93' lang='lat' dir='ltr'><strong>po-</strong></span> 
     </span>
    </p>
   </div>
   <div class='ocr_carea' id='block_1_12' title="bbox 2012 1781 3786 1906">
    <p class='ocr_par' dir='ltr' id='par_1_12' title="bbox 2012 1781 3786 1906">
     <span class='ocr_line' id='line_1_35' title="bbox 2012 1781 3786 1906; baseline -0.001 -63"><span class='ocrx_word' id='word_1_177' title='bbox 2012 1781 2155 1858; x_wconf 90' lang='lat' dir='ltr'><strong>tuit,</strong></span> <span class='ocrx_word' id='word_1_178' title='bbox 2191 1801 2271 1844; x_wconf 93' lang='lat' dir='ltr'><strong>ne</strong></span> <span class='ocrx_word' id='word_1_179' title='bbox 2302 1791 2364 1844; x_wconf 90' lang='lat' dir='ltr'><strong>et</strong></span> <span class='ocrx_word' id='word_1_180' title='bbox 2392 1781 2873 1863; x_wconf 87' lang='lat' dir='ltr'><strong>contemptibile</strong></span> <span class='ocrx_word' id='word_1_181' title='bbox 2903 1783 3138 1845; x_wconf 89' lang='lat' dir='ltr'><strong>animal</strong></span> <span class='ocrx_word' id='word_1_182' title='bbox 3171 1792 3234 1845; x_wconf 89' lang='lat' dir='ltr'><strong>et</strong></span> <span class='ocrx_word' id='word_1_183' title='bbox 3266 1782 3494 1846; x_wconf 80' lang='lat' dir='ltr'><strong>offerri</strong></span> <span class='ocrx_word' id='word_1_184' title='bbox 3529 1799 3786 1906; x_wconf 55' lang='lat' dir='ltr'><strong>gentum,</strong></span> 
     </span>
    </p>
   </div>
   <div class='ocr_carea' id='block_1_13' title="bbox 394 1869 3492 1967">
    <p class='ocr_par' dir='ltr' id='par_1_13' title="bbox 394 1869 3492 1967">
     <span class='ocr_line' id='line_1_36' title="bbox 394 1869 3492 1967; baseline -0.001 -19"><span class='ocrx_word' id='word_1_185' title='bbox 394 1884 741 1967; x_wconf 81' lang='lat' dir='ltr'><strong>jux,virgo</strong></span> <span class='ocrx_word' id='word_1_186' title='bbox 766 1903 905 1947; x_wconf 90' lang='lat' dir='ltr'><strong>esse</strong></span> <span class='ocrx_word' id='word_1_187' title='bbox 936 1902 1063 1947; x_wconf 91' lang='lat' dir='ltr'><strong>non</strong></span> <span class='ocrx_word' id='word_1_188' title='bbox 1096 1882 1324 1964; x_wconf 88' lang='lat' dir='ltr'><strong>potuit,</strong></span> <span class='ocrx_word' id='word_1_189' title='bbox 1347 1881 1412 1942; x_wconf 92' lang='lat' dir='ltr'><strong>in</strong></span> <span class='ocrx_word' id='word_1_190' title='bbox 1444 1899 1521 1944; x_wconf 91' lang='lat' dir='ltr'><strong>eo</strong></span> <span class='ocrx_word' id='word_1_191' title='bbox 1549 1881 1718 1962; x_wconf 92' lang='lat' dir='ltr'><strong>quod</strong></span> <span class='ocrx_word' id='word_1_192' title='bbox 1755 1877 1897 1940; x_wconf 83' lang='lat' dir='ltr'><strong>filia</strong></span> <span class='ocrx_word' id='word_1_193' title='bbox 1938 1869 1984 1930; x_wconf 90' lang='grc' dir='ltr'><strong>Β</strong></span> <span class='ocrx_word' id='word_1_194' title='bbox 2013 1881 2311 1944; x_wconf 88' lang='lat' dir='ltr'><strong>illicitum</strong></span> <span class='ocrx_word' id='word_1_195' title='bbox 2332 1881 2621 1944; x_wconf 85' lang='lat' dir='ltr'><strong>videatur</strong></span> <span class='ocrx_word' id='word_1_196' title='bbox 2641 1881 3066 1945; x_wconf 78' lang='lat' dir='ltr'><strong>vovisse.Haec</strong></span> <span class='ocrx_word' id='word_1_197' title='bbox 3080 1883 3492 1962; x_wconf 80' lang='lat' dir='ltr'><strong>Augustinus.</strong></span> 
     </span>
    </p>
   </div>
   <div class='ocr_carea' id='block_1_14' title="bbox 397 1978 1907 3052">
    <p class='ocr_par' dir='ltr' id='par_1_14' title="bbox 397 1978 1907 3052">
     <span class='ocr_line' id='line_1_37' title="bbox 398 1978 1897 2065; baseline -0.004 -19"><span class='ocrx_word' id='word_1_198' title='bbox 398 1986 543 2065; x_wconf 77' lang='lat' dir='ltr'><strong>ejus</strong></span> <span class='ocrx_word' id='word_1_199' title='bbox 576 1983 786 2065; x_wconf 91' lang='lat' dir='ltr'><strong>primo</strong></span> <span class='ocrx_word' id='word_1_200' title='bbox 816 1982 1116 2057; x_wconf 89' lang='lat' dir='ltr'><strong>occurrit,</strong></span> <span class='ocrx_word' id='word_1_201' title='bbox 1150 1988 1214 2043; x_wconf 85' lang='lat' dir='ltr'><strong>et</strong></span> <span class='ocrx_word' id='word_1_202' title='bbox 1248 1980 1379 2043; x_wconf 85' lang='lat' dir='ltr'><strong>voti</strong></span> <span class='ocrx_word' id='word_1_203' title='bbox 1412 1978 1736 2042; x_wconf 82' lang='lat' dir='ltr'><strong>temeritas</strong></span> <span class='ocrx_word' id='word_1_204' title='bbox 1768 1995 1897 2040; x_wconf 89' lang='lat' dir='ltr'><strong>non</strong></span> 
     </span>
     <span class='ocr_line' id='line_1_38' title="bbox 397 2079 1900 2159; baseline -0.003 -14"><span class='ocrx_word' id='word_1_205' title='bbox 397 2084 641 2145; x_wconf 87' lang='lat' dir='ltr'><strong>mansit</strong></span> <span class='ocrx_word' id='word_1_206' title='bbox 680 2081 907 2156; x_wconf 89' lang='lat' dir='ltr'><strong>inulta,</strong></span> <span class='ocrx_word' id='word_1_207' title='bbox 940 2089 1003 2143; x_wconf 88' lang='lat' dir='ltr'><strong>et</strong></span> <span class='ocrx_word' id='word_1_208' title='bbox 1034 2079 1333 2143; x_wconf 82' lang='lat' dir='ltr'><strong>Ecclesiae</strong></span> <span class='ocrx_word' id='word_1_209' title='bbox 1362 2079 1699 2159; x_wconf 86' lang='lat' dir='ltr'><strong>virginitas</strong></span> <span class='ocrx_word' id='word_1_210' title='bbox 1732 2079 1900 2158; x_wconf 82' lang='lat' dir='ltr'><strong>figu-</strong></span> 
     </span>
     <span class='ocr_line' id='line_1_39' title="bbox 400 2178 1902 2257; baseline -0.002 -13"><span class='ocrx_word' id='word_1_211' title='bbox 400 2191 543 2244; x_wconf 89' lang='lat' dir='ltr'><strong>rata</strong></span> <span class='ocrx_word' id='word_1_212' title='bbox 588 2179 905 2244; x_wconf 81' lang='lat' dir='ltr'><strong>consistit.</strong></span> <span class='ocrx_word' id='word_1_213' title='bbox 938 2215 1019 2226; x_wconf 90' lang='lat'><strong>-—</strong></span> <span class='ocrx_word' id='word_1_214' title='bbox 1056 2178 1214 2252; x_wconf 84' lang='lat' dir='ltr'><strong>Quia</strong></span> <span class='ocrx_word' id='word_1_215' title='bbox 1260 2195 1409 2257; x_wconf 89' lang='lat' dir='ltr'><strong>ergo</strong></span> <span class='ocrx_word' id='word_1_216' title='bbox 1457 2179 1536 2241; x_wconf 89' lang='lat' dir='ltr'><strong>de</strong></span> <span class='ocrx_word' id='word_1_217' title='bbox 1587 2180 1705 2241; x_wconf 91' lang='lat' dir='ltr'><strong>hoc</strong></span> <span class='ocrx_word' id='word_1_218' title='bbox 1756 2185 1902 2241; x_wconf 89' lang='lat' dir='ltr'><strong>voto</strong></span> 
     </span>
     <span class='ocr_line' id='line_1_40' title="bbox 398 2277 1899 2363; baseline -0.002 -20"><span class='ocrx_word' id='word_1_219' title='bbox 398 2281 675 2363; x_wconf 84' lang='lat' dir='ltr'><strong>Jephthe</strong></span> <span class='ocrx_word' id='word_1_220' title='bbox 712 2279 877 2341; x_wconf 89' lang='lat' dir='ltr'><strong>nihil</strong></span> <span class='ocrx_word' id='word_1_221' title='bbox 920 2278 1173 2341; x_wconf 86' lang='lat' dir='ltr'><strong>videtur</strong></span> <span class='ocrx_word' id='word_1_222' title='bbox 1198 2277 1519 2358; x_wconf 86' lang='lat' dir='ltr'><strong>judicasse</strong></span> <span class='ocrx_word' id='word_1_223' title='bbox 1550 2277 1899 2360; x_wconf 82' lang='lat' dir='ltr'><strong>Scriptura,</strong></span> 
     </span>
     <span class='ocr_line' id='line_1_41' title="bbox 401 2375 1907 2459; baseline -0.003 -17"><span class='ocrx_word' id='word_1_224' title='bbox 401 2381 517 2442; x_wconf 90' lang='lat' dir='ltr'><strong>sed</strong></span> <span class='ocrx_word' id='word_1_225' title='bbox 550 2378 891 2459; x_wconf 85' lang='lat' dir='ltr'><strong>reliquisse</strong></span> <span class='ocrx_word' id='word_1_226' title='bbox 920 2375 1279 2456; x_wconf 90' lang='lat' dir='ltr'><strong>legentibus</strong></span> <span class='ocrx_word' id='word_1_227' title='bbox 1299 2375 1907 2457; x_wconf 84' lang='lat' dir='ltr'><strong>judicandum,qua-</strong></span> 
     </span>
     <span class='ocr_line' id='line_1_42' title="bbox 400 2474 1907 2555; baseline -0.002 -15"><span class='ocrx_word' id='word_1_228' title='bbox 400 2488 595 2541; x_wconf 88' lang='lat' dir='ltr'><strong>tenus</strong></span> <span class='ocrx_word' id='word_1_229' title='bbox 627 2477 990 2540; x_wconf 85' lang='lat' dir='ltr'><strong>intellectus</strong></span> <span class='ocrx_word' id='word_1_230' title='bbox 1021 2482 1237 2538; x_wconf 88' lang='lat' dir='ltr'><strong>noster</strong></span> <span class='ocrx_word' id='word_1_231' title='bbox 1254 2474 1599 2555; x_wconf 87' lang='lat' dir='ltr'><strong>judicando</strong></span> <span class='ocrx_word' id='word_1_232' title='bbox 1621 2495 1907 2538; x_wconf 85' lang='lat' dir='ltr'><strong>exercea-</strong></span> 
     </span>
     <span class='ocr_line' id='line_1_43' title="bbox 404 2573 1905 2659; baseline -0.001 -19"><span class='ocrx_word' id='word_1_233' title='bbox 404 2587 547 2640; x_wconf 84' lang='lat' dir='ltr'><strong>tur:</strong></span> <span class='ocrx_word' id='word_1_234' title='bbox 571 2595 905 2659; x_wconf 89' lang='lat' dir='ltr'><strong>possemus</strong></span> <span class='ocrx_word' id='word_1_235' title='bbox 934 2574 1065 2655; x_wconf 88' lang='lat' dir='ltr'><strong>jam</strong></span> <span class='ocrx_word' id='word_1_236' title='bbox 1095 2574 1329 2649; x_wconf 81' lang='lat' dir='ltr'><strong>dicere,</strong></span> <span class='ocrx_word' id='word_1_237' title='bbox 1350 2574 1477 2636; x_wconf 87' lang='lat' dir='ltr'><strong>Deo</strong></span> <span class='ocrx_word' id='word_1_238' title='bbox 1499 2573 1905 2656; x_wconf 90' lang='lat' dir='ltr'><strong>displicuisse</strong></span> 
     </span>
     <span class='ocr_line' id='line_1_44' title="bbox 402 2670 1907 2753; baseline -0.003 -15"><span class='ocrx_word' id='word_1_239' title='bbox 402 2676 529 2738; x_wconf 85' lang='lat' dir='ltr'><strong>hoc</strong></span> <span class='ocrx_word' id='word_1_240' title='bbox 574 2682 817 2748; x_wconf 81' lang='lat' dir='ltr'><strong>votum,</strong></span> <span class='ocrx_word' id='word_1_241' title='bbox 850 2679 914 2734; x_wconf 87' lang='lat' dir='ltr'><strong>et</strong></span> <span class='ocrx_word' id='word_1_242' title='bbox 961 2671 1174 2752; x_wconf 91' lang='lat' dir='ltr'><strong>ipsum</strong></span> <span class='ocrx_word' id='word_1_243' title='bbox 1223 2678 1441 2734; x_wconf 84' lang='lat' dir='ltr'><strong>votum</strong></span> <span class='ocrx_word' id='word_1_244' title='bbox 1490 2691 1629 2734; x_wconf 89' lang='lat' dir='ltr'><strong>esse</strong></span> <span class='ocrx_word' id='word_1_245' title='bbox 1681 2670 1907 2753; x_wconf 85' lang='lat' dir='ltr'><strong>perdu-</strong></span> 
     </span>
     <span class='ocr_line' id='line_1_45' title="bbox 400 2769 1901 2852; baseline -0.003 -16"><span class='ocrx_word' id='word_1_246' title='bbox 400 2782 583 2836; x_wconf 90' lang='lat' dir='ltr'><strong>ctum</strong></span> <span class='ocrx_word' id='word_1_247' title='bbox 613 2774 693 2835; x_wconf 91' lang='lat' dir='ltr'><strong>ad</strong></span> <span class='ocrx_word' id='word_1_248' title='bbox 724 2772 913 2833; x_wconf 88' lang='lat' dir='ltr'><strong>istam</strong></span> <span class='ocrx_word' id='word_1_249' title='bbox 942 2769 1314 2845; x_wconf 85' lang='lat' dir='ltr'><strong>vindictam,</strong></span> <span class='ocrx_word' id='word_1_250' title='bbox 1343 2778 1413 2832; x_wconf 90' lang='lat' dir='ltr'><strong>ut</strong></span> <span class='ocrx_word' id='word_1_251' title='bbox 1445 2770 1703 2832; x_wconf 83' lang='lat' dir='ltr'><strong>voventi</strong></span> <span class='ocrx_word' id='word_1_252' title='bbox 1736 2772 1901 2852; x_wconf 91' lang='lat' dir='ltr'><strong>patri</strong></span> 
     </span>
     <span class='ocr_line' id='line_1_46' title="bbox 404 2867 1905 2951; baseline -0.003 -15"><span class='ocrx_word' id='word_1_253' title='bbox 404 2875 601 2936; x_wconf 84' lang='lat' dir='ltr'><strong>unica</strong></span> <span class='ocrx_word' id='word_1_254' title='bbox 648 2875 1010 2934; x_wconf 86' lang='lat' dir='ltr'><strong>occurreret</strong></span> <span class='ocrx_word' id='word_1_255' title='bbox 1058 2867 1239 2944; x_wconf 78' lang='lat' dir='ltr'><strong>filia3</strong></span> <span class='ocrx_word' id='word_1_256' title='bbox 1275 2887 1396 2931; x_wconf 91' lang='lat' dir='ltr'><strong>nec</strong></span> <span class='ocrx_word' id='word_1_257' title='bbox 1443 2868 1641 2931; x_wconf 91' lang='lat' dir='ltr'><strong>Deum</strong></span> <span class='ocrx_word' id='word_1_258' title='bbox 1695 2870 1905 2951; x_wconf 89' lang='lat' dir='ltr'><strong>prohi-</strong></span> 
     </span>
     <span class='ocr_line' id='line_1_47' title="bbox 402 2966 1903 3052; baseline -0.003 -15"><span class='ocrx_word' id='word_1_259' title='bbox 402 2974 627 3037; x_wconf 87' lang='lat' dir='ltr'><strong>buisse</strong></span> <span class='ocrx_word' id='word_1_260' title='bbox 659 2971 870 3052; x_wconf 90' lang='lat' dir='ltr'><strong>ipsum</strong></span> <span class='ocrx_word' id='word_1_261' title='bbox 889 2967 1159 3049; x_wconf 88' lang='lat' dir='ltr'><strong>Jephthe</strong></span> <span class='ocrx_word' id='word_1_262' title='bbox 1180 2986 1216 3029; x_wconf 88' lang='lat' dir='ltr'><strong>a</strong></span> <span class='ocrx_word' id='word_1_263' title='bbox 1235 2966 1365 3029; x_wconf 88' lang='lat' dir='ltr'><strong>voti</strong></span> <span class='ocrx_word' id='word_1_264' title='bbox 1396 2967 1493 3028; x_wconf 92' lang='lat' dir='ltr'><strong>sui</strong></span> <span class='ocrx_word' id='word_1_265' title='bbox 1529 2967 1903 3049; x_wconf 89' lang='lat' dir='ltr'><strong>impletione</strong></span> 
     </span>
    </p>
   </div>
   <div class='ocr_carea' id='block_1_15' title="bbox 2014 1977 3507 2950">
    <p class='ocr_par' dir='ltr' id='par_1_15' title="bbox 2014 1977 3507 2950">
     <span class='ocr_line' id='line_1_48' title="bbox 2080 1977 3504 2065; baseline 0.002 -23"><span class='ocrx_word' id='word_1_266' title='bbox 2080 1977 2320 2042; x_wconf 86' lang='lat' dir='ltr'><strong>Rursus</strong></span> <span class='ocrx_word' id='word_1_267' title='bbox 2350 1979 2632 2061; x_wconf 87' lang='lat' dir='ltr'><strong>loquitur</strong></span> <span class='ocrx_word' id='word_1_268' title='bbox 2653 1980 3042 2061; x_wconf 84' lang='lat' dir='ltr'><strong>Augustinus</strong></span> <span class='ocrx_word' id='word_1_269' title='bbox 3064 1999 3078 2043; x_wconf 92' lang='lat'>:</span> <span class='ocrx_word' id='word_1_270' title='bbox 3097 1981 3332 2058; x_wconf 86' lang='lat' dir='ltr'><strong>Utrum,</strong></span> <span class='ocrx_word' id='word_1_271' title='bbox 3351 1982 3504 2065; x_wconf 90' lang='lat' dir='ltr'><strong>quia</strong></span> 
     </span>
     <span class='ocr_line' id='line_1_49' title="bbox 2014 2079 3502 2162; baseline -0.001 -18"><span class='ocrx_word' id='word_1_272' title='bbox 2014 2080 2255 2144; x_wconf 90' lang='lat' dir='ltr'><strong>dictum</strong></span> <span class='ocrx_word' id='word_1_273' title='bbox 2296 2086 2412 2155; x_wconf 89' lang='lat' dir='ltr'><strong>est,</strong></span> <span class='ocrx_word' id='word_1_274' title='bbox 2447 2079 2670 2142; x_wconf 88' lang='lat' dir='ltr'><strong>Factus</strong></span> <span class='ocrx_word' id='word_1_275' title='bbox 2711 2087 2806 2141; x_wconf 92' lang='lat' dir='ltr'><strong>est</strong></span> <span class='ocrx_word' id='word_1_276' title='bbox 2837 2098 3027 2161; x_wconf 87' lang='lat' dir='ltr'><strong>super</strong></span> <span class='ocrx_word' id='word_1_277' title='bbox 3063 2080 3333 2162; x_wconf 88' lang='lat' dir='ltr'><strong>Jephthe</strong></span> <span class='ocrx_word' id='word_1_278' title='bbox 3363 2081 3502 2162; x_wconf 90' lang='lat' dir='ltr'><strong>Spi-</strong></span> 
     </span>
     <span class='ocr_line' id='line_1_50' title="bbox 2016 2176 3506 2255; baseline 0.001 -15"><span class='ocrx_word' id='word_1_279' title='bbox 2016 2179 2175 2240; x_wconf 89' lang='lat' dir='ltr'><strong>ritus</strong></span> <span class='ocrx_word' id='word_1_280' title='bbox 2206 2176 2479 2255; x_wconf 89' lang='lat' dir='ltr'><strong>Domini,</strong></span> <span class='ocrx_word' id='word_1_281' title='bbox 2515 2185 2731 2240; x_wconf 89' lang='lat' dir='ltr'><strong>secuta</strong></span> <span class='ocrx_word' id='word_1_282' title='bbox 2770 2177 2900 2240; x_wconf 89' lang='lat' dir='ltr'><strong>sint</strong></span> <span class='ocrx_word' id='word_1_283' title='bbox 2937 2177 3070 2255; x_wconf 88' lang='lat' dir='ltr'><strong>illa,</strong></span> <span class='ocrx_word' id='word_1_284' title='bbox 3105 2187 3174 2240; x_wconf 91' lang='lat' dir='ltr'><strong>ut</strong></span> <span class='ocrx_word' id='word_1_285' title='bbox 3213 2188 3276 2242; x_wconf 91' lang='lat' dir='ltr'><strong>et</strong></span> <span class='ocrx_word' id='word_1_286' title='bbox 3316 2197 3506 2244; x_wconf 86' lang='lat' dir='ltr'><strong>vove-</strong></span> 
     </span>
     <span class='ocr_line' id='line_1_51' title="bbox 2018 2263 3507 2360; baseline 0 -20"><span class='ocrx_word' id='word_1_287' title='bbox 2018 2287 2112 2340; x_wconf 85' lang='lat' dir='ltr'><strong>ret</strong></span> <span class='ocrx_word' id='word_1_288' title='bbox 2154 2285 2216 2340; x_wconf 88' lang='lat' dir='ltr'><strong>et</strong></span> <span class='ocrx_word' id='word_1_289' title='bbox 2263 2263 2680 2358; x_wconf 85' lang='lat' dir='ltr'><strong>triumpharet</strong></span> <span class='ocrx_word' id='word_1_290' title='bbox 2724 2283 2787 2339; x_wconf 89' lang='lat' dir='ltr'><strong>et</strong></span> <span class='ocrx_word' id='word_1_291' title='bbox 2825 2285 3044 2340; x_wconf 89' lang='lat' dir='ltr'><strong>votum</strong></span> <span class='ocrx_word' id='word_1_292' title='bbox 3089 2277 3408 2360; x_wconf 88' lang='lat' dir='ltr'><strong>impleret,</strong></span> <span class='ocrx_word' id='word_1_293' title='bbox 3443 2286 3507 2340; x_wconf 90' lang='lat' dir='ltr'><strong>et</strong></span> 
     </span>
     <span class='ocr_line' id='line_1_52' title="bbox 2015 2373 3506 2456; baseline 0.001 -17"><span class='ocrx_word' id='word_1_294' title='bbox 2015 2373 2426 2439; x_wconf 86' lang='lat' dir='ltr'><strong>attribuenda</strong></span> <span class='ocrx_word' id='word_1_295' title='bbox 2449 2374 2580 2436; x_wconf 88' lang='lat' dir='ltr'><strong>sint</strong></span> <span class='ocrx_word' id='word_1_296' title='bbox 2599 2373 2864 2456; x_wconf 87' lang='lat' dir='ltr'><strong>Spiritui</strong></span> <span class='ocrx_word' id='word_1_297' title='bbox 2887 2375 3138 2452; x_wconf 89' lang='lat' dir='ltr'><strong>Sanct0,</strong></span> <span class='ocrx_word' id='word_1_298' title='bbox 3156 2395 3282 2439; x_wconf 89' lang='lat' dir='ltr'><strong>non</strong></span> <span class='ocrx_word' id='word_1_299' title='bbox 3317 2376 3506 2440; x_wconf 75' lang='lat' dir='ltr'><strong>facile</strong></span> 
     </span>
     <span class='ocr_line' id='line_1_53' title="bbox 2018 2473 3507 2558; baseline 0.001 -20"><span class='ocrx_word' id='word_1_300' title='bbox 2018 2474 2284 2538; x_wconf 86' lang='lat' dir='ltr'><strong>dixerim</strong></span> <span class='ocrx_word' id='word_1_301' title='bbox 2323 2491 2336 2536; x_wconf 92' lang='lat'>:</span> <span class='ocrx_word' id='word_1_302' title='bbox 2373 2492 2569 2555; x_wconf 90' lang='lat' dir='ltr'><strong>quum</strong></span> <span class='ocrx_word' id='word_1_303' title='bbox 2611 2473 2788 2536; x_wconf 88' lang='lat' dir='ltr'><strong>nulla</strong></span> <span class='ocrx_word' id='word_1_304' title='bbox 2819 2474 3216 2537; x_wconf 81' lang='lat' dir='ltr'><strong>describatur</strong></span> <span class='ocrx_word' id='word_1_305' title='bbox 3248 2494 3507 2558; x_wconf 91' lang='lat' dir='ltr'><strong>prospe-</strong></span> 
     </span>
     <span class='ocr_line' id='line_1_54' title="bbox 2020 2572 3503 2654; baseline 0 -19"><span class='ocrx_word' id='word_1_306' title='bbox 2020 2574 2169 2635; x_wconf 87' lang='lat' dir='ltr'><strong>ritas</strong></span> <span class='ocrx_word' id='word_1_307' title='bbox 2200 2572 2533 2649; x_wconf 79' lang='lat' dir='ltr'><strong>GedeoniS‚</strong></span> <span class='ocrx_word' id='word_1_308' title='bbox 2561 2579 2897 2653; x_wconf 87' lang='lat' dir='ltr'><strong>postquam</strong></span> <span class='ocrx_word' id='word_1_309' title='bbox 2929 2572 3135 2653; x_wconf 85' lang='lat' dir='ltr'><strong>ephod</strong></span> <span class='ocrx_word' id='word_1_310' title='bbox 3170 2574 3503 2654; x_wconf 83' lang='lat' dir='ltr'><strong>produxit3</strong></span> 
     </span>
     <span class='ocr_line' id='line_1_55' title="bbox 2014 2671 3502 2755; baseline 0.001 -21"><span class='ocrx_word' id='word_1_311' title='bbox 2014 2673 2287 2755; x_wconf 88' lang='lat' dir='ltr'><strong>Jephthe</strong></span> <span class='ocrx_word' id='word_1_312' title='bbox 2317 2679 2529 2734; x_wconf 87' lang='lat' dir='ltr'><strong>autem</strong></span> <span class='ocrx_word' id='word_1_313' title='bbox 2562 2680 2705 2752; x_wconf 91' lang='lat' dir='ltr'><strong>post</strong></span> <span class='ocrx_word' id='word_1_314' title='bbox 2733 2679 2949 2733; x_wconf 90' lang='lat' dir='ltr'><strong>votum</strong></span> <span class='ocrx_word' id='word_1_315' title='bbox 2981 2671 3142 2733; x_wconf 91' lang='lat' dir='ltr'><strong>illud</strong></span> <span class='ocrx_word' id='word_1_316' title='bbox 3173 2671 3502 2735; x_wconf 86' lang='lat' dir='ltr'><strong>victoriam</strong></span> 
     </span>
     <span class='ocr_line' id='line_1_56' title="bbox 2018 2768 3505 2853; baseline 0 -18"><span class='ocrx_word' id='word_1_317' title='bbox 2018 2780 2113 2835; x_wconf 92' lang='lat' dir='ltr'><strong>est</strong></span> <span class='ocrx_word' id='word_1_318' title='bbox 2159 2770 2442 2835; x_wconf 81' lang='lat' dir='ltr'><strong>sortituS.</strong></span> <span class='ocrx_word' id='word_1_319' title='bbox 2479 2769 2597 2832; x_wconf 86' lang='lat' dir='ltr'><strong>Sed</strong></span> <span class='ocrx_word' id='word_1_320' title='bbox 2639 2768 3195 2846; x_wconf 83' lang='lat' dir='ltr'><strong>considerandum,</strong></span> <span class='ocrx_word' id='word_1_321' title='bbox 3231 2772 3401 2853; x_wconf 91' lang='lat' dir='ltr'><strong>quod</strong></span> <span class='ocrx_word' id='word_1_322' title='bbox 3444 2780 3505 2834; x_wconf 86' lang='lat' dir='ltr'><strong>et</strong></span> 
     </span>
     <span class='ocr_line' id='line_1_57' title="bbox 2016 2868 3501 2950; baseline -0.001 -16"><span class='ocrx_word' id='word_1_323' title='bbox 2016 2871 2268 2934; x_wconf 88' lang='lat' dir='ltr'><strong>Gedeon</strong></span> <span class='ocrx_word' id='word_1_324' title='bbox 2303 2870 2515 2932; x_wconf 87' lang='lat' dir='ltr'><strong>hostes</strong></span> <span class='ocrx_word' id='word_1_325' title='bbox 2547 2868 2911 2950; x_wconf 89' lang='lat' dir='ltr'><strong>prostravit,</strong></span> <span class='ocrx_word' id='word_1_326' title='bbox 2939 2878 3274 2950; x_wconf 85' lang='lat' dir='ltr'><strong>postquam</strong></span> <span class='ocrx_word' id='word_1_327' title='bbox 3310 2871 3501 2934; x_wconf 88' lang='lat' dir='ltr'><strong>Deum</strong></span> 
     </span>
    </p>
   </div>
   <div class='ocr_carea' id='block_1_16' title="bbox 2018 2966 3792 3085">
    <p class='ocr_par' dir='ltr' id='par_1_16' title="bbox 2018 2966 3792 3085">
     <span class='ocr_line' id='line_1_58' title="bbox 2018 2966 3792 3085; baseline -0.002 -52"><span class='ocrx_word' id='word_1_328' title='bbox 2018 2970 2306 3034; x_wconf 88' lang='lat' dir='ltr'><strong>tentavit.</strong></span> <span class='ocrx_word' id='word_1_329' title='bbox 2340 2968 2441 3031; x_wconf 90' lang='lat' dir='ltr'><strong>Sic</strong></span> <span class='ocrx_word' id='word_1_330' title='bbox 2471 2966 2708 3030; x_wconf 89' lang='lat' dir='ltr'><strong>etenim</strong></span> <span class='ocrx_word' id='word_1_331' title='bbox 2740 2967 3048 3049; x_wconf 90' lang='lat' dir='ltr'><strong>scriptum</strong></span> <span class='ocrx_word' id='word_1_332' title='bbox 3080 2977 3211 3031; x_wconf 89' lang='lat' dir='ltr'><strong>est:</strong></span> <span class='ocrx_word' id='word_1_333' title='bbox 3238 2969 3314 3031; x_wconf 89' lang='lat' dir='ltr'><strong>Et</strong></span> <span class='ocrx_word' id='word_1_334' title='bbox 3343 2970 3504 3032; x_wconf 83' lang='lat' dir='ltr'><strong>dixit</strong></span> <span class='ocrx_word' id='word_1_335' title='bbox 3531 2979 3792 3085; x_wconf 66' lang='lat'><strong>39²“‘¹⁸&#39;⁰·&#39;¹’</strong></span> 
     </span>
    </p>
   </div>
   <div class='ocr_carea' id='block_1_17' title="bbox 402 3060 3502 3254">
    <p class='ocr_par' dir='ltr' id='par_1_17' title="bbox 402 3060 3502 3254">
     <span class='ocr_line' id='line_1_59' title="bbox 402 3060 3502 3148; baseline -0.001 -13"><span class='ocrx_word' id='word_1_336' title='bbox 402 3071 579 3135; x_wconf 80' lang='lat' dir='ltr'><strong>infra</strong></span> <span class='ocrx_word' id='word_1_337' title='bbox 626 3077 719 3133; x_wconf 87' lang='lat' dir='ltr'><strong>tot</strong></span> <span class='ocrx_word' id='word_1_338' title='bbox 764 3066 901 3131; x_wconf 88' lang='lat' dir='ltr'><strong>dies</strong></span> <span class='ocrx_word' id='word_1_339' title='bbox 949 3065 1376 3143; x_wconf 87' lang='lat' dir='ltr'><strong>induciarum,</strong></span> <span class='ocrx_word' id='word_1_340' title='bbox 1422 3085 1583 3148; x_wconf 90' lang='lat' dir='ltr'><strong>quas</strong></span> <span class='ocrx_word' id='word_1_341' title='bbox 1632 3068 1905 3132; x_wconf 89' lang='lat' dir='ltr'><strong>contulit</strong></span> <span class='ocrx_word' id='word_1_342' title='bbox 1937 3060 1981 3124; x_wconf 92' lang='lat' dir='ltr'>C</span> <span class='ocrx_word' id='word_1_343' title='bbox 2012 3071 2264 3135; x_wconf 84' lang='lat' dir='ltr'><strong>Gedeon</strong></span> <span class='ocrx_word' id='word_1_344' title='bbox 2307 3069 2384 3132; x_wconf 92' lang='lat' dir='ltr'><strong>ad</strong></span> <span class='ocrx_word' id='word_1_345' title='bbox 2427 3066 2764 3131; x_wconf 91' lang='lat' dir='ltr'><strong>Dominum</strong></span> <span class='ocrx_word' id='word_1_346' title='bbox 2795 3086 2815 3131; x_wconf 72' lang='grc' dir='ltr'><strong><em>τ</em></strong></span> <span class='ocrx_word' id='word_1_347' title='bbox 2851 3067 2938 3130; x_wconf 91' lang='lat' dir='ltr'><strong>Ne</strong></span> <span class='ocrx_word' id='word_1_348' title='bbox 2984 3067 3292 3132; x_wconf 88' lang='lat' dir='ltr'><strong>irascatur</strong></span> <span class='ocrx_word' id='word_1_349' title='bbox 3334 3069 3502 3133; x_wconf 90' lang='lat' dir='ltr'><strong>indi-</strong></span> 
     </span>
     <span class='ocr_line' id='line_1_60' title="bbox 403 3166 3495 3254; baseline 0 -19"><span class='ocrx_word' id='word_1_350' title='bbox 403 3172 565 3235; x_wconf 79' lang='lat' dir='ltr'><strong>l&#39;iliae</strong></span> <span class='ocrx_word' id='word_1_351' title='bbox 595 3188 751 3245; x_wconf 82' lang='lat' dir='ltr'><strong>suae,</strong></span> <span class='ocrx_word' id='word_1_352' title='bbox 784 3168 895 3230; x_wconf 90' lang='lat' dir='ltr'><strong>sed</strong></span> <span class='ocrx_word' id='word_1_353' title='bbox 929 3166 1166 3229; x_wconf 88' lang='lat' dir='ltr'><strong>idcirco</strong></span> <span class='ocrx_word' id='word_1_354' title='bbox 1198 3174 1417 3229; x_wconf 85' lang='lat' dir='ltr'><strong>votum</strong></span> <span class='ocrx_word' id='word_1_355' title='bbox 1449 3166 1609 3229; x_wconf 89' lang='lat' dir='ltr'><strong>illud</strong></span> <span class='ocrx_word' id='word_1_356' title='bbox 1640 3167 1733 3231; x_wconf 90' lang='lat' dir='ltr'><strong>sic</strong></span> <span class='ocrx_word' id='word_1_357' title='bbox 1764 3188 1903 3231; x_wconf 91' lang='lat' dir='ltr'><strong>esse</strong></span> <span class='ocrx_word' id='word_1_358' title='bbox 2012 3172 2229 3254; x_wconf 86' lang='lat' dir='ltr'><strong>gnatio</strong></span> <span class='ocrx_word' id='word_1_359' title='bbox 2251 3179 2359 3233; x_wconf 91' lang='lat' dir='ltr'><strong>tua</strong></span> <span class='ocrx_word' id='word_1_360' title='bbox 2379 3168 2445 3231; x_wconf 91' lang='lat' dir='ltr'><strong>in</strong></span> <span class='ocrx_word' id='word_1_361' title='bbox 2479 3187 2602 3245; x_wconf 88' lang='lat' dir='ltr'><strong>me,</strong></span> <span class='ocrx_word' id='word_1_362' title='bbox 2618 3168 2672 3230; x_wconf 92' lang='lat' dir='ltr'><strong>si</strong></span> <span class='ocrx_word' id='word_1_363' title='bbox 2692 3169 2900 3231; x_wconf 88' lang='lat' dir='ltr'><strong>adhuc</strong></span> <span class='ocrx_word' id='word_1_364' title='bbox 2921 3170 3118 3233; x_wconf 90' lang='lat' dir='ltr'><strong>semel</strong></span> <span class='ocrx_word' id='word_1_365' title='bbox 3152 3180 3495 3237; x_wconf 87' lang='lat' dir='ltr'><strong>tentavero.</strong></span> 
     </span>
    </p>
   </div>
   <div class='ocr_carea' id='block_1_18' title="bbox 402 3264 1912 3646">
    <p class='ocr_par' dir='ltr' id='par_1_18' title="bbox 402 3264 1912 3646">
     <span class='ocr_line' id='line_1_61' title="bbox 402 3264 1905 3357; baseline -0.003 -22"><span class='ocrx_word' id='word_1_366' title='bbox 402 3271 733 3357; x_wconf 88' lang='lat' dir='ltr'><strong>punitum,</strong></span> <span class='ocrx_word' id='word_1_367' title='bbox 766 3288 849 3331; x_wconf 92' lang='lat' dir='ltr'><strong>ne</strong></span> <span class='ocrx_word' id='word_1_368' title='bbox 886 3265 1159 3349; x_wconf 91' lang='lat' dir='ltr'><strong>posteris</strong></span> <span class='ocrx_word' id='word_1_369' title='bbox 1200 3264 1669 3346; x_wconf 87' lang='lat' dir='ltr'><strong>relinqueretur</strong></span> <span class='ocrx_word' id='word_1_370' title='bbox 1699 3267 1767 3329; x_wconf 92' lang='lat' dir='ltr'><strong>in</strong></span> <span class='ocrx_word' id='word_1_371' title='bbox 1803 3288 1905 3332; x_wconf 85' lang='lat' dir='ltr'><strong>ex-</strong></span> 
     </span>
     <span class='ocr_line' id='line_1_62' title="bbox 404 3363 1901 3451; baseline -0.003 -17"><span class='ocrx_word' id='word_1_372' title='bbox 404 3369 721 3451; x_wconf 83' lang='lat' dir='ltr'><strong>emplum.</strong></span> <span class='ocrx_word' id='word_1_373' title='bbox 763 3366 1095 3428; x_wconf 86' lang='lat' dir='ltr'><strong>Possemus</strong></span> <span class='ocrx_word' id='word_1_374' title='bbox 1132 3363 1454 3444; x_wconf 88' lang='lat' dir='ltr'><strong>(inquam)</strong></span> <span class='ocrx_word' id='word_1_375' title='bbox 1498 3363 1618 3427; x_wconf 90' lang='lat' dir='ltr'><strong>hoc</strong></span> <span class='ocrx_word' id='word_1_376' title='bbox 1666 3366 1901 3443; x_wconf 90' lang='lat' dir='ltr'><strong>dicere,</strong></span> 
     </span>
     <span class='ocr_line' id='line_1_63' title="bbox 406 3462 1909 3545; baseline -0.004 -12"><span class='ocrx_word' id='word_1_377' title='bbox 406 3470 537 3533; x_wconf 87' lang='lat' dir='ltr'><strong>nisi</strong></span> <span class='ocrx_word' id='word_1_378' title='bbox 584 3468 713 3530; x_wconf 89' lang='lat' dir='ltr'><strong>duo</strong></span> <span class='ocrx_word' id='word_1_379' title='bbox 758 3464 1099 3545; x_wconf 78' lang='lat' dir='ltr'><strong>Scripturae</strong></span> <span class='ocrx_word' id='word_1_380' title='bbox 1146 3462 1514 3525; x_wconf 87' lang='lat' dir='ltr'><strong>testimonia</strong></span> <span class='ocrx_word' id='word_1_381' title='bbox 1558 3482 1673 3526; x_wconf 89' lang='lat' dir='ltr'><strong>nos</strong></span> <span class='ocrx_word' id='word_1_382' title='bbox 1720 3474 1909 3528; x_wconf 89' lang='lat' dir='ltr'><strong>retar-</strong></span> 
     </span>
     <span class='ocr_line' id='line_1_64' title="bbox 404 3560 1912 3646; baseline -0.003 -15"><span class='ocrx_word' id='word_1_383' title='bbox 404 3570 663 3641; x_wconf 84' lang='lat' dir='ltr'><strong>darent,</strong></span> <span class='ocrx_word' id='word_1_384' title='bbox 696 3571 955 3646; x_wconf 88' lang='lat' dir='ltr'><strong>propter</strong></span> <span class='ocrx_word' id='word_1_385' title='bbox 992 3580 1137 3642; x_wconf 84' lang='lat' dir='ltr'><strong>quae</strong></span> <span class='ocrx_word' id='word_1_386' title='bbox 1181 3560 1391 3641; x_wconf 89' lang='lat' dir='ltr'><strong>ipsum</strong></span> <span class='ocrx_word' id='word_1_387' title='bbox 1437 3560 1697 3642; x_wconf 86' lang='lat' dir='ltr'><strong>culpare</strong></span> <span class='ocrx_word' id='word_1_388' title='bbox 1732 3583 1912 3627; x_wconf 86' lang='lat' dir='ltr'><strong>vere-</strong></span> 
     </span>
    </p>
   </div>
   <div class='ocr_carea' id='block_1_19' title="bbox 306 3658 1910 3741">
    <p class='ocr_par' dir='ltr' id='par_1_19' title="bbox 306 3658 1910 3741">
     <span class='ocr_line' id='line_1_65' title="bbox 306 3658 1910 3741; baseline 0.001 -20"><span class='ocrx_word' id='word_1_389' title='bbox 306 3688 367 3721; x_wconf 74' lang='lat' dir='ltr'><strong>xn.</strong></span> <span class='ocrx_word' id='word_1_390' title='bbox 406 3684 579 3729; x_wconf 90' lang='lat' dir='ltr'><strong>mur.</strong></span> <span class='ocrx_word' id='word_1_391' title='bbox 598 3663 810 3725; x_wconf 89' lang='lat' dir='ltr'><strong>Unum</strong></span> <span class='ocrx_word' id='word_1_392' title='bbox 840 3667 958 3729; x_wconf 89' lang='lat' dir='ltr'><strong>est,</strong></span> <span class='ocrx_word' id='word_1_393' title='bbox 978 3659 1148 3740; x_wconf 91' lang='lat' dir='ltr'><strong>quod</strong></span> <span class='ocrx_word' id='word_1_394' title='bbox 1181 3678 1325 3720; x_wconf 88' lang='lat' dir='ltr'><strong>eum</strong></span> <span class='ocrx_word' id='word_1_395' title='bbox 1360 3658 1541 3740; x_wconf 92' lang='lat' dir='ltr'><strong>ponit</strong></span> <span class='ocrx_word' id='word_1_396' title='bbox 1570 3660 1910 3741; x_wconf 84' lang='lat' dir='ltr'><strong>Apostolus</strong></span> 
     </span>
    </p>
   </div>
   <div class='ocr_carea' id='block_1_20' title="bbox 408 3756 1916 4233">
    <p class='ocr_par' dir='ltr' id='par_1_20' title="bbox 408 3756 1916 4233">
     <span class='ocr_line' id='line_1_66' title="bbox 408 3756 1911 3838; baseline -0.003 -11"><span class='ocrx_word' id='word_1_397' title='bbox 408 3766 583 3827; x_wconf 89' lang='lat' dir='ltr'><strong>inter</strong></span> <span class='ocrx_word' id='word_1_398' title='bbox 602 3762 866 3825; x_wconf 81' lang='lat' dir='ltr'><strong>Sanctos</strong></span> <span class='ocrx_word' id='word_1_399' title='bbox 898 3758 965 3819; x_wconf 89' lang='lat' dir='ltr'><strong>in</strong></span> <span class='ocrx_word' id='word_1_400' title='bbox 986 3756 1257 3838; x_wconf 88' lang='lat' dir='ltr'><strong>epistola</strong></span> <span class='ocrx_word' id='word_1_401' title='bbox 1286 3757 1362 3818; x_wconf 89' lang='lat' dir='ltr'><strong>ad</strong></span> <span class='ocrx_word' id='word_1_402' title='bbox 1384 3756 1701 3820; x_wconf 78' lang='lat' dir='ltr'><strong>HebraeOS.</strong></span> <span class='ocrx_word' id='word_1_403' title='bbox 1718 3758 1911 3823; x_wconf 91' lang='lat' dir='ltr'><strong>Aliud</strong></span> 
     </span>
     <span class='ocr_line' id='line_1_67' title="bbox 408 3854 1915 3945; baseline -0.003 -21"><span class='ocrx_word' id='word_1_404' title='bbox 408 3862 587 3945; x_wconf 90' lang='lat' dir='ltr'><strong>quod</strong></span> <span class='ocrx_word' id='word_1_405' title='bbox 620 3859 727 3921; x_wconf 92' lang='lat' dir='ltr'><strong>hic</strong></span> <span class='ocrx_word' id='word_1_406' title='bbox 756 3855 1065 3939; x_wconf 65' lang='lat' dir='ltr'><strong>praemisit</strong></span> <span class='ocrx_word' id='word_1_407' title='bbox 1090 3854 1437 3935; x_wconf 86' lang='lat' dir='ltr'><strong>Scriptura,</strong></span> <span class='ocrx_word' id='word_1_408' title='bbox 1462 3855 1539 3916; x_wconf 86' lang='lat' dir='ltr'><strong>Et</strong></span> <span class='ocrx_word' id='word_1_409' title='bbox 1578 3854 1785 3919; x_wconf 82' lang='lat' dir='ltr'><strong>faetus</strong></span> <span class='ocrx_word' id='word_1_410' title='bbox 1818 3866 1915 3919; x_wconf 87' lang='lat' dir='ltr'><strong>est</strong></span> 
     </span>
     <span class='ocr_line' id='line_1_68' title="bbox 410 3953 1914 4049; baseline -0.004 -26"><span class='ocrx_word' id='word_1_411' title='bbox 410 3978 612 4049; x_wconf 84' lang='lat' dir='ltr'><strong>super</strong></span> <span class='ocrx_word' id='word_1_412' title='bbox 653 3955 922 4038; x_wconf 83' lang='lat' dir='ltr'><strong>Jephthe</strong></span> <span class='ocrx_word' id='word_1_413' title='bbox 966 3953 1239 4035; x_wconf 88' lang='lat' dir='ltr'><strong>Spiritus</strong></span> <span class='ocrx_word' id='word_1_414' title='bbox 1275 3953 1550 4029; x_wconf 89' lang='lat' dir='ltr'><strong>Domini,</strong></span> <span class='ocrx_word' id='word_1_415' title='bbox 1586 3962 1650 4016; x_wconf 89' lang='lat' dir='ltr'><strong>et</strong></span> <span class='ocrx_word' id='word_1_416' title='bbox 1693 3963 1914 4017; x_wconf 86' lang='lat' dir='ltr'><strong>votum</strong></span> 
     </span>
     <span class='ocr_line' id='line_1_69' title="bbox 410 4050 1916 4133; baseline -0.005 -12"><span class='ocrx_word' id='word_1_417' title='bbox 410 4058 631 4122; x_wconf 83' lang='lat' dir='ltr'><strong>vovit:</strong></span> <span class='ocrx_word' id='word_1_418' title='bbox 668 4064 739 4117; x_wconf 90' lang='lat' dir='ltr'><strong>ut</strong></span> <span class='ocrx_word' id='word_1_419' title='bbox 768 4052 984 4117; x_wconf 88' lang='lat' dir='ltr'><strong>omnia</strong></span> <span class='ocrx_word' id='word_1_420' title='bbox 1012 4070 1157 4133; x_wconf 79' lang='lat' dir='ltr'><strong>quae</strong></span> <span class='ocrx_word' id='word_1_421' title='bbox 1187 4060 1407 4132; x_wconf 86' lang='lat' dir='ltr'><strong>postea</strong></span> <span class='ocrx_word' id='word_1_422' title='bbox 1450 4050 1624 4130; x_wconf 84' lang='lat' dir='ltr'><strong>fecit,</strong></span> <span class='ocrx_word' id='word_1_423' title='bbox 1661 4053 1916 4116; x_wconf 89' lang='lat' dir='ltr'><strong>videan-</strong></span> 
     </span>
     <span class='ocr_line' id='line_1_70' title="bbox 414 4149 1910 4233; baseline -0.005 -13"><span class='ocrx_word' id='word_1_424' title='bbox 414 4167 521 4219; x_wconf 89' lang='lat' dir='ltr'><strong>tur</strong></span> <span class='ocrx_word' id='word_1_425' title='bbox 550 4151 970 4233; x_wconf 88' lang='lat' dir='ltr'><strong>intelligenda</strong></span> <span class='ocrx_word' id='word_1_426' title='bbox 994 4170 1133 4213; x_wconf 87' lang='lat' dir='ltr'><strong>esse</strong></span> <span class='ocrx_word' id='word_1_427' title='bbox 1158 4167 1353 4230; x_wconf 92' lang='lat' dir='ltr'><strong>opera</strong></span> <span class='ocrx_word' id='word_1_428' title='bbox 1373 4149 1647 4230; x_wconf 90' lang='lat' dir='ltr'><strong>Spiritus</strong></span> <span class='ocrx_word' id='word_1_429' title='bbox 1672 4151 1910 4214; x_wconf 88' lang='lat' dir='ltr'><strong>Sancti.</strong></span> 
     </span>
    </p>
   </div>
   <div class='ocr_carea' id='block_1_21' title="bbox 2012 3265 3502 3349">
    <p class='ocr_par' dir='ltr' id='par_1_21' title="bbox 2012 3265 3502 3349">
     <span class='ocr_line' id='line_1_71' title="bbox 2012 3265 3502 3349; baseline 0.001 -17"><span class='ocrx_word' id='word_1_430' title='bbox 2012 3271 2172 3333; x_wconf 90' lang='lat' dir='ltr'><strong>Iram</strong></span> <span class='ocrx_word' id='word_1_431' title='bbox 2207 3286 2483 3349; x_wconf 86' lang='lat' dir='ltr'><strong>namque</strong></span> <span class='ocrx_word' id='word_1_432' title='bbox 2512 3265 2621 3328; x_wconf 89' lang='lat' dir='ltr'><strong>Dei</strong></span> <span class='ocrx_word' id='word_1_433' title='bbox 2643 3266 2983 3343; x_wconf 89' lang='lat' dir='ltr'><strong>metuebat,</strong></span> <span class='ocrx_word' id='word_1_434' title='bbox 3017 3268 3171 3348; x_wconf 90' lang='lat' dir='ltr'><strong>quia</strong></span> <span class='ocrx_word' id='word_1_435' title='bbox 3199 3271 3502 3334; x_wconf 87' lang='lat' dir='ltr'><strong>tentando</strong></span> 
     </span>
    </p>
   </div>
   <div class='ocr_carea' id='block_1_22' title="bbox 2016 3364 3519 4234">
    <p class='ocr_par' dir='ltr' id='par_1_22' title="bbox 2016 3364 3519 4234">
     <span class='ocr_line' id='line_1_72' title="bbox 2016 3364 3496 3450; baseline 0.001 -19"><span class='ocrx_word' id='word_1_436' title='bbox 2016 3388 2083 3431; x_wconf 91' lang='lat' dir='ltr'><strong>se</strong></span> <span class='ocrx_word' id='word_1_437' title='bbox 2114 3386 2410 3450; x_wconf 88' lang='lat' dir='ltr'><strong>peccasse</strong></span> <span class='ocrx_word' id='word_1_438' title='bbox 2449 3364 2710 3427; x_wconf 86' lang='lat' dir='ltr'><strong>sciebat.</strong></span> <span class='ocrx_word' id='word_1_439' title='bbox 2744 3364 2873 3427; x_wconf 87' lang='lat' dir='ltr'><strong>Hoc</strong></span> <span class='ocrx_word' id='word_1_440' title='bbox 2914 3373 3126 3429; x_wconf 86' lang='lat' dir='ltr'><strong>tamen</strong></span> <span class='ocrx_word' id='word_1_441' title='bbox 3167 3377 3496 3449; x_wconf 87' lang='lat' dir='ltr'><strong>peccatum</strong></span> 
     </span>
     <span class='ocr_line' id='line_1_73' title="bbox 2017 3461 3508 3551; baseline -0.01 -21"><span class='ocrx_word' id='word_1_442' title='bbox 2017 3473 2232 3530; x_wconf 90' lang='lat' dir='ltr'><strong>secuta</strong></span> <span class='ocrx_word' id='word_1_443' title='bbox 2271 3472 2367 3527; x_wconf 93' lang='lat' dir='ltr'><strong>est</strong></span> <span class='ocrx_word' id='word_1_444' title='bbox 2405 3461 2727 3527; x_wconf 88' lang='lat' dir='ltr'><strong>evidentia</strong></span> <span class='ocrx_word' id='word_1_445' title='bbox 2767 3462 2979 3543; x_wconf 88' lang='lat' dir='ltr'><strong>magni</strong></span> <span class='ocrx_word' id='word_1_446' title='bbox 3023 3464 3213 3545; x_wconf 86' lang='lat' dir='ltr'><strong>signi,</strong></span> <span class='ocrx_word' id='word_1_447' title='bbox 3253 3486 3508 3551; x_wconf 69' lang='lat' dir='ltr'><strong>prospe-</strong></span> 
     </span>
     <span class='ocr_line' id='line_1_74' title="bbox 2020 3560 3511 3645; baseline 0.001 -17"><span class='ocrx_word' id='word_1_448' title='bbox 2020 3566 2302 3645; x_wconf 82' lang='lat' dir='ltr'><strong>ritasque</strong></span> <span class='ocrx_word' id='word_1_449' title='bbox 2343 3561 2674 3643; x_wconf 87' lang='lat' dir='ltr'><strong>triumphi.</strong></span> <span class='ocrx_word' id='word_1_450' title='bbox 2711 3560 2846 3623; x_wconf 87' lang='lat' dir='ltr'><strong>Jam</strong></span> <span class='ocrx_word' id='word_1_451' title='bbox 2890 3561 3062 3624; x_wconf 90' lang='lat' dir='ltr'><strong>enim</strong></span> <span class='ocrx_word' id='word_1_452' title='bbox 3104 3564 3267 3627; x_wconf 90' lang='lat' dir='ltr'><strong>Deus</strong></span> <span class='ocrx_word' id='word_1_453' title='bbox 3313 3575 3511 3629; x_wconf 90' lang='lat' dir='ltr'><strong>statu-</strong></span> 
     </span>
     <span class='ocr_line' id='line_1_75' title="bbox 2020 3658 3508 3742; baseline 0.001 -17"><span class='ocrx_word' id='word_1_454' title='bbox 2020 3672 2154 3726; x_wconf 89' lang='lat' dir='ltr'><strong>erat</strong></span> <span class='ocrx_word' id='word_1_455' title='bbox 2190 3661 2437 3725; x_wconf 80' lang='lat' dir='ltr'><strong>al&#39;flicto</strong></span> <span class='ocrx_word' id='word_1_456' title='bbox 2476 3658 2819 3722; x_wconf 82' lang='lat' dir='ltr'><strong>israelitico</strong></span> <span class='ocrx_word' id='word_1_457' title='bbox 2861 3661 3098 3742; x_wconf 93' lang='lat' dir='ltr'><strong>populo</strong></span> <span class='ocrx_word' id='word_1_458' title='bbox 3143 3664 3508 3742; x_wconf 89' lang='lat' dir='ltr'><strong>subvenire,</strong></span> 
     </span>
     <span class='ocr_line' id='line_1_76' title="bbox 2023 3756 3514 3841; baseline 0.002 -18"><span class='ocrx_word' id='word_1_459' title='bbox 2023 3769 2083 3824; x_wconf 91' lang='lat' dir='ltr'><strong>et</strong></span> <span class='ocrx_word' id='word_1_460' title='bbox 2114 3759 2307 3840; x_wconf 88' lang='lat' dir='ltr'><strong>hujus</strong></span> <span class='ocrx_word' id='word_1_461' title='bbox 2335 3757 2538 3834; x_wconf 79' lang='lat' dir='ltr'><strong>duciS,</strong></span> <span class='ocrx_word' id='word_1_462' title='bbox 2573 3756 2817 3819; x_wconf 90' lang='lat' dir='ltr'><strong>scilicet</strong></span> <span class='ocrx_word' id='word_1_463' title='bbox 2844 3756 3178 3835; x_wconf 82' lang='lat' dir='ltr'><strong>cheoniS,</strong></span> <span class='ocrx_word' id='word_1_464' title='bbox 3211 3780 3400 3841; x_wconf 91' lang='lat' dir='ltr'><strong>quem</strong></span> <span class='ocrx_word' id='word_1_465' title='bbox 3435 3764 3514 3825; x_wconf 91' lang='lat' dir='ltr'><strong>ad</strong></span> 
     </span>
     <span class='ocr_line' id='line_1_77' title="bbox 2022 3857 3516 3939; baseline 0 -17"><span class='ocrx_word' id='word_1_466' title='bbox 2022 3860 2143 3922; x_wconf 92' lang='lat' dir='ltr'><strong>hoc</strong></span> <span class='ocrx_word' id='word_1_467' title='bbox 2173 3877 2334 3939; x_wconf 92' lang='lat' dir='ltr'><strong>opus</strong></span> <span class='ocrx_word' id='word_1_468' title='bbox 2363 3864 2814 3937; x_wconf 88' lang='lat' dir='ltr'><strong>assumpserat,</strong></span> <span class='ocrx_word' id='word_1_469' title='bbox 2833 3857 3128 3919; x_wconf 86' lang='lat' dir='ltr'><strong>utebatur</strong></span> <span class='ocrx_word' id='word_1_470' title='bbox 3151 3859 3365 3923; x_wconf 88' lang='lat' dir='ltr'><strong>animo</strong></span> <span class='ocrx_word' id='word_1_471' title='bbox 3388 3879 3516 3923; x_wconf 89' lang='lat' dir='ltr'><strong>non</strong></span> 
     </span>
     <span class='ocr_line' id='line_1_78' title="bbox 2025 3954 3518 4035; baseline 0.001 -15"><span class='ocrx_word' id='word_1_472' title='bbox 2025 3958 2231 4020; x_wconf 89' lang='lat' dir='ltr'><strong>solum</strong></span> <span class='ocrx_word' id='word_1_473' title='bbox 2278 3954 2458 4017; x_wconf 83' lang='lat' dir='ltr'><strong>fideli</strong></span> <span class='ocrx_word' id='word_1_474' title='bbox 2504 3962 2567 4017; x_wconf 90' lang='lat' dir='ltr'><strong>et</strong></span> <span class='ocrx_word' id='word_1_475' title='bbox 2610 3954 2740 4035; x_wconf 87' lang='lat' dir='ltr'><strong>pio,</strong></span> <span class='ocrx_word' id='word_1_476' title='bbox 2777 3955 2887 4017; x_wconf 91' lang='lat' dir='ltr'><strong>sed</strong></span> <span class='ocrx_word' id='word_1_477' title='bbox 2938 3955 3127 4017; x_wconf 88' lang='lat' dir='ltr'><strong>etiam</strong></span> <span class='ocrx_word' id='word_1_478' title='bbox 3173 3956 3518 4022; x_wconf 81' lang='lat' dir='ltr'><strong>deficiente</strong></span> 
     </span>
     <span class='ocr_line' id='line_1_79' title="bbox 2024 4052 3519 4138; baseline 0.002 -20"><span class='ocrx_word' id='word_1_479' title='bbox 2024 4076 2097 4118; x_wconf 88' lang='lat' dir='ltr'><strong>ac</strong></span> <span class='ocrx_word' id='word_1_480' title='bbox 2127 4053 2558 4135; x_wconf 83' lang='lat' dir='ltr'><strong>delinquente,</strong></span> <span class='ocrx_word' id='word_1_481' title='bbox 2593 4052 2674 4115; x_wconf 89' lang='lat' dir='ltr'><strong>ad</strong></span> <span class='ocrx_word' id='word_1_482' title='bbox 2708 4054 3196 4133; x_wconf 85' lang='lat' dir='ltr'><strong>praenuntianda</strong></span> <span class='ocrx_word' id='word_1_483' title='bbox 3225 4076 3368 4138; x_wconf 85' lang='lat' dir='ltr'><strong>quae</strong></span> <span class='ocrx_word' id='word_1_484' title='bbox 3409 4076 3519 4121; x_wconf 87' lang='lat' dir='ltr'><strong>vo-</strong></span> 
     </span>
     <span class='ocr_line' id='line_1_80' title="bbox 2026 4151 3515 4234; baseline 0.003 -18"><span class='ocrx_word' id='word_1_485' title='bbox 2026 4153 2215 4230; x_wconf 85' lang='lat' dir='ltr'><strong>lebat,</strong></span> <span class='ocrx_word' id='word_1_486' title='bbox 2251 4161 2314 4215; x_wconf 90' lang='lat' dir='ltr'><strong>et</strong></span> <span class='ocrx_word' id='word_1_487' title='bbox 2351 4152 2431 4214; x_wconf 88' lang='lat' dir='ltr'><strong>ad</strong></span> <span class='ocrx_word' id='word_1_488' title='bbox 2469 4151 2847 4233; x_wconf 89' lang='lat' dir='ltr'><strong>complenda</strong></span> <span class='ocrx_word' id='word_1_489' title='bbox 2888 4171 3030 4234; x_wconf 82' lang='lat' dir='ltr'><strong>quae</strong></span> <span class='ocrx_word' id='word_1_490' title='bbox 3069 4154 3334 4217; x_wconf 84' lang='lat' dir='ltr'><strong>dixerat.</strong></span> <span class='ocrx_word' id='word_1_491' title='bbox 3380 4156 3515 4220; x_wconf 90' lang='lat' dir='ltr'><strong>Non</strong></span> 
     </span>
    </p>
   </div>
   <div class='ocr_carea' id='block_1_23' title="bbox 413 4244 3514 4333">
    <p class='ocr_par' dir='ltr' id='par_1_23' title="bbox 413 4244 3514 4333">
     <span class='ocr_line' id='line_1_81' title="bbox 413 4244 3514 4333; baseline -0.001 -14"><span class='ocrx_word' id='word_1_492' title='bbox 413 4256 537 4319; x_wconf 77' lang='lat' dir='ltr'><strong>Sed</strong></span> <span class='ocrx_word' id='word_1_493' title='bbox 578 4260 661 4317; x_wconf 83' lang='lat' dir='ltr'><strong>an</strong></span> <span class='ocrx_word' id='word_1_494' title='bbox 700 4251 892 4315; x_wconf 89' lang='lat' dir='ltr'><strong>etiam</strong></span> <span class='ocrx_word' id='word_1_495' title='bbox 928 4248 1223 4310; x_wconf 86' lang='lat' dir='ltr'><strong>humanis</strong></span> <span class='ocrx_word' id='word_1_496' title='bbox 1265 4247 1602 4311; x_wconf 78' lang='lat' dir='ltr'><strong>sacrificiis</strong></span> <span class='ocrx_word' id='word_1_497' title='bbox 1647 4248 1911 4331; x_wconf 78' lang='lat' dir='ltr'><strong>figurari</strong></span> <span class='ocrx_word' id='word_1_498' title='bbox 1946 4244 1995 4304; x_wconf 89' lang='lat' dir='ltr'>D</span> <span class='ocrx_word' id='word_1_499' title='bbox 2024 4253 2195 4315; x_wconf 85' lang='lat' dir='ltr'><strong>enim</strong></span> <span class='ocrx_word' id='word_1_500' title='bbox 2231 4270 2344 4333; x_wconf 87' lang='lat' dir='ltr'><strong>per</strong></span> <span class='ocrx_word' id='word_1_501' title='bbox 2375 4250 2530 4312; x_wconf 92' lang='lat' dir='ltr'><strong>istos</strong></span> <span class='ocrx_word' id='word_1_502' title='bbox 2564 4258 2830 4326; x_wconf 91' lang='lat' dir='ltr'><strong>tantum,</strong></span> <span class='ocrx_word' id='word_1_503' title='bbox 2868 4251 2978 4313; x_wconf 90' lang='lat' dir='ltr'><strong>sed</strong></span> <span class='ocrx_word' id='word_1_504' title='bbox 3019 4261 3083 4314; x_wconf 90' lang='lat' dir='ltr'><strong>et</strong></span> <span class='ocrx_word' id='word_1_505' title='bbox 3113 4271 3226 4333; x_wconf 89' lang='lat' dir='ltr'><strong>per</strong></span> <span class='ocrx_word' id='word_1_506' title='bbox 3261 4253 3514 4317; x_wconf 85' lang='lat' dir='ltr'><strong>Saulem</strong></span> 
     </span>
    </p>
   </div>
   <div class='ocr_carea' id='block_1_24' title="bbox 412 4344 1915 4435">
    <p class='ocr_par' dir='ltr' id='par_1_24' title="bbox 412 4344 1915 4435">
     <span class='ocr_line' id='line_1_82' title="bbox 412 4344 1915 4435; baseline -0.015 -17"><span class='ocrx_word' id='word_1_507' title='bbox 412 4353 704 4435; x_wconf 85' lang='lat' dir='ltr'><strong>oportuit</strong></span> <span class='ocrx_word' id='word_1_508' title='bbox 742 4347 1099 4412; x_wconf 81' lang='lat' dir='ltr'><strong>ministeria</strong></span> <span class='ocrx_word' id='word_1_509' title='bbox 1126 4344 1383 4422; x_wconf 89' lang='lat' dir='ltr'><strong>Christi,</strong></span> <span class='ocrx_word' id='word_1_510' title='bbox 1418 4347 1647 4410; x_wconf 85' lang='lat' dir='ltr'><strong>merito</strong></span> <span class='ocrx_word' id='word_1_511' title='bbox 1684 4350 1915 4429; x_wconf 65' lang='lat' dir='ltr'><strong>quaepi-</strong></span> 
     </span>
    </p>
   </div>
   <div class='ocr_carea' id='block_1_25' title="bbox 290 4445 1911 4527">
    <p class='ocr_par' dir='ltr' id='par_1_25' title="bbox 290 4445 1911 4527">
     <span class='ocr_line' id='line_1_83' title="bbox 290 4445 1911 4527; baseline -0.002 -14"><span class='ocrx_word' id='word_1_512' title='bbox 290 4484 383 4521; x_wconf 67' lang='lat' dir='ltr'><strong>xm,</strong></span> <span class='ocrx_word' id='word_1_513' title='bbox 418 4461 544 4516; x_wconf 83' lang='lat' dir='ltr'><strong>tur.</strong></span> <span class='ocrx_word' id='word_1_514' title='bbox 570 4452 694 4514; x_wconf 90' lang='lat' dir='ltr'><strong>Sed</strong></span> <span class='ocrx_word' id='word_1_515' title='bbox 720 4450 885 4511; x_wconf 83' lang='lat' dir='ltr'><strong>Deus</strong></span> <span class='ocrx_word' id='word_1_516' title='bbox 917 4445 1121 4508; x_wconf 87' lang='lat' dir='ltr'><strong>voluit</strong></span> <span class='ocrx_word' id='word_1_517' title='bbox 1153 4445 1576 4527; x_wconf 85' lang='lat' dir='ltr'><strong>primogenita</strong></span> <span class='ocrx_word' id='word_1_518' title='bbox 1606 4465 1745 4508; x_wconf 86' lang='lat' dir='ltr'><strong>esse</strong></span> <span class='ocrx_word' id='word_1_519' title='bbox 1775 4466 1911 4524; x_wconf 89' lang='lat' dir='ltr'><strong>sua,</strong></span> 
     </span>
    </p>
   </div>
   <div class='ocr_carea' id='block_1_26' title="bbox 414 4542 1919 5409">
    <p class='ocr_par' dir='ltr' id='par_1_26' title="bbox 414 4542 1919 5409">
     <span class='ocr_line' id='line_1_84' title="bbox 416 4542 1916 4619; baseline -0.005 -4"><span class='ocrx_word' id='word_1_520' title='bbox 416 4570 549 4615; x_wconf 88' lang='lat' dir='ltr'><strong>non</strong></span> <span class='ocrx_word' id='word_1_521' title='bbox 580 4558 796 4611; x_wconf 83' lang='lat' dir='ltr'><strong>tamen</strong></span> <span class='ocrx_word' id='word_1_522' title='bbox 830 4545 1032 4611; x_wconf 79' lang='lat' dir='ltr'><strong>voluit</strong></span> <span class='ocrx_word' id='word_1_523' title='bbox 1070 4563 1145 4607; x_wconf 90' lang='lat' dir='ltr'><strong>ea</strong></span> <span class='ocrx_word' id='word_1_524' title='bbox 1183 4542 1563 4619; x_wconf 82' lang='lat' dir='ltr'><strong>sacrificari,</strong></span> <span class='ocrx_word' id='word_1_525' title='bbox 1600 4546 1709 4606; x_wconf 83' lang='lat' dir='ltr'><strong>sed</strong></span> <span class='ocrx_word' id='word_1_526' title='bbox 1756 4547 1916 4608; x_wconf 90' lang='lat' dir='ltr'><strong>redi-</strong></span> 
     </span>
     <span class='ocr_line' id='line_1_85' title="bbox 414 4643 1918 4726; baseline -0.005 -13"><span class='ocrx_word' id='word_1_527' title='bbox 414 4651 549 4714; x_wconf 85' lang='lat' dir='ltr'><strong>mi:</strong></span> <span class='ocrx_word' id='word_1_528' title='bbox 586 4667 716 4711; x_wconf 91' lang='lat' dir='ltr'><strong>non</strong></span> <span class='ocrx_word' id='word_1_529' title='bbox 758 4663 908 4726; x_wconf 89' lang='lat' dir='ltr'><strong>ergo</strong></span> <span class='ocrx_word' id='word_1_530' title='bbox 938 4644 1169 4722; x_wconf 87' lang='lat' dir='ltr'><strong>diligit,</strong></span> <span class='ocrx_word' id='word_1_531' title='bbox 1202 4643 1312 4705; x_wconf 91' lang='lat' dir='ltr'><strong>sed</strong></span> <span class='ocrx_word' id='word_1_532' title='bbox 1354 4643 1487 4705; x_wconf 90' lang='lat' dir='ltr'><strong>odit</strong></span> <span class='ocrx_word' id='word_1_533' title='bbox 1526 4643 1689 4706; x_wconf 90' lang='lat' dir='ltr'><strong>Deus</strong></span> <span class='ocrx_word' id='word_1_534' title='bbox 1730 4645 1918 4706; x_wconf 86' lang='lat' dir='ltr'><strong>saeri-</strong></span> 
     </span>
     <span class='ocr_line' id='line_1_86' title="bbox 420 4741 1917 4811; baseline -0.005 0"><span class='ocrx_word' id='word_1_535' title='bbox 420 4749 577 4811; x_wconf 70' lang='lat' dir='ltr'><strong>ficia</strong></span> <span class='ocrx_word' id='word_1_536' title='bbox 623 4746 799 4809; x_wconf 86' lang='lat' dir='ltr'><strong>talia.</strong></span> <span class='ocrx_word' id='word_1_537' title='bbox 834 4744 955 4805; x_wconf 88' lang='lat' dir='ltr'><strong>Sed</strong></span> <span class='ocrx_word' id='word_1_538' title='bbox 1006 4742 1173 4803; x_wconf 88' lang='lat' dir='ltr'><strong>inter</strong></span> <span class='ocrx_word' id='word_1_539' title='bbox 1214 4741 1476 4803; x_wconf 90' lang='lat' dir='ltr'><strong>Sanctos</strong></span> <span class='ocrx_word' id='word_1_540' title='bbox 1527 4760 1654 4803; x_wconf 91' lang='lat' dir='ltr'><strong>non</strong></span> <span class='ocrx_word' id='word_1_541' title='bbox 1707 4743 1917 4805; x_wconf 90' lang='lat' dir='ltr'><strong>solum</strong></span> 
     </span>
     <span class='ocr_line' id='line_1_87' title="bbox 414 4840 1918 4929; baseline -0.005 -20"><span class='ocrx_word' id='word_1_542' title='bbox 414 4845 715 4929; x_wconf 86' lang='lat' dir='ltr'><strong>Jephthe,</strong></span> <span class='ocrx_word' id='word_1_543' title='bbox 748 4842 861 4904; x_wconf 89' lang='lat' dir='ltr'><strong>sed</strong></span> <span class='ocrx_word' id='word_1_544' title='bbox 899 4849 964 4903; x_wconf 88' lang='lat' dir='ltr'><strong>et</strong></span> <span class='ocrx_word' id='word_1_545' title='bbox 994 4840 1248 4902; x_wconf 86' lang='lat' dir='ltr'><strong>Gedeon</strong></span> <span class='ocrx_word' id='word_1_546' title='bbox 1294 4848 1685 4915; x_wconf 90' lang='lat' dir='ltr'><strong>numeratur,</strong></span> <span class='ocrx_word' id='word_1_547' title='bbox 1722 4860 1918 4921; x_wconf 88' lang='lat' dir='ltr'><strong>quem</strong></span> 
     </span>
     <span class='ocr_line' id='line_1_88' title="bbox 417 4936 1913 5027; baseline -0.005 -19"><span class='ocrx_word' id='word_1_548' title='bbox 417 4945 633 5027; x_wconf 76' lang='lat' dir='ltr'><strong>ephod</strong></span> <span class='ocrx_word' id='word_1_549' title='bbox 680 4937 1272 5023; x_wconf 87' lang='lat' dir='ltr'><strong>reprehensibiliter</strong></span> <span class='ocrx_word' id='word_1_550' title='bbox 1321 4937 1547 5000; x_wconf 86' lang='lat' dir='ltr'><strong>fecisse</strong></span> <span class='ocrx_word' id='word_1_551' title='bbox 1600 4936 1913 5001; x_wconf 82' lang='lat' dir='ltr'><strong>fatemur:</strong></span> 
     </span>
     <span class='ocr_line' id='line_1_89' title="bbox 420 5036 1917 5118; baseline -0.005 -12"><span class='ocrx_word' id='word_1_552' title='bbox 420 5063 569 5106; x_wconf 89' lang='lat' dir='ltr'><strong>nam</strong></span> <span class='ocrx_word' id='word_1_553' title='bbox 601 5048 666 5105; x_wconf 90' lang='lat' dir='ltr'><strong>ct</strong></span> <span class='ocrx_word' id='word_1_554' title='bbox 706 5039 773 5101; x_wconf 92' lang='lat' dir='ltr'><strong>in</strong></span> <span class='ocrx_word' id='word_1_555' title='bbox 806 5058 881 5101; x_wconf 91' lang='lat' dir='ltr'><strong>eo</strong></span> <span class='ocrx_word' id='word_1_556' title='bbox 910 5037 1083 5118; x_wconf 90' lang='lat' dir='ltr'><strong>quod</strong></span> <span class='ocrx_word' id='word_1_557' title='bbox 1126 5036 1379 5116; x_wconf 88' lang='lat' dir='ltr'><strong>signum</strong></span> <span class='ocrx_word' id='word_1_558' title='bbox 1419 5036 1624 5117; x_wconf 88' lang='lat' dir='ltr'><strong>petiit,</strong></span> <span class='ocrx_word' id='word_1_559' title='bbox 1662 5045 1917 5099; x_wconf 88' lang='lat' dir='ltr'><strong>tentans</strong></span> 
     </span>
     <span class='ocr_line' id='line_1_90' title="bbox 420 5133 1919 5216; baseline -0.005 -12"><span class='ocrx_word' id='word_1_560' title='bbox 420 5143 489 5204; x_wconf 90' lang='lat' dir='ltr'><strong>in</strong></span> <span class='ocrx_word' id='word_1_561' title='bbox 522 5140 786 5214; x_wconf 84' lang='lat' dir='ltr'><strong>vellere,</strong></span> <span class='ocrx_word' id='word_1_562' title='bbox 823 5134 1041 5199; x_wconf 88' lang='lat' dir='ltr'><strong>nescio</strong></span> <span class='ocrx_word' id='word_1_563' title='bbox 1079 5153 1158 5197; x_wconf 88' lang='lat' dir='ltr'><strong>an</strong></span> <span class='ocrx_word' id='word_1_564' title='bbox 1191 5133 1273 5195; x_wconf 92' lang='lat' dir='ltr'><strong>sit</strong></span> <span class='ocrx_word' id='word_1_565' title='bbox 1305 5142 1731 5213; x_wconf 80' lang='lat' dir='ltr'><strong>transgressus</strong></span> <span class='ocrx_word' id='word_1_566' title='bbox 1768 5154 1919 5216; x_wconf 76' lang='lat' dir='ltr'><strong>prae-</strong></span> 
     </span>
     <span class='ocr_line' id='line_1_91' title="bbox 419 5231 1919 5321; baseline -0.006 -17"><span class='ocrx_word' id='word_1_567' title='bbox 419 5249 682 5321; x_wconf 89' lang='lat' dir='ltr'><strong>ceptum</strong></span> <span class='ocrx_word' id='word_1_568' title='bbox 712 5236 855 5311; x_wconf 90' lang='lat' dir='ltr'><strong>hoc,</strong></span> <span class='ocrx_word' id='word_1_569' title='bbox 881 5233 1018 5295; x_wconf 92' lang='lat' dir='ltr'><strong>Non</strong></span> <span class='ocrx_word' id='word_1_570' title='bbox 1046 5231 1319 5295; x_wconf 88' lang='lat' dir='ltr'><strong>tentabis</strong></span> <span class='ocrx_word' id='word_1_571' title='bbox 1350 5232 1687 5294; x_wconf 90' lang='lat' dir='ltr'><strong>Dominum</strong></span> <span class='ocrx_word' id='word_1_572' title='bbox 1723 5232 1919 5296; x_wconf 90' lang='lat' dir='ltr'><strong>Deum</strong></span> 
     </span>
     <span class='ocr_line' id='line_1_92' title="bbox 418 5328 1919 5409; baseline -0.004 -8"><span class='ocrx_word' id='word_1_573' title='bbox 418 5348 627 5401; x_wconf 88' lang='lat' dir='ltr'><strong>tuum.</strong></span> <span class='ocrx_word' id='word_1_574' title='bbox 663 5334 785 5397; x_wconf 89' lang='lat' dir='ltr'><strong>Sed</strong></span> <span class='ocrx_word' id='word_1_575' title='bbox 816 5351 966 5395; x_wconf 88' lang='lat' dir='ltr'><strong>eum</strong></span> <span class='ocrx_word' id='word_1_576' title='bbox 994 5330 1157 5393; x_wconf 89' lang='lat' dir='ltr'><strong>bene</strong></span> <span class='ocrx_word' id='word_1_577' title='bbox 1186 5349 1325 5393; x_wconf 84' lang='lat' dir='ltr'><strong>csse</strong></span> <span class='ocrx_word' id='word_1_578' title='bbox 1353 5328 1755 5409; x_wconf 76' lang='lat' dir='ltr'><strong>defunctum,</strong></span> <span class='ocrx_word' id='word_1_579' title='bbox 1786 5351 1919 5395; x_wconf 89' lang='lat' dir='ltr'><strong>crc-</strong></span> 
     </span>
    </p>
   </div>
   <div class='ocr_carea' id='block_1_27' title="bbox 2024 4347 3517 5412">
    <p class='ocr_par' dir='ltr' id='par_1_27' title="bbox 2024 4347 3517 5412">
     <span class='ocr_line' id='line_1_93' title="bbox 2024 4347 3516 4435; baseline 0.003 -23"><span class='ocrx_word' id='word_1_580' title='bbox 2024 4350 2286 4413; x_wconf 91' lang='lat' dir='ltr'><strong>omnino</strong></span> <span class='ocrx_word' id='word_1_581' title='bbox 2309 4347 2736 4431; x_wconf 88' lang='lat' dir='ltr'><strong>reprobatum,</strong></span> <span class='ocrx_word' id='word_1_582' title='bbox 2773 4349 2972 4411; x_wconf 88' lang='lat' dir='ltr'><strong>multa</strong></span> <span class='ocrx_word' id='word_1_583' title='bbox 3002 4349 3323 4414; x_wconf 80' lang='lat' dir='ltr'><strong>beneficia</strong></span> <span class='ocrx_word' id='word_1_584' title='bbox 3353 4372 3516 4435; x_wconf 82' lang='lat' dir='ltr'><strong>prae-</strong></span> 
     </span>
     <span class='ocr_line' id='line_1_94' title="bbox 2024 4445 3513 4532; baseline 0.003 -23"><span class='ocrx_word' id='word_1_585' title='bbox 2024 4448 2187 4509; x_wconf 89' lang='lat' dir='ltr'><strong>stitit</strong></span> <span class='ocrx_word' id='word_1_586' title='bbox 2218 4447 2476 4529; x_wconf 90' lang='lat' dir='ltr'><strong>populo.</strong></span> <span class='ocrx_word' id='word_1_587' title='bbox 2511 4445 2660 4519; x_wconf 89' lang='lat' dir='ltr'><strong>Quis</strong></span> <span class='ocrx_word' id='word_1_588' title='bbox 2690 4446 2864 4508; x_wconf 90' lang='lat' dir='ltr'><strong>enim</strong></span> <span class='ocrx_word' id='word_1_589' title='bbox 2895 4447 3046 4528; x_wconf 87' lang='lat' dir='ltr'><strong>egit,</strong></span> <span class='ocrx_word' id='word_1_590' title='bbox 3082 4449 3207 4511; x_wconf 91' lang='lat' dir='ltr'><strong>nisi</strong></span> <span class='ocrx_word' id='word_1_591' title='bbox 3241 4449 3513 4532; x_wconf 88' lang='lat' dir='ltr'><strong>Spiritus</strong></span> 
     </span>
     <span class='ocr_line' id='line_1_95' title="bbox 2025 4543 3513 4625; baseline 0.004 -18"><span class='ocrx_word' id='word_1_592' title='bbox 2025 4545 2379 4622; x_wconf 90' lang='lat' dir='ltr'><strong>Domini,ut</strong></span> <span class='ocrx_word' id='word_1_593' title='bbox 2407 4543 2685 4607; x_wconf 90' lang='lat' dir='ltr'><strong>Gedeoni</strong></span> <span class='ocrx_word' id='word_1_594' title='bbox 2723 4552 2962 4607; x_wconf 84' lang='lat' dir='ltr'><strong>tentare</strong></span> <span class='ocrx_word' id='word_1_595' title='bbox 2995 4546 3347 4625; x_wconf 88' lang='lat' dir='ltr'><strong>volenti,et</strong></span> <span class='ocrx_word' id='word_1_596' title='bbox 3383 4568 3513 4613; x_wconf 89' lang='lat' dir='ltr'><strong>non</strong></span> 
     </span>
     <span class='ocr_line' id='line_1_96' title="bbox 2024 4643 3517 4725; baseline 0.003 -18"><span class='ocrx_word' id='word_1_597' title='bbox 2024 4645 2308 4707; x_wconf 86' lang='lat' dir='ltr'><strong>credenti</strong></span> <span class='ocrx_word' id='word_1_598' title='bbox 2346 4644 2514 4725; x_wconf 91' lang='lat' dir='ltr'><strong>quod</strong></span> <span class='ocrx_word' id='word_1_599' title='bbox 2553 4644 2685 4725; x_wconf 86' lang='lat' dir='ltr'><strong>jam</strong></span> <span class='ocrx_word' id='word_1_600' title='bbox 2725 4643 3028 4706; x_wconf 88' lang='lat' dir='ltr'><strong>Dominus</strong></span> <span class='ocrx_word' id='word_1_601' title='bbox 3069 4645 3127 4707; x_wconf 91' lang='lat' dir='ltr'><strong>ei</strong></span> <span class='ocrx_word' id='word_1_602' title='bbox 3175 4645 3300 4708; x_wconf 86' lang='lat' dir='ltr'><strong>suit</strong></span> <span class='ocrx_word' id='word_1_603' title='bbox 3343 4648 3517 4712; x_wconf 90' lang='lat' dir='ltr'><strong>locu·-</strong></span> 
     </span>
     <span class='ocr_line' id='line_1_97' title="bbox 2029 4741 3514 4824; baseline 0.003 -19"><span class='ocrx_word' id='word_1_604' title='bbox 2029 4742 2570 4824; x_wconf 83' lang='lat' dir='ltr'><strong>tuS‚potissimum</strong></span> <span class='ocrx_word' id='word_1_605' title='bbox 2602 4742 2846 4804; x_wconf 84' lang='lat' dir='ltr'><strong>veniret</strong></span> <span class='ocrx_word' id='word_1_606' title='bbox 2878 4741 2943 4803; x_wconf 92' lang='lat' dir='ltr'><strong>in</strong></span> <span class='ocrx_word' id='word_1_607' title='bbox 2977 4751 3256 4806; x_wconf 90' lang='lat' dir='ltr'><strong>mentem</strong></span> <span class='ocrx_word' id='word_1_608' title='bbox 3287 4745 3365 4807; x_wconf 91' lang='lat' dir='ltr'><strong>de</strong></span> <span class='ocrx_word' id='word_1_609' title='bbox 3388 4747 3514 4809; x_wconf 85' lang='lat' dir='ltr'><strong>vel—</strong></span> 
     </span>
     <span class='ocr_line' id='line_1_98' title="bbox 2028 4839 3514 4922; baseline 0.004 -20"><span class='ocrx_word' id='word_1_610' title='bbox 2028 4841 2155 4903; x_wconf 89' lang='lat' dir='ltr'><strong>lere</strong></span> <span class='ocrx_word' id='word_1_611' title='bbox 2201 4840 2378 4922; x_wconf 90' lang='lat' dir='ltr'><strong>prius</strong></span> <span class='ocrx_word' id='word_1_612' title='bbox 2425 4839 2614 4917; x_wconf 88' lang='lat' dir='ltr'><strong>sicco,</strong></span> <span class='ocrx_word' id='word_1_613' title='bbox 2651 4847 2714 4902; x_wconf 89' lang='lat' dir='ltr'><strong>et</strong></span> <span class='ocrx_word' id='word_1_614' title='bbox 2755 4847 2897 4921; x_wconf 93' lang='lat' dir='ltr'><strong>post</strong></span> <span class='ocrx_word' id='word_1_615' title='bbox 2939 4840 3308 4922; x_wconf 67' lang='lat' dir='ltr'><strong>compluto?</strong></span> <span class='ocrx_word' id='word_1_616' title='bbox 3355 4844 3514 4908; x_wconf 88' lang='lat' dir='ltr'><strong>Ecce</strong></span> 
     </span>
     <span class='ocr_line' id='line_1_99' title="bbox 2027 4937 3508 5019; baseline 0.003 -18"><span class='ocrx_word' id='word_1_617' title='bbox 2027 4938 2416 5019; x_wconf 84' lang='lat' dir='ltr'><strong>Augustinus</strong></span> <span class='ocrx_word' id='word_1_618' title='bbox 2467 4938 2570 5000; x_wconf 92' lang='lat' dir='ltr'><strong>hic</strong></span> <span class='ocrx_word' id='word_1_619' title='bbox 2619 4938 2774 5001; x_wconf 88' lang='lat' dir='ltr'><strong>dicit</strong></span> <span class='ocrx_word' id='word_1_620' title='bbox 2825 4957 2838 5001; x_wconf 92' lang='lat'><strong>:</strong></span> <span class='ocrx_word' id='word_1_621' title='bbox 2891 4937 3140 5001; x_wconf 86' lang='lat' dir='ltr'><strong>Gedeon</strong></span> <span class='ocrx_word' id='word_1_622' title='bbox 3204 4943 3508 5006; x_wconf 89' lang='lat' dir='ltr'><strong>tentando</strong></span> 
     </span>
     <span class='ocr_line' id='line_1_100' title="bbox 2029 5035 3514 5121; baseline 0.002 -21"><span class='ocrx_word' id='word_1_623' title='bbox 2029 5038 2336 5120; x_wconf 86' lang='lat' dir='ltr'><strong>peccavit,</strong></span> <span class='ocrx_word' id='word_1_624' title='bbox 2375 5056 2490 5099; x_wconf 89' lang='lat' dir='ltr'><strong>nce</strong></span> <span class='ocrx_word' id='word_1_625' title='bbox 2518 5035 2810 5099; x_wconf 90' lang='lat' dir='ltr'><strong>credidit.</strong></span> <span class='ocrx_word' id='word_1_626' title='bbox 2847 5036 2966 5099; x_wconf 89' lang='lat' dir='ltr'><strong>Sed</strong></span> <span class='ocrx_word' id='word_1_627' title='bbox 2999 5037 3078 5099; x_wconf 92' lang='lat' dir='ltr'><strong>de</strong></span> <span class='ocrx_word' id='word_1_628' title='bbox 3108 5038 3228 5100; x_wconf 93' lang='lat' dir='ltr'><strong>hoc</strong></span> <span class='ocrx_word' id='word_1_629' title='bbox 3261 5039 3514 5121; x_wconf 90' lang='lat' dir='ltr'><strong>plenius</strong></span> 
     </span>
     <span class='ocr_line' id='line_1_101' title="bbox 2028 5133 3429 5216; baseline 0.003 -19"><span class='ocrx_word' id='word_1_630' title='bbox 2028 5135 2270 5198; x_wconf 91' lang='lat' dir='ltr'><strong>dictum</strong></span> <span class='ocrx_word' id='word_1_631' title='bbox 2302 5142 2397 5197; x_wconf 89' lang='lat' dir='ltr'><strong>est</strong></span> <span class='ocrx_word' id='word_1_632' title='bbox 2427 5133 2493 5195; x_wconf 91' lang='lat' dir='ltr'><strong>in</strong></span> <span class='ocrx_word' id='word_1_633' title='bbox 2526 5133 2920 5216; x_wconf 87' lang='lat' dir='ltr'><strong>expositione</strong></span> <span class='ocrx_word' id='word_1_634' title='bbox 2950 5135 3216 5216; x_wconf 88' lang='lat' dir='ltr'><strong>capituli</strong></span> <span class='ocrx_word' id='word_1_635' title='bbox 3247 5138 3429 5201; x_wconf 86' lang='lat' dir='ltr'><strong>sexti.</strong></span> 
     </span>
     <span class='ocr_line' id='line_1_102' title="bbox 2105 5232 3510 5318; baseline 0.004 -24"><span class='ocrx_word' id='word_1_636' title='bbox 2105 5234 2431 5308; x_wconf 77' lang='lat' dir='ltr'><strong>Praeterea,</strong></span> <span class='ocrx_word' id='word_1_637' title='bbox 2467 5233 2545 5295; x_wconf 91' lang='lat' dir='ltr'><strong>de</strong></span> <span class='ocrx_word' id='word_1_638' title='bbox 2589 5232 2708 5294; x_wconf 90' lang='lat' dir='ltr'><strong>ista</strong></span> <span class='ocrx_word' id='word_1_639' title='bbox 2747 5232 3011 5294; x_wconf 84' lang='lat' dir='ltr'><strong>materia</strong></span> <span class='ocrx_word' id='word_1_640' title='bbox 3051 5232 3273 5296; x_wconf 90' lang='lat' dir='ltr'><strong>scribit</strong></span> <span class='ocrx_word' id='word_1_641' title='bbox 3302 5236 3460 5318; x_wconf 81' lang='lat' dir='ltr'><strong>Lyra</strong></span> <span class='ocrx_word' id='word_1_642' title='bbox 3495 5254 3510 5300; x_wconf 92' lang='lat'><strong>:</strong></span> 
     </span>
     <span class='ocr_line' id='line_1_103' title="bbox 2027 5330 3510 5412; baseline 0.005 -18"><span class='ocrx_word' id='word_1_643' title='bbox 2027 5331 2272 5394; x_wconf 85' lang='lat' dir='ltr'><strong>Hebraei</strong></span> <span class='ocrx_word' id='word_1_644' title='bbox 2303 5330 2547 5407; x_wconf 89' lang='lat' dir='ltr'><strong>dicunt,</strong></span> <span class='ocrx_word' id='word_1_645' title='bbox 2581 5330 2750 5412; x_wconf 91' lang='lat' dir='ltr'><strong>quod</strong></span> <span class='ocrx_word' id='word_1_646' title='bbox 2784 5330 3054 5412; x_wconf 89' lang='lat' dir='ltr'><strong>Jephthe</strong></span> <span class='ocrx_word' id='word_1_647' title='bbox 3086 5331 3287 5395; x_wconf 79' lang='lat' dir='ltr'><strong>filiam</strong></span> <span class='ocrx_word' id='word_1_648' title='bbox 3329 5354 3510 5401; x_wconf 87' lang='lat' dir='ltr'><strong>suam</strong></span> 
     </span>
    </p>
   </div>
  </div>
 </body>
</html>
