4359 6250
859 491 980 554 ²70
1509 503 1858 551 manum-10
1901 503 1962 550 ιιι
2003 503 2142 551 cu.
2190 504 2234 550 11
2278 504 2435 550 uam
2474 505 2644 552 rum
2685 506 2910 554 necuit.
2956 527 3033 538 -—
3076 511 3220 557 Αιιτ.
3266 512 3305 556 v

853 699 1187 760 quaquam
1237 679 1328 742 sic
1389 677 1641 742 faciam.
1695 681 1890 743 Nunc
1937 679 2114 740 enim
2159 677 2349 737 dabis
2377 673 2429 737 A
2458 677 2701 760 aliquid
2749 679 3111 763 recipiatur.
3146 681 3249 746 Sic
3294 691 3587 764 parentes
3631 680 3955 746 Samuelis

856 776 1015 840 mihi
1045 796 1302 841 carnem
1339 777 1624 852 crudam,
1659 779 1910 857 alioqui
1941 779 2162 837 tollam
2194 777 2283 835 vi.
2456 795 2602 840 eum
2649 779 2915 842 Domino
2964 780 3353 856 obtulerunt,
3406 789 3724 862 quatenus
3774 779 3947 842 inter

935 877 1094 940 Ecce
1121 886 1362 959 quanta
1379 872 2345 954 contumacia,incorrigibilitas
2455 884 2663 938 cetera
2689 877 2881 941 etiam
2920 897 3033 960 per
3071 879 3189 943 hoc
3228 887 3625 943 mererentur
3662 877 3939 961 amplio-

855 985 920 1038 et
962 976 1322 1058 aspernatio
1353 975 1484 1053 Dei,
1522 976 1650 1038 imo
1693 983 1758 1038 et
1795 973 2105 1038 violentia
2148 971 2347 1034 mani·
2458 993 2592 1036 rem
2621 973 3077 1040 fecunditatem
3098 977 3947 1061 adipiscianominozquod

858 1073 1023 1138 festa
1057 1079 1069 1136 1
1120 1074 1212 1137 Ita
1258 1075 1700 1137 intumuerunt
1747 1083 1810 1136 et
1857 1073 2024 1136 male
2073 1072 2345 1134 audaces
2456 1079 2519 1134 et
2548 1072 2788 1137 factum
2817 1085 2934 1152 est,
2970 1075 3138 1139 sicut
3176 1076 3613 1158 subjungitur.
3656 1079 3743 1139 Et
3780 1079 3957 1136 abie-

856 1171 1116 1237 suerunt
1167 1173 1293 1236 tilii
1336 1174 1474 1237 Heli
1519 1182 1582 1237 et
1629 1191 1850 1236 eorum
1901 1170 2206 1246 ministri,
2259 1169 2348 1232 vi·
2454 1182 2612 1233 runt
2644 1175 2713 1234 in
2747 1178 2956 1236 locum
2984 1195 3201 1237 suum.
3226 1177 3527 1237 Visitavit
3554 1195 3705 1253 erqo
3728 1175 3957 1236 Domi-

855 1271 1077 1335 dentes
1108 1281 1352 1355 patrem
1392 1291 1577 1335 suum
1619 1291 1758 1334 esse
1794 1270 2075 1352 judicem
2116 1265 2341 1351 populi
2454 1290 2579 1330 nus
2596 1274 2883 1345 Annam,
2904 1275 3115 1337 dando
3134 1274 3193 1338 ei
3217 1274 3700 1352 fecunditatem,
3720 1285 3781 1335 et
3802 1293 3953 1334 con-

856 1379 1045 1452 atque
1084 1370 1482 1453 pontificem,
1521 1369 1583 1431 id
1619 1378 1714 1432 est
1744 1368 2022 1432 civiliter
2053 1386 2125 1429 ac
2155 1364 2345 1448 spiri·
2452 1371 2618 1446 cepit
2659 1382 2719 1433 ec
2753 1376 3008 1450 peperit
3050 1371 3409 1436 successive
3449 1384 3571 1435 tres
3607 1375 3809 1451 filios,
3854 1372 3953 1434 sic

855 1468 1111 1532 tualiter
1131 1469 1596 1552 praesidentem.
1615 1468 1800 1530 Porro
1825 1465 2101 1529 ministri
2138 1464 2234 1527 illi
2257 1463 2347 1526 fu-
2451 1474 2686 1547 tamen,
2710 1471 2883 1551 quod
2913 1490 3078 1534 unus
3111 1471 3364 1535 illorum
3407 1471 3533 1534 fuit
3562 1471 3841 1549 Samuel,
3878 1479 3951 1532 ut

855 1575 1042 1630 erunt
1060 1567 1292 1633 Levitae
1323 1565 1757 1630 sacerdotibus
1788 1564 2345 1630 servienteS.Erat
2452 1569 2875 1632 communiter
2903 1568 3232 1648 dicitur,et
3250 1574 3419 1632 duas
3434 1574 3635 1648 filias.
3654 1571 3947 1651 Denique

852 1687 998 1744 erqo
1037 1678 1366 1746 peccatum
1411 1687 1792 1744 puerorum,
1846 1663 2118 1726 maxime
2173 1660 2344 1723 filio-
2451 1664 2531 1726 ad
2579 1674 2819 1730 tantam
2870 1667 3407 1750 prolificationem
3450 1669 3705 1734 videtur
3756 1669 3949 1732 bene·-

855 1784 996 1826 rum
1041 1765 1176 1828 Heli
1217 1774 1282 1830 et
1325 1765 1765 1828 ministrorum
1803 1781 2045 1852 eorum,
2088 1763 2343 1838 yrande
2450 1762 2645 1826 dictio
2683 1773 2747 1828 et
2784 1767 2985 1830 oratio
3026 1766 3159 1830 Heli
3191 1767 3523 1849 pontificis
3560 1776 3935 1849 cooperata3

851 1865 1051 1925 nimis
1092 1885 1309 1928 coram
1341 1867 1638 1936 Domin0‚
1673 1861 1737 1924 id
1779 1869 1876 1924 est
1917 1859 2137 1924 divino
2175 1858 2340 1938 judi·
2376 1857 2422 1919 B
2452 1879 2599 1924 nam
2652 1872 2715 1926 et
2766 1873 3025 1947 propter
3081 1865 3455 1946 dignitatem
3514 1866 3674 1928 tanti
3724 1865 3939 1928 officii

848 1964 970 2040 cio,
1005 1964 1158 2046 quia
1187 1962 1478 2044 sacrilegi
1519 1969 1700 2025 erant
1737 1961 1804 2022 in
1842 1961 2057 2036 Deum,
2093 1966 2156 2021 et
2198 1956 2330 2022 vio-
2450 1961 2612 2024 Deus
2653 1970 2803 2026 tunc
2844 1963 3045 2026 multa
3082 1964 3327 2045 agebat.
3366 1969 3448 2026 Ei
3478 1967 3947 2042 maynificaeus

851 2063 1006 2124 lenti
1048 2080 1121 2125 ac
1162 2061 1518 2126 scandalosi
1563 2060 1630 2122 in
1675 2059 2058 2142 proximum,
2095 2057 2225 2119 imo
2265 2056 2333 2117 in
2448 2069 2537 2121 est
2572 2081 2739 2138 puer
2780 2065 3048 2124 Samuel
3084 2067 3262 2140 apud
3290 2065 3670 2135 Dominum,
3707 2063 3771 2124 id
3812 2071 3939 2138 est,

847 2169 1046 2225 totam
1105 2160 1665 2234 communitatem;
1724 2160 1882 2239 quia
1933 2159 2340 2218 retrahebant
2448 2159 2517 2220 in
2559 2159 2769 2222 virum
2814 2160 3165 2242 perfectum
3204 2179 3418 2224 coram
3456 2162 3582 2224 Deo
3624 2162 3927 2237 excrevit,

848 2263 1136 2322 homines
1179 2281 1218 2320 a
1260 2261 1583 2337 sacrificio
1613 2259 1905 2329 Domini,
1950 2256 2014 2318 id
2064 2263 2180 2332 est,
2228 2254 2340 2316 im-
2448 2258 2797 2340 proficiens
2828 2259 3159 2342 sapientia,
3196 2268 3378 2324 aetate
3406 2269 3471 2324 et
3504 2261 3729 2343 gratia.

849 2358 1190 2440 pediebant
1232 2377 1340 2422 eos
1375 2377 1414 2420 a
1455 2356 1740 2436 legitima
1781 2355 2236 2431 immolatione,
2272 2361 2334 2415 et
2531 2360 2684 2420 Heli
2711 2369 2927 2420 autem
2956 2369 3095 2420 erac
3122 2379 3316 2420 senex
3346 2363 3557 2430 valde,
3584 2369 3649 2420 et
3674 2362 3941 2421 audivit

847 2466 1109 2540 propter
1149 2457 1417 2520 abusum
1458 2474 1700 2532 eorum,
1749 2453 1934 2516 multi
1983 2453 2337 2517 omiserunt
2446 2459 2667 2518 omnia
2698 2479 2841 2538 quoe
2866 2460 3191 2536 faciebant
3218 2461 3355 2536 filii
3380 2461 3487 2518 sui
3516 2460 3817 2520 universo
3848 2463 3939 2520 Is-

845 2555 1167 2620 sacrificia
1197 2555 1412 2618 debita
1431 2561 1832 2637 praesentare.
1852 2551 2007 2615 Hinc
2025 2551 2336 2633 Iosephus
2447 2557 2637 2625 raeti,
2666 2555 2835 2619 circa
2876 2574 3093 2619 eorum
3140 2554 3479 2634 sacrificia,
3523 2567 3581 2618 ec
3611 2561 3929 2637 quomodo

847 2655 935 2717 ait
970 2673 983 2718 ε
1027 2654 1170 2716 Filii
1217 2653 1353 2716 Heli
1403 2660 1624 2716 contra
1672 2651 1960 2713 homines
2010 2649 2330 2729 injuriosi,
2446 2657 2847 2716 dormiebant
2879 2676 3026 2716 cum
3062 2657 3445 2717 mulieribus
3477 2677 3620 2736 quae
3648 2659 3937 2717 observa-

846 2763 1066 2818 contra
1112 2751 1511 2816 divinitatem
1557 2750 1761 2833 impii,
1799 2749 1962 2811 nulli
2008 2748 2332 2830 iniquitati
2445 2754 2598 2814 bant
2645 2758 2733 2815 ad
2768 2757 3005 2815 ostium
3046 2755 3470 2824 tabernaculi,
3504 2753 3567 2816 id
3616 2763 3732 2832 est,
3770 2754 3931 2819 foris

847 2853 1214 2935 parcebant.
2445 2851 2522 2913 ad
2565 2851 2797 2914 atrium
2835 2852 3231 2915 excubabant
3266 2872 3280 2916 :
3314 2853 3466 2934 quia
3502 2863 3815 2916 venerunt
3862 2863 3935 2916 ut

928 2955 1194 3015 Samuel
1223 2962 1438 3012 autem
1477 2951 1892 3010 ministrabat
1920 2957 2070 3008 anie
2099 2949 2335 3026 faciem
2439 2949 2619 3031 juxta
2676 2949 2835 3030 legis
2894 2959 3281 3033 praeceptum
3332 2951 3397 3013 in
3446 2950 3726 3016 Levitico
3774 2953 3935 3015 seri-
3980 2965 4223 3012 Lan-,t
4314 2991 4317 3008 2

847 3052 1142 3121 Domini,
1182 3071 1352 3130 puer
1399 3050 1722 3110 accinctus
1768 3049 1974 3125 ephod
2023 3048 2214 3118 lineo,
2267 3044 2332 3107 id
2363 3047 2406 3112 C
2444 3057 2810 3132 ptum,post
2840 3057 3092 3132 partum
3120 3069 3307 3113 suum
3338 3049 3836 3133 purificarentur
3866 3061 3932 3116 et

618 3155 764 3199 Etod-
846 3159 942 3215 est
979 3150 1088 3213 tali
1120 3150 1290 3213 linea
1317 3156 1511 3225 veste,
1537 3146 1713 3230 quali
1742 3146 1835 3208 uti
1867 3152 2335 3209 consueverunt
2443 3147 2866 3212 immolarent.
2902 3148 3131 3231 Sicque
3179 3150 3362 3235 impii
3412 3150 3506 3212 illi
3553 3150 3931 3231 polluebant

551 3232 693 3271 '‘m'’
717 3220 786 3262 ω’
845 3249 1076 3313 Levitae
1117 3250 1182 3310 in
1223 3266 1338 3311 suo
1368 3245 1617 3322 officio,
1653 3264 1780 3326 qua
1809 3252 1872 3307 et
1913 3244 2194 3308 minores
2236 3264 2333 3306 sa·
2441 3266 2568 3323 eaS‚
2602 3267 2744 3329 quae
2788 3256 3095 3312 venerant
3138 3256 3209 3310 ut
3256 3248 3772 3331 purificarentur.
3804 3253 3934 3315 Ali-

844 3348 1130 3412 cerdotes
1168 3353 1460 3429 poterant
1499 3344 1616 3407 uti.
1652 3344 1728 3405 Et
1767 3361 1897 3406 non
1939 3350 2075 3405 erat
2118 3342 2329 3424 ephod
2440 3344 2552 3427 qui
2585 3354 2791 3408 tamen
2823 3345 3140 3421 dixerunt,
3158 3347 3329 3428 quod
3363 3365 3489 3409 non
3522 3348 3925 3413 dormiebant

843 3446 1250 3523 sacerdotale,
1277 3445 1340 3509 id
1373 3452 1468 3507 est
1498 3442 1851 3526 pontificiS,
1888 3441 2074 3523 cujus
2106 3461 2325 3524 super·
2441 3463 2585 3506 cum
2636 3444 2786 3520 illis,
2835 3445 2947 3508 sed
2996 3451 3249 3526 sumpta
3298 3445 3589 3527 pecunia,
3638 3446 3929 3511 licentia-

844 3545 1170 3610 humerale
1198 3544 1405 3627 ephod
1439 3541 1894 3625 appellabatur,
1916 3548 1986 3601 ut
2017 3540 2083 3602 in
2116 3540 2329 3605 Exodo
2441 3551 2669 3607 verunt
2688 3562 2795 3607 eas
2826 3545 2903 3606 ad
2934 3543 3377 3607 dormiendum
3402 3563 3547 3607 cum
3580 3546 3713 3608 suis
3744 3548 3931 3610 mari-

843 3646 1172 3709 inductum
1229 3652 1346 3706 est.
1397 3641 1613 3723 Aliqui
1663 3658 1921 3722 quoque
1969 3637 2326 3717 affirmant,
2440 3642 2520 3703 tis
2552 3640 2724 3705 infra
2750 3641 2886 3705 dies
2916 3642 3423 3724 purificationis:
3449 3644 3619 3725 quod
3650 3644 3919 3723 dictum,

839 3745 1010 3827 quod
1063 3742 1184 3805 fuit
1232 3742 1438 3825 ephod
1495 3738 1970 3822 propheticum,
2024 3738 2327 3819 quoniam
2440 3757 2556 3822 pro
2605 3740 2809 3822 prima
2846 3740 2947 3801 sui
2995 3748 3194 3821 parte,
3230 3741 3482 3805 videtur
3528 3743 3919 3807 contrarium
3968 3774 3977 3784 ·

839 3853 902 3907 et
943 3843 1265 3925 prophetae
1303 3840 1504 3922 aliqui
1537 3838 1646 3900 tali
1679 3836 1970 3900 solebant
2001 3844 2176 3899 veste
2209 3837 2325 3899 uti.
2438 3838 2635 3901 textui
2662 3861 2676 3913 3
2711 3857 2827 3920 pro
2856 3839 3135 3901 secunda
3154 3857 3305 3902 vero
3334 3858 3449 3901 sua
3478 3849 3677 3922 parte,
3711 3844 3923 3905 credi-

838 3943 1014 4018 Quod
1063 3950 1272 4004 autem
1319 3938 1596 4003 minores
1639 3936 1996 4000 sacerdotes
2037 3954 2112 3999 ea
2158 3944 2331 4018 pote-
2437 3937 2567 4001 bile
2597 3945 2712 4015 est,
2752 3956 2829 4000 ex
2864 3955 2993 4019 quo
3031 3938 3389 4001 sacerdotes
3427 3938 3533 4000 isti
3572 3948 3753 4003 erant
3784 3950 3916 4004 tam

841 4050 982 4104 rant
1020 4040 1135 4117 uti,
1177 4039 1326 4101 hinc
1366 4038 1857 4111 demonstratur,
1893 4034 2198 4115 quoniam
2240 4034 2330 4097 in·
2436 4034 2749 4098 scelerati.
2784 4037 2870 4095 Et
2910 4038 3087 4095 dixit
3123 4038 3217 4095 eis
3250 4056 3273 4096 .·
3306 4038 3519 4105 Quare
3558 4038 3780 4114 facitis
3824 4060 3927 4101 res

562 4155 804 4211 mevam.
841 4138 940 4201 fra
975 4139 1242 4202 habetur
1275 4136 1445 4218 quod
1481 4136 1647 4214 Doeg
1682 4132 2006 4196 interfecit
2039 4132 2326 4213 octogin-
2435 4135 2879 4212 hujuscemdi
2924 4154 3084 4213 quas
3130 4154 3240 4211 eqo
3288 4136 3511 4212 audio,
3562 4156 3663 4197 res
3712 4142 3915 4215 pessi-

547 4223 612 4263 ¹⁸·
839 4246 902 4300 ta
919 4237 1206 4319 quinque
1225 4235 1394 4301 viros
1419 4234 1674 4299 indutos
1695 4232 2012 4314 ephod.Et
2035 4234 2323 4294 tunicam
2354 4242 2403 4304 D
2438 4253 2573 4293 mas
2604 4233 2685 4293 ab
2710 4235 2890 4293 omni
2914 4236 3181 4311 populo,
3217 4232 3281 4294 id
3306 4241 3403 4295 est
3428 4233 3627 4297 multo
3662 4235 3913 4315 pejores

828 4356 1108 4414 parvam
1138 4336 1416 4412 faciebat
1443 4334 1506 4393 ei
1535 4340 1745 4393 ‘macer
1769 4352 1919 4399 sua,
1940 4350 2138 4410 quam
2175 4334 2327 4408 affe-
2432 4349 2625 4411 quam
2671 4338 2819 4392 sunt
2858 4348 3001 4412 quae
3047 4329 3292 4393 faciunt
3338 4331 3675 4415 populares
3708 4336 3732 4395 ’ἒ
3768 4334 3909 4413 Vel,

835 4437 1009 4495 rebat
1049 4436 1308 4495 statutis
1349 4433 1572 4493 diebus
1609 4432 1952 4491 ascendens
1991 4450 2139 4489 cum
2184 4432 2323 4490 viro
2430 4428 2737 4491 Pessimas
2768 4428 2849 4490 ab
2898 4427 3074 4491 omni
3118 4428 3377 4510 populo,
3414 4429 3477 4492 id
3514 4438 3632 4504 cst,
3673 4430 3917 4496 abstra-

830 4554 965 4609 su0,
987 4542 1058 4593 ut
1087 4534 1449 4593 immolaret
1479 4531 1754 4590 hostiam
1781 4532 2105 4588 solennem
2129 4538 2191 4588 ei
2222 4548 2325 4587 vo·
2429 4526 2641 4590 hendo
2679 4546 2716 4589 a
2754 4525 3091 4589 sacrificiis
3131 4526 3351 4609 populi
3393 4547 3617 4592 carnes
3660 4532 3913 4609 crudaS,

832 4643 970 4693 cum
1015 4650 1228 4693 saum.
1263 4629 1375 4691 Per
1425 4627 1726 4703 tunicam,
1781 4626 2054 4706 intelligi
2107 4634 2315 4707 potest
2428 4625 2619 4689 etiam
2647 4634 2795 4689 ante
2834 4625 3039 4708 adipis
3077 4626 3553 4705 cremationem,
3586 4637 3651 4691 et
3678 4646 3909 4692 uxores

829 4730 1038 4794 omnis
1081 4728 1346 4793 vestitus
1382 4725 1692 4791 Samuelis
1739 4724 1804 4786 in
1850 4723 1961 4787 illa
2001 4733 2207 4787 aetate.
2234 4728 2321 4786 Ec
2426 4724 2851 4788 abstrahendo
2882 4744 2919 4787 a
2948 4724 3079 4787 suis
3102 4724 3346 4787 maritis
3368 4744 3483 4808 per
3500 4726 3907 4791 adulterium.

831 4831 1160 4891 benedixit
1190 4830 1342 4891 Heli
1375 4829 1637 4891 meam
1679 4834 1738 4885 et
1777 4827 1972 4885 umori
2013 4826 2176 4903 ejice,
2214 4826 2317 4885 di·
2428 4826 2664 4896 Nolite,
2697 4825 2831 4901 filii
2859 4825 3007 4885 mei.
3036 4826 3183 4885 Non
3211 4825 3388 4885 enim
3416 4834 3507 4885 esc
3534 4827 3697 4887 bona
3726 4830 3913 4905 fama

826 4933 1052 5009 wicque
1079 4930 1142 4989 ei
1171 4948 1193 4987 .·
1213 4928 1468 4989 Reddat
1501 4925 1618 4985 tibi
1647 4925 1965 4984 Dominus
1992 4944 2203 4984 semen
2235 4926 2317 4984 de
2425 4943 2619 5003 quam
2640 4943 2750 5000 eqo
2770 4924 2993 4995 audi0‚
3016 4931 3090 4982 uc
3122 4925 3491 4999 cransyredi
3509 4926 3777 5004 faciatis
3800 4946 3913 5003 po-

828 5030 1099 5090 muliere
1131 5030 1253 5088 hac
1277 5044 1400 5103 pro
1428 5024 1670 5100 foenore
1699 5025 1871 5101 quod
1898 5022 2318 5082 commodasti
2416 5026 2653 5098 pulum
2693 5023 2982 5093 Domini,
3030 5020 3551 5085 communitatem
3600 5024 3914 5087 scandali-

827 5129 1130 5196 Domino,
1161 5124 1225 5187 id
1257 5131 1352 5186 est
1393 5140 1508 5204 pro
1537 5140 1614 5184 eo
1644 5120 1812 5202 quod
1845 5120 2016 5182 hunc
2046 5138 2316 5201 puerum
2424 5120 2645 5199 zaudo,
2666 5127 2856 5203 atque
2886 5139 2922 5182 a
2954 5118 3159 5183 solitis
3190 5119 3527 5183 sacrificiis
3544 5120 3645 5199 (ut
3664 5122 3909 5187 dictum

829 5224 1183 5288 Samuelem
1221 5241 1335 5305 per
1373 5221 1630 5285 modum
1673 5217 1938 5282 foenoris
1968 5219 2094 5281 Deo
2133 5217 2317 5281 obtu-
2424 5222 2547 5299 est)
2584 5219 2948 5295 avertendo,
2983 5236 3209 5282 uxores
3249 5236 3507 5299 quoquc
3551 5219 3630 5281 ad
3669 5221 3917 5287 scelera

827 5324 980 5387 listi.
1015 5324 1244 5387 Foenus
1285 5321 1458 5383 enim
1487 5319 1944 5395 commodatur,
1983 5328 2052 5380 ut
2088 5336 2204 5398 pro
2236 5336 2311 5381 eo
2426 5317 2784 5381 inducendo
2814 5317 3119 5381 enormia.
