4359 6250
842 455 963 520 250

1510 479 1857 526 manuario
1901 481 1962 525 IN
2005 481 2140 526 cAP.
2189 481 2212 526 1
2255 481 2411 526 unm
2452 481 2620 527 Pium
2661 481 2886 527 REGUH.
2931 501 3013 510 —
3053 482 3193 527 ΛΒΤ.
3241 482 3262 527 1

846 643 911 705 ἱη
935 644 1101 708 libro
1119 646 1411 708 Indicum
1444 646 1887 728 legitur,quod
1905 648 2173 730 Jephtbe
2209 647 2235 709 l'
2240 648 2330 709 uit
2360 647 2410 709 A
2442 648 2599 729 ipsis
2629 657 2765 711 erat
2805 649 2868 710 in
2899 648 3059 713 urbe
3095 650 3304 713 cultus
3331 648 3558 712 divini.
3587 647 3744 710 Hinc
3775 647 3930 708 sub-

546 758 814 810 audimus.
847 740 1027 805 filius
1058 745 1346 809 mulieris
1377 746 1753 809 meretricis
1780 748 1846 808 ln
1876 748 2095 810 eodem
2138 746 2326 822 libre,

844 841 967 904 viri
1012 843 1263 907 Sichem
1305 847 1383 908 de
1420 846 1791 909 Abimelech
1830 847 2065 909 dixisse
2112 845 2332 924 legun-

566 954 812 1006 Ibid.=x‚³.
846 950 969 1018 tur,
1018 942 1233 1004 Frater
1282 953 1496 1008 noster
1533 953 1651 1020 est,
1686 945 1981 1009 videlicet
2030 965 2105 1007 ex
2152 954 2332 1027 parte

844 1041 1063 1102 matris
1096 1061 1246 1119 suae,
1284 1051 1352 1104 ut
1384 1052 1551 1124 patet
1586 1043 1675 1105 ibi
1707 1063 1781 1106 ex
1814 1053 1986 1106 textu
2024 1061 2037 1105 ε
2076 1044 2204 1105 imo
2237 1044 2332 1104 in-

592 1148 813 1203 ssReeu,
847 1136 945 1199 l'ra
975 1140 1236 1220 patebit,
1270 1142 1440 1222 quod
1469 1141 1624 1204 Joab
1647 1152 1706 1205 et
1734 1141 1959 1204 fratres
1989 1143 2130 1223 ejus
2162 1160 2332 1204 com-

552 1215 813 1318 2?„²„‘'²¹'⁸⁵'
846 1237 1124 1300 muniter
1156 1239 1567 1302 nominantur
1598 1240 1719 1302 l'ilii
1752 1241 2005 1316 Sarviae,
2033 1260 2174 1321 quae
2212 1239 2334 1301 suit

848 1345 1049 1397 mater
1078 1356 1319 1411 eorum,
1355 1349 1417 1401 et
1448 1358 1588 1402 raro
1610 1341 1708 1404 vel
1744 1360 2072 1422 nunquam
2103 1357 2334 1402 vocan-

848 1441 951 1495 tur
974 1433 1095 1496 filii
1115 1436 1313 1516 patris
1334 1456 1571 1499 corum.
1586 1437 1869 1520 Denique
1887 1457 2001 1520 per
2022 1437 2140 1500 boc
2160 1438 2333 1518 quod

849 1542 996 1594 ante
1033 1534 1165 1614 jam
1196 1535 1439 1598 dictum
1470 1545 1586 1613 est,
1626 1538 1833 1618 ipsum
1868 1538 2103 1600 Elcana
2133 1536 2335 1598 fuisse

849 1631 929 1693 de
950 1641 1165 1696 monte
1194 1634 1515 1715 Ephraim,
1552 1636 1705 1698 satis
1738 1635 2133 1699 insinuatum
2164 1636 2338 1698 vide-

852 1738 956 1791 tur
996 1731 1165 1811 quod
1197 1732 1567 1813 Ephrataeus
1606 1734 1939 1809 exstiterit,
1984 1735 2332 1796 secundum

2440 747 2612 809 ditur
2645 763 2659 807 ε
2700 757 2772 806 ut
2805 751 3105 809 adoraret
3132 759 3192 808 et
3220 750 3616 824 sacrificaret
3645 748 3926 808 Domino

2438 848 2839 906 exercituum
2883 848 2952 906 in
2987 849 3149 924 Silo,
3195 847 3256 908 id
3291 855 3388 910 est
3419 846 3482 908 in
3517 845 3930 908 tabernaculo

2439 944 2611 1024 quod
2653 951 2804 1006 tunc
2833 953 2968 1007 erat
2998 945 3064 1006 in
3095 945 3330 1027 oppido
3363 945 3621 1008 nomine
3653 943 3806 1007 Silo.
3839 943 3930 1004 De

2441 1041 2564 1104 isto
2614 1042 2770 1122 legis
2810 1053 3148 1125 praecepto,
3193 1044 3437 1106 scilicet
3477 1052 3573 1105 ter
3611 1043 3805 1104 eundi
3846 1043 3926 1104 ad

2440 1141 2700 1203 domum
2731 1141 2840 1203 Dei
2873 1142 2938 1202 in
2972 1161 3161 1218 anno,
3197 1142 3466 1205 habetur
3487 1142 3550 1204 in
3585 1141 3751 1204 libro
3769 1140 3932 1203 Exo-

2441 1239 2505 1301 di
2541 1257 2554 1300 :
2594 1239 2712 1302 Ter
2756 1241 2821 1301 in
2866 1260 3033 1304 anno
3075 1241 3406 1323 apparebit
3443 1260 3630 1304 omne
3681 1259 3930 1302 mascu-
3975 1259 4222 1302 emm.

2442 1338 2648 1400 linum
2700 1348 2876 1401 tuum
2927 1358 3140 1402 coram
3189 1341 3477 1403 Domino.
3529 1341 3594 1402 In
3643 1339 3928 1402 Levitico
3961 1322 4200 1426 fijff‘g,

2441 1455 2720 1518 quoque.
2745 1439 2936 1501 Porro
2966 1458 3111 1500 cum
3153 1439 3588 1501 habitantibus
3627 1446 3866 1501 remote
3891 1457 3932 1498 a
3959 1447 4224 1502 aer-³11⁴!-

2447 1534 2876 1610 tabernaculo,
2906 1536 3274 1618 frequenter
3312 1536 3820 1618 dispensabatur,
3842 1535 3934 1596 ita
3961 1524 4052 1558 ω’
4075 1512 4138 1550 ¹⁶·

2443 1636 2615 1716 quod
2648 1653 2775 1698 non
2813 1635 2936 1697 nisi
2980 1636 3044 1698 in
3085 1637 3320 1699 Pascha
3359 1636 3511 1698 illuc
3543 1653 3804 1716 pergere
3842 1641 3934 1696 te·-

2448 1732 2782 1795 nebantur.
2803 1733 2977 1796 Unde
2997 1734 3380 1814 quibusdam
3411 1731 3806 1815 probabilius
3837 1751 3938 1794 es-

850 1829 1021 1908 quod
1043 1829 1409 1910 Ephrataeus
1441 1833 1677 1894 dicitur
1706 1853 1743 1895 a
1773 1842 1987 1895 monte
2010 1831 2331 1914 Ephraim.
2373 1833 2419 1894 B
2447 1851 2516 1893 se
2547 1832 2820 1908 videtur,
2845 1832 3015 1913 quod
3049 1833 3147 1895 vir
3179 1833 3311 1894 iste·
3331 1850 3457 1894 non
3489 1831 3775 1893 ascendit
3807 1829 3934 1891 nisi

854 1926 1111 2002 ldcirco‚
1164 1930 1334 2010 quod
1386 1939 1605 2011 postea
1662 1931 1897 1994 dicitur
1944 1931 2333 2013 EphrataeuS,

852 2024 995 2087 ideo
1047 2024 1285 2088 sactum
1334 2038 1616 2110 apparet,
1672 2049 1751 2092 ne
1799 2029 1986 2092 etiam
2035 2049 2111 2091 ex
2160 2037 2338 2111 parte

852 2124 1074 2185 matris
1116 2134 1446 2206 putaretur
1490 2127 1690 2190 fuisse
1728 2129 1805 2190 de
1852 2136 2065 2190 monte
2110 2127 2242 2203 illo,
2279 2133 2342 2189 et

854 2231 925 2284 ut
954 2223 1223 2284 sciretur
1253 2243 1329 2286 ex
1360 2234 1537 2306 parte
1573 2227 1791 2288 matris
1825 2225 2022 2288 fuisse
2061 2228 2139 2289 de
2171 2225 2339 2288 tribu

853 2321 1015 2382 Juda
1052 2330 1116 2383 et
1158 2323 1396 2404 oppido
1426 2324 1815 2388 Bethlehem.
1850 2326 2027 2387 Unde
2064 2335 2127 2387 et
2173 2324 2271 2387 inl*
2275 2345 2342 2386 ra

858 2417 1227 2499 frequenter
1273 2421 1723 2484 describuntur
1772 2432 2003 2485 matres
2055 2423 2342 2485 filiorum

853 2517 1033 2594 Juda‚
1059 2527 1121 2580 ct
1142 2518 1279 2582 loca
1308 2539 1419 2582 scu
1441 2522 1677 2602 oppida
1706 2530 2001 2584 matrum.
2022 2521 2164 2584 Ideo
2196 2541 2342 2584 eum

857 2616 1148 2696 Magistro
1179 2618 1246 2680 in
1278 2619 1561 2682 historiis
1600 2639 1742 2682 reor
1773 2622 2139 2697 tenendum,
2170 2621 2342 2702 quod

860 2714 1095 2778 dicitur
1148 2717 1540 2798 Ephratae-us,
1598 2719 1661 2780 id
1712 2727 1807 2780 est
1861 2718 2340 2781 Bethlehemita.

860 2813 1035 2887 Quod
1068 2822 1279 2876 autem
1313 2835 1439 2878 non
1476 2816 1673 2880 fuerit
1704 2819 1781 2880 de
1816 2818 1983 2879 tribu
2018 2817 2340 2898 Ephraim,

860 2930 1083 2974 omnes
1117 2913 1419 2992 fatentur,
1453 2916 1758 2992 dicenteS‚
1792 2917 1963 2998 quod
2006 2916 2131 2979 ruit
2166 2917 2348 2979 Levi-

2451 1931 2515 1991 in
2538 1930 2794 2001 Pascha,
2815 1931 3118 2011 quoniam
3143 1931 3333 2013 paulo
3355 1938 3496 2012 post
3515 1929 3778 1992 dicitur:
3799 1931 3939 1990 Sic-

2448 2049 2569 2108 quc
2598 2031 2877 2107 faciebat
2891 2049 3010 2106 per
3037 2031 3326 2106 singulos
3353 2049 3579 2098 αηηοε,
3607 2048 3811 2107 quum
3839 2047 3940 2085 re-

2447 2130 2683 2187 deunte
2706 2137 2979 2205 tempore
2999 2131 3405 2188 ascenderent
3437 2129 3506 2186 in
3527 2129 3792 2185 domum
3811 2127 3941 2185 Do-

2451 2227 2623 2286 mini
2641 2249 2668 2296 ,·
2717 2236 2776 2286 et
2804 2227 2898 2286 sic
2927 2228 3313 2303 provocabat
3343 2246 3506 2287 eam.
3542 2223 3663 2286 Sed
3701 2221 3823 2285 hoc
3861 2241 3942 2283 ex

2454 2323 2668 2386 verbis
2701 2324 2830 2386 illis
2860 2342 2988 2386 non
3023 2325 3332 2405 sequitur,
3359 2324 3486 2386 imo
3516 2321 3718 2401 magis
3745 2339 3942 2403 appa-

2455 2431 2550 2484 ret
2593 2441 2670 2483 ex
2713 2431 2906 2498 textu,
2931 2423 3101 2504 quod
3149 2431 3244 2484 ter
3286 2421 3570 2484 ascendit
3611 2420 3676 2481 in
3717 2437 3888 2481 anno
3921 2436 3939 2478 ε

2454 2520 2610 2602 quia
2637 2520 2766 2601 jam
2796 2520 3038 2583 dictum
3069 2529 3186 2596 est,
3220 2519 3519 2582 Ascendit
3545 2517 3644 2581 vir
3674 2517 3785 2579 ille
3817 2525 3944 2578 sta-

2455 2619 2608 2680 tutis
2627 2619 3176 2682 diebusPraeterea
3190 2618 3372 2680 Josue
3391 2615 3710 2679 transtulit
3727 2633 3946 2678 arcam
3973 2637 4112 2680 Jem-
4127 2649 4229 2676 xm.

2457 2717 2522 2779 in
2559 2717 2710 2794 Silo,
2745 2725 2810 2780 et
2838 2717 3064 2780 civitas
3105 2716 3216 2778 illa
3253 2716 3331 2777 ad
3370 2714 3606 2777 tribum
3637 2712 3943 2795 Ephraim
3979 2703 4019 2741 ¹·

2457 2815 2841 2897 pertinebat,
2877 2823 2946 2876 ut
2979 2815 3044 2876 in
3078 2814 3242 2877 libro
3269 2814 3457 2876 Josue
3489 2811 3740 2891 legitur.
3765 2810 3950 2872 Elea-

2461 2933 2542 2976 na
2581 2922 2793 2976 autem
2844 2912 3210 2976 morabatur
3250 2912 3316 2974 in
3356 2918 3572 2974 monte
3615 2909 3946 2991 Ephraim,

606 3024 831 3074 amasa,
866 3019 957 3072 tes
1003 3011 1391 3075 descendens
1435 3033 1472 3076 a
1509 3015 1657 3077 Levi
1706 3035 1819 3097 per
1846 3015 2040 3077 Caath
2080 3024 2141 3076 et
2185 3015 2348 3077 lsaar
2381 3017 2425 3080 C
2458 3020 2521 3076 et
2563 3012 2650 3074 ita
2694 3029 2819 3074 non
2867 3009 3137 3072 multum
3187 3018 3426 3073 remote
3467 3029 3504 3070 a
3546 3007 3698 3071 Silo.
3737 3009 3952 3069 Erant

570 3087 831 3209 ξῗῖζζέζ
863 3129 937 3173 ac
966 3109 1141 3173 Core.
1178 3110 1405 3193 Sicque
1448 3132 1523 3175 ex
1564 3124 1742 3195 parte
1787 3112 1985 3195 patris
2027 3112 2151 3175 suit
2178 3113 2350 3176 Cori-

862 3217 967 3283 ta3
1010 3229 1125 3272 nec
1163 3209 1285 3272 fuit
1315 3211 1391 3275 de.
1422 3212 1621 3293 stirpe
1652 3212 1879 3289 Aaron,
1907 3213 2212 3293 quoniam
2234 3213 2352 3275 Aa-

866 3325 979 3370 ron
1018 3307 1140 3369 ruit
1173 3308 1349 3370 silius
1385 3310 1661 3386 Amram,
1686 3312 1939 3374 Amram
1972 3330 2122 3374 vero
2154 3310 2350 3373 frater

868 3407 1052 3481 lsaar,
1090 3408 1167 3469 de
1196 3426 1323 3488 quo
1364 3410 1689 3471 descendit
1721 3409 1899 3487 Core,
1938 3418 2007 3471 ut
2035 3410 2244 3491 primo
2278 3410 2352 3471 li-

864 3505 979 3568 bro
1008 3506 1529 3587 Paralipomenon
1566 3518 1875 3571 narratur.

945 3608 1029 3667 Ec
1059 3608 1285 3667 habuit
1316 3609 1483 3667 duas
1522 3628 1775 3679 uxore-5,
1800 3628 2029 3667 nomen
2062 3610 2187 3667 uni
2219 3612 2353 3669 An-

864 3726 974 3775 na,
1006 3714 1065 3764 et
1094 3724 1321 3765 nomen
1354 3710 1647 3766 secundae
1676 3709 2033 3767 Phe-nonna
2064 3724 2086 3767 .·
2120 3724 2245 3768 non
2278 3725 2353 3768 ex

867 3801 1161 3874 libidine,
1210 3804 1319 3864 sed
1361 3803 1513 3885 quia
1544 3806 1641 3881 (ut
1679 3804 1941 3883 dieitur)
1971 3804 2175 3885 prima
2215 3806 2354 3885 ejus

866 3919 1026 3963 uxor
1059 3900 1182 3962 l'uit
1217 3900 1418 3977 Anna,
1442 3921 1586 3982 quae
1614 3910 1748 3965 erat
1777 3902 2045 3983 pulchra
2073 3921 2145 3964 ac
2175 3902 2356 3964 steri-

867 3999 970 4075 lis,
1008 3999 1150 4061 ideo
1193 3999 1592 4061 sterilitatem
1632 4001 1771 4081 ejus
1811 4009 2128 4082 expertuS‚
2163 4001 2355 4064 aliam

870 4098 1332 4179 superaccepit.
1358 4100 1769 4177 Fueruntque
1799 4102 2170 4160 Phenennoe
2198 4103 2353 4175 filii,

2457 3122 2675 3173 autem
2707 3111 2828 3180 ibi,
2861 3117 3015 3191 puta
3055 3109 3120 3171 in
3163 3108 3292 3171 Silo
3333 3116 3396 3171 et
3436 3106 3502 3169 in
3533 3103 3952 3185 tabernaculo

2461 3210 2734 3285 Domini,
2769 3213 2898 3270 duo
2927 3210 3063 3286 filii
3095 3210 3268 3279 Heli,
3303 3206 3603 3269 videlicet
3643 3205 3862 3281 Oplzni
3889 3214 3953 3263 ec

2459 3310 2737 3371 Plzinees
2765 3310 3115 3368 sacerdotes
3133 3306 3429 3374 Domini,
3446 3304 3566 3365 sub
3597 3311 3776 3385 patre
3804 3320 3948 3376 suo,

2459 3406 2569 3489 qui
2601 3405 2892 3490 pontifex
2923 3404 3048 3467 ruit
3075 3413 3138 3467 et
3164 3404 3378 3485 judex.

2559 3507 2740 3567 Venit
2768 3524 2914 3581 erqo
2934 3506 3072 3564 dies
3100 3510 3482 3584 opportuna,
3499 3511 3560 3561 et
3585 3500 3954 3559 immolavit

2460 3606 2736 3665 Elcana.
2770 3601 3070 3676 Quamvis
3097 3600 3347 3663 Levites
3378 3597 3712 3673 exstiterit,
3739 3606 3952 3658 tamen

2465 3721 2592 3765 non
2645 3700 2826 3764 licuit
2873 3700 2932 3763 ei
2983 3698 3368 3775 sacrificare,
3395 3698 3516 3760 nisi
3565 3717 3680 3780 per
3723 3714 3954 3758 manus

2463 3800 2830 3862 sacerdotis,
2859 3801 3170 3878 Deditque
3199 3798 3568 3859 Phenenme
3599 3795 3794 3855 uxori
3819 3812 3958 3853 suoe

2463 3909 2522 3959 et
2553 3900 2801 3958 cunctis
2838 3899 3001 3973 filiis
3039 3897 3178 3972 ejus
3217 3905 3276 3953 et
3304 3896 3569 3970 filiabus
3603 3902 3844 3971 parte-5,
3887 3890 3954 3951 id

2465 4004 2560 4058 est
2591 3994 2940 4075 unicuique
2982 3992 3236 4055 illorum
3279 3990 3558 4071 aliquam
3589 3996 3833 4071 partem
3875 3988 3954 4049 de

2465 4093 2764 4157 carnibus
2795 4091 3018 4155 hostiae
3049 4085 3751 4151 immolatae.Obtulerat
3779 4085 3952 4147 enim

870 4194 933 4257 id
966 4203 1083 4271 est,
1118 4194 1461 4257 Phenenna
1500 4194 1672 4258 filios
1705 4196 1927 4258 habuit
1966 4216 2041 4259 ex
2069 4197 2302 4260 Elcana
2339 4215 2351 4259 :
2388 4200 2439 4261 D
2467 4192 2738 4255 hostiam
2785 4188 3149 4272 pacificam,
3196 4188 3380 4269 cujus
3424 4186 3617 4267 adeps
3658 4183 3955 4246 incende-

868 4301 1060 4373 atque
1108 4292 1216 4371 (ut
1266 4291 1490 4355 dicunt
1535 4293 1815 4373 Hebraei)
1867 4294 2083 4356 decem
2133 4294 2358 4357 habuit

871 4390 1087 4463 rili0s3
1134 4394 1345 4452 Annae
1384 4402 1603 4451 autem
1646 4412 1775 4452 non.
1814 4402 2003 4453 crant
2046 4395 2261 4463 liberi,
2293 4394 2355 4455 id

870 4496 985 4565 est,
1026 4488 1270 4551 nullam
1304 4489 1529 4551 habuit
1570 4489 1834 4571 prolem.
1877 4493 1956 4551 Ec
1986 4493 2356 4551 ascendebat

872 4589 977 4647 vir
1008 4589 1121 4647 illc
1160 4590 1239 4647 de
1276 4589 1539 4648 civitate
1566 4608 1687 4647 sua
1728 4587 2119 4649 Ramathaim
2160 4599 2357 4649 statu-

874 4688 955 4745 tis
998 4688 1243 4757 diebu&
1289 4685 1351 4748 id
1402 4695 1519 4763 est,
1571 4686 1962 4767 temporibus
2014 4706 2124 4749 seu
2178 4686 2357 4749 sestis

874 4782 937 4845 in
966 4784 1104 4863 lege
1136 4784 1449 4867 expressis
1480 4792 1543 4846 et
1572 4784 1879 4846 ordinatis
1910 4784 1986 4846 ad
2018 4784 2159 4861 hoc,
2187 4785 2358 4865 quod

874 4881 939 4944 in
970 4882 1062 4945 eis
1094 4882 1212 4945 viri
1248 4891 1585 4963 pergerent
1614 4884 1691 4944 ad
1723 4883 1947 4945 urbem
1976 4882 2044 4945 in
2066 4902 2196 4963 qua
2225 4891 2359 4945 erat

874 4981 1182 5062 templum
1222 5000 1331 5042 seu
1384 4980 1866 5043 tabernaculum
1917 4981 2046 5057 Dei,
2096 4981 2215 5043 hoc
2265 4989 2361 5042 est

875 5078 941 5140 in
974 5078 1355 5141 solennitate
1372 5078 1677 5161 paschali,
1702 5079 2099 5142 Pentecostes
2132 5086 2195 5141 et
2223 5078 2361 5141 See-

876 5177 1165 5260 nopegiae
1202 5196 1313 5241 seu
1356 5178 1959 5241 Tabernaculorum.
1999 5178 2112 5240 Vel
2147 5177 2360 5259 potius

876 5286 1003 5339 tam
1055 5276 1429 5359 tempestive
1478 5285 1623 5339 ante
1662 5276 1793 5340 baec
1844 5275 2028 5353 festa,
2071 5276 2244 5358 quod
2295 5275 2360 5338 in

2466 4292 2655 4354 batur
2693 4307 2883 4370 super
2925 4288 3142 4360 altare,
3179 4283 3616 4368 pectusculum
3664 4301 3816 4345 vero
3857 4300 3955 4342 ar-

2467 4408 2736 4469 musque
2764 4388 2984 4449 dexter
3003 4394 3181 4447 erant
3215 4381 3557 4446 sacerdotis
3589 4378 3956 4443 sacrifican-

2467 4488 2570 4563 tis,
2606 4486 2929 4549 residuum
2963 4483 3202 4547 exstitit
3233 4480 3571 4545 offerentis
3597 4500 3612 4543 ε
3637 4488 3701 4541 et
3731 4478 3809 4539 de
3843 4476 3956 4539 illo

2466 4584 2839 4649 dividebant
2859 4581 3209 4645 offerentes
3239 4578 3340 4641 his
3361 4578 3470 4659 qui
3503 4597 3716 4640 secum
3740 4593 3958 4639 ascen-

2467 4686 2713 4759 derant,
2751 4680 3100 4764 praesertim
3132 4677 3496 4741 domesticis
3528 4674 3684 4737 suiS.
3719 4675 3806 4736 De·
3833 4673 3954 4735 hoc

2470 4781 2534 4844 in
2566 4779 2851 4844 Levitico
2891 4786 2955 4841 et
2994 4777 3149 4839 alibi
3192 4775 3444 4857 plenius
3485 4772 3790 4854 scriptum
3829 4778 3950 4833 est.
4005 4799 4252 4841 Lam„

2467 4884 2680 4942 Annae
2719 4888 2936 4938 autem
2978 4877 3158 4935 dedic
3205 4893 3408 4933 unam
3442 4881 3700 4949 partem
3745 4868 3956 4931 carnis
3989 4864 4062 4903 ³²·

2469 4978 2719 5051 oblatae,
2758 4977 2984 5043 tristis,
3018 4972 3188 5055 quod
3221 4970 3280 5034 ei
3314 4970 3458 5052 plus
3495 4969 3648 5031 dare
3679 4986 3806 5030 non
3847 4984 3962 5047 po—

2470 5076 2612 5152 tuit,
2651 5082 2870 5156 utpote
2899 5070 3204 5153 quoniam
3238 5069 3480 5151 prolem
3514 5085 3640 5129 non
3681 5064 3903 5126 habuit
3941 5088 3957 5135 3

2470 5177 2630 5255 quia
2660 5176 2926 5234 Annam
2956 5170 3292 5245 diliqebat,
3321 5165 3464 5228 ideo
3499 5164 3576 5227 de
3607 5164 3746 5244 cjils
3779 5161 3964 5223 steri-

2473 5274 2672 5348 litate,
2723 5269 3105 5343 afflictione,
3141 5264 3485 5349 opprobrio
3529 5261 3802 5344 amplius
3854 5260 3968 5321 tri-
