4359 6250
966 488 1086 552 406
1476 503 1823 552 manuario
1866 506 1927 551 m
1970 505 2106 550 cn».
2153 505 2348 550 xxvm
2389 503 2548 550 unm
2589 503 2759 549 rann
2801 503 3024 550 ascum.
3072 523 3151 532 —
3191 503 3334 549 aar.
3380 503 3544 550 nvn

1520 579 1549 604 .

966 677 1433 738 habitabantur
1459 679 1827 757 antiquitus·
1857 680 1930 736 in
1956 687 2127 737 terra
2156 677 2457 736 euntibus
2484 671 2535 734 A
2565 674 2870 756 quoniam
2892 674 3191 755 ambigue
3209 683 3272 737 et
3292 673 3778 738 indeterminate
3798 693 4032 757 respon-

965 778 1103 836 Sur
1132 795 1155 834 .·
1188 775 1250 837 id
1298 784 1414 852 est,
1454 775 1625 841 villae
1669 783 1975 838 terrarum
2020 773 2452 856 prael'atarum‚
2567 773 3062 854 dit.Verumque
3091 772 3428 854 suit‚quod
3459 773 3525 834 hi
3559 773 3625 834 in
3655 791 3815 854 quos
3845 773 4031 849 irruit,

964 891 1234 953 quarum
1259 873 1557 937 villarum
1578 872 1963 936 habitatores
1985 871 2456 954 spoliavit,olim
2568 871 2980 934 morabantur
3011 891 3231 935 versus
3272 871 3630 935 meridiem.
3665 870 3790 934 Alii
3829 873 4036 936 dicunt

966 970 1491 1034 inhabitabantur
1530 990 1788 1048 securae,
1826 969 2238 1054 pergentibus
2285 968 2458 1032 illico
2567 988 2711 1032 eum
2747 969 3109 1047 mentitum,
3135 969 3288 1051 quia
3317 970 3411 1033 sic
3443 970 3771 1052 respondit
3806 989 3880 1033 ex
3907 989 4036 1053 pro-

966 1069 1184 1132 multis
1230 1089 1346 1152 per
1390 1070 1561 1134 viam
1604 1089 1736 1152 qua
1774 1070 1902 1131 itur
1944 1070 2019 1131 ad
2064 1067 2458 1132 territorium
2568 1068 2798 1150 posito,
2823 1077 3138 1150 quatenus
3169 1087 3279 1132 rex
3297 1069 3488 1132 Achis
3520 1069 3935 1151 deciperetur,
3965 1079 4035 1132 ta-

968 1167 1128 1243 Sur;
1161 1189 1360 1248 usque
1388 1172 1478 1230 ad
1510 1179 1749 1229 terram
1780 1170 2081 1246 AEyypti.
2119 1170 2204 1229 Et
2229 1173 2460 1244 pereu-
2569 1166 2714 1230 liter
2738 1165 3153 1248 intelligendo
3177 1167 3372 1232 verba
3405 1167 3606 1250 ipsius
3627 1167 3846 1244 David,
3869 1169 4034 1249 quasi

2565 1267 2813 1330 Judaeos
2843 1266 3200 1330 invasisset.
3236 1266 3338 1330 Sic
3366 1286 3622 1349 quoque
3651 1266 3842 1330 Achis
3870 1267 4036 1330 intel-

2570 1364 2722 1427 lexit
2751 1383 3130 1447 responsum
3151 1365 3370 1427 David.
3396 1368 3620 1427 Virum
3639 1375 3700 1426 et
3719 1369 4033 1426 mulierem

2567 1483 2697 1524 non
2743 1465 3119 1541 vivificabat
3147 1466 3389 1535 David,
3435 1485 3550 1524 nec
3588 1467 3936 1526 adducebat
3971 1467 4030 1524 in

971 1268 1162 1328 tiebat
1208 1270 1430 1329 David
1476 1287 1727 1328 omnem
1780 1277 2019 1327 terram
2066 1267 2356 1337 illorum,
2395 1264 2458 1326 id

968 1373 1086 1442 cst,
1122 1364 1509 1428 habitatores
1557 1365 1840 1428 locorum
1891 1363 2147 1426 illorum
2197 1362 2452 1439 occidit,

968 1485 1085 1524 uec
1116 1466 1517 1544 relinquebat
1548 1467 1865 1524 viventem
1890 1464 2107 1523 virum
2138 1473 2199 1523 et
2231 1464 2459 1523 mulie-

968 1582 1127 1632 rem,
1162 1560 1229 1624 id
1262 1570 1379 1639 est,
1418 1571 1543 1624 tam
1579 1561 1747 1624 viros
1780 1579 1971 1641 quam
2014 1560 2316 1622 mulieres
2354 1579 2458 1623 oc-
2570 1565 2752 1632 Getlz,
2789 1564 3051 1622 dicens:
3083 1565 3182 1622 Ne
3222 1562 3391 1639 forte
3437 1567 3789 1642 loquantur
3830 1566 4031 1624 adver-

970 1659 1125 1722 cidit
1150 1683 1165 1734 ;
1213 1664 1557 1740 tollensque
1588 1663 1767 1720 boves
1794 1670 1855 1721 et
1884 1679 2025 1719 oves
2054 1669 2113 1720 et
2152 1661 2369 1719 asinos
2399 1669 2457 1718 et
2566 1681 2712 1720 sum
2743 1681 2877 1721 noa.
2915 1663 3067 1722 Haec
3095 1661 3250 1737 fecit
3282 1663 3527 1731 David,
3552 1671 3611 1721 et
3643 1663 3759 1721 hoc
3785 1671 3920 1722 erat
3943 1663 4030 1720 de·

966 1763 1237 1820 camelos
1274 1770 1333 1820 et
1364 1769 1576 1830 vestes,
1611 1761 2047 1819 revertebatur
2074 1768 2134 1818 et
2165 1759 2456 1818 veniebat
2566 1768 2812 1818 cretum
2855 1760 2962 1817 illi
3000 1761 3299 1819 omnibus
3343 1761 3566 1818 diebus
3605 1761 3840 1838 quibus
3875 1761 4030 1819 habi-

966 1860 1055 1916 acl
1072 1859 1291 1919 Achis.
1320 1857 1440 1920 Sed
1463 1875 1676 1920 nonne
1699 1857 1867 1919 istud
1889 1856 2138 1919 videtur
2159 1855 2457 1919 crudelis·
2492 1855 2538 1916 B
2571 1859 2732 1917 tavit
2771 1858 2845 1917 in
2895 1859 3155 1933 reqione
3185 1859 3718 1918 Philistinorum.
3767 1859 4030 1918 Credidit

966 1954 1223 2032 simum,
1249 1954 1872 2036 injustissimumque
1905 1955 2145 2018 fuisset
2176 1953 2456 2036 Respon-
2567 1975 2712 2033 erqo
2733 1958 2931 2016 Aclzis
2964 1955 3086 2037 ipsi
3115 1957 3359 2026 David,
3378 1958 3596 2016 dicens
3623 1977 3648 2015 .·
3681 1958 3890 2016 Multa
3919 1977 4032 2014 ma-

966 2056 1173 2130 detur,
1208 2055 1379 2135 quod
1421 2072 1574 2131 non,
1609 2053 1913 2134 quoniam
1955 2051 2236 2134 praefatae
2277 2061 2456 2114 terrae
2569 2057 2634 2113 la
2653 2063 2948 2130 operatus
2967 2062 3057 2113 est
3078 2064 3300 2115 eontra
3323 2058 3644 2132 populum
3671 2075 3860 2114 suum
3878 2051 4028 2114 filios

966 2153 1045 2215 ad
1090 2161 1321 2214 terram
1364 2159 1577 2215 totam·
1593 2151 1753 2214 filiis
1786 2151 1973 2215 Israel
2006 2151 2451 2233 repromissam

966 2250 1279 2315 divinitus
1300 2249 1760 2333 pertinuerunt,
1788 2250 2007 2331 sieque
2038 2259 2323 2331 tempore
2353 2267 2456 2331 op-

967 2356 1242 2431 portuno
1273 2357 1566 2431 poterant
1597 2348 1895 2430 occupari
1926 2347 2005 2410 ab
2035 2347 2359 2424 Israelitis»,
2393 2355 2456 2411 et

967 2445 1204 2529 perfidi
1252 2446 1641 2511 habitatores
1691 2446 2152 2510 territoriorum
2197 2445 2453 2508 illorum

965 2565 1042 2610 ex
1060 2543 1279 2609 divina
1298 2545 1585 2626 jussione
1606 2553 1785 2608 erant
1805 2554 1955 2608 tunc
1976 2544 2327 2619 occidendi,
2347 2543 2457 2606 sic-

966 2652 1035 2706 ut
1066 2652 1129 2706 et
1161 2651 1447 2726 tempore
1465 2643 1652 2706 Josue
1683 2642 1923 2706 factum
1946 2651 2043 2706 est
2062 2643 2450 2706 ChananaeiS.

2569 2155 2794 2212 Israel.
2831 2151 2906 2213 Et
2936 2151 3160 2214 dicunt
3199 2152 3366 2213 istud
3410 2151 3612 2214 fuisse
3651 2151 4028 2214 mendacium

2568 2247 2961 2327 officiosum,
2997 2251 3149 2331 quia
3179 2268 3295 2331 pro
3325 2249 3806 2314 conservatione
3835 2249 3925 2312 sui
3953 2250 4030 2330 ip-

2568 2348 2700 2410 sius
2730 2356 2795 2411 et
2827 2348 3108 2411 virorum
3131 2348 3520 2426 suorum‚ita
3549 2349 4027 2431 responditErit

2569 2449 2776 2524 iqitur
2803 2467 3024 2508 servus
3053 2449 3221 2507 milei
3249 2449 3697 2524 sempiternae,
3720 2447 3786 2510 id
3813 2455 3903 2510 est
3930 2465 4040 2528 per.

2567 2563 2754 2607 omne
2785 2552 3035 2627 tempus
3068 2545 3214 2608 vitae
3254 2563 3402 2608 suae.
3445 2545 3570 2608 Ista
3599 2544 3726 2607 fuit
3753 2563 3876 2608 una
3899 2563 4024 2608 cau-

2567 2663 2656 2720 sa,
2691 2645 2858 2725 quod
2892 2644 3082 2707 Achis
3124 2644 3244 2708 iste
3273 2653 3401 2707 tam
3433 2643 3742 2708 benevole
3771 2643 4021 2726 suscepit

2566 2753 2629 2807 et
2673 2743 2967 2807 tractavit
3008 2744 3203 2808 David
3255 2763 3328 2807 ac
3375 2763 3545 2820 suoS‚
3571 2744 3724 2826 quia
3765 2743 4020 2827 percepit

963 2841 1099 2903 lum
1140 2842 1405 2901 irruisti
1445 2841 1633 2900 bodie
1654 2843 1683 2901 ?
1712 2842 2151 2918 Res-pendebat
2177 2843 2401 2901 David
2431 2860 2453 2899 .·
2566 2843 2736 2922 quod
2778 2841 2924 2904 Saul
2957 2849 3092 2903 erat
3123 2840 3322 2904 hostis
3351 2853 3596 2918 eorum,
3631 2851 3696 2904 et
3733 2841 3865 2924 ipse
3893 2839 4016 2903 Saul

967 2943 1204 3002 Contra
1225 2941 1561 3001 meridiem
1580 2943 1776 3013 Juda,
1794 2950 1853 3001 et
1871 2949 2095 3000 contra
2116 2940 2453 3000 meridiem
2567 2939 2691 3002 ruit
2739 2940 2946 3002 letalis
2993 2941 3393 3003 adversarius
3433 2940 3626 3022 hujus
3665 2940 3872 3004 Achis.
3903 2939 4020 3002 Alia

960 3041 1294 3110 Jerameel,
1317 3049 1376 3098 et
1395 3048 1619 3098 contra
1652 3040 1987 3100 meridiem
2024 3040 2200 3110 Geni,
2236 3037 2299 3099 id
2331 3045 2448 3114 est,
2490 3037 2534 3100 C
2565 3058 2756 3101 causa
2788 3038 3248 3120 l'uit‚quoniam
3283 3039 3474 3101 Achis
3506 3039 3627 3101 iste
3656 3047 3906 3122 propter
3921 3038 4020 3100 vir-

965 3136 1139 3199 l'ilios
1177 3135 1365 3199 Israel
1414 3144 1880 3199 commorantes
1930 3154 2151 3199 versus
2203 3136 2452 3217 plagam
2566 3146 2729 3201 tutes
2759 3148 2821 3201 ct
2850 3138 3228 3221 probitatem
3271 3138 3474 3221 ipsius
3505 3138 3724 3215 David,
3757 3138 3910 3202 bene
3937 3136 4018 3199 al·

962 3233 1404 3311 meridianam,
1440 3243 1503 3297 et
1533 3253 1751 3297 versus
1778 3226 2000 3298 urbem
2031 3234 2456 3297 Jerameelita-
2565 3236 2906 3299 siciebatur
2945 3238 3025 3300 ad
3063 3256 3233 3314 eum,
3277 3237 3444 3299 sicut
3477 3247 3550 3301 'et
3591 3238 3792 3319 aliqui
3829 3236 4016 3317 magui

963 3352 1129 3409 rum,
1172 3340 1235 3396 et
1266 3352 1487 3395 versus
1516 3334 1823 3414 oppidum
1864 3332 2455 3415 Cinaeorum.impu-
2562 3334 3064 3412 philistinorum,
3100 3336 3166 3398 in
3213 3344 3454 3398 tantum
3501 3339 3671 3418 quod
3709 3336 3884 3399 Ethai
3921 3335 4018 3396 Ge-

963 3431 1177 3513 gnavi‚
1222 3432 1507 3514 percussi
1546 3439 1612 3494 et
1649 3431 1943 3513 spoliavi.
1979 3431 2048 3493 In
2090 3431 2193 3493 his
2239 3430 2451 3495 verbis
2564 3434 2766 3497 thaeus
2797 3454 2940 3497 cum
2974 3434 3132 3499 viris
3161 3434 3294 3497 suis
3326 3454 3438 3517 per
3461 3434 3655 3498 David
3688 3435 3810 3498 fuit
3835 3435 3906 3497 ad
3931 3434 4015 3495 Ju-

958 3528 1161 3613 aliqui
1192 3538 1495 3595 accusant
1532 3530 1743 3612 ipsum
1775 3530 1975 3595 David
2014 3549 2052 3592 a
2090 3530 2446 3609 mendaciO,
2561 3533 2876 3596 daismum
2915 3552 3284 3597 conversus,

1042 2744 1307 2805 Dicebat
1328 2753 1546 2804 autem
1574 2745 1637 2802 ei
1655 2745 1853 2804 Achis
1875 2761 1898 2801 .·
1919 2746 2003 2803 Iu·
2033 2763 2222 2822 quem
2255 2760 2455 2823 popu-

1982 3960 2636 4048 ARTICULUS
2710 3962 3028 4046 XLVII

1247 4238 1560 4284 Expost’rlo
1604 4228 1878 4285 cA'PrruLl
1923 4237 2184 4284 vict-:suu
2228 4238 2445 4284 OCTAVI
2490 4238 2504 4282 ἶ
2551 4238 2791 4284 FAGTUM
2835 4240 2942 4285 EST
2983 4240 3188 4286 Au'rssu
3227 4233 3290 4286 IN
3334 4242 3546 4289 mEsz
3591 4243 3759 4288 ltus.
3823 4254 3828 4259 ·

1099 4516 1500 4579 ECITATUR
1540 4517 1695 4598 Jam‚
1737 4514 2012 4597 qualiter
2050 4514 2353 4579 Philistaei
2385 4525 2448 4579 et
2480 4515 2528 4577 D
2557 4526 2660 4578 tra
2689 4521 2916 4579 Israel.
2949 4520 3267 4599 De'oeitque
3295 4522 3492 4581 Achis
3535 4540 3644 4583 rex
3680 4518 4010 4583 Philistino-

1117 4616 1413 4679 Israelitae
1433 4622 1949 4698 praeparaverunt
1978 4633 2046 4677 se
2064 4615 2140 4677 ad
2164 4633 2444 4696 pugnam

954 4716 1270 4794 ultimam,
1308 4734 1501 4796 quam
1541 4722 1763 4778 contra
1792 4732 1861 4777 se
1900 4712 2177 4777 invicem
2211 4712 2446 4777 habue-

954 4823 1106 4877 runt
1142 4813 1399 4879 vivente
1451 4812 1619 4876 Saul.
1668 4815 1943 4874 Factum
1980 4823 2071 4873 est
2113 4824 2330 4873 autem
2372 4815 2445 4875 in

952 4916 1176 4975 diebus
1200 4915 1361 4982 illis,
1376 4920 1923 4990 conyreqaverunt
1947 4912 2312 4973 philistiim
2343 4932 2447 4989 ay-

952 5014 1138 5073 mina
1158 5032 1279 5073 sua
1301 5009 1731 5094 particularia,
1748 5008 1987 5091 quibus
2009 5017 2276 5091 satrapae
2299 5029 2447 5091 prse-

955 5110 1217 5175 f'uerunt
1260 5130 1273 5174 ε
1316 5129 1393 5172 ex
1420 5108 1655 5192 quibus
1687 5107 1985 5171 omnibus
2026 5127 2225 5171 unum
2256 5127 2446 5189 gene-

954 5209 1085 5272 rale
1114 5228 1187 5271 ac
1218 5208 1411 5272 totale
1442 5225 1668 5287 agmen
1700 5206 2191 5283 constituerunt,
2207 5206 2312 5269 cui
2335 5225 2445 5269 rex

950 5305 1208 5389 praesuit
1232 5329 1248 5381 3
1282 5316 1354 5368 ut
1375 5314 1916 5383 praepararentur
1933 5307 2022 5365 ad
2041 5306 2280 5366 bellum
2303 5324 2445 5366 con-

2557 4635 2697 4677 rum
2748 4620 2836 4677 ad
2862 4620 3083 4679 David
3113 4640 3137 4677 :
3177 4621 3402 4679 Sciens
3452 4639 3630 4680 nunc
3674 4622 3822 4681 seito
3861 4640 3883 4678 .·
3921 4634 4008 4680 ex-

2556 4714 2801 4795 pressio
2821 4723 2916 4777 est
2939 4716 3364 4793 certitudiniS‚
3381 4725 3683 4798 tanquam
3711 4718 3886 4790 dicat,
3909 4716 4008 4777 Pro

2555 4821 2728 4876 certo
2745 4831 3050 4893 agnoscas
3067 4838 3082 4890 ;
3101 4816 3409 4895 quoniam
3433 4836 3680 4879 mecum
3696 4816 4008 4895 egredieris

2555 4915 2629 4973 in
2674 4915 2921 4984 castris,
2959 4913 3021 4975 id
3067 4922 3162 4977 est
3207 4915 3432 4976 turmis
3474 4914 3831 4992 philistiim,
3863 4922 3926 4975 tu
3959 4921 4008 4971 ec

2558 5014 2692 5070 viri
2713 5013 2834 5082 tui,
2854 5012 2928 5073 ad
2964 5012 3370 5093 pugnandum
3402 5013 3702 5076 adversus
3731 5012 3880 5075 Saul
3900 5011 4006 5073 Hoc

2556 5108 2715 5170 dixit
2746 5109 2958 5187 Achis,
2992 5110 3172 5191 quasi
3220 5110 3539 5174 honorans
3578 5111 3784 5193 ipsum
3813 5108 4001 5183 David,

2553 5208 2631 5271 de
2652 5208 2836 5290 cujus
2858 5209 3230 5272 strenuitate
3259 5218 3322 5272 et
3343 5209 3656 5274 fidelitate
3677 5210 3873 5273 taliter
3891 5226 4004 5270 scn-

2553 5305 2656 5369 sit.
2691 5308 3006 5387 Dioeitque
3030 5309 3250 5368 David
3271 5328 3293 5367 .·
3323 5310 3519 5370 Nunc
3546 5312 3702 5371 scies
3728 5324 3836 5391 per
3861 5304 3999 5370 effe-
