4359 6250
877 481 994 546 712

1405 497 1754 544 ENARRATIO
1797 498 1858 544 m
1900 497 2036 544 CAP-
2084 497 2192 543 xlx
2234 497 2391 543 mum
2430 497 2631 543 Tnn'rn
2672 496 2895 543 amun.
2940 515 3021 526 —
3060 497 3204 542 ΛΒΤ.
3249 497 3441 542 xxvm

625 687 680 732 ιν
703 688 815 743 1:29.
881 671 1196 746 laudatur,
1233 689 1308 734 eo
1347 671 1517 751 quod
1565 669 1834 746 excelsa,
1871 667 2168 732 videlicet
2218 666 2369 729 alta-
2397 669 2450 730 A
2479 666 2627 728 dere
2676 666 2821 748 quis
2868 666 3119 748 poterit,
3153 686 3230 730 ex
3270 665 3370 728 his
3412 683 3557 748 quaa
3598 657 3767 728 dicta
3806 673 3975 728 sunt

583 765 697 804 xvni,
717 754 760 796 4.

621 3340 674 3385 111
699 3342 808 3397 Rea.

581 3418 696 3455 xvm,
719 3407 784 3448 1³.

624 4141 746 4185 [bid.
761 4156 846 4195 xiv,

582 4206 650 4255 22,
675 4206 752 4255 23;
777 4218 846 4256 xv,

618 4833 729 4863 vers.
753 4823 818 4863 18.

609 5016 841 5071 Ibidavm,

881 769 974 831 ria
1014 769 1105 832 ibi
1147 776 1528 845 constructa,
1574 768 1928 842 abstulerit,
1969 768 2080 829 sed
2121 767 2187 828 in
2227 783 2371 828 con-

880 876 1194 951 temptum
1250 868 1461 930 cultus
1511 867 1646 930 veri
1693 866 1800 930 Dei
1865 885 1938 930 ea
1998 883 2126 928 non
2186 864 2369 927 licuit

879 967 1195 1030 demoliri.
1257 969 1344 1028 Ec
1395 969 1744 1044 prophetas
1803 974 1940 1026 tuos
1997 967 2369 1024 occiderunt

869 1069 1118 1144 yladiO.

956 1162 1138 1227 Circa
1184 1163 1318 1226 haec
1369 1162 1591 1226 scribit
1637 1162 1796 1244 Lyra
1839 1179 1854 1222 ε
1899 1161 2032 1225 Non
2081 1161 2368 1242 loquitur

877 1263 982 1326 hic
1023 1263 1102 1326 de
1145 1261 1449 1325 altaribus
1497 1279 1638 1341 quae
1676 1261 1744 1321 in
1781 1259 2129 1323 Jerusalem
2161 1267 2362 1337 erant,

879 1361 1180 1424 videlicet
1227 1361 1306 1423 de
1352 1358 1536 1422 altari
1583 1358 1829 1421 incensi
1868 1366 1932 1420 et
1967 1358 2152 1420 altari
2192 1357 2369 1421 holo-

878 1468 1265 1536 caustorum,
1282 1458 1436 1540 quia
1467 1458 1578 1520 illa
1605 1457 1969 1535 manebant,
1988 1458 2096 1520 sed
2117 1458 2198 1520 de
2218 1457 2370 1518 alta-

879 1557 1056 1620 ribus
1090 1555 1276 1620 factis
1309 1557 1375 1620 in
1405 1556 1670 1620 excelsis
1691 1575 1766 1619 eo
1789 1555 2367 1637 tempore,quando

878 1656 1115 1739 templo
1137 1656 1420 1718 nondum
1451 1653 1792 1731 aedificato,
1828 1654 2012 1717 licuit
2038 1652 2369 1716 immolare

879 1754 944 1817 in
979 1754 1129 1816 illis.
1163 1753 1521 1828 Quocontra
1551 1753 1834 1834 loquitur
1859 1752 2057 1815 Rabbi
2088 1752 2321 1814 Paulus
2350 1767 2363 1812 ε

2480 764 2544 827 in
2596 764 2991 846 expositione
3040 765 3298 827 litterali
3337 764 3749 846 praecedentis
3786 763 3977 846 capi-

2479 863 2621 938 tuli,
2656 881 2846 944 super
2898 863 3057 928 illud
3102 883 3116 927 :
3158 865 3288 944 Ego
3329 864 3598 928 remansi
3650 863 3975 946 propheta

2478 960 2730 1025 Domini
2772 963 2969 1026 solus,
3004 963 3127 1025 Alii
3162 964 3405 1040 dicunt,
3438 965 3608 1045 quod
3646 964 3735 1026 ait
3760 983 3827 1028 se
3860 983 3973 1027 so-
4006 961 4065 990 ¹*

2479 1060 2613 1122 lum
2644 1061 2962 1139 relictum,
2986 1063 3287 1144 quoniam
3320 1063 3670 1146 respective
3698 1063 3977 1144 loquen-

2480 1160 2584 1236 do,
2619 1159 2987 1242 paucissimi
3028 1169 3208 1224 erant
3258 1163 3629 1244 superstites
3669 1181 3977 1244 persecu-

2480 1258 2642 1320 tioni
2668 1258 2939 1336 Jezabel,
2970 1260 3148 1341 juxta
3167 1278 3360 1341 quem
3391 1260 3647 1322 modum
3674 1259 3975 1323 Christus

2479 1356 2545 1418 in
2593 1356 2840 1420 Psalmo
2890 1367 3157 1420 testatur
3202 1376 3218 1419 :
3266 1357 3550 1421 Sustinui
3598 1358 3707 1439 qui
3764 1358 3975 1420 simul

2477 1455 2981 1533 contristaretur,
3027 1465 3092 1519 et
3140 1475 3267 1519 non
3313 1455 3458 1518 fuit.
3500 1457 3706 1533 Porro,
3746 1457 3977 1536 glossa
4008 1450 4035 1489 ²
4066 1479 4081 1490 ·

2480 1552 2763 1632 Gregorii
2812 1554 3063 1617 videtur
3112 1555 3403 1632 innuere,
3453 1554 3623 1636 quod
3667 1554 3833 1616 Elias
3890 1573 3979 1616 ex

2478 1653 2752 1734 quadam
2784 1653 2958 1717 velut
2996 1654 3290 1731 elatione,
3322 1653 3483 1716 dixit
3518 1673 3587 1716 se
3618 1653 3815 1716 solum
3866 1673 3977 1716 re-

2481 1752 2725 1814 lictum.
2749 1751 2851 1815 Sic
2881 1753 3114 1815 etenim
3156 1753 3285 1814 ait:
3316 1751 3431 1826 Qui
3471 1752 3726 1815 humilis
3760 1752 3975 1814 etiam

877 1852 1358 1917 Rationabiliter
1395 1851 1522 1914 dici
1564 1859 1791 1933 potest,
1836 1852 2006 1933 quod
2051 1851 2223 1913 Elias
2263 1851 2369 1914 hic
2408 1851 2453 1912 B
2480 1849 2729 1913 occulta
2776 1850 2883 1914 Dei
2934 1859 3215 1928 noverat,
3258 1851 3461 1913 elatus
3509 1859 3573 1914 et
3618 1850 3977 1913 manifesta

877 1951 1160 2033 loquitur
1179 1952 1258 2014 de
1278 1950 1584 2012 altaribus
1602 1949 1947 2013 Jerusalem
1969 1968 2142 2032 :quae
2161 1969 2372 2031 quam·

876 2051 974 2115 vis
1025 2049 1280 2113 realiter
1341 2067 1468 2112 non
1522 2057 1704 2111 erant
1760 2049 2101 2125 destructa,
2155 2056 2369 2111 tamen

877 2150 1247 2226 idololatrae,
1271 2157 1582 2230 quantum
1615 2148 1680 2210 in
1711 2147 1803 2210 eis
1836 2155 1989 2225 erat,
2025 2147 2371 2230 cupiebant

874 2269 951 2314 ea
979 2251 1325 2325 destruere,
1360 2255 1424 2311 et
1453 2248 1696 2311 cultum
1728 2246 1838 2310 Dei
1878 2247 1944 2309 in
1987 2247 2079 2310 eis
2119 2256 2372 2329 reputa-

875 2347 1031 2409 bant
1073 2345 1352 2408 inanem.
1387 2345 1464 2406 Et
1507 2344 1624 2406 iste
1669 2344 1895 2407 modus
1940 2343 2363 2424 intelligendi,

877 2452 1051 2528 patet
1093 2463 1169 2506 ex
1217 2461 1292 2506 eo
1335 2443 1504 2524 quod
1557 2441 1867 2524 sequitur,
1905 2442 1982 2504 Et
2027 2442 2367 2524 prophetas

876 2551 1017 2605 tuos
1046 2541 1416 2606 occiderunt
1454 2540 1686 2620 gladio.
1721 2540 1856 2602 Non
1895 2541 2070 2602 enim
2109 2540 2361 2620 legitur,

875 2642 1046 2725 quod
1096 2650 1382 2722 tempore
1422 2639 1598 2716 Eliae,
1643 2639 1742 2703 vel
1784 2648 1928 2701 ante
1969 2639 2170 2721 ipsius
2211 2648 2367 2703 tem-

874 2760 1016 2823 puS,
1062 2739 1262 2821 aliqui
1308 2738 1634 2820 prophetae
1678 2736 1955 2800 fuissent
2002 2737 2194 2801 occisi
2236 2737 2369 2818 gla-

873 2839 1003 2902 dio.
1035 2839 1178 2900 Haec
1218 2836 1448 2899 Paulus
1493 2854 1508 2898 t
1552 2836 1630 2899 de
1669 2854 1796 2917 quo
1843 2855 2010 2918 saepe
2060 2836 2360 2914 admiror,

873 2938 1045 3019 quod
1077 2936 1301 3000 scribit
1320 2943 1447 2998 tam
1471 2934 1819 3017 improprie
1849 2943 1911 2997 et
1943 2935 2216 2998 incaute.
2241 2934 2365 2998 Nec

2481 1948 2773 2011 nescivit.
2816 1949 2992 2013 Unde
3040 1949 3314 2027 elicitur,
3358 1949 3527 2031 quod
3577 1947 3975 2011 humilitatis

2482 2047 2656 2111 radio
2688 2067 2755 2110 se
2792 2048 3001 2130 ipsum
3036 2048 3373 2126 illuminat,
3408 2047 3521 2129 qui
3550 2048 3813 2111 aliorum
3846 2048 3977 2112 bo-

2480 2165 2564 2208 na
2582 2146 2903 2209 subtiliter
2922 2155 3167 2229 pensat.
3182 2146 3506 2220 Praeterea,
3522 2148 3765 2210 videtur
3782 2147 3977 2210 Elias

2479 2262 2555 2307 ex
2599 2245 2876 2326 quodam
2925 2263 3137 2308 errore
3186 2244 3441 2320 dixisse,
3492 2244 3762 2308 Relictus
3810 2265 3973 2307 sum

2478 2361 2595 2423 ego
2646 2341 2820 2406 solus
2872 2360 2886 2406 :
2930 2362 3058 2406 non
3106 2353 3337 2426 putans
3388 2344 3455 2406 in
3504 2361 3693 2424 regno
3735 2344 3975 2407 decem

2481 2440 2760 2504 tribuum
2793 2442 3220 2523 permansisse
3251 2451 3339 2506 tot
3368 2443 3477 2506 Dei
3506 2443 3979 2524 cultoresquot

2478 2549 2986 2622 permanserunt.
3033 2540 3135 2602 Ait
3180 2560 3456 2623 namque
3499 2540 3831 2623 Apostolus
3884 2543 3975 2604 ad

2476 2639 2791 2702 Romanos
2836 2657 2851 2701 ε
2884 2640 2980 2702 An
3022 2640 3279 2703 nescitis
3324 2639 3389 2702 in
3432 2640 3570 2702 Elia
3608 2641 3759 2722 quid
3798 2640 3977 2704 dicit

4046 884 4105 928 111
4132 886 4239 974 εἷς.

4034 1384 4121 1428 Ρε.
4144 1398 4265 1434 um

4061 2671 4187 2713 flam.
4206 2684 4257 2720 n,

2480 2737 3360 2820 scripturaquemadmodum
3384 2738 3741 2820 interpellat
3758 2739 3975 2801 Deum
4008 2735 4103 2777 '’⁴-

2478 2837 2781 2900 adversus
2830 2837 3057 2900 lsrael?
3100 2837 3384 2914 Domine,
3434 2838 3766 2920 propbetas
3812 2845 3977 2902 tuos

2479 2936 2871 3013 occiderunt,
2904 2935 3129 2998 altaria
3158 2943 3266 2998 tua
3294 2935 3717 3012 suffoderunt,
3748 2945 3809 2998 et
3840 2955 3979 3018 ego

875 3035 1047 3098 enim
1078 3034 1366 3115 sequitur
1400 3051 1414 3096 ε
1449 3032 1796 3115 cupiebant
1825 3032 2052 3094 altaria
2080 3033 2365 3096 destrue-
2406 3038 2448 3102 C
2482 3034 2741 3098 relictus
2792 3053 2933 3096 sum
2984 3034 3179 3111 solus,
3234 3043 3297 3096 et
3343 3043 3636 3116 quaerunt
3682 3034 3973 3096 animam

876 3152 966 3210 re,
1005 3151 1155 3214 ergo
1195 3141 1376 3195 erant
1412 3134 1753 3196 destructa.
1787 3132 2169 3195 Praecedenti
2210 3151 2366 3213 quo-

876 3251 1004 3313 que
1052 3231 1322 3293 habetur
1367 3230 1668 3311 capitulo,
1712 3230 1885 3311 quod
1922 3229 2155 3292 Abdias
2207 3230 2366 3294 dixit

875 3329 1031 3393 Eliae
1086 3346 1100 3391 :
1152 3328 1473 3410 Numquid
1523 3347 1650 3392 non
1701 3328 2052 3391 indicatum
2103 3338 2200 3391 est
2248 3328 2366 3391 tibi

876 3428 1136 3492 domino
1168 3446 1310 3491 meo
1340 3446 1482 3508 quae
1515 3426 1798 3503 fecerim,
1818 3446 2017 3509 quum
2051 3428 2367 3491 occideret

873 3525 1119 3590 Jezabel
1169 3525 1511 3608 prophetas
1568 3525 1864 3587 Domini?
1913 3525 2365 3589 Verumtamen

875 3632 1158 3707 apparet,
1207 3623 1380 3706 quod
1428 3622 1620 3685 etiam
1663 3624 1743 3685 de
1789 3622 2096 3685 altaribus
2143 3624 2364 3706 templi

874 3724 986 3787 Dei
1015 3724 1147 3787 haec
1174 3731 1436 3806 possent
1466 3721 1764 3803 intelligi,
1790 3741 1914 3785 non
1949 3723 2119 3804 quod
2149 3742 2368 3806 corpo-

875 3822 1092 3885 raliter
1148 3830 1329 3885 erant
1375 3822 1716 3897 destructa,
1772 3821 1881 3883 sed
1928 3829 2240 3903 quantum
2288 3824 2364 3885 ad

875 3940 1063 3984 usum
1112 3940 1222 3984 seu
1273 3927 1483 3982 actum
1534 3938 1725 4002 super
1783 3938 1858 3981 ea
1915 3921 2358 3983 exercendum.

2482 3153 2708 3197 meam.
2744 3133 2864 3197 Sed
2896 3134 3051 3215 quid
3084 3134 3241 3196 dicit
3270 3132 3365 3195 illi
3393 3133 3681 3196 divinum
3711 3152 3983 3215 respon-

2480 3240 2662 3296 sum?
2692 3232 2940 3314 Reliqui
2974 3232 3132 3294 mihi
3164 3242 3407 3315 septem
3427 3232 3632 3294 millia
3653 3231 3975 3311 virorum,

2478 3332 2591 3413 qui
2622 3349 2749 3394 non
2780 3340 3207 3395 curvaverunt
3233 3350 3439 3412 genua
3466 3350 3583 3393 sua
3616 3340 3759 3394 ante
3786 3331 3975 3394 Baal.

2560 3433 2643 3492 Ec
2674 3440 2975 3509 quaerunt
2996 3432 3291 3491 animam
3312 3450 3539 3501 meam,
3564 3440 3636 3491 ut
3654 3431 3981 3507 auferant

2477 3550 2644 3598 eam,
2676 3528 2795 3590 hoc
2836 3536 2932 3590 est
2970 3546 3007 3589 a
3044 3545 3309 3609 corpore
3348 3534 3661 3610 separent,
3694 3536 3977 3592 mortem

2479 3627 2639 3689 mihi
2688 3625 3075 3706 infligend03
3122 3626 3247 3703 vel,
3288 3624 3579 3689 Animam
3626 3643 3855 3702 meam,
3906 3628 3979 3690 id

2480 3733 2577 3788 est
2620 3725 2815 3788 vitam
2862 3722 3204 3787 animalem
3246 3731 3307 3787 et
3348 3724 3762 3807 corporalem,
3792 3742 3983 3804 quae-

2478 3832 2629 3886 runt
2658 3823 3060 3903 exstinguere
3090 3822 3334 3885 Jezabel
3374 3832 3438 3885 et
3465 3824 3605 3903 ejus
3634 3822 3975 3887 satelliteS.

2558 3926 2643 3985 Ec
2674 3924 2771 3983 ait
2798 3924 2861 3981 ei
2892 3942 2914 3981 .·
2943 3924 3291 3998 Eyredere,
3320 3932 3381 3983 et
3408 3932 3506 3983 sta
3532 3924 3605 3983 in
3636 3932 3845 3982 monte
3878 3945 3983 3985 co-

872 4020 1008 4083 Jam
1053 4019 1225 4082 enim
1263 4018 1542 4081 Roboam
1586 4025 1648 4081 et
1684 4018 1844 4081 Abia
1882 4038 2059 4099 reges
2097 4020 2257 4082 Juda
2287 4022 2363 4083 ad

879 4118 1302 4182 idololatriam
1347 4116 1848 4195 declinaverunt,
1883 4128 1953 4181 ut
1986 4119 2211 4199 patuit,
2247 4119 2367 4183 sic-

876 4237 1004 4298 que
1035 4216 1258 4278 altaria
1285 4216 1394 4279 Dei
1425 4214 1945 4298 profanaverunt.
2395 4226 2447 4289 D
2481 4237 2572 4295 r0,
2606 4218 2826 4282 videas
2858 4216 3175 4297 magnalia
3206 4216 3337 4279 Dei.
3370 4219 3457 4278 Ec
3485 4238 3619 4277 ecce
3648 4220 3983 4281 Domi-nus

955 4318 1042 4376 Ec
1071 4317 1412 4375 derelictus
1439 4334 1584 4375 sum
1603 4334 1714 4390 <290
1731 4318 1902 4375 solus
1925 4314 1990 4376 in
2021 4315 2195 4378 cultu
2229 4316 2363 4379 veri
2481 4318 2742 4387 transit,
2782 4315 2845 4377 id
2890 4323 3007 4393 est,
3052 4315 3117 4377 in
3170 4313 3411 4378 effectu
3458 4315 3673 4397 aliquo
3718 4324 3869 4379 ante
3911 4326 3981 4381 te

875 4412 984 4477 Dei
1011 4437 1025 4487 ς
1062 4412 1162 4477 vel
1197 4411 1456 4474 relictus
1498 4431 1639 4474 sum
1671 4430 1787 4492 ego
1817 4412 1991 4475 solus
2032 4414 2111 4475 de
2151 4432 2367 4476 nume·
2478 4416 2763 4493 transiet,
2794 4423 2857 4479 et
2888 4435 2955 4479 se
2987 4414 3102 4477 tibi
3138 4415 3429 4477 ostendet
3458 4414 3524 4475 in
3555 4414 3666 4477 tali
3698 4412 3975 4493 effectu,

877 4530 947 4575 ro
996 4510 1474 4594 prophetarum,
1530 4510 1674 4573 aliis
1723 4529 1760 4572 a
1802 4511 2048 4574 lezabel
2103 4512 2368 4575 interse-
2478 4522 2541 4576 et
2594 4514 2979 4595 alloquetur,
3010 4524 3069 4576 ec
3104 4514 3377 4592 spiritus
3412 4517 3692 4591 ,qr-andis
3731 4524 3791 4575 et
3828 4517 3985 4593 for-

876 4610 1018 4674 ctiS.
1047 4610 1168 4673 Sed
1200 4609 1423 4671 borum
1455 4616 1796 4691 utrumque
1827 4609 2081 4673 videtur
2105 4608 2361 4688 falsum,
2480 4614 2581 4684 ιίε,
2602 4611 2668 4673 id
2698 4620 2794 4674 est
2823 4612 3215 4693 impetuosus
3246 4631 3317 4675 ac
3348 4613 3691 4675 vehemens
3710 4621 3976 4688 ventuS,

874 4708 1178 4791 quoniam
1220 4714 1451 4790 praeter
1481 4706 1685 4769 Eliam
1723 4707 1930 4771 adhuc
1962 4707 2146 4770 multi
2185 4718 2367 4772 erant
2474 4712 2841 4771 subvertens
2871 4721 3135 4781 montes,
3162 4721 3221 4771 et
3240 4721 3566 4772 conterens
3586 4722 3825 4789 petra-⁸,
3844 4711 3981 4776 hoc

875 4809 1151 4872 cultores
1190 4806 1323 4871 veri
1364 4806 1472 4869 Dei
1515 4806 1580 4868 in
1622 4806 1831 4883 lsrael,
1879 4816 1948 4870 ut
1988 4808 2172 4889 paulo
2219 4816 2365 4891 post
2478 4817 2575 4871 est
2604 4817 2731 4870 tam
2762 4809 3035 4885 validuS,
3062 4806 3527 4891 pulverumque
3556 4810 3977 4889 agitationem

877 4905 1148 4969 habetur
1193 4904 1260 4966 in
1308 4904 1538 4982 littera,
1587 4904 1697 4987 [et]
1743 4913 2118 4986 supererant
2158 4907 2365 4968 adhuc
2478 4916 2540 4969 et
2596 4926 2929 4969 ascensum
2992 4905 3085 4970 sic
3143 4906 3493 4983 concitanS,
3548 4916 3617 4970 ut
3675 4908 3981 4973 videatur

880 5012 1136 5067 centum
1173 5003 1519 5085 prophetae,
1555 5021 1714 5083 quos
1755 5002 1820 5064 in
1862 5004 2187 5085 speluncis
2223 5003 2367 5065 abs-
2478 5014 2728 5069 montes
2775 5004 3071 5086 dejicere,
3124 5012 3187 5067 et
3234 5024 3384 5067 saxa
3431 5005 3775 5083 destruere,
3815 5018 3983 5069 ante

879 5102 1103 5165 condit
1134 5101 1390 5179 Abdias,
1426 5108 1496 5163 ut
1534 5102 1912 5182 praecedenti
1957 5101 2228 5166 habetur
2266 5121 2366 5165 ca—
2482 5107 2865 5173 Dominum,
2898 5104 2959 5166 id
3001 5112 3116 5181 est,
3154 5112 3300 5166 ante
3336 5104 3476 5186 ejus
3506 5105 3979 5187 apparitionem

875 5200 1103 5282 pitulo,
1137 5218 1410 5281 quorum
1445 5198 1646 5281 aliqui
1680 5200 2033 5281 prophetiae
2061 5200 2361 5283 spiritum
2478 5210 2839 5284 praetactam
2891 5203 3225 5283 praecedet.
3271 5206 3419 5267 Non
3460 5205 3531 5263 in
3566 5206 3807 5281 spiritu
3846 5209 3981 5266 Do-

872 5296 1177 5361 habuisse
1216 5298 1583 5361 creduntur.
1619 5296 1738 5361 Sed
1769 5298 1847 5361 ad
1887 5298 2056 5361 istud
2096 5318 2358 5382 respon·
2472 5302 2708 5370 minus,
2742 5300 2863 5363 hoc
2892 5308 3008 5377 est,
3045 5300 3111 5362 in
3140 5300 3263 5364 boc
3304 5309 3495 5365 vento
3532 5300 3649 5364 tibi
3689 5320 3817 5365 non
3854 5320 3979 5387 ap-

2476 4042 2623 4082 ram
2665 4022 2941 4082 Domino
2985 4020 3225 4101 ubique
3274 4028 3585 4101 praesente
3630 4040 3701 4083 ac
3749 4023 3983 4085 omnia

2482 4120 2794 4195 intuente,
2831 4126 2901 4180 ut
2928 4118 3154 4181 stando
3184 4117 3249 4180 in
3283 4118 3422 4181 loco
3461 4118 3701 4200 patenti
3740 4127 3802 4181 et
3836 4120 3984 4183 cla-
