4359 6250
933 505 1283 553 manna-rio
1325 507 1385 550 ιΝ
1429 507 1565 564 car.
1611 507 1693 552 xx
1738 506 1896 552 unm
1938 495 2189 552 securim
2229 506 2454 553 aueum.
2500 526 2579 536 —
2618 506 2763 551 Anr.
2810 504 2938 551 xxx
3362 486 3481 550 553

383 673 524 736 lum
556 675 822 738 omnino
869 674 1201 757 permittes
1239 673 1478 738 vivere.
1512 675 1598 736 Et
1623 676 1718 734 sic
1737 693 1885 752 per-
1912 672 1963 734 A
1991 673 2359 756 conjectura
2387 675 2687 752 humana,
2723 675 2893 756 quod
2921 674 3093 738 cives
3122 673 3483 755 acquiesce-

378 778 716 850 ficiebant,
753 775 876 838 hoc
920 784 1036 852 est,
1078 775 1256 856 juxta
1294 793 1370 836 ea
1407 793 1551 855 quae
1590 774 1656 835 in
1691 773 1888 836 Abela

379 873 756 938 didicerunt
807 893 946 938 esse
995 874 1260 954 agenda,
1311 872 1602 954 agebant.
1653 876 1884 934 Nonne

377 993 497 1050 eqo
543 995 690 1034 sum
729 995 872 1054 quoe
913 977 1257 1051 respondeo
1301 974 1636 1033 veritatem
1685 975 1757 1032 in
1792 975 1884 1033 Is·-

377 1075 577 1132 rael?
607 1073 672 1134 id
703 1081 818 1149 est,
855 1073 1112 1135 credere
1140 1071 1334 1134 debes
1361 1071 1545 1148 mihi,
1579 1071 1882 1152 quoniam

377 1188 460 1232 cx
495 1170 760 1252 speciali
789 1170 994 1250 gratia
1023 1179 1086 1233 et
1105 1169 1420 1252 sapientia
1447 1168 1607 1231 mihi
1629 1169 1879 1244 collata,

379 1287 651 1350 possum
690 1277 753 1332 et
803 1269 976 1333 soleo
1019 1269 1403 1350 respondere
1444 1269 1614 1350 quod
1659 1287 1882 1332 verum

376 1375 447 1430 et
477 1367 725 1448 justum
756 1375 853 1430 est
883 1366 1042 1429 filiis
1075 1367 1284 1430 lsrael.
1318 1366 1498 1430 Circa
1537 1367 1659 1429 hoc
1691 1365 1886 1428 refert

377 1466 548 1548 Lyra
599 1484 613 1526 ε
661 1466 891 1528 Dicunt
935 1464 1210 1542 Hebraei,
1262 1467 1435 1548 quod
1483 1465 1716 1528 mulier
1765 1464 1885 1527 ista

226 1593 344 1628 m».
379 1563 511 1625 fuit
541 1563 694 1626 Sara
734 1563 874 1627 filia
901 1563 1078 1640 Aser,
1115 1583 1257 1644 quae
1296 1583 1442 1626 cum
1468 1563 1658 1626 Jacob
1691 1563 1886 1624 intra-

379 1663 478 1728 vit
509 1663 864 1745 AEgyptum,
885 1672 949 1725 et
978 1664 1148 1744 quod
1181 1662 1406 1726 habuit
1435 1661 1729 1744 spiritum
1755 1680 1884 1744 pro-

377 1761 642 1843 phetiae,
696 1762 1087 1824 annuntians
1123 1761 1314 1824 Jacob
1363 1760 1737 1843 patriarchae
1786 1760 1882 1842 ip-

1993 782 2135 835 rent
2165 792 2282 837 suo
2315 774 2606 838 consilio.
2641 778 2939 851 Inyressa
2959 784 3047 834 est
3076 794 3223 851 eryo
3254 776 3341 834 ad
3359 794 3482 834 om-

1991 892 2137 932 nem
2159 877 2481 950 populum
2510 873 2623 954 qui
2655 881 2789 936 erat
2820 872 2887 935 in
2908 872 3125 948 Abela‚
3150 870 3481 953 potissime

1992 971 2070 1032 ad
2102 971 2399 1052 majoreS‚
2432 983 2493 1034 et
2540 977 2750 1034 locuta
2791 983 2881 1034 est
2909 975 2999 1033 eis
3036 975 3380 1050 sapienter,
3415 971 3480 1033 id

1992 1077 2109 1146 est,
2137 1070 2602 1133 rationabiliter
2632 1070 2791 1153 ipsis
2814 1071 3130 1152 persuasit
3157 1071 3329 1152 quod
3352 1089 3479 1134 non

1993 1176 2255 1249 possent
2300 1169 2595 1232 resistere
2643 1170 2773 1250 regi
2806 1169 3023 1246 David,
3060 1170 3211 1251 quia
3240 1170 3480 1232 electus

1993 1275 2160 1329 esset
2188 1286 2226 1329 a
2256 1269 2403 1344 Dec,
2438 1277 2497 1330 et
2532 1267 2970 1349 praevaluisset
3001 1268 3067 1330 in
3100 1267 3335 1350 praeliis
3365 1287 3484 1329 un-

1992 1365 2209 1447 dique,
2245 1375 2307 1429 et
2349 1368 2518 1448 quod
2541 1385 2763 1430 omncs
2792 1368 2904 1449 qui
2935 1377 3371 1450 opposuerunt
3413 1387 3481 1431 se

1993 1464 2074 1542 ei,
2111 1465 2429 1547 perissent
2467 1485 2579 1529 seu
2618 1465 2772 1529 victi
2810 1475 3042 1529 essent.
3090 1469 3215 1536 Qui
3251 1469 3481 1527 abscis-

1989 1585 2134 1624 sum
2179 1575 2376 1642 caput
2421 1569 2585 1627 Seba
2628 1567 2762 1643 filii
2798 1569 3041 1626 Bochri
3068 1567 3480 1643 projecerunt

1991 1666 2079 1723 ad
2093 1665 2253 1724 Joab
2279 1682 2393 1744 per
2422 1682 2691 1726 murum.
2714 1662 3059 1726 Maluerunt
3093 1663 3265 1726 enim
3297 1663 3479 1726 illum

1991 1761 2196 1824 solum
2250 1762 2621 1844 decapitari,
2671 1782 2861 1845 quam
2910 1762 3216 1846 periculis
3264 1783 3479 1826 secum

374 1876 524 1922 sum
554 1859 788 1942 loseph
839 1879 967 1924 non
1011 1879 1152 1922 esse
1191 1859 1588 1936 defunctum,
1624 1859 1880 1940 quando
1915 1859 1962 1920 B
1992 1859 2253 1924 involvi.
2292 1865 2376 1923 Ec
2406 1864 2541 1932 ille,
2564 1861 2863 1924 videlicet
2889 1861 3315 1938 Joab‚ceci·nit
3345 1864 3482 1923 bue-

369 1957 572 2022 Jacob
602 1958 853 2041 putavit
884 1959 1056 2040 quod
1087 1967 1378 2021 mortuus
1409 1966 1595 2022 esset.
1623 1957 1742 2020 Sed
1766 1958 1880 2040 Ly-

371 2077 446 2118 ra
479 2056 636 2120 satis
684 2057 808 2120 hoc
851 2055 1170 2140 reprobat,
1204 2055 1356 2138 quia
1399 2057 1748 2120 secundum
1790 2056 1879 2118 sa-

369 2156 598 2218 bulam
651 2155 836 2217 istam
881 2153 1107 2218 suisset
1149 2155 1284 2218 haec
1333 2154 1585 2232 mulier,
1620 2155 1876 2236 quando

371 2253 514 2316 haec
565 2253 750 2330 dixit,
795 2253 1052 2316 circiter
1091 2253 1639 2335 septingentorum
1682 2271 1877 2316 anno-

373 2373 546 2415 rum.
575 2356 658 2414 Et
692 2363 763 2413 tu
793 2355 1032 2433 quoeris
1061 2355 1422 2414 subvertere
1445 2354 1794 2422 civitatem,
1817 2364 1877 2413 et

369 2461 658 2511 evertere
703 2462 976 2512 matrem
1015 2453 1085 2511 in
1131 2455 1336 2512 Israel
1358 2453 1388 2510 ?
1420 2450 1601 2531 quasi
1651 2450 1820 2514 dicat
1857 2468 1871 2513 ξ

369 2549 614 2612 Contra
643 2548 852 2630 legem
892 2549 1027 2630 agis
1076 2547 1140 2610 in
1172 2549 1314 2626 hoc,
1350 2549 1522 2631 quod
1565 2548 1872 2631 oppidum

373 2648 552 2710 istud
585 2647 821 2729 quaeris
842 2648 1169 2710 destruere
1201 2655 1538 2728 antequam
1562 2647 1622 2709 ei
1654 2665 1872 2729 pacem

370 2745 604 2821 οῐῐθνε,
638 2745 993 2828 praesertim
1025 2765 1224 2826 quum
1255 2745 1480 2807 civitas
1515 2745 1634 2807 ista
1665 2745 1748 2808 ob
1779 2765 1874 2808 sa-

370 2843 692 2928 pientiam
733 2842 1160 2905 habitantium
1203 2842 1268 2904 in
1309 2861 1403 2920 ea,
1439 2843 1521 2905 sit
1561 2851 1762 2906 mater
1790 2843 1873 2905 ls-

369 2943 772 3019 raelitarum,
796 2960 957 3022 quos
993 2941 1273 3004 instruit.
1299 2941 1513 3023 Aliqui
1540 2950 1743 3004 textus
1764 2941 1873 3004 ha-

1988 1962 2165 2029 cina,
2190 1959 2256 2020 in
2290 1959 2544 2040 signum
2576 1961 2879 2038 victoriae,
2902 1971 2961 2021 et
2982 1971 3370 2022 recesserunt
3400 1963 3479 2020 ab

1989 2061 2160 2127 urbe,
2177 2061 2621 2140 unusquisque
2642 2061 2710 2119 in
2739 2063 3155 2120 tabernacula
3172 2079 3307 2120 sua.
3318 2062 3478 2121 Joab

1987 2143 2199 2217 autem
2238 2178 2525 2218 reversus
2543 2167 2633 2218 est
2664 2160 2737 2218 in
2754 2161 3111 2219 Jerusalem
3142 2161 3229 2219 ad
3247 2177 3470 2234 reyem.

2065 2258 2228 2317 Fuit
2258 2277 2403 2334 eryo
2433 2260 2592 2318 Joab
2621 2279 2815 2335 super
2845 2277 3092 2318 omnem
3123 2260 3477 2319 exercitum

1985 2359 2211 2416 Israel.
2260 2353 2377 2428 Qui
2421 2365 2633 2418 autem
2683 2355 2905 2418 dicunt
2955 2375 3099 2418 eum
3152 2355 3351 2419 fuisse
3396 2357 3478 2419 ab

1985 2451 2211 2516 officio
2243 2452 2356 2516 illo
2386 2453 2577 2537 paulo
2606 2463 2753 2516 ante
2782 2455 3163 2536 depositum,
3185 2463 3479 2518 asserunt

1985 2569 2134 2613 eum
2165 2551 2297 2632 jam
2328 2553 2717 2615 restitutum.
2740 2553 2817 2614 Et
2846 2553 3141 2634 quamvis
3164 2570 3293 2615 non
3324 2553 3479 2635 legi-

1985 2658 2086 2711 tur
2114 2649 2223 2713 hic
2256 2649 2619 2733 increpatus
2640 2671 2677 2714 a
2708 2669 2853 2732 rege
2883 2652 2963 2714 de
2982 2650 3303 2714 occisione
3336 2670 3478 2734 pro-

1983 2747 2216 2812 ditoria
2244 2748 2509 2827 Amasae,
2547 2749 2877 2832 probabile
2912 2759 3121 2813 tamen
3152 2759 3268 2828 est,
3305 2752 3475 2832 quod

1983 2865 2092 2909 rex
2152 2847 2311 2910 dure
2370 2848 2797 2931 increpaverit
2844 2867 3014 2926 eum,
3052 2851 3347 2931 quamvis
3406 2850 3471 2912 in

1982 2944 2209 3009 officio
2258 2965 2373 3011 suo
2426 2947 2759 3029 reliquerit
2816 2965 2961 3010 eum
3015 2949 3092 3011 ad
3140 2949 3471 3012 vitandum

367 3043 552 3117 bent,
587 3040 844 3102 Matrem
875 3040 1234 3117 civitatum,
1268 3048 1332 3103 et
1361 3059 1586 3103 sensus
1617 3041 1781 3103 redit
1803 3041 1866 3102 in
1905 3044 1949 3107 C
1981 3043 2389 3107 disturbium.
2432 3049 2727 3108 Banaias
2756 3057 2973 3108 aute-m
3013 3052 3196 3127 filius
3221 3051 3765 3125 Joz‘adae‘itaeq,v111‚

367 3142 570 3217 idem,
623 3141 934 3203 sumendo
984 3138 1320 3203 continens
1381 3159 1495 3223 pro
1545 3148 1865 3205 contento.

368 3241 614 3302 Tamen
645 3239 712 3300 in
743 3238 1004 3301 Hebraeo
1035 3256 1162 3301 non
1196 3238 1483 3316 habetur,
1503 3238 1866 3301 Civitatum.

371 3344 594 3408 Quare
643 3339 1023 3415 proem'pitas
1079 3338 1500 3399 hereditatem
1546 3340 1873 3399 Domini?

369 3437 498 3499 hoc
526 3444 648 3513 est,
683 3454 798 3498 cur
827 3435 1078 3498 conaris
1113 3434 1390 3516 dejicere
1425 3434 1644 3498 urbem
1678 3436 1866 3514 hanc,

369 3553 522 3616 quae
579 3541 678 3597 est
725 3552 874 3616 pars
924 3541 1106 3596 terrae
1158 3532 1632 3615 promissioni8‚
1676 3554 1868 3617 quam

369 3634 540 3697 Deus
591 3651 708 3714 pro
757 3632 1109 3695 hereditate
1148 3631 1442 3714 promisit
1483 3652 1555 3695 ac
1603 3633 1872 3698 contulit

370 3730 538 3794 filiis
563 3730 755 3793 Israel
775 3737 802 3792 ’t

451 3832 993 3909 Respondensque
1037 3831 1218 3901 Joab,
1272 3832 1368 3891 ait
1401 3847 1423 3889 .·
1454 3832 1663 3900 Absit,
1709 3832 1870 3892 absit

367 3932 489 3991 hoc
517 3950 560 3989 a
591 3949 733 3999 me,·
761 3948 891 3989 non
921 3930 1263 4005 praecipito
1303 3949 1504 4009 neque
1533 3932 1866 4002 demolior,

367 4028 438 4090 id
486 4036 617 4104 est,
671 4045 801 4089 non
852 4027 1112 4089 intendo
1162 4027 1400 4091 directe
1451 4028 1570 4091 hoc
1626 4027 1866 4106 facere,

367 4125 726 4189 dummodo
781 4125 990 4207 ipsum
1046 4126 1208 4189 Seba
1259 4126 1631 4190 seditiosum
1685 4128 1871 4191 dede-

1979 3151 2115 3205 erat
2161 3164 2353 3221 super
2396 3148 2737 3209 Ceretlzaeos
2783 3157 2843 3208 et
2882 3152 3291 3211 Pheletlzoeos.
3343 3147 3471 3211 Hoc
3504 3137 3569 3176 ¹⁸·

1981 3261 2173 3324 supra
2221 3242 2345 3305 fuit
2387 3230 2768 3326 expositum.
2803 3249 3105 3308 Aduram
3152 3267 3295 3308 vero
3338 3255 3473 3309 erat

1977 3362 2170 3419 super
2204 3344 2445 3403 tributa
2477 3342 2748 3406 levanda
2788 3345 2868 3408 ab
2897 3345 2999 3407 his
3029 3346 3141 3427 qui
3187 3344 3319 3426 regi
3351 3344 3470 3407 sub

1983 3439 2221 3503 tributo
2271 3441 2657 3504 serviebant.
2694 3446 2901 3505 Porro
2943 3448 3252 3522 Josaphat
3286 3448 3472 3523 filius
3525 3464 3736 3510 mmm.

1979 3540 2234 3600 Akilud
2272 3548 2475 3602 erata
2506 3545 3007 3605 commentariis.
3042 3544 3168 3606 Hoc
3213 3562 3469 3625 quoque

1981 3637 2273 3719 superius
2306 3639 2664 3720 expositum
2696 3648 2811 3701 est.
2844 3642 3043 3702 Siba*
3074 3652 3290 3702 autem
3319 3646 3470 3701 scri·
3538 3663 3555 3681 ·
3582 3662 3694 3706 siva

1980 3738 2080 3798 ba.
2117 3735 2319 3818 Supra
2348 3736 2654 3819 scriptum
2698 3746 2815 3814 est,
2850 3738 2926 3799 Et
2957 3739 3201 3801 Saraias
3234 3739 3461 3803 scriba.
3522 3760 3733 3804 mast-1.
3847 3828 3857 3833 ⁵

1978 3834 2154 3896 Unde
2186 3835 2285 3897 vir
2316 3836 2435 3897 iste
2456 3836 2708 3899 videtur
2740 3836 2937 3899 fuisse
2965 3837 3325 3916 binomius;
3350 3858 3467 3902 nec

1979 3942 2113 3996 erat
2143 3934 2293 3997 Siba
2321 3952 2542 3997 servus
2564 3934 3002 4017 Miphiboseth.
3022 3941 3234 3999 Sadoc
3250 3949 3467 3999 autem

1977 4044 2037 4094 et
2073 4036 2414 4107 Abiatliar,
2451 4039 2821 4098 sacerdotes,
2866 4040 2980 4098 Ira
3018 4047 3230 4098 autem
3267 4040 3469 4099 ‚lairi-

1982 4144 2093 4203 tes,
2124 4133 2246 4196 hoc
2294 4140 2411 4210 est,
2451 4134 2529 4197 de
2574 4134 2735 4199 urbe
2774 4154 2889 4198 sua
2936 4135 3023 4199 ita
3062 4136 3469 4216 cognomina-

368 4224 516 4287 ritis
566 4224 865 4286 manibus
928 4224 1185 4287 nostriS.
1243 4228 1390 4287 Non
1437 4228 1531 4285 sic
1575 4246 1638 4286 se
1685 4229 1869 4288 habet
1899 4236 1946 4297 D
1982 4238 2103 4307 tuS‚
2147 4232 2285 4308 fuit
2332 4236 2619 4292 sacerdos
2649 4235 2891 4305 David,
2927 4233 2992 4295 id
3033 4242 3130 4296 est
3172 4234 3467 4316 specialis

367 4345 492 4395 res,
527 4326 640 4383 sed
669 4324 854 4383 homo
883 4324 962 4383 de
1003 4333 1213 4384 monte
1241 4326 1569 4401 Ephraim
1601 4327 1763 4385 Seba
1792 4331 1870 4404 fi-

371 4426 507 4483 lius
558 4423 802 4483 Boclari
852 4424 1250 4499 coynomine,
1303 4425 1541 4483 levavit
1596 4443 1866 4485 manum

367 4542 562 4582 suam
589 4529 814 4581 contra
857 4539 1066 4597 reyem
1100 4523 1340 4583 David.
1382 4524 1643 4584 Tradite
1672 4526 1868 4583 illum

367 4622 604 4689 solum,
637 4628 698 4680 et
749 4622 1112 4679 recedemus
1161 4642 1202 4681 a
1248 4622 1529 4684 civitate.
1565 4621 1868 4696 Quocirca

365 4725 467 4781 est
497 4717 792 4799 quaestio,
816 4717 1092 4799 qualiter
1114 4717 1361 4781 dicatur
1380 4740 1520 4785 esse
1540 4722 1619 4785 de
1650 4729 1866 4785 monte

365 4817 696 4899 Ephraim,
731 4836 930 4898 quum
974 4815 1062 4878 sit
1102 4816 1366 4894 dictum,
1400 4820 1573 4900 quod
1623 4819 1745 4883 fuit
1786 4821 1864 4883 de

363 4914 701 4996 Beniamin
745 4914 940 4976 tribu.
975 4914 1434 4997 Respondetur,
1467 4918 1637 4999 quod
1683 4918 1864 4981 habi-

367 5013 529 5076 tavit
562 5011 628 5073 in
661 5021 879 5075 monte
908 5012 1233 5094 Ephraim.
1268 5017 1354 5075 Et
1383 5017 1480 5075 ait
1510 5018 1749 5077 mulier
1776 5022 1864 5079 act

361 5114 522 5173 Joab
552 5133 576 5172 .·
609 5114 769 5173 Ecce
808 5121 1002 5188 caput
1041 5114 1181 5188 ejus
1212 5115 1503 5173 mittetur
1533 5118 1620 5175 ad
1665 5126 1722 5176 te
1741 5136 1864 5193 per

366 5230 658 5271 murum.
707 5208 885 5272 Unde
929 5208 1202 5286 elicitur,
1250 5210 1420 5290 quod
1467 5210 1697 5274 mulier
1742 5213 1864 5275 ista

366 5306 690 5389 cognovit,
725 5305 826 5370 vel
859 5325 934 5370 ex
961 5306 1350 5371 revelatione
1377 5306 1616 5387 divina,
1651 5311 1755 5374 vel
1785 5330 1861 5375 ex

1978 4337 2042 4391 et
2072 4330 2368 4411 proprius
2400 4329 2539 4411 ejus
2571 4332 2864 4394 sacerdos
2906 4332 2971 4393 in
3004 4332 3341 4396 sacrificiis
3371 4333 3469 4397 of-

1980 4426 2285 4505 ferendiS,
2310 4437 2372 4491 et
2400 4429 2585 4511 quasi
2608 4429 2977 4512 capellanus
3009 4430 3364 4513 ipsius.Vel
3398 4440 3467 4494 ut

1976 4526 2240 4606 quidam
2270 4536 2611 4609 exponunt,
2648 4528 2790 4590 Fuit
2820 4531 3113 4593 sacerdos
3143 4530 3361 4608 David,
3402 4531 3463 4594 id

1976 4632 2071 4686 est
2101 4642 2367 4703 magnus
2400 4627 2567 4708 apud
2604 4646 2772 4703 cum,
2808 4629 3343 4709 quemadmodum
3373 4631 3465 4694 Jc-

1977 4721 2120 4785 thro
2169 4722 2402 4785 dicitur
2444 4724 2736 4787 sacerdos
2786 4724 3030 4788 Madian
3078 4727 3327 4804 suisse3
3374 4737 3463 4792 at-
3534 4751 3684 4796 exod.
3714 4766 3757 4803 ιι,

1973 4840 2100 4903 que
2157 4823 2257 4903 (ut
2307 4821 2527 4900 fertur,
2582 4824 2933 4886 secundum
2984 4824 3463 4910 Hieronymum)
3495 4818 3754 4870 ¹⁶³¹V¹¹¹’¹·

1975 4919 2098 4982 ruit
2143 4920 2445 5001 magister
2494 4920 2698 5004 ipsius
2744 4922 2930 5003 regiS‚
2966 4924 3046 4986 ad
3090 4926 3272 5008 cujus
3313 4945 3462 4991 con-

1972 5018 2188 5081 silium
2237 5019 2721 5101 corripiebatur.

2048 5118 2232 5181 Juxta
2280 5118 2618 5200 mysticum
2675 5118 3093 5199 intellectum,
3142 5142 3255 5205 per
3301 5124 3461 5187 Seba
3556 5146 3717 5188 Sensus

1972 5215 2180 5277 virum
2202 5216 2418 5293 Belial,
2440 5216 2885 5298 intelliguntur
2911 5219 3265 5284 turbatores
3296 5240 3461 5284 com·
3503 5208 3727 5263 ''Wfflm'''

1971 5312 2323 5390 munitatiS,
2367 5313 2637 5379 rebelles
2672 5323 2736 5379 et
2776 5315 3085 5395 seditiosi,
3129 5318 3241 5400 qui
3282 5318 3455 5383 sacili
