<?xml version="1.0" encoding="UTF-8"?>
<!DOCTYPE html PUBLIC "-//W3C//DTD XHTML 1.0 Transitional//EN"
    "http://www.w3.org/TR/xhtml1/DTD/xhtml1-transitional.dtd">
<html xmlns="http://www.w3.org/1999/xhtml" xml:lang="en" lang="en">
 <head>
  <title>
</title>
<meta http-equiv="Content-Type" content="text/html;charset=utf-8" />
  <meta name='ocr-system' content='tesseract 3.04.00' />
  <meta name='ocr-capabilities' content='ocr_page ocr_carea ocr_par ocr_line ocrx_word'/>
</head>
<body>
  <div class='ocr_page' id='page_1' title='image "./doctorisecstati02denigoog_0574.png"; bbox 0 0 4359 6250; ppageno 0'>
   <div class='ocr_carea' id='block_1_1' title="bbox 51 715 290 826">
    <p class='ocr_par' dir='ltr' id='par_1_1' title="bbox 51 715 290 826">
     <span class='ocr_line' id='line_1_1' title="bbox 91 715 250 756; baseline 0 0"><span class='ocrx_word' id='word_1_1' title='bbox 91 715 250 756; x_wconf 61' lang='lat' dir='ltr'>A&#39;mn.</span> 
     </span>
     <span class='ocr_line' id='line_1_2' title="bbox 51 781 290 826; baseline 0 -8"><span class='ocrx_word' id='word_1_2' title='bbox 51 789 204 826; x_wconf 75' lang='lat' dir='ltr'>mn,</span> <span class='ocrx_word' id='word_1_3' title='bbox 241 781 290 818; x_wconf 72' lang='lat'>&#39;1&#39;-</span> 
     </span>
    </p>
   </div>
   <div class='ocr_carea' id='block_1_2' title="bbox 939 517 2961 573">
    <p class='ocr_par' dir='ltr' id='par_1_2' title="bbox 939 517 2961 573">
     <span class='ocr_line' id='line_1_3' title="bbox 939 517 2961 573; baseline 0.001 -5"><span class='ocrx_word' id='word_1_4' title='bbox 939 520 1288 569; x_wconf 61' lang='lat' dir='ltr'>manuario</span> <span class='ocrx_word' id='word_1_5' title='bbox 1331 522 1572 573; x_wconf 60' lang='lat' dir='ltr'>mear.</span> <span class='ocrx_word' id='word_1_6' title='bbox 1620 519 1723 568; x_wconf 78' lang='lat' dir='ltr'>XV!</span> <span class='ocrx_word' id='word_1_7' title='bbox 1766 517 1924 568; x_wconf 75' lang='lat' dir='ltr'>unm</span> <span class='ocrx_word' id='word_1_8' title='bbox 1967 518 2218 568; x_wconf 71' lang='lat' dir='ltr'>ssscuNm</span> <span class='ocrx_word' id='word_1_9' title='bbox 2258 517 2482 570; x_wconf 68' lang='lat' dir='ltr'>amun.</span> <span class='ocrx_word' id='word_1_10' title='bbox 2528 543 2609 553; x_wconf 92' lang='lat'><strong>—</strong></span> <span class='ocrx_word' id='word_1_11' title='bbox 2648 523 2791 570; x_wconf 61' lang='lat' dir='ltr'>Ani.</span> <span class='ocrx_word' id='word_1_12' title='bbox 2838 519 2961 570; x_wconf 71' lang='lat' dir='ltr'>XXV</span> 
     </span>
    </p>
   </div>
   <div class='ocr_carea' id='block_1_3' title="bbox 3369 501 3483 571">
    <p class='ocr_par' dir='ltr' id='par_1_3' title="bbox 3369 501 3483 571">
     <span class='ocr_line' id='line_1_4' title="bbox 3369 501 3483 571; baseline 0 0"><span class='ocrx_word' id='word_1_13' title='bbox 3369 501 3483 571; x_wconf 68' lang='lat'>531</span> 
     </span>
    </p>
   </div>
   <div class='ocr_carea' id='block_1_4' title="bbox 381 692 3487 774">
    <p class='ocr_par' dir='ltr' id='par_1_4' title="bbox 381 692 3487 774">
     <span class='ocr_line' id='line_1_5' title="bbox 381 692 3487 774; baseline 0.002 -21"><span class='ocrx_word' id='word_1_14' title='bbox 381 695 984 772; x_wconf 84' lang='lat' dir='ltr'>quum-secundum</span> <span class='ocrx_word' id='word_1_15' title='bbox 1016 693 1222 774; x_wconf 83' lang='lat' dir='ltr'>legem</span> <span class='ocrx_word' id='word_1_16' title='bbox 1253 694 1351 759; x_wconf 91' lang='lat' dir='ltr'>vir</span> <span class='ocrx_word' id='word_1_17' title='bbox 1381 703 1446 758; x_wconf 88' lang='lat' dir='ltr'>et</span> <span class='ocrx_word' id='word_1_18' title='bbox 1471 711 1628 756; x_wconf 89' lang='lat' dir='ltr'>uxor</span> <span class='ocrx_word' id='word_1_19' title='bbox 1659 693 1892 756; x_wconf 91' lang='lat' dir='ltr'>debue-</span> <span class='ocrx_word' id='word_1_20' title='bbox 1923 692 1974 754; x_wconf 84' lang='lat' dir='ltr'><strong>A</strong></span> <span class='ocrx_word' id='word_1_21' title='bbox 1999 713 2170 765; x_wconf 87' lang='lat' dir='ltr'>eum,</span> <span class='ocrx_word' id='word_1_22' title='bbox 2205 707 2277 757; x_wconf 81' lang='lat' dir='ltr'>ut</span> <span class='ocrx_word' id='word_1_23' title='bbox 2308 698 2677 766; x_wconf 85' lang='lat' dir='ltr'>maledicat,</span> <span class='ocrx_word' id='word_1_24' title='bbox 2709 696 2829 759; x_wconf 87' lang='lat' dir='ltr'>hoc</span> <span class='ocrx_word' id='word_1_25' title='bbox 2857 704 2976 772; x_wconf 90' lang='lat' dir='ltr'>est,</span> <span class='ocrx_word' id='word_1_26' title='bbox 3013 713 3139 760; x_wconf 91' lang='lat' dir='ltr'>non</span> <span class='ocrx_word' id='word_1_27' title='bbox 3182 696 3487 760; x_wconf 76' lang='lat' dir='ltr'><strong>resistatis</strong></span> 
     </span>
    </p>
   </div>
   <div class='ocr_carea' id='block_1_5' title="bbox 373 789 1894 1460">
    <p class='ocr_par' dir='ltr' id='par_1_5' title="bbox 373 789 1894 1460">
     <span class='ocr_line' id='line_1_6' title="bbox 379 789 1891 873; baseline 0.003 -24"><span class='ocrx_word' id='word_1_28' title='bbox 379 789 526 851; x_wconf 71' lang='lat' dir='ltr'>rint</span> <span class='ocrx_word' id='word_1_29' title='bbox 553 791 636 853; x_wconf 88' lang='lat' dir='ltr'>de</span> <span class='ocrx_word' id='word_1_30' title='bbox 663 793 886 855; x_wconf 87' lang='lat' dir='ltr'>eadem</span> <span class='ocrx_word' id='word_1_31' title='bbox 919 811 1058 856; x_wconf 85' lang='lat' dir='ltr'>esse</span> <span class='ocrx_word' id='word_1_32' title='bbox 1089 793 1468 873; x_wconf 79' lang='lat' dir='ltr'>cognatione</span> <span class='ocrx_word' id='word_1_33' title='bbox 1498 801 1560 854; x_wconf 89' lang='lat' dir='ltr'>et</span> <span class='ocrx_word' id='word_1_34' title='bbox 1591 791 1776 854; x_wconf 90' lang='lat' dir='ltr'>tribu.</span> <span class='ocrx_word' id='word_1_35' title='bbox 1798 791 1891 854; x_wconf 85' lang='lat' dir='ltr'>Ad</span> 
     </span>
     <span class='ocr_line' id='line_1_7' title="bbox 375 890 1890 973; baseline 0.001 -23"><span class='ocrx_word' id='word_1_36' title='bbox 375 890 566 968; x_wconf 84' lang='lat' dir='ltr'>quod</span> <span class='ocrx_word' id='word_1_37' title='bbox 599 892 1042 972; x_wconf 87' lang='lat' dir='ltr'>respondetur,</span> <span class='ocrx_word' id='word_1_38' title='bbox 1063 893 1235 973; x_wconf 92' lang='lat' dir='ltr'>quod</span> <span class='ocrx_word' id='word_1_39' title='bbox 1267 891 1428 954; x_wconf 90' lang='lat' dir='ltr'>ratio</span> <span class='ocrx_word' id='word_1_40' title='bbox 1460 890 1634 953; x_wconf 90' lang='lat' dir='ltr'>illius</span> <span class='ocrx_word' id='word_1_41' title='bbox 1665 909 1890 973; x_wconf 82' lang='lat' dir='ltr'>praece-</span> 
     </span>
     <span class='ocr_line' id='line_1_8' title="bbox 379 987 1888 1072; baseline 0 -23"><span class='ocrx_word' id='word_1_42' title='bbox 379 987 487 1068; x_wconf 88' lang='lat' dir='ltr'>pti</span> <span class='ocrx_word' id='word_1_43' title='bbox 525 988 674 1066; x_wconf 84' lang='lat' dir='ltr'>ruit,</span> <span class='ocrx_word' id='word_1_44' title='bbox 708 1009 788 1053; x_wconf 91' lang='lat' dir='ltr'>ne</span> <span class='ocrx_word' id='word_1_45' title='bbox 825 991 894 1053; x_wconf 92' lang='lat' dir='ltr'>in</span> <span class='ocrx_word' id='word_1_46' title='bbox 933 1009 1102 1054; x_wconf 91' lang='lat' dir='ltr'>anno</span> <span class='ocrx_word' id='word_1_47' title='bbox 1137 991 1400 1072; x_wconf 87' lang='lat' dir='ltr'>jubilaeo</span> <span class='ocrx_word' id='word_1_48' title='bbox 1438 989 1626 1053; x_wconf 85' lang='lat' dir='ltr'>l&#39;ieret</span> <span class='ocrx_word' id='word_1_49' title='bbox 1663 988 1888 1053; x_wconf 83' lang='lat' dir='ltr'>confu-</span> 
     </span>
     <span class='ocr_line' id='line_1_9' title="bbox 373 1087 1886 1166; baseline 0.002 -19"><span class='ocrx_word' id='word_1_50' title='bbox 373 1087 488 1150; x_wconf 88' lang='lat' dir='ltr'>sio</span> <span class='ocrx_word' id='word_1_51' title='bbox 519 1089 813 1166; x_wconf 89' lang='lat' dir='ltr'>sortium,</span> <span class='ocrx_word' id='word_1_52' title='bbox 851 1089 1200 1153; x_wconf 87' lang='lat' dir='ltr'>hereditate</span> <span class='ocrx_word' id='word_1_53' title='bbox 1241 1089 1431 1152; x_wconf 90' lang='lat' dir='ltr'>unius</span> <span class='ocrx_word' id='word_1_54' title='bbox 1469 1088 1670 1151; x_wconf 89' lang='lat' dir='ltr'>tribus</span> <span class='ocrx_word' id='word_1_55' title='bbox 1700 1089 1886 1152; x_wconf 86' lang='lat' dir='ltr'>deve-</span> 
     </span>
     <span class='ocr_line' id='line_1_10' title="bbox 379 1185 1882 1270; baseline 0.001 -24"><span class='ocrx_word' id='word_1_56' title='bbox 379 1185 614 1249; x_wconf 88' lang='lat' dir='ltr'>niente</span> <span class='ocrx_word' id='word_1_57' title='bbox 651 1187 730 1250; x_wconf 88' lang='lat' dir='ltr'>ad</span> <span class='ocrx_word' id='word_1_58' title='bbox 770 1186 961 1251; x_wconf 89' lang='lat' dir='ltr'>aliam</span> <span class='ocrx_word' id='word_1_59' title='bbox 999 1207 1013 1250; x_wconf 93' lang='lat'><strong>:</strong></span> <span class='ocrx_word' id='word_1_60' title='bbox 1048 1189 1190 1252; x_wconf 89' lang='lat' dir='ltr'>ideo</span> <span class='ocrx_word' id='word_1_61' title='bbox 1229 1189 1530 1252; x_wconf 90' lang='lat' dir='ltr'>mulieres</span> <span class='ocrx_word' id='word_1_62' title='bbox 1569 1206 1714 1270; x_wconf 80' lang='lat' dir='ltr'>quae</span> <span class='ocrx_word' id='word_1_63' title='bbox 1755 1205 1882 1248; x_wconf 89' lang='lat' dir='ltr'>non</span> 
     </span>
     <span class='ocr_line' id='line_1_11' title="bbox 379 1286 1890 1368; baseline 0.001 -23"><span class='ocrx_word' id='word_1_64' title='bbox 379 1286 825 1349; x_wconf 77' lang='lat' dir='ltr'>succedebant</span> <span class='ocrx_word' id='word_1_65' title='bbox 867 1287 932 1349; x_wconf 91' lang='lat' dir='ltr'>in</span> <span class='ocrx_word' id='word_1_66' title='bbox 982 1287 1334 1350; x_wconf 85' lang='lat' dir='ltr'>hereditate</span> <span class='ocrx_word' id='word_1_67' title='bbox 1383 1294 1668 1368; x_wconf 89' lang='lat' dir='ltr'>paterna,</span> <span class='ocrx_word' id='word_1_68' title='bbox 1718 1291 1890 1366; x_wconf 85' lang='lat' dir='ltr'>pote-</span> 
     </span>
     <span class='ocr_line' id='line_1_12' title="bbox 385 1383 1894 1460; baseline 0.001 -17"><span class='ocrx_word' id='word_1_69' title='bbox 385 1391 542 1445; x_wconf 84' lang='lat' dir='ltr'>rant</span> <span class='ocrx_word' id='word_1_70' title='bbox 570 1384 808 1447; x_wconf 83' lang='lat' dir='ltr'>ducere</span> <span class='ocrx_word' id='word_1_71' title='bbox 845 1386 1020 1448; x_wconf 88' lang='lat' dir='ltr'>viros</span> <span class='ocrx_word' id='word_1_72' title='bbox 1061 1385 1324 1448; x_wconf 89' lang='lat' dir='ltr'>alterius</span> <span class='ocrx_word' id='word_1_73' title='bbox 1367 1384 1593 1460; x_wconf 84' lang='lat' dir='ltr'>tribuS,</span> <span class='ocrx_word' id='word_1_74' title='bbox 1627 1383 1794 1446; x_wconf 91' lang='lat' dir='ltr'>sicut</span> <span class='ocrx_word' id='word_1_75' title='bbox 1831 1391 1894 1445; x_wconf 90' lang='lat' dir='ltr'>et</span> 
     </span>
    </p>
   </div>
   <div class='ocr_carea' id='block_1_6' title="bbox 55 1480 1894 1582">
    <p class='ocr_par' dir='ltr' id='par_1_6' title="bbox 55 1480 1894 1582">
     <span class='ocr_line' id='line_1_13' title="bbox 55 1480 1894 1582; baseline -0.003 -36"><span class='ocrx_word' id='word_1_76' title='bbox 55 1493 344 1582; x_wconf 49' lang='lat' dir='ltr'>{fiee-um.</span> <span class='ocrx_word' id='word_1_77' title='bbox 387 1481 595 1545; x_wconf 91' lang='lat' dir='ltr'>David</span> <span class='ocrx_word' id='word_1_78' title='bbox 628 1484 707 1546; x_wconf 92' lang='lat' dir='ltr'>de</span> <span class='ocrx_word' id='word_1_79' title='bbox 739 1483 909 1547; x_wconf 90' lang='lat' dir='ltr'>tribu</span> <span class='ocrx_word' id='word_1_80' title='bbox 934 1484 1118 1560; x_wconf 77' lang='lat' dir='ltr'>Juda,</span> <span class='ocrx_word' id='word_1_81' title='bbox 1159 1483 1382 1546; x_wconf 85' lang='lat' dir='ltr'><strong>habuit</strong></span> <span class='ocrx_word' id='word_1_82' title='bbox 1422 1483 1759 1565; x_wconf 85' lang='lat' dir='ltr'>conjugem</span> <span class='ocrx_word' id='word_1_83' title='bbox 1791 1480 1894 1542; x_wconf 82' lang='lat' dir='ltr'>Mi-</span> 
     </span>
    </p>
   </div>
   <div class='ocr_carea' id='block_1_7' title="bbox 383 1580 1896 1858">
    <p class='ocr_par' dir='ltr' id='par_1_7' title="bbox 383 1580 1896 1858">
     <span class='ocr_line' id='line_1_14' title="bbox 383 1580 1248 1664; baseline 0.002 -22"><span class='ocrx_word' id='word_1_84' title='bbox 383 1580 540 1643; x_wconf 85' lang='lat' dir='ltr'>chol</span> <span class='ocrx_word' id='word_1_85' title='bbox 577 1582 658 1644; x_wconf 89' lang='lat' dir='ltr'>de</span> <span class='ocrx_word' id='word_1_86' title='bbox 685 1582 1018 1664; x_wconf 87' lang='lat' dir='ltr'>Benjamin</span> <span class='ocrx_word' id='word_1_87' title='bbox 1052 1583 1248 1646; x_wconf 88' lang='lat' dir='ltr'>tribu.</span> 
     </span>
     <span class='ocr_line' id='line_1_15' title="bbox 474 1677 1895 1760; baseline -0.001 -22"><span class='ocrx_word' id='word_1_88' title='bbox 474 1677 698 1758; x_wconf 83' lang='lat' dir='ltr'>Itaque</span> <span class='ocrx_word' id='word_1_89' title='bbox 741 1677 970 1756; x_wconf 90' lang='lat' dir='ltr'>Semei‚</span> <span class='ocrx_word' id='word_1_90' title='bbox 1004 1697 1198 1760; x_wconf 91' lang='lat' dir='ltr'>quem</span> <span class='ocrx_word' id='word_1_91' title='bbox 1235 1678 1481 1742; x_wconf 79' lang='lat' dir='ltr'>Hebraei</span> <span class='ocrx_word' id='word_1_92' title='bbox 1526 1677 1895 1740; x_wconf 78' lang='lat' dir='ltr'><strong>fabulantur</strong></span> 
     </span>
     <span class='ocr_line' id='line_1_16' title="bbox 387 1773 1896 1858; baseline 0.001 -23"><span class='ocrx_word' id='word_1_93' title='bbox 387 1773 602 1838; x_wconf 80' lang='lat' dir='ltr'>fuisse</span> <span class='ocrx_word' id='word_1_94' title='bbox 632 1775 834 1839; x_wconf 88' lang='lat' dir='ltr'>Nabat</span> <span class='ocrx_word' id='word_1_95' title='bbox 863 1785 1107 1858; x_wconf 91' lang='lat' dir='ltr'>patrem</span> <span class='ocrx_word' id='word_1_96' title='bbox 1138 1777 1582 1853; x_wconf 88' lang='lat' dir='ltr'>Jeroboam,ut</span> <span class='ocrx_word' id='word_1_97' title='bbox 1612 1777 1676 1838; x_wconf 91' lang='lat' dir='ltr'>in</span> <span class='ocrx_word' id='word_1_98' title='bbox 1709 1775 1896 1838; x_wconf 83' lang='lat' dir='ltr'>Sebo-</span> 
     </span>
    </p>
   </div>
   <div class='ocr_carea' id='block_1_8' title="bbox 1999 792 3497 1860">
    <p class='ocr_par' dir='ltr' id='par_1_8' title="bbox 1999 792 3497 1860">
     <span class='ocr_line' id='line_1_17' title="bbox 2001 792 3486 877; baseline 0.004 -24"><span class='ocrx_word' id='word_1_99' title='bbox 2001 792 2381 870; x_wconf 87' lang='lat' dir='ltr'>inordinate,</span> <span class='ocrx_word' id='word_1_100' title='bbox 2418 813 2533 857; x_wconf 92' lang='lat' dir='ltr'>nec</span> <span class='ocrx_word' id='word_1_101' title='bbox 2574 794 2936 877; x_wconf 89' lang='lat' dir='ltr'>impediatis</span> <span class='ocrx_word' id='word_1_102' title='bbox 2976 793 3160 872; x_wconf 91' lang='lat' dir='ltr'>illud,</span> <span class='ocrx_word' id='word_1_103' title='bbox 3188 794 3253 858; x_wconf 92' lang='lat' dir='ltr'>in</span> <span class='ocrx_word' id='word_1_104' title='bbox 3283 815 3486 877; x_wconf 91' lang='lat' dir='ltr'>quan-</span> 
     </span>
     <span class='ocr_line' id='line_1_18' title="bbox 2001 892 3486 975; baseline 0.003 -23"><span class='ocrx_word' id='word_1_105' title='bbox 2001 899 2133 952; x_wconf 91' lang='lat' dir='ltr'>tum</span> <span class='ocrx_word' id='word_1_106' title='bbox 2166 901 2263 954; x_wconf 88' lang='lat' dir='ltr'>est</span> <span class='ocrx_word' id='word_1_107' title='bbox 2290 893 2527 955; x_wconf 89' lang='lat' dir='ltr'>malum</span> <span class='ocrx_word' id='word_1_108' title='bbox 2564 892 2815 975; x_wconf 89' lang='lat' dir='ltr'>poenale</span> <span class='ocrx_word' id='word_1_109' title='bbox 2856 912 2969 975; x_wconf 91' lang='lat' dir='ltr'>per</span> <span class='ocrx_word' id='word_1_110' title='bbox 3009 902 3367 975; x_wconf 88' lang='lat' dir='ltr'>respectum</span> <span class='ocrx_word' id='word_1_111' title='bbox 3407 893 3486 957; x_wconf 91' lang='lat' dir='ltr'>ad</span> 
     </span>
     <span class='ocr_line' id='line_1_19' title="bbox 1999 991 3487 1076; baseline 0.003 -24"><span class='ocrx_word' id='word_1_112' title='bbox 1999 1010 2122 1066; x_wconf 90' lang='lat' dir='ltr'>me,</span> <span class='ocrx_word' id='word_1_113' title='bbox 2158 991 2313 1073; x_wconf 85' lang='lat' dir='ltr'>quia</span> <span class='ocrx_word' id='word_1_114' title='bbox 2348 992 2859 1074; x_wconf 84' lang='lat' dir='ltr'>aspernationem</span> <span class='ocrx_word' id='word_1_115' title='bbox 2908 993 3093 1055; x_wconf 89' lang='lat' dir='ltr'>istam</span> <span class='ocrx_word' id='word_1_116' title='bbox 3142 994 3487 1076; x_wconf 83' lang='lat' dir='ltr'>promerui.</span> 
     </span>
     <span class='ocr_line' id='line_1_20' title="bbox 2001 1093 3489 1170; baseline 0.003 -20"><span class='ocrx_word' id='word_1_117' title='bbox 2001 1093 2319 1152; x_wconf 89' lang='lat' dir='ltr'>Dominus</span> <span class='ocrx_word' id='word_1_118' title='bbox 2344 1095 2522 1153; x_wconf 89' lang='lat' dir='ltr'>enim</span> <span class='ocrx_word' id='word_1_119' title='bbox 2549 1093 2849 1170; x_wconf 71' lang='lat' dir='ltr'>praecepit</span> <span class='ocrx_word' id='word_1_120' title='bbox 2878 1093 2941 1151; x_wconf 90' lang='lat' dir='ltr'>ei</span> <span class='ocrx_word' id='word_1_121' title='bbox 2970 1103 3043 1153; x_wconf 90' lang='lat' dir='ltr'>ut</span> <span class='ocrx_word' id='word_1_122' title='bbox 3084 1096 3489 1154; x_wconf 86' lang='lat' dir='ltr'>malediceret</span> 
     </span>
     <span class='ocr_line' id='line_1_21' title="bbox 2000 1191 3493 1271; baseline 0.002 -23"><span class='ocrx_word' id='word_1_123' title='bbox 2000 1191 2241 1250; x_wconf 86' lang='lat' dir='ltr'>David.</span> <span class='ocrx_word' id='word_1_124' title='bbox 2268 1192 2349 1250; x_wconf 81' lang='grc' dir='ltr'>Ει</span> <span class='ocrx_word' id='word_1_125' title='bbox 2380 1191 2527 1267; x_wconf 87' lang='lat' dir='ltr'>quis</span> <span class='ocrx_word' id='word_1_126' title='bbox 2554 1199 2645 1250; x_wconf 89' lang='lat' dir='ltr'>est</span> <span class='ocrx_word' id='word_1_127' title='bbox 2673 1192 2793 1268; x_wconf 88' lang='lat' dir='ltr'>qui</span> <span class='ocrx_word' id='word_1_128' title='bbox 2821 1193 3057 1252; x_wconf 87' lang='lat' dir='ltr'>audeat</span> <span class='ocrx_word' id='word_1_129' title='bbox 3088 1192 3327 1260; x_wconf 84' lang='lat' dir='ltr'>dicere,</span> <span class='ocrx_word' id='word_1_130' title='bbox 3340 1211 3493 1271; x_wconf 88' lang='lat' dir='ltr'>qua-</span> 
     </span>
     <span class='ocr_line' id='line_1_22' title="bbox 2002 1289 3494 1364; baseline 0.003 -18"><span class='ocrx_word' id='word_1_131' title='bbox 2002 1307 2070 1346; x_wconf 82' lang='lat' dir='ltr'>re</span> <span class='ocrx_word' id='word_1_132' title='bbox 2097 1289 2191 1346; x_wconf 88' lang='lat' dir='ltr'>sic</span> <span class='ocrx_word' id='word_1_133' title='bbox 2218 1289 2486 1364; x_wconf 80' lang='lat' dir='ltr'>fecerit?</span> <span class='ocrx_word' id='word_1_134' title='bbox 2503 1290 2833 1349; x_wconf 80' lang='lat' dir='ltr'>Dimittite</span> <span class='ocrx_word' id='word_1_135' title='bbox 2860 1309 3034 1359; x_wconf 89' lang='lat' dir='ltr'>eum,</span> <span class='ocrx_word' id='word_1_136' title='bbox 3050 1300 3122 1350; x_wconf 89' lang='lat' dir='ltr'>ut</span> <span class='ocrx_word' id='word_1_137' title='bbox 3147 1291 3494 1350; x_wconf 88' lang='lat' dir='ltr'>maledicat</span> 
     </span>
     <span class='ocr_line' id='line_1_23' title="bbox 2003 1386 3495 1464; baseline 0.002 -19"><span class='ocrx_word' id='word_1_138' title='bbox 2003 1386 2171 1446; x_wconf 74' lang='lat' dir='ltr'>milti</span> <span class='ocrx_word' id='word_1_139' title='bbox 2202 1387 2412 1463; x_wconf 74' lang='lat' dir='ltr'>juxta</span> <span class='ocrx_word' id='word_1_140' title='bbox 2452 1397 2847 1463; x_wconf 63' lang='lat' dir='ltr'>praeceptum</span> <span class='ocrx_word' id='word_1_141' title='bbox 2890 1388 3180 1460; x_wconf 82' lang='lat' dir='ltr'>Domini,</span> <span class='ocrx_word' id='word_1_142' title='bbox 3229 1390 3289 1447; x_wconf 87' lang='lat' dir='ltr'>si</span> <span class='ocrx_word' id='word_1_143' title='bbox 3328 1390 3495 1464; x_wconf 83' lang='lat' dir='ltr'>forte</span> 
     </span>
     <span class='ocr_line' id='line_1_24' title="bbox 2005 1486 3495 1562; baseline 0.004 -20"><span class='ocrx_word' id='word_1_144' title='bbox 2005 1486 2309 1562; x_wconf 78' lang='lat' dir='ltr'>respiciat</span> <span class='ocrx_word' id='word_1_145' title='bbox 2339 1487 2655 1545; x_wconf 81' lang='lat' dir='ltr'>Dominus</span> <span class='ocrx_word' id='word_1_146' title='bbox 2698 1488 3109 1562; x_wconf 82' lang='lat' dir='ltr'>afflictionem</span> <span class='ocrx_word' id='word_1_147' title='bbox 3156 1507 3387 1558; x_wconf 88' lang='lat' dir='ltr'>meam,</span> <span class='ocrx_word' id='word_1_148' title='bbox 3431 1486 3495 1548; x_wconf 88' lang='lat' dir='ltr'>id</span> 
     </span>
     <span class='ocr_line' id='line_1_25' title="bbox 2005 1583 3497 1666; baseline 0.001 -22"><span class='ocrx_word' id='word_1_149' title='bbox 2005 1589 2121 1658; x_wconf 88' lang='lat' dir='ltr'>est,</span> <span class='ocrx_word' id='word_1_150' title='bbox 2155 1591 2471 1664; x_wconf 87' lang='lat' dir='ltr'>quatenus</span> <span class='ocrx_word' id='word_1_151' title='bbox 2504 1583 2668 1644; x_wconf 87' lang='lat' dir='ltr'>Deus</span> <span class='ocrx_word' id='word_1_152' title='bbox 2702 1583 3001 1663; x_wconf 81' lang='lat' dir='ltr'>dignetur</span> <span class='ocrx_word' id='word_1_153' title='bbox 3031 1593 3356 1666; x_wconf 86' lang='lat' dir='ltr'>acceptam</span> <span class='ocrx_word' id='word_1_154' title='bbox 3389 1585 3497 1646; x_wconf 91' lang='lat' dir='ltr'>ha-</span> 
     </span>
     <span class='ocr_line' id='line_1_26' title="bbox 2008 1679 3497 1763; baseline 0.002 -21"><span class='ocrx_word' id='word_1_155' title='bbox 2008 1679 2156 1743; x_wconf 91' lang='lat' dir='ltr'>bere</span> <span class='ocrx_word' id='word_1_156' title='bbox 2193 1681 2587 1762; x_wconf 89' lang='lat' dir='ltr'>patientiam,</span> <span class='ocrx_word' id='word_1_157' title='bbox 2627 1701 2755 1763; x_wconf 87' lang='lat' dir='ltr'>qua</span> <span class='ocrx_word' id='word_1_158' title='bbox 2798 1683 3067 1746; x_wconf 88' lang='lat' dir='ltr'>adversa</span> <span class='ocrx_word' id='word_1_159' title='bbox 3106 1682 3241 1746; x_wconf 83' lang='lat' dir='ltr'>haec</span> <span class='ocrx_word' id='word_1_160' title='bbox 3280 1683 3497 1746; x_wconf 90' lang='lat' dir='ltr'>omnia</span> 
     </span>
     <span class='ocr_line' id='line_1_27' title="bbox 2001 1779 3493 1860; baseline 0.002 -20"><span class='ocrx_word' id='word_1_161' title='bbox 2001 1779 2449 1860; x_wconf 62' lang='lat' dir='ltr'>{equanimiter</span> <span class='ocrx_word' id='word_1_162' title='bbox 2478 1780 2699 1856; x_wconf 84' lang='lat' dir='ltr'>tolero,</span> <span class='ocrx_word' id='word_1_163' title='bbox 2717 1791 2776 1841; x_wconf 90' lang='lat' dir='ltr'>et</span> <span class='ocrx_word' id='word_1_164' title='bbox 2797 1785 3026 1842; x_wconf 82' lang='lat' dir='ltr'>reddat</span> <span class='ocrx_word' id='word_1_165' title='bbox 3050 1783 3214 1843; x_wconf 67' lang='lat' dir='ltr'>milii</span> <span class='ocrx_word' id='word_1_166' title='bbox 3232 1785 3493 1853; x_wconf 88' lang='lat' dir='ltr'>bonum,</span> 
     </span>
    </p>
   </div>
   <div class='ocr_carea' id='block_1_9' title="bbox 383 1869 3497 1960">
    <p class='ocr_par' dir='ltr' id='par_1_9' title="bbox 383 1869 3497 1960">
     <span class='ocr_line' id='line_1_28' title="bbox 383 1869 3497 1960; baseline 0.003 -25"><span class='ocrx_word' id='word_1_167' title='bbox 383 1873 622 1937; x_wconf 88' lang='lat' dir='ltr'>lastica</span> <span class='ocrx_word' id='word_1_168' title='bbox 656 1873 860 1938; x_wconf 81' lang='lat' dir='ltr'>fertur</span> <span class='ocrx_word' id='word_1_169' title='bbox 892 1874 1178 1954; x_wconf 89' lang='lat' dir='ltr'>historia,</span> <span class='ocrx_word' id='word_1_170' title='bbox 1197 1879 1698 1954; x_wconf 79' lang='lat' dir='ltr'>procedebatque</span> <span class='ocrx_word' id='word_1_171' title='bbox 1727 1896 1893 1952; x_wconf 75' lang='lat' dir='ltr'>eqre-</span> <span class='ocrx_word' id='word_1_172' title='bbox 1931 1869 1977 1930; x_wconf 91' lang='lat' dir='ltr'>B</span> <span class='ocrx_word' id='word_1_173' title='bbox 2004 1877 2068 1938; x_wconf 91' lang='lat' dir='ltr'>id</span> <span class='ocrx_word' id='word_1_174' title='bbox 2089 1886 2188 1940; x_wconf 90' lang='lat' dir='ltr'>est</span> <span class='ocrx_word' id='word_1_175' title='bbox 2208 1878 2457 1940; x_wconf 83' lang='lat' dir='ltr'>veniam</span> <span class='ocrx_word' id='word_1_176' title='bbox 2491 1886 2553 1940; x_wconf 91' lang='lat' dir='ltr'>et</span> <span class='ocrx_word' id='word_1_177' title='bbox 2580 1877 2867 1957; x_wconf 85' lang='lat' dir='ltr'>gratiam,</span> <span class='ocrx_word' id='word_1_178' title='bbox 2886 1879 3321 1942; x_wconf 91' lang='lat' dir='ltr'>reductionem</span> <span class='ocrx_word' id='word_1_179' title='bbox 3342 1898 3497 1960; x_wconf 91' lang='lat' dir='ltr'>quo-</span> 
     </span>
    </p>
   </div>
   <div class='ocr_carea' id='block_1_10' title="bbox 371 1975 1897 3039">
    <p class='ocr_par' dir='ltr' id='par_1_10' title="bbox 371 1975 1897 3039">
     <span class='ocr_line' id='line_1_29' title="bbox 380 1975 1892 2054; baseline -0.001 -21"><span class='ocrx_word' id='word_1_180' title='bbox 380 1975 582 2034; x_wconf 82' lang='lat' dir='ltr'>diens</span> <span class='ocrx_word' id='word_1_181' title='bbox 623 1983 683 2036; x_wconf 86' lang='lat' dir='ltr'>et</span> <span class='ocrx_word' id='word_1_182' title='bbox 721 1977 1163 2046; x_wconf 79' lang='lat' dir='ltr'>maledicebat,</span> <span class='ocrx_word' id='word_1_183' title='bbox 1197 1977 1606 2054; x_wconf 73' lang='lat' dir='ltr'>mittebatque</span> <span class='ocrx_word' id='word_1_184' title='bbox 1646 1975 1892 2052; x_wconf 79' lang='lat' dir='ltr'>lapides</span> 
     </span>
     <span class='ocr_line' id='line_1_30' title="bbox 381 2075 1893 2144; baseline 0 -12"><span class='ocrx_word' id='word_1_185' title='bbox 381 2083 623 2133; x_wconf 80' lang='lat' dir='ltr'>contra</span> <span class='ocrx_word' id='word_1_186' title='bbox 665 2075 908 2144; x_wconf 85' lang='lat' dir='ltr'>David,</span> <span class='ocrx_word' id='word_1_187' title='bbox 940 2084 1001 2134; x_wconf 91' lang='lat' dir='ltr'>et</span> <span class='ocrx_word' id='word_1_188' title='bbox 1043 2085 1269 2135; x_wconf 82' lang='lat' dir='ltr'>contra</span> <span class='ocrx_word' id='word_1_189' title='bbox 1317 2075 1646 2134; x_wconf 86' lang='lat' dir='ltr'>universos</span> <span class='ocrx_word' id='word_1_190' title='bbox 1683 2091 1893 2133; x_wconf 87' lang='lat' dir='ltr'>servos</span> 
     </span>
     <span class='ocr_line' id='line_1_31' title="bbox 381 2172 1895 2249; baseline -0.003 -17"><span class='ocrx_word' id='word_1_191' title='bbox 381 2174 565 2248; x_wconf 73' lang='lat' dir='ltr'>reyis</span> <span class='ocrx_word' id='word_1_192' title='bbox 595 2174 840 2234; x_wconf 83' lang='lat' dir='ltr'>David.</span> <span class='ocrx_word' id='word_1_193' title='bbox 861 2175 1086 2236; x_wconf 86' lang='lat' dir='ltr'>Omnis</span> <span class='ocrx_word' id='word_1_194' title='bbox 1113 2182 1328 2233; x_wconf 88' lang='lat' dir='ltr'>autem</span> <span class='ocrx_word' id='word_1_195' title='bbox 1351 2175 1634 2249; x_wconf 82' lang='lat' dir='ltr'>populus</span> <span class='ocrx_word' id='word_1_196' title='bbox 1662 2181 1722 2232; x_wconf 92' lang='lat' dir='ltr'>et</span> <span class='ocrx_word' id='word_1_197' title='bbox 1751 2172 1895 2232; x_wconf 87' lang='lat' dir='ltr'>uni-</span> 
     </span>
     <span class='ocr_line' id='line_1_32' title="bbox 383 2271 1894 2332; baseline -0.001 -2"><span class='ocrx_word' id='word_1_198' title='bbox 383 2272 568 2330; x_wconf 84' lang='lat' dir='ltr'>versi</span> <span class='ocrx_word' id='word_1_199' title='bbox 593 2273 926 2331; x_wconf 82' lang='lat' dir='ltr'>bellatores</span> <span class='ocrx_word' id='word_1_200' title='bbox 956 2293 996 2332; x_wconf 91' lang='lat' dir='ltr'>a</span> <span class='ocrx_word' id='word_1_201' title='bbox 1025 2274 1252 2332; x_wconf 75' lang='lat' dir='ltr'>dextro</span> <span class='ocrx_word' id='word_1_202' title='bbox 1281 2279 1342 2330; x_wconf 91' lang='lat' dir='ltr'>et</span> <span class='ocrx_word' id='word_1_203' title='bbox 1369 2292 1411 2330; x_wconf 92' lang='lat' dir='ltr'>a</span> <span class='ocrx_word' id='word_1_204' title='bbox 1441 2271 1706 2330; x_wconf 87' lang='lat' dir='ltr'>sinistro</span> <span class='ocrx_word' id='word_1_205' title='bbox 1741 2273 1894 2330; x_wconf 89' lang='lat' dir='ltr'>late-</span> 
     </span>
     <span class='ocr_line' id='line_1_33' title="bbox 385 2371 1893 2448; baseline -0.001 -20"><span class='ocrx_word' id='word_1_206' title='bbox 385 2389 462 2428; x_wconf 89' lang='lat' dir='ltr'>re</span> <span class='ocrx_word' id='word_1_207' title='bbox 489 2371 666 2446; x_wconf 72' lang='lat' dir='ltr'>reyis</span> <span class='ocrx_word' id='word_1_208' title='bbox 696 2371 1091 2431; x_wconf 80' lang='lat' dir='ltr'>incedebant.</span> <span class='ocrx_word' id='word_1_209' title='bbox 1126 2372 1234 2430; x_wconf 89' lang='lat' dir='ltr'>Ita</span> <span class='ocrx_word' id='word_1_210' title='bbox 1264 2379 1480 2430; x_wconf 88' lang='lat' dir='ltr'>autem</span> <span class='ocrx_word' id='word_1_211' title='bbox 1515 2371 1893 2448; x_wconf 81' lang='lat' dir='ltr'>loquebatur</span> 
     </span>
     <span class='ocr_line' id='line_1_34' title="bbox 385 2469 1892 2547; baseline -0.003 -19"><span class='ocrx_word' id='word_1_212' title='bbox 385 2470 616 2528; x_wconf 87' lang='lat' dir='ltr'>Semei</span> <span class='ocrx_word' id='word_1_213' title='bbox 641 2487 844 2547; x_wconf 87' lang='lat' dir='ltr'>quum</span> <span class='ocrx_word' id='word_1_214' title='bbox 883 2469 1290 2528; x_wconf 87' lang='lat' dir='ltr'>malediceret</span> <span class='ocrx_word' id='word_1_215' title='bbox 1333 2469 1472 2544; x_wconf 75' lang='lat' dir='ltr'>reqi</span> <span class='ocrx_word' id='word_1_216' title='bbox 1491 2487 1514 2525; x_wconf 93' lang='lat'>.·</span> <span class='ocrx_word' id='word_1_217' title='bbox 1543 2469 1892 2543; x_wconf 74' lang='lat' dir='ltr'>E&#39;qredere,</span> 
     </span>
     <span class='ocr_line' id='line_1_35' title="bbox 383 2562 1892 2645; baseline -0.001 -20"><span class='ocrx_word' id='word_1_218' title='bbox 383 2569 714 2642; x_wconf 71' lang='lat' dir='ltr'>eyredere.</span> <span class='ocrx_word' id='word_1_219' title='bbox 767 2565 895 2628; x_wconf 85' lang='lat' dir='ltr'>Hoc</span> <span class='ocrx_word' id='word_1_220' title='bbox 944 2565 1105 2628; x_wconf 84' lang='lat' dir='ltr'>dixit</span> <span class='ocrx_word' id='word_1_221' title='bbox 1153 2563 1660 2640; x_wconf 86' lang='lat' dir='ltr'>subsannatorie,</span> <span class='ocrx_word' id='word_1_222' title='bbox 1709 2562 1892 2645; x_wconf 85' lang='lat' dir='ltr'>quasi</span> 
     </span>
     <span class='ocr_line' id='line_1_36' title="bbox 371 2662 1896 2746; baseline -0.002 -20"><span class='ocrx_word' id='word_1_223' title='bbox 371 2665 658 2741; x_wconf 79' lang='lat' dir='ltr'>diceret,</span> <span class='ocrx_word' id='word_1_224' title='bbox 702 2662 942 2744; x_wconf 88' lang='lat' dir='ltr'>Dignus</span> <span class='ocrx_word' id='word_1_225' title='bbox 982 2683 1052 2726; x_wconf 92' lang='lat' dir='ltr'>es</span> <span class='ocrx_word' id='word_1_226' title='bbox 1095 2664 1509 2746; x_wconf 84' lang='lat' dir='ltr'>expulsione3</span> <span class='ocrx_word' id='word_1_227' title='bbox 1557 2671 1620 2725; x_wconf 92' lang='lat' dir='ltr'>et</span> <span class='ocrx_word' id='word_1_228' title='bbox 1665 2662 1896 2744; x_wconf 85' lang='lat' dir='ltr'>repeti-</span> 
     </span>
     <span class='ocr_line' id='line_1_37' title="bbox 393 2761 1897 2826; baseline -0.002 -2"><span class='ocrx_word' id='word_1_229' title='bbox 393 2762 486 2826; x_wconf 87' lang='lat' dir='ltr'>tio</span> <span class='ocrx_word' id='word_1_230' title='bbox 517 2761 646 2825; x_wconf 82' lang='lat' dir='ltr'>fuit</span> <span class='ocrx_word' id='word_1_231' title='bbox 675 2761 1189 2826; x_wconf 81' lang='lat' dir='ltr'>confirmationis</span> <span class='ocrx_word' id='word_1_232' title='bbox 1223 2761 1554 2825; x_wconf 91' lang='lat' dir='ltr'>indicium.</span> <span class='ocrx_word' id='word_1_233' title='bbox 1607 2764 1720 2822; x_wconf 83' lang='lat' dir='ltr'>Vir</span> <span class='ocrx_word' id='word_1_234' title='bbox 1747 2783 1897 2822; x_wconf 87' lang='lat' dir='ltr'>san-</span> 
     </span>
     <span class='ocr_line' id='line_1_38' title="bbox 379 2859 1895 2943; baseline 0 -23"><span class='ocrx_word' id='word_1_235' title='bbox 379 2863 700 2938; x_wconf 64' lang='lat' dir='ltr'>guinum,</span> <span class='ocrx_word' id='word_1_236' title='bbox 727 2860 848 2923; x_wconf 91' lang='lat' dir='ltr'>hoc</span> <span class='ocrx_word' id='word_1_237' title='bbox 877 2868 974 2923; x_wconf 88' lang='lat' dir='ltr'>est</span> <span class='ocrx_word' id='word_1_238' title='bbox 999 2861 1294 2943; x_wconf 90' lang='lat' dir='ltr'>copiosus</span> <span class='ocrx_word' id='word_1_239' title='bbox 1327 2859 1394 2920; x_wconf 88' lang='lat' dir='ltr'>in</span> <span class='ocrx_word' id='word_1_240' title='bbox 1427 2859 1812 2937; x_wconf 77' lang='lat' dir='ltr'>homicidiiS‚</span> <span class='ocrx_word' id='word_1_241' title='bbox 1835 2869 1895 2920; x_wconf 84' lang='lat' dir='ltr'>et</span> 
     </span>
     <span class='ocr_line' id='line_1_39' title="bbox 390 2958 1893 3039; baseline 0.001 -21"><span class='ocrx_word' id='word_1_242' title='bbox 390 2961 502 3018; x_wconf 81' lang='lat' dir='ltr'>vir</span> <span class='ocrx_word' id='word_1_243' title='bbox 531 2961 776 3030; x_wconf 84' lang='lat' dir='ltr'>Belial,</span> <span class='ocrx_word' id='word_1_244' title='bbox 809 2958 874 3021; x_wconf 93' lang='lat' dir='ltr'>id</span> <span class='ocrx_word' id='word_1_245' title='bbox 905 2967 1002 3022; x_wconf 89' lang='lat' dir='ltr'>est</span> <span class='ocrx_word' id='word_1_246' title='bbox 1041 2959 1180 3021; x_wconf 88' lang='lat' dir='ltr'>sine</span> <span class='ocrx_word' id='word_1_247' title='bbox 1212 2959 1366 3039; x_wconf 89' lang='lat' dir='ltr'>jugo</span> <span class='ocrx_word' id='word_1_248' title='bbox 1401 2958 1666 3022; x_wconf 89' lang='lat' dir='ltr'>rationis</span> <span class='ocrx_word' id='word_1_249' title='bbox 1703 2967 1893 3039; x_wconf 90' lang='lat' dir='ltr'>atque</span> 
     </span>
    </p>
   </div>
   <div class='ocr_carea' id='block_1_11' title="bbox 379 3159 1897 4223">
    <p class='ocr_par' dir='ltr' id='par_1_11' title="bbox 379 3159 1897 4128">
     <span class='ocr_line' id='line_1_40' title="bbox 391 3159 1895 3235; baseline -0.002 -18"><span class='ocrx_word' id='word_1_250' title='bbox 391 3160 462 3217; x_wconf 83' lang='lat' dir='ltr'>bi</span> <span class='ocrx_word' id='word_1_251' title='bbox 479 3160 807 3220; x_wconf 78' lang='lat' dir='ltr'>Dominus</span> <span class='ocrx_word' id='word_1_252' title='bbox 839 3161 1220 3219; x_wconf 84' lang='lat' dir='ltr'>universum</span> <span class='ocrx_word' id='word_1_253' title='bbox 1249 3159 1638 3235; x_wconf 71' lang='lat' dir='ltr'>sanquinem</span> <span class='ocrx_word' id='word_1_254' title='bbox 1667 3160 1895 3217; x_wconf 88' lang='lat' dir='ltr'>domus</span> 
     </span>
     <span class='ocr_line' id='line_1_41' title="bbox 391 3255 1894 3339; baseline -0.003 -20"><span class='ocrx_word' id='word_1_255' title='bbox 391 3260 592 3329; x_wconf 72' lang='lat' dir='ltr'>Saul,</span> <span class='ocrx_word' id='word_1_256' title='bbox 628 3256 694 3319; x_wconf 93' lang='lat' dir='ltr'>id</span> <span class='ocrx_word' id='word_1_257' title='bbox 724 3266 842 3334; x_wconf 84' lang='lat' dir='ltr'>est,</span> <span class='ocrx_word' id='word_1_258' title='bbox 876 3274 1132 3339; x_wconf 90' lang='lat' dir='ltr'>poenam</span> <span class='ocrx_word' id='word_1_259' title='bbox 1168 3274 1283 3339; x_wconf 88' lang='lat' dir='ltr'>pro</span> <span class='ocrx_word' id='word_1_260' title='bbox 1323 3255 1645 3319; x_wconf 90' lang='lat' dir='ltr'>occisione</span> <span class='ocrx_word' id='word_1_261' title='bbox 1673 3272 1894 3317; x_wconf 91' lang='lat' dir='ltr'>eorum</span> 
     </span>
     <span class='ocr_line' id='line_1_42' title="bbox 389 3356 1897 3437; baseline -0.001 -20"><span class='ocrx_word' id='word_1_262' title='bbox 389 3356 510 3437; x_wconf 91' lang='lat' dir='ltr'>qui</span> <span class='ocrx_word' id='word_1_263' title='bbox 541 3356 624 3420; x_wconf 87' lang='lat' dir='ltr'>de</span> <span class='ocrx_word' id='word_1_264' title='bbox 653 3356 842 3420; x_wconf 90' lang='lat' dir='ltr'>domo</span> <span class='ocrx_word' id='word_1_265' title='bbox 874 3356 1020 3419; x_wconf 89' lang='lat' dir='ltr'>Saul</span> <span class='ocrx_word' id='word_1_266' title='bbox 1053 3356 1248 3419; x_wconf 89' lang='lat' dir='ltr'>occisi</span> <span class='ocrx_word' id='word_1_267' title='bbox 1279 3363 1450 3432; x_wconf 90' lang='lat' dir='ltr'>sunt,</span> <span class='ocrx_word' id='word_1_268' title='bbox 1479 3362 1548 3417; x_wconf 93' lang='lat' dir='ltr'>ut</span> <span class='ocrx_word' id='word_1_269' title='bbox 1582 3363 1646 3415; x_wconf 92' lang='lat' dir='ltr'>tu</span> <span class='ocrx_word' id='word_1_270' title='bbox 1678 3371 1897 3435; x_wconf 88' lang='lat' dir='ltr'>regna-</span> 
     </span>
     <span class='ocr_line' id='line_1_43' title="bbox 390 3453 1896 3536; baseline -0.005 -17"><span class='ocrx_word' id='word_1_271' title='bbox 390 3472 522 3531; x_wconf 73' lang='lat' dir='ltr'>rOS,</span> <span class='ocrx_word' id='word_1_272' title='bbox 541 3454 788 3518; x_wconf 78' lang='lat' dir='ltr'>inflixit</span> <span class='ocrx_word' id='word_1_273' title='bbox 814 3455 945 3536; x_wconf 85' lang='lat' dir='ltr'>jam</span> <span class='ocrx_word' id='word_1_274' title='bbox 977 3453 1118 3531; x_wconf 84' lang='lat' dir='ltr'>tibi,</span> <span class='ocrx_word' id='word_1_275' title='bbox 1141 3456 1454 3534; x_wconf 89' lang='lat' dir='ltr'>quoniam</span> <span class='ocrx_word' id='word_1_276' title='bbox 1475 3454 1780 3513; x_wconf 81' lang='lat' dir='ltr'>invasisti</span> <span class='ocrx_word' id='word_1_277' title='bbox 1803 3474 1896 3513; x_wconf 87' lang='lat' dir='ltr'>re-</span> 
     </span>
     <span class='ocr_line' id='line_1_44' title="bbox 379 3554 1893 3633; baseline -0.003 -18"><span class='ocrx_word' id='word_1_278' title='bbox 379 3571 600 3633; x_wconf 71' lang='lat' dir='ltr'>gmum</span> <span class='ocrx_word' id='word_1_279' title='bbox 623 3574 746 3631; x_wconf 83' lang='lat' dir='ltr'>pro</span> <span class='ocrx_word' id='word_1_280' title='bbox 775 3574 872 3623; x_wconf 87' lang='lat' dir='ltr'>eo,</span> <span class='ocrx_word' id='word_1_281' title='bbox 889 3563 950 3614; x_wconf 85' lang='lat' dir='ltr'>et</span> <span class='ocrx_word' id='word_1_282' title='bbox 978 3555 1160 3614; x_wconf 88' lang='lat' dir='ltr'>dedit</span> <span class='ocrx_word' id='word_1_283' title='bbox 1181 3555 1499 3614; x_wconf 83' lang='lat' dir='ltr'>Dominus</span> <span class='ocrx_word' id='word_1_284' title='bbox 1528 3572 1800 3629; x_wconf 71' lang='lat' dir='ltr'>reqnum</span> <span class='ocrx_word' id='word_1_285' title='bbox 1820 3554 1893 3612; x_wconf 87' lang='lat' dir='ltr'>in</span> 
     </span>
     <span class='ocr_line' id='line_1_45' title="bbox 385 3654 1894 3730; baseline -0.003 -16"><span class='ocrx_word' id='word_1_286' title='bbox 385 3672 600 3714; x_wconf 86' lang='lat' dir='ltr'>manu</span> <span class='ocrx_word' id='word_1_287' title='bbox 619 3654 902 3713; x_wconf 86' lang='lat' dir='ltr'>Absalon</span> <span class='ocrx_word' id='word_1_288' title='bbox 924 3654 1061 3729; x_wconf 76' lang='lat' dir='ltr'>filii</span> <span class='ocrx_word' id='word_1_289' title='bbox 1091 3654 1212 3713; x_wconf 90' lang='lat' dir='ltr'>tui.</span> <span class='ocrx_word' id='word_1_290' title='bbox 1243 3654 1330 3713; x_wconf 69' lang='grc' dir='ltr'>Εἰ</span> <span class='ocrx_word' id='word_1_291' title='bbox 1347 3672 1481 3710; x_wconf 89' lang='lat' dir='ltr'>ecce</span> <span class='ocrx_word' id='word_1_292' title='bbox 1493 3660 1804 3730; x_wconf 81' lang='lat' dir='ltr'>premunt</span> <span class='ocrx_word' id='word_1_293' title='bbox 1838 3659 1894 3710; x_wconf 91' lang='lat' dir='ltr'>te</span> 
     </span>
     <span class='ocr_line' id='line_1_46' title="bbox 385 3749 1891 3833; baseline -0.001 -20"><span class='ocrx_word' id='word_1_294' title='bbox 385 3756 572 3813; x_wconf 82' lang='lat' dir='ltr'>mala</span> <span class='ocrx_word' id='word_1_295' title='bbox 605 3750 823 3821; x_wconf 84' lang='lat' dir='ltr'>tua,id</span> <span class='ocrx_word' id='word_1_296' title='bbox 853 3758 950 3813; x_wconf 89' lang='lat' dir='ltr'>est</span> <span class='ocrx_word' id='word_1_297' title='bbox 979 3750 1394 3815; x_wconf 85' lang='lat' dir='ltr'>adversitates</span> <span class='ocrx_word' id='word_1_298' title='bbox 1424 3770 1584 3833; x_wconf 88' lang='lat' dir='ltr'>quas</span> <span class='ocrx_word' id='word_1_299' title='bbox 1615 3749 1891 3813; x_wconf 90' lang='lat' dir='ltr'>sustines</span> 
     </span>
     <span class='ocr_line' id='line_1_47' title="bbox 389 3848 1891 3932; baseline -0.001 -19"><span class='ocrx_word' id='word_1_300' title='bbox 389 3868 511 3932; x_wconf 86' lang='lat' dir='ltr'>pro</span> <span class='ocrx_word' id='word_1_301' title='bbox 543 3849 674 3911; x_wconf 90' lang='lat' dir='ltr'>tuis</span> <span class='ocrx_word' id='word_1_302' title='bbox 703 3849 980 3931; x_wconf 88' lang='lat' dir='ltr'>peccatis</span> <span class='ocrx_word' id='word_1_303' title='bbox 1017 3867 1030 3911; x_wconf 76' lang='grc' dir='ltr'><strong>ε</strong></span> <span class='ocrx_word' id='word_1_304' title='bbox 1067 3850 1242 3931; x_wconf 90' lang='lat' dir='ltr'>quod</span> <span class='ocrx_word' id='word_1_305' title='bbox 1272 3848 1641 3930; x_wconf 87' lang='lat' dir='ltr'>aliqualiter</span> <span class='ocrx_word' id='word_1_306' title='bbox 1670 3869 1891 3913; x_wconf 90' lang='lat' dir='ltr'>verum</span> 
     </span>
     <span class='ocr_line' id='line_1_48' title="bbox 387 3947 1892 4031; baseline -0.001 -20"><span class='ocrx_word' id='word_1_307' title='bbox 387 3957 512 4025; x_wconf 88' lang='lat' dir='ltr'>est,</span> <span class='ocrx_word' id='word_1_308' title='bbox 549 3948 848 4031; x_wconf 87' lang='lat' dir='ltr'>quamvis</span> <span class='ocrx_word' id='word_1_309' title='bbox 889 3966 1016 4012; x_wconf 89' lang='lat' dir='ltr'>non</span> <span class='ocrx_word' id='word_1_310' title='bbox 1067 3949 1420 4011; x_wconf 90' lang='lat' dir='ltr'>secundum</span> <span class='ocrx_word' id='word_1_311' title='bbox 1471 3947 1892 4010; x_wconf 90' lang='lat' dir='ltr'>intentionem</span> 
     </span>
     <span class='ocr_line' id='line_1_49' title="bbox 393 4046 1889 4128; baseline -0.002 -18"><span class='ocrx_word' id='word_1_312' title='bbox 393 4046 608 4110; x_wconf 86' lang='lat' dir='ltr'>Semei</span> <span class='ocrx_word' id='word_1_313' title='bbox 639 4046 864 4128; x_wconf 86' lang='lat' dir='ltr'>hujus;</span> <span class='ocrx_word' id='word_1_314' title='bbox 897 4049 1208 4128; x_wconf 88' lang='lat' dir='ltr'>quoniam</span> <span class='ocrx_word' id='word_1_315' title='bbox 1243 4049 1346 4106; x_wconf 85' lang='lat' dir='ltr'>vir</span> <span class='ocrx_word' id='word_1_316' title='bbox 1373 4047 1777 4123; x_wconf 64' lang='lat' dir='ltr'>sanguinum</span> <span class='ocrx_word' id='word_1_317' title='bbox 1806 4066 1889 4107; x_wconf 86' lang='lat' dir='ltr'>es.</span> 
     </span>
    </p>

    <p class='ocr_par' dir='ltr' id='par_1_12' title="bbox 478 4146 1895 4223">
     <span class='ocr_line' id='line_1_50' title="bbox 478 4146 1895 4223; baseline -0.002 -17"><span class='ocrx_word' id='word_1_318' title='bbox 478 4148 674 4207; x_wconf 72' lang='lat' dir='ltr'>Dixit</span> <span class='ocrx_word' id='word_1_319' title='bbox 701 4156 918 4207; x_wconf 88' lang='lat' dir='ltr'>autem</span> <span class='ocrx_word' id='word_1_320' title='bbox 949 4148 1182 4207; x_wconf 76' lang='lat' dir='ltr'>Abisai</span> <span class='ocrx_word' id='word_1_321' title='bbox 1207 4148 1390 4223; x_wconf 79' lang='lat' dir='ltr'>filius</span> <span class='ocrx_word' id='word_1_322' title='bbox 1419 4146 1693 4213; x_wconf 80' lang='lat' dir='ltr'>Sarvioe,</span> <span class='ocrx_word' id='word_1_323' title='bbox 1713 4146 1853 4222; x_wconf 71' lang='lat' dir='ltr'>reyi</span> <span class='ocrx_word' id='word_1_324' title='bbox 1873 4165 1895 4203; x_wconf 91' lang='lat'>.·</span> 
     </span>
    </p>
   </div>
   <div class='ocr_carea' id='block_1_12' title="bbox 399 4234 3783 4418">
    <p class='ocr_par' dir='ltr' id='par_1_13' title="bbox 399 4234 3783 4418">
     <span class='ocr_line' id='line_1_51' title="bbox 399 4234 3783 4321; baseline -0.003 -15"><span class='ocrx_word' id='word_1_325' title='bbox 399 4249 620 4315; x_wconf 81' lang='lat' dir='ltr'>Quare</span> <span class='ocrx_word' id='word_1_326' title='bbox 641 4246 973 4305; x_wconf 79' lang='lat' dir='ltr'>maledicit</span> <span class='ocrx_word' id='word_1_327' title='bbox 993 4246 1176 4304; x_wconf 87' lang='lat' dir='ltr'>canis</span> <span class='ocrx_word' id='word_1_328' title='bbox 1194 4245 1300 4305; x_wconf 67' lang='lat' dir='ltr'>liic</span> <span class='ocrx_word' id='word_1_329' title='bbox 1321 4253 1612 4303; x_wconf 84' lang='lat' dir='ltr'>mortuus</span> <span class='ocrx_word' id='word_1_330' title='bbox 1635 4244 1896 4303; x_wconf 85' lang='lat' dir='ltr'>domino</span> <span class='ocrx_word' id='word_1_331' title='bbox 1931 4243 1981 4305; x_wconf 91' lang='lat' dir='ltr'>D</span> <span class='ocrx_word' id='word_1_332' title='bbox 2011 4238 2249 4321; x_wconf 88' lang='lat' dir='ltr'>injuste</span> <span class='ocrx_word' id='word_1_333' title='bbox 2292 4236 2593 4321; x_wconf 83' lang='lat' dir='ltr'>praeeepit</span> <span class='ocrx_word' id='word_1_334' title='bbox 2629 4235 2952 4300; x_wconf 86' lang='lat' dir='ltr'>Salomoni</span> <span class='ocrx_word' id='word_1_335' title='bbox 2994 4234 3359 4299; x_wconf 80' lang='lat' dir='ltr'>interficere</span> <span class='ocrx_word' id='word_1_336' title='bbox 3404 4236 3499 4299; x_wconf 87' lang='lat' dir='ltr'>vi·</span> <span class='ocrx_word' id='word_1_337' title='bbox 3547 4253 3599 4296; x_wconf 86' lang='grc' dir='ltr'>ιιι</span> <span class='ocrx_word' id='word_1_338' title='bbox 3616 4254 3783 4307; x_wconf 52' lang='lat' dir='ltr'>nean,</span> 
     </span>
     <span class='ocr_line' id='line_1_52' title="bbox 2013 4318 3627 4418; baseline -0.001 -20"><span class='ocrx_word' id='word_1_339' title='bbox 2013 4357 2153 4399; x_wconf 90' lang='lat' dir='ltr'>rum</span> <span class='ocrx_word' id='word_1_340' title='bbox 2188 4336 2369 4401; x_wconf 89' lang='lat' dir='ltr'>illum</span> <span class='ocrx_word' id='word_1_341' title='bbox 2401 4344 2657 4418; x_wconf 89' lang='lat' dir='ltr'>propter</span> <span class='ocrx_word' id='word_1_342' title='bbox 2680 4335 2845 4397; x_wconf 89' lang='lat' dir='ltr'>hanc</span> <span class='ocrx_word' id='word_1_343' title='bbox 2875 4334 3407 4411; x_wconf 89' lang='lat' dir='ltr'>maledictionem,</span> <span class='ocrx_word' id='word_1_344' title='bbox 3428 4342 3499 4397; x_wconf 91' lang='lat' dir='ltr'>ut</span> <span class='ocrx_word' id='word_1_345' title='bbox 3524 4318 3565 4368; x_wconf 82' lang='lat'>⁸&#39;</span> <span class='ocrx_word' id='word_1_346' title='bbox 3586 4318 3627 4359; x_wconf 77' lang='lat'>⁹·</span> 
     </span>
    </p>
   </div>
   <div class='ocr_carea' id='block_1_13' title="bbox 381 4340 1899 5410">
    <p class='ocr_par' dir='ltr' id='par_1_14' title="bbox 381 4340 1899 5410">
     <span class='ocr_line' id='line_1_53' title="bbox 394 4340 1892 4420; baseline 0 -17"><span class='ocrx_word' id='word_1_347' title='bbox 394 4362 538 4403; x_wconf 84' lang='lat' dir='ltr'>meo</span> <span class='ocrx_word' id='word_1_348' title='bbox 565 4344 710 4420; x_wconf 72' lang='lat' dir='ltr'>reqi</span> <span class='ocrx_word' id='word_1_349' title='bbox 722 4347 753 4403; x_wconf 84' lang='lat'><em>?</em></span> <span class='ocrx_word' id='word_1_350' title='bbox 775 4344 1044 4411; x_wconf 87' lang='lat' dir='ltr'>Vadam,</span> <span class='ocrx_word' id='word_1_351' title='bbox 1063 4352 1122 4402; x_wconf 91' lang='lat' dir='ltr'>et</span> <span class='ocrx_word' id='word_1_352' title='bbox 1143 4342 1487 4419; x_wconf 81' lang='lat' dir='ltr'>amputabo</span> <span class='ocrx_word' id='word_1_353' title='bbox 1517 4350 1711 4418; x_wconf 83' lang='lat' dir='ltr'>caput</span> <span class='ocrx_word' id='word_1_354' title='bbox 1731 4340 1892 4417; x_wconf 83' lang='lat' dir='ltr'>ejus.</span> 
     </span>
     <span class='ocr_line' id='line_1_54' title="bbox 401 4437 1894 4515; baseline -0.001 -13"><span class='ocrx_word' id='word_1_355' title='bbox 401 4444 486 4502; x_wconf 82' lang='lat' dir='ltr'>Et</span> <span class='ocrx_word' id='word_1_356' title='bbox 525 4442 625 4501; x_wconf 82' lang='lat' dir='ltr'>ait</span> <span class='ocrx_word' id='word_1_357' title='bbox 664 4460 782 4500; x_wconf 71' lang='lat' dir='ltr'>rex</span> <span class='ocrx_word' id='word_1_358' title='bbox 819 4438 1057 4515; x_wconf 81' lang='lat' dir='ltr'>Abisai‚</span> <span class='ocrx_word' id='word_1_359' title='bbox 1092 4438 1332 4502; x_wconf 89' lang='lat' dir='ltr'>volenti</span> <span class='ocrx_word' id='word_1_360' title='bbox 1383 4437 1606 4503; x_wconf 89' lang='lat' dir='ltr'>ulcisci</span> <span class='ocrx_word' id='word_1_361' title='bbox 1655 4445 1894 4501; x_wconf 88' lang='lat' dir='ltr'>tantam</span> 
     </span>
     <span class='ocr_line' id='line_1_55' title="bbox 399 4538 1899 4621; baseline -0.002 -20"><span class='ocrx_word' id='word_1_362' title='bbox 399 4538 570 4621; x_wconf 86' lang='lat' dir='ltr'>regis</span> <span class='ocrx_word' id='word_1_363' title='bbox 617 4538 922 4619; x_wconf 89' lang='lat' dir='ltr'>injuriam</span> <span class='ocrx_word' id='word_1_364' title='bbox 956 4557 970 4601; x_wconf 76' lang='grc' dir='ltr'><strong>ε</strong></span> <span class='ocrx_word' id='word_1_365' title='bbox 1009 4539 1182 4607; x_wconf 85' lang='lat' dir='ltr'>Quid</span> <span class='ocrx_word' id='word_1_366' title='bbox 1221 4540 1390 4599; x_wconf 72' lang='lat' dir='ltr'>mibi</span> <span class='ocrx_word' id='word_1_367' title='bbox 1429 4548 1489 4598; x_wconf 86' lang='lat' dir='ltr'>et</span> <span class='ocrx_word' id='word_1_368' title='bbox 1537 4538 1733 4608; x_wconf 85' lang='lat' dir='ltr'>vobis,</span> <span class='ocrx_word' id='word_1_369' title='bbox 1761 4540 1899 4616; x_wconf 76' lang='lat' dir='ltr'>filii</span> 
     </span>
     <span class='ocr_line' id='line_1_56' title="bbox 395 4636 1899 4713; baseline -0.001 -13"><span class='ocrx_word' id='word_1_370' title='bbox 395 4640 706 4700; x_wconf 71' lang='lat' dir='ltr'>Sar-vice?</span> <span class='ocrx_word' id='word_1_371' title='bbox 735 4637 854 4700; x_wconf 91' lang='lat' dir='ltr'>hoc</span> <span class='ocrx_word' id='word_1_372' title='bbox 893 4644 1012 4713; x_wconf 87' lang='lat' dir='ltr'>est,</span> <span class='ocrx_word' id='word_1_373' title='bbox 1047 4655 1161 4700; x_wconf 90' lang='lat' dir='ltr'>cur</span> <span class='ocrx_word' id='word_1_374' title='bbox 1201 4636 1624 4699; x_wconf 88' lang='lat' dir='ltr'>intromittitis</span> <span class='ocrx_word' id='word_1_375' title='bbox 1665 4654 1778 4699; x_wconf 88' lang='lat' dir='ltr'>vos</span> <span class='ocrx_word' id='word_1_376' title='bbox 1819 4637 1899 4699; x_wconf 90' lang='lat' dir='ltr'>de</span> 
     </span>
     <span class='ocr_line' id='line_1_57' title="bbox 395 4735 1896 4817; baseline -0.001 -18"><span class='ocrx_word' id='word_1_377' title='bbox 395 4736 688 4799; x_wconf 84' lang='lat' dir='ltr'>vindicta</span> <span class='ocrx_word' id='word_1_378' title='bbox 715 4735 969 4816; x_wconf 79' lang='lat' dir='ltr'>injuriae</span> <span class='ocrx_word' id='word_1_379' title='bbox 999 4755 1157 4800; x_wconf 79' lang='lat' dir='ltr'>meae</span> <span class='ocrx_word' id='word_1_380' title='bbox 1187 4735 1444 4799; x_wconf 90' lang='lat' dir='ltr'>nolente</span> <span class='ocrx_word' id='word_1_381' title='bbox 1475 4737 1616 4797; x_wconf 66' lang='lat' dir='ltr'>mel</span> <span class='ocrx_word' id='word_1_382' title='bbox 1648 4735 1738 4798; x_wconf 87' lang='lat' dir='ltr'>Ex</span> <span class='ocrx_word' id='word_1_383' title='bbox 1768 4754 1896 4817; x_wconf 92' lang='lat' dir='ltr'>quo</span> 
     </span>
     <span class='ocr_line' id='line_1_58' title="bbox 395 4832 1896 4916; baseline -0.001 -19"><span class='ocrx_word' id='word_1_384' title='bbox 395 4836 662 4916; x_wconf 90' lang='lat' dir='ltr'>quidam</span> <span class='ocrx_word' id='word_1_385' title='bbox 695 4833 982 4911; x_wconf 89' lang='lat' dir='ltr'>eliciunt,</span> <span class='ocrx_word' id='word_1_386' title='bbox 1017 4836 1188 4916; x_wconf 91' lang='lat' dir='ltr'>quod</span> <span class='ocrx_word' id='word_1_387' title='bbox 1219 4842 1282 4897; x_wconf 89' lang='lat' dir='ltr'>et</span> <span class='ocrx_word' id='word_1_388' title='bbox 1307 4834 1462 4897; x_wconf 88' lang='lat' dir='ltr'>Joab</span> <span class='ocrx_word' id='word_1_389' title='bbox 1491 4832 1751 4897; x_wconf 88' lang='lat' dir='ltr'>volebat</span> <span class='ocrx_word' id='word_1_390' title='bbox 1788 4852 1896 4897; x_wconf 89' lang='lat' dir='ltr'>oc·</span> 
     </span>
     <span class='ocr_line' id='line_1_59' title="bbox 393 4930 1896 5014; baseline -0.003 -17"><span class='ocrx_word' id='word_1_391' title='bbox 393 4933 614 4997; x_wconf 88' lang='lat' dir='ltr'>cidere</span> <span class='ocrx_word' id='word_1_392' title='bbox 643 4933 852 4997; x_wconf 89' lang='lat' dir='ltr'>virum</span> <span class='ocrx_word' id='word_1_393' title='bbox 886 4932 1069 4995; x_wconf 91' lang='lat' dir='ltr'>illum</span> <span class='ocrx_word' id='word_1_394' title='bbox 1103 4932 1421 5014; x_wconf 89' lang='lat' dir='ltr'>iniquum.</span> <span class='ocrx_word' id='word_1_395' title='bbox 1457 4932 1569 4995; x_wconf 87' lang='lat' dir='ltr'>Vel</span> <span class='ocrx_word' id='word_1_396' title='bbox 1616 4930 1896 5014; x_wconf 89' lang='lat' dir='ltr'>loquitur</span> 
     </span>
     <span class='ocr_line' id='line_1_60' title="bbox 381 5029 1898 5112; baseline -0.001 -19"><span class='ocrx_word' id='word_1_397' title='bbox 381 5033 486 5095; x_wconf 88' lang='lat' dir='ltr'>·ita</span> <span class='ocrx_word' id='word_1_398' title='bbox 517 5032 740 5108; x_wconf 88' lang='lat' dir='ltr'>David,</span> <span class='ocrx_word' id='word_1_399' title='bbox 775 5030 926 5112; x_wconf 91' lang='lat' dir='ltr'>quia</span> <span class='ocrx_word' id='word_1_400' title='bbox 956 5030 1175 5094; x_wconf 85' lang='lat' dir='ltr'>Abisai</span> <span class='ocrx_word' id='word_1_401' title='bbox 1213 5038 1275 5093; x_wconf 90' lang='lat' dir='ltr'>et</span> <span class='ocrx_word' id='word_1_402' title='bbox 1311 5030 1465 5093; x_wconf 87' lang='lat' dir='ltr'>Joab</span> <span class='ocrx_word' id='word_1_403' title='bbox 1504 5029 1733 5092; x_wconf 83' lang='lat' dir='ltr'>fratres</span> <span class='ocrx_word' id='word_1_404' title='bbox 1765 5037 1898 5091; x_wconf 89' lang='lat' dir='ltr'>ute-</span> 
     </span>
     <span class='ocr_line' id='line_1_61' title="bbox 397 5126 1894 5212; baseline -0.003 -19"><span class='ocrx_word' id='word_1_405' title='bbox 397 5131 548 5207; x_wconf 85' lang='lat' dir='ltr'>rini,</span> <span class='ocrx_word' id='word_1_406' title='bbox 573 5129 761 5212; x_wconf 90' lang='lat' dir='ltr'>quasi</span> <span class='ocrx_word' id='word_1_407' title='bbox 798 5130 866 5191; x_wconf 89' lang='lat' dir='ltr'>in</span> <span class='ocrx_word' id='word_1_408' title='bbox 905 5128 1206 5193; x_wconf 89' lang='lat' dir='ltr'>omnibus</span> <span class='ocrx_word' id='word_1_409' title='bbox 1250 5136 1757 5201; x_wconf 81' lang='lat' dir='ltr'>consenserunt3</span> <span class='ocrx_word' id='word_1_410' title='bbox 1793 5126 1894 5190; x_wconf 90' lang='lat' dir='ltr'>vel</span> 
     </span>
     <span class='ocr_line' id='line_1_62' title="bbox 397 5226 1897 5310; baseline -0.003 -18"><span class='ocrx_word' id='word_1_411' title='bbox 397 5247 475 5292; x_wconf 90' lang='lat' dir='ltr'>eo</span> <span class='ocrx_word' id='word_1_412' title='bbox 505 5228 696 5291; x_wconf 92' lang='lat' dir='ltr'>modo</span> <span class='ocrx_word' id='word_1_413' title='bbox 725 5246 854 5310; x_wconf 90' lang='lat' dir='ltr'>quo</span> <span class='ocrx_word' id='word_1_414' title='bbox 882 5228 1040 5309; x_wconf 84' lang='lat' dir='ltr'>quid</span> <span class='ocrx_word' id='word_1_415' title='bbox 1070 5226 1456 5290; x_wconf 86' lang='lat' dir='ltr'>adscribitur</span> <span class='ocrx_word' id='word_1_416' title='bbox 1481 5226 1897 5289; x_wconf 87' lang='lat' dir='ltr'>communita·</span> 
     </span>
     <span class='ocr_line' id='line_1_63' title="bbox 401 5324 1896 5410; baseline -0.005 -20"><span class='ocrx_word' id='word_1_417' title='bbox 401 5327 472 5405; x_wconf 90' lang='lat' dir='ltr'>ti,</span> <span class='ocrx_word' id='word_1_418' title='bbox 509 5327 667 5410; x_wconf 91' lang='lat' dir='ltr'>quia</span> <span class='ocrx_word' id='word_1_419' title='bbox 709 5324 822 5389; x_wconf 87' lang='lat' dir='ltr'>uni</span> <span class='ocrx_word' id='word_1_420' title='bbox 866 5344 944 5389; x_wconf 83' lang='lat' dir='ltr'>ex</span> <span class='ocrx_word' id='word_1_421' title='bbox 981 5344 1056 5389; x_wconf 86' lang='lat' dir='ltr'>ea</span> <span class='ocrx_word' id='word_1_422' title='bbox 1101 5324 1165 5387; x_wconf 93' lang='lat' dir='ltr'>id</span> <span class='ocrx_word' id='word_1_423' title='bbox 1205 5325 1531 5408; x_wconf 89' lang='lat' dir='ltr'>competit.</span> <span class='ocrx_word' id='word_1_424' title='bbox 1567 5326 1896 5386; x_wconf 80' lang='lat' dir='ltr'>Dimittite</span> 
     </span>
    </p>
   </div>
   <div class='ocr_carea' id='block_1_14' title="bbox 2001 1975 3499 3040">
    <p class='ocr_par' dir='ltr' id='par_1_15' title="bbox 2001 1975 3499 3040">
     <span class='ocr_line' id='line_1_64' title="bbox 2003 1975 3492 2057; baseline 0.001 -20"><span class='ocrx_word' id='word_1_425' title='bbox 2003 1995 2126 2056; x_wconf 91' lang='lat' dir='ltr'>que</span> <span class='ocrx_word' id='word_1_426' title='bbox 2158 1975 2227 2037; x_wconf 89' lang='lat' dir='ltr'>in</span> <span class='ocrx_word' id='word_1_427' title='bbox 2258 1994 2522 2057; x_wconf 89' lang='lat' dir='ltr'>regnum</span> <span class='ocrx_word' id='word_1_428' title='bbox 2556 1984 2620 2038; x_wconf 92' lang='lat' dir='ltr'>et</span> <span class='ocrx_word' id='word_1_429' title='bbox 2648 1976 2917 2055; x_wconf 85' lang='lat' dir='ltr'>gloriam</span> <span class='ocrx_word' id='word_1_430' title='bbox 2955 1977 3341 2054; x_wconf 79' lang='lat' dir='ltr'>aeternalem,</span> <span class='ocrx_word' id='word_1_431' title='bbox 3370 1998 3492 2056; x_wconf 78' lang='lat' dir='ltr'>pro</span> 
     </span>
     <span class='ocr_line' id='line_1_65' title="bbox 2001 2074 3493 2146; baseline 0.003 -12"><span class='ocrx_word' id='word_1_432' title='bbox 2001 2075 2450 2134; x_wconf 80' lang='lat' dir='ltr'>maledictione</span> <span class='ocrx_word' id='word_1_433' title='bbox 2488 2075 2611 2135; x_wconf 85' lang='lat' dir='ltr'>Izac</span> <span class='ocrx_word' id='word_1_434' title='bbox 2648 2076 2987 2146; x_wconf 71' lang='lat' dir='ltr'>hodierna,</span> <span class='ocrx_word' id='word_1_435' title='bbox 3022 2074 3085 2137; x_wconf 90' lang='lat' dir='ltr'>id</span> <span class='ocrx_word' id='word_1_436' title='bbox 3126 2085 3223 2138; x_wconf 89' lang='lat' dir='ltr'>est</span> <span class='ocrx_word' id='word_1_437' title='bbox 3265 2075 3493 2138; x_wconf 87' lang='lat' dir='ltr'>merito</span> 
     </span>
     <span class='ocr_line' id='line_1_66' title="bbox 2001 2171 3487 2254; baseline 0 -20"><span class='ocrx_word' id='word_1_438' title='bbox 2001 2171 2322 2254; x_wconf 83' lang='lat' dir='ltr'>patientiae</span> <span class='ocrx_word' id='word_1_439' title='bbox 2362 2191 2491 2254; x_wconf 91' lang='lat' dir='ltr'>qua</span> <span class='ocrx_word' id='word_1_440' title='bbox 2529 2191 2669 2235; x_wconf 89' lang='lat' dir='ltr'>eam</span> <span class='ocrx_word' id='word_1_441' title='bbox 2714 2172 3021 2236; x_wconf 90' lang='lat' dir='ltr'>sustineo.</span> <span class='ocrx_word' id='word_1_442' title='bbox 3064 2173 3141 2235; x_wconf 89' lang='lat' dir='ltr'>Et</span> <span class='ocrx_word' id='word_1_443' title='bbox 3174 2174 3338 2237; x_wconf 88' lang='lat' dir='ltr'>bene</span> <span class='ocrx_word' id='word_1_444' title='bbox 3376 2174 3487 2250; x_wconf 91' lang='lat' dir='ltr'>ait,</span> 
     </span>
     <span class='ocr_line' id='line_1_67' title="bbox 2003 2269 3494 2353; baseline 0.001 -20"><span class='ocrx_word' id='word_1_445' title='bbox 2003 2271 2066 2333; x_wconf 92' lang='lat' dir='ltr'>Si</span> <span class='ocrx_word' id='word_1_446' title='bbox 2107 2269 2294 2346; x_wconf 83' lang='lat' dir='ltr'>forte,</span> <span class='ocrx_word' id='word_1_447' title='bbox 2327 2270 2631 2352; x_wconf 89' lang='lat' dir='ltr'>quoniam</span> <span class='ocrx_word' id='word_1_448' title='bbox 2677 2271 2919 2353; x_wconf 88' lang='lat' dir='ltr'>absque</span> <span class='ocrx_word' id='word_1_449' title='bbox 2958 2270 3347 2336; x_wconf 87' lang='lat' dir='ltr'>revelatione</span> <span class='ocrx_word' id='word_1_450' title='bbox 3385 2273 3494 2334; x_wconf 91' lang='lat' dir='ltr'>Da-</span> 
     </span>
     <span class='ocr_line' id='line_1_68' title="bbox 2001 2368 3491 2450; baseline 0 -18"><span class='ocrx_word' id='word_1_451' title='bbox 2001 2369 2107 2433; x_wconf 93' lang='lat' dir='ltr'>vid</span> <span class='ocrx_word' id='word_1_452' title='bbox 2139 2368 2303 2431; x_wconf 89' lang='lat' dir='ltr'>scire</span> <span class='ocrx_word' id='word_1_453' title='bbox 2335 2387 2462 2432; x_wconf 91' lang='lat' dir='ltr'>non</span> <span class='ocrx_word' id='word_1_454' title='bbox 2492 2369 2724 2450; x_wconf 88' lang='lat' dir='ltr'>quivit,</span> <span class='ocrx_word' id='word_1_455' title='bbox 2758 2371 2931 2450; x_wconf 92' lang='lat' dir='ltr'>quod</span> <span class='ocrx_word' id='word_1_456' title='bbox 2962 2389 3039 2432; x_wconf 86' lang='lat' dir='ltr'>ex</span> <span class='ocrx_word' id='word_1_457' title='bbox 3078 2370 3339 2434; x_wconf 87' lang='lat' dir='ltr'>caritate</span> <span class='ocrx_word' id='word_1_458' title='bbox 3379 2389 3491 2434; x_wconf 89' lang='lat' dir='ltr'>seu</span> 
     </span>
     <span class='ocr_line' id='line_1_69' title="bbox 2002 2466 3496 2549; baseline 0 -21"><span class='ocrx_word' id='word_1_459' title='bbox 2002 2466 2325 2529; x_wconf 88' lang='lat' dir='ltr'>meritorie</span> <span class='ocrx_word' id='word_1_460' title='bbox 2371 2466 2632 2549; x_wconf 90' lang='lat' dir='ltr'>pertulit</span> <span class='ocrx_word' id='word_1_461' title='bbox 2677 2466 2809 2529; x_wconf 92' lang='lat' dir='ltr'>illa.</span> <span class='ocrx_word' id='word_1_462' title='bbox 2856 2471 2939 2529; x_wconf 79' lang='lat' dir='ltr'>Et</span> <span class='ocrx_word' id='word_1_463' title='bbox 2980 2469 3076 2529; x_wconf 83' lang='lat' dir='ltr'>ait</span> <span class='ocrx_word' id='word_1_464' title='bbox 3114 2489 3231 2528; x_wconf 63' lang='grc' dir='ltr'>νεα)</span> <span class='ocrx_word' id='word_1_465' title='bbox 3262 2470 3496 2530; x_wconf 84' lang='lat' dir='ltr'>Abisai</span> 
     </span>
     <span class='ocr_line' id='line_1_70' title="bbox 2002 2566 3491 2644; baseline 0.002 -20"><span class='ocrx_word' id='word_1_466' title='bbox 2002 2575 2062 2625; x_wconf 89' lang='lat' dir='ltr'>et</span> <span class='ocrx_word' id='word_1_467' title='bbox 2093 2566 2413 2624; x_wconf 80' lang='lat' dir='ltr'>universis</span> <span class='ocrx_word' id='word_1_468' title='bbox 2440 2567 2641 2625; x_wconf 86' lang='lat' dir='ltr'>servis</span> <span class='ocrx_word' id='word_1_469' title='bbox 2668 2567 2806 2626; x_wconf 87' lang='lat' dir='ltr'>suis</span> <span class='ocrx_word' id='word_1_470' title='bbox 2838 2587 2860 2626; x_wconf 95' lang='grc'>.·</span> <span class='ocrx_word' id='word_1_471' title='bbox 2889 2568 3053 2626; x_wconf 85' lang='lat' dir='ltr'>Ecce</span> <span class='ocrx_word' id='word_1_472' title='bbox 3078 2568 3261 2644; x_wconf 78' lang='lat' dir='ltr'>filius</span> <span class='ocrx_word' id='word_1_473' title='bbox 3292 2587 3491 2640; x_wconf 87' lang='lat' dir='ltr'>meus,</span> 
     </span>
     <span class='ocr_line' id='line_1_71' title="bbox 2001 2665 3495 2746; baseline 0.005 -25"><span class='ocrx_word' id='word_1_474' title='bbox 2001 2665 2120 2742; x_wconf 88' lang='lat' dir='ltr'>qui</span> <span class='ocrx_word' id='word_1_475' title='bbox 2156 2681 2439 2740; x_wconf 73' lang='lat' dir='ltr'>eyressus</span> <span class='ocrx_word' id='word_1_476' title='bbox 2477 2673 2567 2724; x_wconf 88' lang='lat' dir='ltr'>est</span> <span class='ocrx_word' id='word_1_477' title='bbox 2603 2666 2682 2724; x_wconf 92' lang='lat' dir='ltr'>de</span> <span class='ocrx_word' id='word_1_478' title='bbox 2722 2673 2899 2724; x_wconf 81' lang='lat' dir='ltr'>utero</span> <span class='ocrx_word' id='word_1_479' title='bbox 2934 2683 3069 2724; x_wconf 88' lang='lat' dir='ltr'>meo</span> <span class='ocrx_word' id='word_1_480' title='bbox 3102 2684 3125 2724; x_wconf 92' lang='grc'>.·</span> <span class='ocrx_word' id='word_1_481' title='bbox 3158 2682 3285 2727; x_wconf 86' lang='lat' dir='ltr'>non</span> <span class='ocrx_word' id='word_1_482' title='bbox 3326 2665 3495 2746; x_wconf 86' lang='lat' dir='ltr'>quod</span> 
     </span>
     <span class='ocr_line' id='line_1_72' title="bbox 2003 2759 3497 2843; baseline 0.002 -21"><span class='ocrx_word' id='word_1_483' title='bbox 2003 2761 2219 2823; x_wconf 88' lang='lat' dir='ltr'>anima</span> <span class='ocrx_word' id='word_1_484' title='bbox 2254 2760 2337 2822; x_wconf 92' lang='lat' dir='ltr'>sit</span> <span class='ocrx_word' id='word_1_485' title='bbox 2375 2779 2451 2823; x_wconf 84' lang='lat' dir='ltr'>ex</span> <span class='ocrx_word' id='word_1_486' title='bbox 2492 2762 2770 2838; x_wconf 90' lang='lat' dir='ltr'>traduce,</span> <span class='ocrx_word' id='word_1_487' title='bbox 2808 2759 2918 2824; x_wconf 91' lang='lat' dir='ltr'>sed</span> <span class='ocrx_word' id='word_1_488' title='bbox 2958 2763 3129 2843; x_wconf 92' lang='lat' dir='ltr'>quod</span> <span class='ocrx_word' id='word_1_489' title='bbox 3172 2780 3389 2825; x_wconf 89' lang='lat' dir='ltr'>semen</span> <span class='ocrx_word' id='word_1_490' title='bbox 3420 2781 3497 2825; x_wconf 81' lang='lat' dir='ltr'>ex</span> 
     </span>
     <span class='ocr_line' id='line_1_73' title="bbox 2004 2858 3499 2941; baseline 0.001 -20"><span class='ocrx_word' id='word_1_491' title='bbox 2004 2878 2134 2940; x_wconf 90' lang='lat' dir='ltr'>quo</span> <span class='ocrx_word' id='word_1_492' title='bbox 2163 2859 2447 2922; x_wconf 88' lang='lat' dir='ltr'>nascitur</span> <span class='ocrx_word' id='word_1_493' title='bbox 2477 2858 2710 2941; x_wconf 78' lang='lat' dir='ltr'>proleS,</span> <span class='ocrx_word' id='word_1_494' title='bbox 2747 2859 2829 2921; x_wconf 89' lang='lat' dir='ltr'>sit</span> <span class='ocrx_word' id='word_1_495' title='bbox 2868 2879 2946 2923; x_wconf 86' lang='lat' dir='ltr'>ex</span> <span class='ocrx_word' id='word_1_496' title='bbox 2986 2868 3207 2924; x_wconf 89' lang='lat' dir='ltr'>ventre</span> <span class='ocrx_word' id='word_1_497' title='bbox 3241 2869 3305 2922; x_wconf 90' lang='lat' dir='ltr'>et</span> <span class='ocrx_word' id='word_1_498' title='bbox 3337 2859 3499 2922; x_wconf 88' lang='lat' dir='ltr'>lum-</span> 
     </span>
     <span class='ocr_line' id='line_1_74' title="bbox 2005 2957 3499 3040; baseline 0.001 -20"><span class='ocrx_word' id='word_1_499' title='bbox 2005 2958 2104 3021; x_wconf 89' lang='lat' dir='ltr'>bis</span> <span class='ocrx_word' id='word_1_500' title='bbox 2145 2957 2366 3040; x_wconf 90' lang='lat' dir='ltr'>patris,</span> <span class='ocrx_word' id='word_1_501' title='bbox 2403 2957 2472 3019; x_wconf 90' lang='lat' dir='ltr'>in</span> <span class='ocrx_word' id='word_1_502' title='bbox 2508 2959 2694 3039; x_wconf 89' lang='lat' dir='ltr'>cujus</span> <span class='ocrx_word' id='word_1_503' title='bbox 2734 2959 2979 3022; x_wconf 85' lang='lat' dir='ltr'>semine</span> <span class='ocrx_word' id='word_1_504' title='bbox 3019 2958 3118 3023; x_wconf 86' lang='lat' dir='ltr'>vis</span> <span class='ocrx_word' id='word_1_505' title='bbox 3160 2958 3499 3022; x_wconf 81' lang='lat' dir='ltr'>formativa</span> 
     </span>
    </p>
   </div>
   <div class='ocr_carea' id='block_1_15' title="bbox 107 3055 3541 3141">
    <p class='ocr_par' dir='ltr' id='par_1_16' title="bbox 107 3055 3541 3141">
     <span class='ocr_line' id='line_1_75' title="bbox 107 3055 3541 3141; baseline 0 -21"><span class='ocrx_word' id='word_1_506' title='bbox 107 3077 124 3094; x_wconf 90' lang='lat'><strong>·</strong></span> <span class='ocrx_word' id='word_1_507' title='bbox 149 3082 342 3134; x_wconf 67' lang='lat' dir='ltr'>tyranno</span> <span class='ocrx_word' id='word_1_508' title='bbox 387 3056 685 3139; x_wconf 62' lang='lat' dir='ltr'>justitiae,</span> <span class='ocrx_word' id='word_1_509' title='bbox 723 3058 845 3121; x_wconf 90' lang='lat' dir='ltr'>hoc</span> <span class='ocrx_word' id='word_1_510' title='bbox 887 3066 985 3121; x_wconf 85' lang='lat' dir='ltr'>est</span> <span class='ocrx_word' id='word_1_511' title='bbox 1027 3057 1354 3141; x_wconf 77' lang='lat' dir='ltr'>tyrannice</span> <span class='ocrx_word' id='word_1_512' title='bbox 1377 3057 1420 3118; x_wconf 79' lang='lat'>*.</span> <span class='ocrx_word' id='word_1_513' title='bbox 1465 3058 1779 3118; x_wconf 76' lang='lat' dir='ltr'>Reddidit</span> <span class='ocrx_word' id='word_1_514' title='bbox 1818 3057 1896 3116; x_wconf 83' lang='lat' dir='ltr'>ci-</span> <span class='ocrx_word' id='word_1_515' title='bbox 1933 3055 1975 3118; x_wconf 95' lang='lat' dir='ltr'>C</span> <span class='ocrx_word' id='word_1_516' title='bbox 2005 3057 2336 3133; x_wconf 79' lang='lat' dir='ltr'>consistit3</span> <span class='ocrx_word' id='word_1_517' title='bbox 2378 3059 2612 3138; x_wconf 66' lang='lat' dir='ltr'>quaerit</span> <span class='ocrx_word' id='word_1_518' title='bbox 2652 3060 2949 3118; x_wconf 86' lang='lat' dir='ltr'>animam</span> <span class='ocrx_word' id='word_1_519' title='bbox 2992 3077 3225 3129; x_wconf 83' lang='lat' dir='ltr'>meam,</span> <span class='ocrx_word' id='word_1_520' title='bbox 3266 3057 3330 3120; x_wconf 91' lang='lat' dir='ltr'>id</span> <span class='ocrx_word' id='word_1_521' title='bbox 3376 3065 3492 3135; x_wconf 90' lang='lat' dir='ltr'>est,</span> <span class='ocrx_word' id='word_1_522' title='bbox 3528 3075 3541 3086; x_wconf 91' lang='lat'><strong>·</strong></span> 
     </span>
    </p>
   </div>
   <div class='ocr_carea' id='block_1_16' title="bbox 1995 3155 3499 3430">
    <p class='ocr_par' dir='ltr' id='par_1_17' title="bbox 1995 3155 3499 3430">
     <span class='ocr_line' id='line_1_76' title="bbox 2005 3155 3499 3233; baseline 0 -15"><span class='ocrx_word' id='word_1_523' title='bbox 2005 3155 2201 3218; x_wconf 89' lang='lat' dir='ltr'>vitam</span> <span class='ocrx_word' id='word_1_524' title='bbox 2242 3175 2449 3219; x_wconf 89' lang='lat' dir='ltr'>meam</span> <span class='ocrx_word' id='word_1_525' title='bbox 2488 3155 2854 3233; x_wconf 88' lang='lat' dir='ltr'>animalem,</span> <span class='ocrx_word' id='word_1_526' title='bbox 2890 3157 3241 3220; x_wconf 88' lang='lat' dir='ltr'>naturalem</span> <span class='ocrx_word' id='word_1_527' title='bbox 3270 3164 3332 3219; x_wconf 92' lang='lat' dir='ltr'>et</span> <span class='ocrx_word' id='word_1_528' title='bbox 3362 3174 3499 3219; x_wconf 88' lang='lat' dir='ltr'>cor-</span> 
     </span>
     <span class='ocr_line' id='line_1_77' title="bbox 2003 3254 3497 3336; baseline -0.001 -19"><span class='ocrx_word' id='word_1_529' title='bbox 2003 3254 2287 3336; x_wconf 89' lang='lat' dir='ltr'>poralem</span> <span class='ocrx_word' id='word_1_530' title='bbox 2318 3261 2585 3317; x_wconf 89' lang='lat' dir='ltr'>conatur</span> <span class='ocrx_word' id='word_1_531' title='bbox 2613 3254 3015 3333; x_wconf 86' lang='lat' dir='ltr'>exstinguere</span> <span class='ocrx_word' id='word_1_532' title='bbox 3039 3278 3053 3329; x_wconf 76' lang='lat'>3</span> <span class='ocrx_word' id='word_1_533' title='bbox 3088 3264 3331 3334; x_wconf 88' lang='lat' dir='ltr'>quanto</span> <span class='ocrx_word' id='word_1_534' title='bbox 3359 3276 3497 3315; x_wconf 89' lang='lat' dir='ltr'>ma-</span> 
     </span>
     <span class='ocr_line' id='line_1_78' title="bbox 1995 3351 3497 3430; baseline -0.001 -18"><span class='ocrx_word' id='word_1_535' title='bbox 1995 3355 2101 3430; x_wconf 73' lang='lat' dir='ltr'>qis</span> <span class='ocrx_word' id='word_1_536' title='bbox 2134 3355 2242 3413; x_wconf 79' lang='lat' dir='ltr'>hic</span> <span class='ocrx_word' id='word_1_537' title='bbox 2280 3351 2486 3415; x_wconf 90' lang='lat' dir='ltr'>Semei</span> <span class='ocrx_word' id='word_1_538' title='bbox 2518 3353 2702 3429; x_wconf 78' lang='lat' dir='ltr'>filius</span> <span class='ocrx_word' id='word_1_539' title='bbox 2726 3354 2975 3413; x_wconf 68' lang='lat' dir='ltr'>¹semini</span> <span class='ocrx_word' id='word_1_540' title='bbox 3008 3354 3342 3413; x_wconf 87' lang='lat' dir='ltr'>maledicet</span> <span class='ocrx_word' id='word_1_541' title='bbox 3374 3354 3497 3413; x_wconf 88' lang='lat' dir='ltr'>mi-</span> 
     </span>
    </p>
   </div>
   <div class='ocr_carea' id='block_1_17' title="bbox 2002 3449 3783 3532">
    <p class='ocr_par' dir='ltr' id='par_1_18' title="bbox 2002 3449 3783 3532">
     <span class='ocr_line' id='line_1_79' title="bbox 2002 3449 3783 3532; baseline 0.001 -19"><span class='ocrx_word' id='word_1_542' title='bbox 2002 3454 2124 3513; x_wconf 74' lang='lat' dir='ltr'>hi?</span> <span class='ocrx_word' id='word_1_543' title='bbox 2161 3452 2224 3513; x_wconf 91' lang='lat' dir='ltr'>id</span> <span class='ocrx_word' id='word_1_544' title='bbox 2265 3458 2362 3513; x_wconf 88' lang='lat' dir='ltr'>est</span> <span class='ocrx_word' id='word_1_545' title='bbox 2394 3449 2518 3514; x_wconf 89' lang='lat' dir='ltr'>viri</span> <span class='ocrx_word' id='word_1_546' title='bbox 2560 3449 2704 3511; x_wconf 87' lang='lat' dir='ltr'>talis</span> <span class='ocrx_word' id='word_1_547' title='bbox 2745 3450 2825 3512; x_wconf 89' lang='lat' dir='ltr'>de</span> <span class='ocrx_word' id='word_1_548' title='bbox 2867 3449 3111 3512; x_wconf 90' lang='lat' dir='ltr'>semine</span> <span class='ocrx_word' id='word_1_549' title='bbox 3154 3450 3488 3532; x_wconf 74' lang='lat' dir='ltr'>BenJamin</span> <span class='ocrx_word' id='word_1_550' title='bbox 3524 3469 3783 3525; x_wconf 54' lang='lat' dir='ltr'>mevam.</span> 
     </span>
    </p>
   </div>
   <div class='ocr_carea' id='block_1_18' title="bbox 1989 3546 3497 4219">
    <p class='ocr_par' dir='ltr' id='par_1_19' title="bbox 1989 3546 3491 3811">
     <span class='ocr_line' id='line_1_80' title="bbox 2003 3546 3490 3630; baseline -0.001 -19"><span class='ocrx_word' id='word_1_551' title='bbox 2003 3548 2156 3626; x_wconf 88' lang='lat' dir='ltr'>nati,</span> <span class='ocrx_word' id='word_1_552' title='bbox 2194 3556 2381 3630; x_wconf 89' lang='lat' dir='ltr'>prout</span> <span class='ocrx_word' id='word_1_553' title='bbox 2426 3546 2633 3630; x_wconf 90' lang='lat' dir='ltr'>primo</span> <span class='ocrx_word' id='word_1_554' title='bbox 2677 3546 2839 3609; x_wconf 92' lang='lat' dir='ltr'>libro</span> <span class='ocrx_word' id='word_1_555' title='bbox 2884 3546 3177 3610; x_wconf 89' lang='lat' dir='ltr'>habetur.</span> <span class='ocrx_word' id='word_1_556' title='bbox 3224 3547 3490 3621; x_wconf 90' lang='lat' dir='ltr'>Quidam</span> 
     </span>
     <span class='ocr_line' id='line_1_81' title="bbox 1989 3645 3491 3730; baseline -0.001 -20"><span class='ocrx_word' id='word_1_557' title='bbox 1989 3646 2215 3711; x_wconf 77' lang='lat' dir='ltr'>&#39;tamen</span> <span class='ocrx_word' id='word_1_558' title='bbox 2246 3666 2359 3730; x_wconf 90' lang='lat' dir='ltr'>per</span> <span class='ocrx_word' id='word_1_559' title='bbox 2378 3645 3023 3727; x_wconf 87' lang='lat' dir='ltr'>Jemini‚intelligunt</span> <span class='ocrx_word' id='word_1_560' title='bbox 3053 3646 3263 3710; x_wconf 89' lang='lat' dir='ltr'>virum</span> <span class='ocrx_word' id='word_1_561' title='bbox 3297 3646 3491 3711; x_wconf 89' lang='lat' dir='ltr'>vilem</span> 
     </span>
     <span class='ocr_line' id='line_1_82' title="bbox 1999 3747 2444 3811; baseline -0.004 -1"><span class='ocrx_word' id='word_1_562' title='bbox 1999 3764 2074 3810; x_wconf 90' lang='lat' dir='ltr'>ac</span> <span class='ocrx_word' id='word_1_563' title='bbox 2113 3747 2444 3811; x_wconf 91' lang='lat' dir='ltr'>rusticum.</span> 
     </span>
    </p>

    <p class='ocr_par' dir='ltr' id='par_1_20' title="bbox 2001 3843 3497 4219">
     <span class='ocr_line' id='line_1_83' title="bbox 2086 3843 3489 3926; baseline -0.003 -17"><span class='ocrx_word' id='word_1_564' title='bbox 2086 3846 2267 3909; x_wconf 86' lang='lat' dir='ltr'>Circa</span> <span class='ocrx_word' id='word_1_565' title='bbox 2310 3846 2443 3908; x_wconf 79' lang='lat' dir='ltr'>baec</span> <span class='ocrx_word' id='word_1_566' title='bbox 2492 3843 2821 3926; x_wconf 79' lang='lat' dir='ltr'>quaeritur,</span> <span class='ocrx_word' id='word_1_567' title='bbox 2874 3843 3028 3925; x_wconf 90' lang='lat' dir='ltr'>quia</span> <span class='ocrx_word' id='word_1_568' title='bbox 3076 3843 3132 3905; x_wconf 90' lang='lat' dir='ltr'>si</span> <span class='ocrx_word' id='word_1_569' title='bbox 3182 3843 3489 3906; x_wconf 87' lang='lat' dir='ltr'>Dominus</span> 
     </span>
     <span class='ocr_line' id='line_1_84' title="bbox 2002 3941 3497 4027; baseline -0.001 -21"><span class='ocrx_word' id='word_1_570' title='bbox 2002 3944 2304 4027; x_wconf 76' lang='lat' dir='ltr'>praecepit</span> <span class='ocrx_word' id='word_1_571' title='bbox 2333 3944 2481 4006; x_wconf 87' lang='lat' dir='ltr'>huic</span> <span class='ocrx_word' id='word_1_572' title='bbox 2510 3942 2717 4006; x_wconf 91' lang='lat' dir='ltr'>Semei</span> <span class='ocrx_word' id='word_1_573' title='bbox 2747 3941 3127 4006; x_wconf 89' lang='lat' dir='ltr'>maledicere</span> <span class='ocrx_word' id='word_1_574' title='bbox 3166 3941 3362 4006; x_wconf 88' lang='lat' dir='ltr'>David</span> <span class='ocrx_word' id='word_1_575' title='bbox 3402 3961 3497 4004; x_wconf 88' lang='lat' dir='ltr'>re-</span> 
     </span>
     <span class='ocr_line' id='line_1_85' title="bbox 2001 4039 3497 4123; baseline -0.001 -19"><span class='ocrx_word' id='word_1_576' title='bbox 2001 4043 2088 4123; x_wconf 86' lang='lat' dir='ltr'>gi,</span> <span class='ocrx_word' id='word_1_577' title='bbox 2124 4060 2275 4122; x_wconf 85' lang='lat' dir='ltr'>ergo</span> <span class='ocrx_word' id='word_1_578' title='bbox 2306 4061 2433 4105; x_wconf 91' lang='lat' dir='ltr'>non</span> <span class='ocrx_word' id='word_1_579' title='bbox 2464 4041 2751 4123; x_wconf 89' lang='lat' dir='ltr'>peccavit</span> <span class='ocrx_word' id='word_1_580' title='bbox 2781 4040 2847 4102; x_wconf 88' lang='lat' dir='ltr'>in</span> <span class='ocrx_word' id='word_1_581' title='bbox 2880 4039 3022 4117; x_wconf 88' lang='lat' dir='ltr'>hoc,</span> <span class='ocrx_word' id='word_1_582' title='bbox 3046 4041 3160 4103; x_wconf 91' lang='lat' dir='ltr'>sed</span> <span class='ocrx_word' id='word_1_583' title='bbox 3196 4040 3317 4103; x_wconf 92' lang='lat' dir='ltr'>Deo</span> <span class='ocrx_word' id='word_1_584' title='bbox 3347 4039 3497 4103; x_wconf 89' lang='lat' dir='ltr'>obe-</span> 
     </span>
     <span class='ocr_line' id='line_1_86' title="bbox 2007 4138 3495 4219; baseline -0.001 -17"><span class='ocrx_word' id='word_1_585' title='bbox 2007 4140 2168 4204; x_wconf 93' lang='lat' dir='ltr'>divit</span> <span class='ocrx_word' id='word_1_586' title='bbox 2198 4160 2270 4204; x_wconf 89' lang='lat' dir='ltr'>ac</span> <span class='ocrx_word' id='word_1_587' title='bbox 2301 4140 2553 4203; x_wconf 89' lang='lat' dir='ltr'>meruit.</span> <span class='ocrx_word' id='word_1_588' title='bbox 2574 4138 2749 4213; x_wconf 90' lang='lat' dir='ltr'>Quod</span> <span class='ocrx_word' id='word_1_589' title='bbox 2782 4138 2837 4200; x_wconf 92' lang='lat' dir='ltr'>si</span> <span class='ocrx_word' id='word_1_590' title='bbox 2870 4138 2959 4201; x_wconf 90' lang='lat' dir='ltr'>ita</span> <span class='ocrx_word' id='word_1_591' title='bbox 2985 4146 3101 4215; x_wconf 91' lang='lat' dir='ltr'>est,</span> <span class='ocrx_word' id='word_1_592' title='bbox 3128 4156 3278 4219; x_wconf 89' lang='lat' dir='ltr'>ergo</span> <span class='ocrx_word' id='word_1_593' title='bbox 3299 4138 3495 4201; x_wconf 87' lang='lat' dir='ltr'>David</span> 
     </span>
    </p>
   </div>
   <div class='ocr_carea' id='block_1_19' title="bbox 2003 4432 3502 5399">
    <p class='ocr_par' dir='ltr' id='par_1_21' title="bbox 2003 4432 3502 5399">
     <span class='ocr_line' id='line_1_87' title="bbox 2013 4432 3496 4515; baseline -0.002 -18"><span class='ocrx_word' id='word_1_594' title='bbox 2013 4435 2182 4499; x_wconf 88' lang='lat' dir='ltr'>inl&#39;ra</span> <span class='ocrx_word' id='word_1_595' title='bbox 2230 4435 2412 4499; x_wconf 90' lang='lat' dir='ltr'>tertio</span> <span class='ocrx_word' id='word_1_596' title='bbox 2461 4433 2625 4497; x_wconf 91' lang='lat' dir='ltr'>libro</span> <span class='ocrx_word' id='word_1_597' title='bbox 2669 4433 2958 4496; x_wconf 88' lang='lat' dir='ltr'>habetur.</span> <span class='ocrx_word' id='word_1_598' title='bbox 3001 4432 3077 4494; x_wconf 89' lang='lat' dir='ltr'>Et</span> <span class='ocrx_word' id='word_1_599' title='bbox 3116 4432 3496 4515; x_wconf 88' lang='lat' dir='ltr'>responden-</span> 
     </span>
     <span class='ocr_line' id='line_1_88' title="bbox 2012 4531 3499 4616; baseline -0.003 -18"><span class='ocrx_word' id='word_1_600' title='bbox 2012 4537 2185 4612; x_wconf 92' lang='lat' dir='ltr'>dum,</span> <span class='ocrx_word' id='word_1_601' title='bbox 2219 4534 2389 4616; x_wconf 93' lang='lat' dir='ltr'>quod</span> <span class='ocrx_word' id='word_1_602' title='bbox 2420 4532 2734 4616; x_wconf 90' lang='lat' dir='ltr'>quidquid</span> <span class='ocrx_word' id='word_1_603' title='bbox 2764 4532 3047 4595; x_wconf 89' lang='lat' dir='ltr'>entitatis</span> <span class='ocrx_word' id='word_1_604' title='bbox 3079 4540 3143 4594; x_wconf 92' lang='lat' dir='ltr'>et</span> <span class='ocrx_word' id='word_1_605' title='bbox 3171 4531 3499 4594; x_wconf 87' lang='lat' dir='ltr'>actualita-</span> 
     </span>
     <span class='ocr_line' id='line_1_89' title="bbox 2011 4630 3500 4713; baseline -0.003 -18"><span class='ocrx_word' id='word_1_606' title='bbox 2011 4634 2092 4695; x_wconf 90' lang='lat' dir='ltr'>tis</span> <span class='ocrx_word' id='word_1_607' title='bbox 2122 4642 2217 4697; x_wconf 91' lang='lat' dir='ltr'>est</span> <span class='ocrx_word' id='word_1_608' title='bbox 2244 4633 2311 4695; x_wconf 90' lang='lat' dir='ltr'>in</span> <span class='ocrx_word' id='word_1_609' title='bbox 2340 4640 2487 4696; x_wconf 90' lang='lat' dir='ltr'>actu</span> <span class='ocrx_word' id='word_1_610' title='bbox 2518 4630 2782 4713; x_wconf 88' lang='lat' dir='ltr'>peccati,</span> <span class='ocrx_word' id='word_1_611' title='bbox 2816 4639 2914 4693; x_wconf 87' lang='lat' dir='ltr'>est</span> <span class='ocrx_word' id='word_1_612' title='bbox 2951 4630 3175 4712; x_wconf 90' lang='lat' dir='ltr'>utique</span> <span class='ocrx_word' id='word_1_613' title='bbox 3208 4649 3247 4692; x_wconf 88' lang='lat' dir='ltr'>a</span> <span class='ocrx_word' id='word_1_614' title='bbox 3276 4630 3423 4705; x_wconf 82' lang='lat' dir='ltr'>DeO,</span> <span class='ocrx_word' id='word_1_615' title='bbox 3462 4648 3500 4691; x_wconf 90' lang='lat' dir='ltr'>a</span> 
     </span>
     <span class='ocr_line' id='line_1_90' title="bbox 2008 4726 3499 4813; baseline -0.003 -20"><span class='ocrx_word' id='word_1_616' title='bbox 2008 4750 2138 4813; x_wconf 93' lang='lat' dir='ltr'>quo</span> <span class='ocrx_word' id='word_1_617' title='bbox 2167 4740 2263 4794; x_wconf 90' lang='lat' dir='ltr'>est</span> <span class='ocrx_word' id='word_1_618' title='bbox 2291 4749 2479 4793; x_wconf 90' lang='lat' dir='ltr'>omne</span> <span class='ocrx_word' id='word_1_619' title='bbox 2516 4748 2655 4791; x_wconf 91' lang='lat' dir='ltr'>esse</span> <span class='ocrx_word' id='word_1_620' title='bbox 2690 4736 2756 4791; x_wconf 88' lang='lat' dir='ltr'>et</span> <span class='ocrx_word' id='word_1_621' title='bbox 2794 4746 2999 4808; x_wconf 88' lang='lat' dir='ltr'>agere,</span> <span class='ocrx_word' id='word_1_622' title='bbox 3032 4726 3244 4792; x_wconf 90' lang='lat' dir='ltr'>omnis</span> <span class='ocrx_word' id='word_1_623' title='bbox 3282 4746 3499 4791; x_wconf 86' lang='lat' dir='ltr'>essen-</span> 
     </span>
     <span class='ocr_line' id='line_1_91' title="bbox 2009 4825 3499 4907; baseline -0.002 -16"><span class='ocrx_word' id='word_1_624' title='bbox 2009 4830 2116 4907; x_wconf 90' lang='lat' dir='ltr'>tia,</span> <span class='ocrx_word' id='word_1_625' title='bbox 2151 4829 2353 4894; x_wconf 90' lang='lat' dir='ltr'>virtus</span> <span class='ocrx_word' id='word_1_626' title='bbox 2396 4836 2459 4891; x_wconf 90' lang='lat' dir='ltr'>et</span> <span class='ocrx_word' id='word_1_627' title='bbox 2497 4825 2697 4902; x_wconf 89' lang='lat' dir='ltr'>actio;</span> <span class='ocrx_word' id='word_1_628' title='bbox 2746 4827 2857 4889; x_wconf 90' lang='lat' dir='ltr'>sed</span> <span class='ocrx_word' id='word_1_629' title='bbox 2897 4825 3279 4889; x_wconf 83' lang='lat' dir='ltr'>deformitas</span> <span class='ocrx_word' id='word_1_630' title='bbox 3321 4833 3499 4890; x_wconf 88' lang='lat' dir='ltr'>actus</span> 
     </span>
     <span class='ocr_line' id='line_1_92' title="bbox 2007 4924 3497 5008; baseline -0.001 -18"><span class='ocrx_word' id='word_1_631' title='bbox 2007 4928 2203 5007; x_wconf 87' lang='lat' dir='ltr'>illius,</span> <span class='ocrx_word' id='word_1_632' title='bbox 2238 4925 2533 4990; x_wconf 83' lang='lat' dir='ltr'>videlicet</span> <span class='ocrx_word' id='word_1_633' title='bbox 2565 4926 2705 5008; x_wconf 90' lang='lat' dir='ltr'>ipsa</span> <span class='ocrx_word' id='word_1_634' title='bbox 2742 4924 2989 4988; x_wconf 88' lang='lat' dir='ltr'>aversio</span> <span class='ocrx_word' id='word_1_635' title='bbox 3028 4944 3065 4986; x_wconf 88' lang='lat' dir='ltr'>a</span> <span class='ocrx_word' id='word_1_636' title='bbox 3106 4924 3497 4989; x_wconf 87' lang='lat' dir='ltr'>rectitudine</span> 
     </span>
     <span class='ocr_line' id='line_1_93' title="bbox 2006 5022 3502 5104; baseline -0.003 -15"><span class='ocrx_word' id='word_1_637' title='bbox 2006 5026 2269 5089; x_wconf 89' lang='lat' dir='ltr'>rationis</span> <span class='ocrx_word' id='word_1_638' title='bbox 2308 5034 2371 5088; x_wconf 91' lang='lat' dir='ltr'>et</span> <span class='ocrx_word' id='word_1_639' title='bbox 2406 5024 2671 5088; x_wconf 87' lang='lat' dir='ltr'>veritate</span> <span class='ocrx_word' id='word_1_640' title='bbox 2706 5022 2990 5104; x_wconf 61' lang='lat' dir='ltr'>justitias,</span> <span class='ocrx_word' id='word_1_641' title='bbox 3026 5023 3197 5103; x_wconf 90' lang='lat' dir='ltr'>quod</span> <span class='ocrx_word' id='word_1_642' title='bbox 3240 5032 3337 5086; x_wconf 91' lang='lat' dir='ltr'>est</span> <span class='ocrx_word' id='word_1_643' title='bbox 3373 5022 3502 5087; x_wconf 82' lang='lat' dir='ltr'>for-</span> 
     </span>
     <span class='ocr_line' id='line_1_94' title="bbox 2004 5120 3495 5205; baseline -0.003 -18"><span class='ocrx_word' id='word_1_644' title='bbox 2004 5126 2169 5188; x_wconf 90' lang='lat' dir='ltr'>male</span> <span class='ocrx_word' id='word_1_645' title='bbox 2213 5122 2477 5205; x_wconf 88' lang='lat' dir='ltr'>peccati,</span> <span class='ocrx_word' id='word_1_646' title='bbox 2520 5140 2647 5185; x_wconf 90' lang='lat' dir='ltr'>non</span> <span class='ocrx_word' id='word_1_647' title='bbox 2688 5128 2783 5183; x_wconf 88' lang='lat' dir='ltr'>est</span> <span class='ocrx_word' id='word_1_648' title='bbox 2824 5120 3087 5197; x_wconf 90' lang='lat' dir='ltr'>directe,</span> <span class='ocrx_word' id='word_1_649' title='bbox 3132 5120 3242 5183; x_wconf 92' lang='lat' dir='ltr'>sed</span> <span class='ocrx_word' id='word_1_650' title='bbox 3286 5121 3495 5184; x_wconf 91' lang='lat' dir='ltr'>solum</span> 
     </span>
     <span class='ocr_line' id='line_1_95' title="bbox 2003 5216 3499 5306; baseline -0.005 -19"><span class='ocrx_word' id='word_1_651' title='bbox 2003 5221 2379 5306; x_wconf 86' lang='lat' dir='ltr'>permissive</span> <span class='ocrx_word' id='word_1_652' title='bbox 2417 5239 2454 5282; x_wconf 87' lang='lat' dir='ltr'>a</span> <span class='ocrx_word' id='word_1_653' title='bbox 2487 5220 2633 5295; x_wconf 89' lang='lat' dir='ltr'>De0,</span> <span class='ocrx_word' id='word_1_654' title='bbox 2667 5237 2783 5282; x_wconf 89' lang='lat' dir='ltr'>nec</span> <span class='ocrx_word' id='word_1_655' title='bbox 2822 5218 3017 5280; x_wconf 87' lang='lat' dir='ltr'>habet</span> <span class='ocrx_word' id='word_1_656' title='bbox 3050 5236 3314 5281; x_wconf 89' lang='lat' dir='ltr'>causam</span> <span class='ocrx_word' id='word_1_657' title='bbox 3348 5216 3499 5281; x_wconf 77' lang='lat' dir='ltr'>erri-</span> 
     </span>
     <span class='ocr_line' id='line_1_96' title="bbox 2003 5317 3499 5399; baseline -0.002 -15"><span class='ocrx_word' id='word_1_658' title='bbox 2003 5322 2298 5396; x_wconf 88' lang='lat' dir='ltr'>cientem,</span> <span class='ocrx_word' id='word_1_659' title='bbox 2324 5319 2435 5381; x_wconf 82' lang='lat' dir='ltr'>sed</span> <span class='ocrx_word' id='word_1_660' title='bbox 2467 5317 2896 5394; x_wconf 83' lang='lat' dir='ltr'>deficientem,</span> <span class='ocrx_word' id='word_1_661' title='bbox 2933 5324 3161 5399; x_wconf 88' lang='lat' dir='ltr'>estque</span> <span class='ocrx_word' id='word_1_662' title='bbox 3190 5317 3431 5381; x_wconf 88' lang='lat' dir='ltr'>directe</span> <span class='ocrx_word' id='word_1_663' title='bbox 3460 5338 3499 5381; x_wconf 89' lang='lat' dir='ltr'>a</span> 
     </span>
    </p>
   </div>
  </div>
 </body>
</html>
