4359 6250
951 481 1070 545 638
1559 500 1906 547 mmm-10
1949 500 2010 547 m
2052 501 2191 549 ω.
2238 499 2322 546 vu
2363 500 2523 547 unm
2562 500 2761 547 ren-ru
2802 500 3027 549 moun.
3072 522 3153 533 —
3192 502 3333 549 aar.
3376 503 3445 549 11

955 677 1250 737 tudinem
1272 686 1489 737 autem
1511 677 1792 738 nimiam
1811 692 2132 751 vasorum,
2149 694 2281 735 non
2300 682 2441 735 erat
2470 668 2522 735 A
2552 676 2723 738 niam
2754 673 2921 739 facta
2949 684 3133 741 erant
3159 674 3337 756 juxta
3367 676 3638 739 formam
3658 685 3722 739 et
3742 684 4029 739 ornatum

943 777 1202 851 pondus
1231 774 1542 845 oeris,hoc
1571 782 1688 851 est,
1713 774 1930 853 ignota
1961 770 2081 834 fuit
2112 771 2439 854 quantitas
2548 775 2911 838 candelabri
2942 775 3168 859 Moysis
3202 793 3216 836 ε
3252 776 3331 838 de
3360 792 3491 858 quo
3532 774 3599 836 in
3630 774 3847 837 Exodo
3880 774 4028 855 legi-

951 870 1094 933 aeris
1125 890 1203 935 ex
1231 889 1360 953 quo
1392 870 1664 935 formata
1703 880 1871 934 sunt.
1906 870 2034 933 Hoc
2076 879 2285 933 tamen
2330 888 2443 951 per

951 969 1343 1052 hyperbolen
1383 970 1638 1048 dicitur,
1684 971 1761 1033 ad
1807 969 2267 1032 insinuandum
2311 987 2442 1030 ma-

951 1068 1188 1132 ximam
1217 1070 1360 1133 aeris
1390 1069 1565 1133 illius
1597 1070 1851 1133 molem.

1035 1170 1331 1249 Feciique
1358 1173 1568 1231 aliare
1597 1190 1868 1230 aureum
1910 1190 1932 1228 .·
1975 1185 2104 1231 non
2135 1166 2309 1248 quod
2349 1174 2441 1229 to-

952 1274 1086 1329 tum
1151 1265 1345 1331 fuerit
1403 1265 1646 1331 factum
1695 1286 1773 1331 ex
1825 1284 2000 1343 aure,
2057 1266 2167 1329 sed
2227 1263 2437 1327 aureis

953 1365 1208 1429 laminis
1249 1365 1372 1429 fuit
1410 1375 1740 1449 opertum3
1784 1366 2004 1447 sicque
2035 1372 2301 1429 vocatur
2330 1382 2440 1425 au·
2490 1438 2493 1441 ⁴

2550 882 2673 951 tur,
2694 874 2907 937 Facies
2938 882 3000 937 et
3028 873 3481 937 caudelabrum
3510 874 3751 937 ductile
3778 875 3856 936 de
3882 892 4029 935 auro
4070 887 4253 933 ειοιω.

2550 972 2993 1050 mundissime,
3026 972 3255 1036 hastile
3285 973 3424 1055 ejus
3462 981 3525 1035 et
3566 972 3866 1049 calamOS,
3902 991 4028 1053 scy-
4052 953 4107 993 ³¹·

2550 1071 2710 1153 phos
2740 1079 2803 1135 et
2834 1072 3201 1153 sphaerulaS‚
3236 1091 3309 1135 ac
3346 1071 3483 1135 lilia
3522 1091 3601 1135 ex
3640 1070 3783 1153 ipso
3822 1090 4027 1153 proce-

2548 1170 2784 1234 dentia.
2818 1170 2993 1233 Unde
3036 1170 3316 1235 secundo
3358 1169 3883 1252 Paralipomenon
3928 1170 4026 1231 ha-

2550 1268 2734 1331 betur
2768 1286 2783 1331 ε
2818 1268 2893 1331 Et
2930 1268 3232 1333 florentia
3266 1270 3578 1352 quaedam.
3610 1272 3699 1331 Et
3738 1272 4025 1329 lucernas
4070 1284 4186 1327 1190
4210 1301 4249 1330 η.

2547 1370 2838 1445 desuper,
2853 1368 2973 1431 hoc
3002 1376 3097 1431 est
3129 1386 3320 1450 super
3348 1366 3749 1444 candelabra,
3770 1388 4023 1429 aureas:
4048 1348 4103 1388 ²¹·

2549 1466 3083 1546 quemadmodum
3116 1485 3310 1549 super
3336 1466 3789 1529 candelabrum
3808 1464 4022 1547 Moysis

2548 1574 2729 1627 erant
2774 1574 3014 1647 septem
3059 1564 3354 1642 lucernae,
3386 1584 3531 1647 quae
3566 1572 3747 1627 erant
3792 1573 4021 1646 septem
4060 1582 4249 1657 gnam.

955 1484 1157 1543 reum,
1191 1466 1310 1529 hoc
1341 1474 1437 1528 est
1465 1467 1862 1528 deauratum.
1899 1466 1984 1527 De
2013 1482 2140 1546 quo
2184 1464 2251 1525 in
2290 1480 2441 1544 prae-

683 1574 923 1631 mlier-vu.
953 1564 1200 1626 cedenti
1221 1564 1502 1647 capitulo
1533 1564 1774 1627 dictum
1805 1572 1921 1641 cst,
1944 1564 2153 1627 Altare
2176 1559 2441 1625 vestivit

660 1641 728 1683 ²⁰·
953 1662 1177 1739 cedr03
1210 1672 1272 1726 et
1305 1662 1683 1743 intelligitur
1719 1664 1798 1725 de
1837 1661 2020 1725 altari
2063 1660 2440 1743 thymiama·
2550 1682 2757 1726 aureae
2812 1664 3156 1746 lampadeS,
3209 1664 3556 1727 secundum
3616 1663 4018 1745 expositores,
4048 1648 4104 1688 ³⁴·

951 1760 1056 1837 tis,
1090 1762 1261 1844 quod
1293 1770 1427 1825 erat
1470 1762 1533 1824 in
1575 1761 1784 1845 prima
1821 1770 1884 1824 et
1927 1759 2225 1824 exteriori
2260 1764 2439 1841 parte
2550 1781 2821 1843 quarum
2850 1781 2977 1824 una
3006 1762 3215 1825 stabat
3256 1761 3323 1823 in
3354 1760 3719 1824 summitate
3748 1760 4025 1824 caudela-

955 1860 1198 1943 templi.
1235 1864 1318 1923 Ει
1349 1882 1658 1931 mensam,
1685 1881 1878 1939 super
1905 1880 2100 1941 quam
2131 1878 2438 1939 poneren-
2476 1855 2523 1919 B
2552 1860 2673 1937 bri,
2706 1868 2771 1924 et
2801 1869 2926 1923 tres
2956 1880 3033 1924 ex
3062 1879 3191 1923 uno
3233 1860 3429 1923 latere
3466 1860 3627 1942 ejuS,
3666 1868 3917 1941 tresque
3954 1878 4023 1921 ex

955 1969 1062 2020 tur
1099 1980 1303 2037 panes
1341 1961 1830 2037 propositionis,
1874 1979 2144 2020 auream
2186 1980 2209 2019 .·
2248 1976 2439 2039 super
2552 1959 2745 2023 latere
2788 1958 2935 2037 alio,
2964 1968 3037 2021 ut
3078 1958 3321 2022 dictum
3362 1966 3459 2021 est
3501 1977 3694 2040 super
3722 1959 4019 2022 Exodum.

685 2070 788 2114 Len.
812 2082 922 2120 xm.
950 2077 1142 2140 quam
1199 2058 1426 2121 diebus
1484 2057 1730 2121 sabbati
1789 2077 1976 2121 mane
2037 2057 2437 2141 ponebantur
2552 2061 2635 2119 Et
2659 2059 2937 2137 forcipes
2958 2078 3210 2128 aureos,
3225 2058 3302 2120 ad
3334 2056 3837 2119 abscindendum
3862 2056 4021 2138 quod

661 2136 747 2178 Μ·
951 2157 1285 2221 duodecim
1337 2175 1532 2239 panes
1584 2165 1867 2221 recentes
1905 2164 1969 2221 et
2009 2156 2220 2233 calidi,
2258 2174 2441 2219 mun·
2546 2155 2950 2220 combustum
2982 2155 3110 2218 fuit
3136 2156 3215 2219 de
3245 2156 3579 2238 lychn0‚et
3608 2154 3887 2218 flammae
3914 2155 4025 2219 cla—

948 2256 1142 2338 dique
1173 2256 1378 2331 valde,
1414 2254 1563 2318 facti
1594 2256 1675 2319 de
1707 2256 1938 2331 simila,
1973 2266 2037 2319 et
2067 2263 2441 2319 manserunt

948 2354 1040 2417 ibi
1073 2373 1273 2436 usque
1293 2355 1370 2417 ad
1393 2372 1579 2417 mane
1599 2354 1924 2435 sequentis
1948 2354 2231 2427 sabbati3
2270 2362 2441 2417 tune-

945 2472 1072 2536 que
1121 2454 1526 2530 tollebantur,
1581 2461 1644 2516 et
1692 2473 1729 2515 a
1781 2452 1934 2516 solis
1993 2453 2431 2517 sacerdotibus

945 2552 1513 2627 manducabantur,
1557 2560 1621 2615 et
1659 2551 1768 2613 alii
1812 2551 2070 2614 totidem
2111 2570 2312 2633 panes
2352 2550 2435 2613 si-

946 2650 1130 2713 miles
1189 2650 1511 2733 prioribus
1571 2649 1973 2733 ponebantur
2029 2650 2317 2727 ibidem3
2378 2658 2439 2713 et

947 2750 1323 2813 dicebantur
1370 2768 1566 2831 panes
1606 2748 2084 2833 propositioniS,
2127 2749 2439 2831 quoniam

949 2867 1163 2911 coram
1207 2850 1331 2911 Deo
1375 2848 1466 2911 sic
1511 2848 1932 2929 ponebantur.
1969 2848 2052 2910 De
2093 2848 2331 2929 quibus
2372 2849 2439 2909 in

657 2954 918 3060 agad-xxv.
951 2946 1162 3010 Exodo
1211 2946 1511 3029 praecepit
1557 2945 1860 3009 Dominus
1919 2962 1932 3007 ε
1990 2946 2189 3009 Pones
2249 2965 2441 3027 super

950 3164 1093 3208 meo
1131 3163 1402 3226 semper.
1447 3145 1604 3207 Hinc
1653 3153 1714 3207 et
1759 3162 1978 3206 mensa
2021 3163 2214 3226 super
2249 3163 2441 3226 quam

2549 2254 2797 2319 ritatem
2833 2254 3125 2331 fuscavit,
3150 2265 3209 2315 ec
3239 2256 3536 2331 hydrias,
3562 2253 3625 2315 in
3657 2253 4025 2335 quibus‘po-

2548 2354 2743 2417 situm
2786 2353 2911 2415 fuit
2947 2354 3157 2416 oleum
3198 2352 3624 2429 lucernarum,
3658 2364 3719 2413 et
3746 2355 4025 2432 fuscinu-

2548 2456 2669 2524 las,
2702 2454 2821 2517 hoc
2859 2460 2957 2515 est
2996 2451 3419 2515 instrumenta
3458 2451 3537 2513 ad
3576 2450 4021 2513 extrahendum

2550 2550 3019 2615 immunditiam
3050 2550 3453 2613 lucernarum
3486 2548 3778 2626 formata,
3806 2560 3867 2611 et
3888 2550 4025 2627 phi-

2548 2654 2711 2721 alas,
2745 2649 2808 2712 id
2841 2657 2938 2713 est
2970 2668 3121 2711 vasa
3161 2648 3227 2709 in
3266 2648 3501 2731 quibus
3541 2647 4024 2712 conservabatur

2548 2748 2761 2811 oleum
2792 2766 2905 2831 pro
2936 2746 3243 2810 unctione
3282 2766 3498 2827 regum
3542 2754 3733 2827 atque
3774 2745 4025 2827 pontifi-

2548 2868 2718 2925 cum,
2752 2858 2812 2909 ει
2840 2849 3242 2918 mortariola,
3278 2846 3343 2908 in
3382 2845 3617 2928 quibus
3656 2846 3923 2928 specieS,
3956 2864 4021 2908 ex

2549 2946 2785 3029 quibus
2838 2944 3081 3009 fiebant
3132 2955 3475 3027 unguenta,
3522 2944 4025 3009 comminueban-

949 3064 1235 3109 mensam
1267 3064 1461 3128 panes
1492 3044 1947 3128 propositionis
1986 3043 2054 3106 in
2095 3054 2441 3128 conspectu
2477 3046 2521 3109 C
2556 3054 2655 3107 tur
2694 3064 2805 3109 seu
2846 3044 3237 3121 terebantur,
3272 3055 3333 3105 et
3373 3046 3732 3114 thuribula,
3760 3048 3841 3104 de
3872 3064 4021 3105 auro

2555 3146 3000 3206 mundissime.
3035 3146 3121 3205 Ec
3150 3145 3447 3204 cardines
3472 3145 3781 3204 ostiorum
3810 3147 4021 3204 domus

952 3234 1376 3326 ponebantur,
1430 3263 1651 3306 mensa
1709 3241 2166 3324 propositionis
2224 3251 2445 3307 vocata
2554 3245 2907 3314 interioris,
2926 3253 3142 3326 ec,pro
3166 3241 3229 3304 id
3260 3250 3376 3318 est,
3396 3244 3625 3303 Sancti
3642 3253 4021 3312 sanctorum,

951 3351 1058 3406 est.
1075 3343 1476 3406 Ponebantur
1506 3361 1764 3425 quoque
1795 3341 1860 3402 in
1893 3341 2264 3404 memoriam
2294 3343 2446 3404 duo-
2550 3353 2612 3403 et
2652 3345 2964 3403 ostiorum
3006 3345 3234 3402 domus
3279 3343 3523 3418 templi,
3555 3340 3726 3423 quod
3765 3341 3871 3403 hic
3916 3359 4019 3422 pro

951 3439 1158 3504 decim
1181 3440 1460 3503 tribuum
1484 3438 1694 3502 Israel.
1715 3441 1802 3502 Dc
1831 3439 1931 3501 his
1953 3458 2144 3521 super
2158 3439 2443 3502 Exodum

951 3546 1142 3621 atque
1170 3539 1522 3603 Leviticum
1553 3537 1806 3620 plenius
1839 3537 2090 3620 scripsi.
2113 3538 2438 3617 Praeterea,

951 3637 1070 3700 hoc
1101 3637 1166 3699 in
1200 3637 1338 3702 loco
1370 3657 1570 3720 quum
1602 3636 1857 3712 dicitur,
1887 3635 1961 3698 Et
1989 3655 2297 3714 mensam,
2333 3657 2443 3719 po-

949 3736 1123 3799 nitur
1152 3736 1476 3818 sihgulare
1496 3756 1612 3819 pro
1634 3735 2103 3818 plurali‚quum
2131 3735 2441 3817 scriptum

657 3843 915 3894 ”Par-m&
947 3836 1030 3899 sit
1061 3838 1338 3900 secundo
1360 3835 1885 3918 Paralipomenon
1911 3854 1925 3898 z
1952 3835 2029 3897 Et
2057 3853 2309 3898 mensas
2343 3836 2443 3899 de-

945 3955 1105 4012 cem,
1143 3934 1482 4018 posuitque
1521 3953 1626 3998 eas
1665 3933 1732 3996 in
1773 3933 2030 4016 temple,
2075 3935 2363 4016 quinque
2401 3953 2439 3997 a

943 4034 1182 4096 dextris
1214 4040 1278 4096 et
1305 4033 1593 4115 quinque
1623 4052 1660 4095 a
1691 4032 1988 4095 sinistris.

1023 4135 1110 4194 Et
1137 4135 1528 4194 candelabra
1555 4153 1756 4194 aurea
1788 4129 1941 4193 fecit
1962 4134 2176 4193 decem
2200 4153 2222 4192 .·
2244 4133 2436 4210 quin-

2553 3441 2849 3504 exteriori
2892 3449 3071 3524 parte
3115 3438 3336 3522 templi
3386 3439 3716 3521 accipitur,
3756 3461 3843 3500 ev
3874 3461 4023 3500 auro

2550 3551 2757 3602 erant.
2789 3539 3088 3604 Cardines
3118 3547 3333 3602 autem
3362 3547 3532 3612 sunt,
3568 3539 3631 3600 in
3664 3538 3903 3620 quibus
3932 3556 4023 3600 os·

2553 3639 2639 3701 tia
2678 3638 3155 3720 suspenduntur
3192 3645 3385 3718 atque
3418 3636 3787 3700 volvuntur.

2650 3741 2733 3800 Ει
2782 3738 3012 3799 intulit
3060 3735 3355 3799 Salomon
3406 3735 3473 3796 in
3535 3734 3841 3816 templum
3888 3757 4017 3815 qua·

2546 3838 3086 3914 sanctificaverat,
3121 3834 3241 3898 hoc
3290 3842 3406 3910 est,
3456 3835 3533 3896 ad
3572 3833 3779 3896 divini
3822 3834 4017 3896 cultus

2547 3936 2853 3998 honorem
2896 3934 3328 4016 deputaverat,
3371 3934 3589 3994 David
3616 3943 3813 4010 pater
3850 3945 4015 4003 suus,

2543 4044 2887 4112 arqenium
2919 4043 2979 4094 et
3012 4053 3255 4094 aurum
3290 4041 3351 4093 ei
3390 4053 3542 4093 vasa
3562 4056 3587 4104 ,·
3628 4035 4021 4112 reposuitque

2542 4154 2617 4195 ea
2647 4135 2719 4194 in
2753 4133 3093 4202 thesauris,
3124 4132 3244 4194 hoc
3282 4138 3378 4194 est
3418 4129 3583 4193 inter
3612 4131 3892 4206 divitias,
3922 4134 4023 4190 do-

942 4251 1064 4311 que
1093 4233 1180 4292 ad
1205 4233 1529 4301 dextram,
1558 4240 1618 4292 ei
1654 4233 1943 4312 quinque
1971 4232 2059 4290 ad
2089 4231 2433 4291 sinistram
2463 4232 2514 4294 D
2545 4255 2686 4294 mus
2716 4234 3006 4295 Domini.

946 4327 1168 4409 templi
1209 4329 1601 4392 constituens
1643 4340 1867 4391 contra
1909 4333 2281 4398 oraculum,
2310 4329 2433 4391 hoc

943 4433 1041 4489 est
1071 4425 1135 4488 in
1166 4426 1462 4490 exteriori
1489 4427 1710 4509 templi
1743 4436 1921 4509 parte
1951 4445 2168 4491 coram
2200 4427 2431 4492 Sancto

943 4532 1455 4602 sanctorum,seu
1484 4543 1560 4588 ex
1589 4525 1882 4607 opposito
1911 4545 2072 4588 arcae
2099 4534 2163 4588 et
2193 4525 2431 4589 oraculi

941 4624 1103 4705 ejuS‚
1149 4643 1292 4705 quae
1341 4622 1510 4686 infra
1554 4622 1780 4686 Sancta
1829 4631 2193 4686 sanctorum
2245 4633 2432 4688 stete-

945 4730 1112 4786 runt.
1146 4725 1232 4784 Ec
1261 4725 1450 4802 quasi
1479 4724 1616 4783 lilii
1642 4725 1852 4798 flores,
1889 4721 1951 4784 id
1993 4729 2110 4799 est,
2146 4721 2431 4784 liliorum

939 4821 1426 4884 similitudinem
1471 4822 1536 4883 in
1581 4821 1980 4885 candelabris
2021 4821 2265 4898 statuit,
2320 4839 2431 4884 seu

939 4939 1016 4984 ex
1055 4919 1146 4982 eis
1185 4920 1542 5003 dependere
1579 4939 1652 4983 ac
1691 4921 2031 5002 procedere
2068 4918 2242 4996 fecit,
2276 4937 2435 5000 quo-

2630 4331 2893 4394 Demum
2944 4329 3013 4391 in
3060 4329 3453 4412 expositione
3496 4329 3761 4392 secundi
3804 4328 4025 4392 Parali-

2542 4447 2859 4511 pomenon
2891 4428 3061 4491 dicta
3092 4435 3240 4490 sunt
3275 4427 3510 4508 aliqua,
3543 4427 3621 4489 ad
3662 4426 3889 4490 horum
3936 4427 4023 4489 in-

2542 4527 2862 4590 tellectum
2920 4526 3283 4589 habendum
3334 4525 3633 4588 valentia.
3688 4527 3895 4607 Atque
3960 4535 4023 4587 ut

2536 4627 2847 4708 Iosephus
2886 4625 3103 4700 refert,
3143 4623 3435 4688 Salomon
3480 4632 3769 4706 tempore
3809 4645 4023 4706 proce-

2538 4726 2729 4788 dente
2758 4723 2908 4788 fecit
2938 4731 3001 4786 et
3028 4723 3156 4786 alia
3185 4721 3503 4798 utensilia,
3536 4721 3723 4786 valde
3766 4724 4021 4806 copiosa

2540 4844 2611 4887 ac
2666 4823 2964 4906 pretiosa,
3015 4841 3158 4904 quae
3208 4822 3273 4884 in
3322 4821 3711 4884 Scholastica
3757 4822 4021 4886 historia

2541 4922 2692 4986 satis
2722 4921 3172 5004 compendiose
3203 4929 3566 5001 tanguntur.
