4359 6250
859 462 978 527 604

1477 481 1825 527 mannum
1867 482 1928 527 IN
1971 482 2106 527 GAP.
2153 481 2221 527 111
2264 481 2421 526 unm
2459 482 2659 527 'rssnm
2700 482 2923 529 REGUH.
2968 502 3049 512 --
3090 482 3232 528 ΛΒΤ.
3278 484 3315 525 V

858 656 1024 713 culo,
1053 654 1265 713 Tertia
1297 663 1511 713 autem
1540 656 1648 713 die
1669 664 2004 733 postquam
2037 672 2146 729 eqo
2173 673 2351 731 pepe·
2377 650 2429 713 A
2459 661 2685 715 natura
2726 654 2946 716 matris
2986 673 3113 717 non
3160 655 3555 730 mentiretur,
3590 655 3701 715 sed
3744 672 3951 735 puero

861 752 946 823 ri,
970 755 1224 829 peperit
1257 762 1316 812 et
1345 756 1498 813 hoee.
1535 756 1619 813 Ec
1651 774 1909 812 eramus
1945 756 2168 825 simul,
2202 758 2350 814 nul-

860 853 1085 929 lusque
1131 853 1304 910 alius
1349 853 1675 911 nobiscum
1719 853 1792 911 in
1833 855 2044 921 dome,
2073 855 2349 929 exceptis

859 950 1038 1009 nobis
1094 952 1366 1009 duabus.
1422 953 1717 1011 Mortuus
1763 960 1852 1010 est
1899 961 2114 1011 autem
2164 954 2349 1028 filius

857 1050 1154 1108 mulieris
1174 1048 1371 1125 liujus
1391 1058 1580 1109 nocte.
1597 1051 1936 1110 Dormiens
1955 1052 2195 1129 quippe
2215 1050 2347 1112 haec

859 1146 1092 1208 mulier
1111 1149 1422 1225 oppressit
1439 1168 1608 1215 eum,
1629 1146 1840 1209 filium
1874 1167 2082 1210 suum.
2103 1151 2189 1209 Et
2219 1169 2349 1208 eon-

859 1264 1127 1319 suryens
1159 1246 1551 1320 intempestae
1593 1246 1795 1305 noetis
1833 1247 2115 1315 silentiO,
2149 1245 2214 1306 id
2254 1254 2349 1308 est

863 1340 930 1402 in
981 1340 1119 1423 ipsa
1159 1342 1374 1423 quiete
1425 1342 1628 1405 noctis
1681 1343 2096 1425 intempestae,
2142 1344 2205 1406 id
2254 1354 2351 1407 est

863 1439 1094 1521 ineptae
1124 1440 1201 1501 ad
1241 1441 1655 1523 operandum.
1689 1442 2140 1523 Intempestum
2173 1462 2351 1505 nam-

862 1557 988 1620 que
1047 1536 1358 1619 adjective
1407 1548 1755 1621 sumptum,
1810 1548 2069 1603 vocatur
2126 1541 2349 1605 incon-

860 1655 1090 1717 gruum
1144 1656 1257 1700 seu
1300 1638 1527 1701 inutile
1577 1640 1655 1700 ad
1703 1640 2118 1721 operandum,
2167 1641 2350 1722 quasi

861 1736 1000 1799 sine
1038 1744 1180 1799 actu
1221 1745 1284 1799 et
1326 1745 1610 1819 tempore
1647 1755 1661 1799 ε
1697 1738 1916 1819 sicquc
1955 1758 2080 1802 nox
2117 1740 2353 1802 dicitur

2458 752 2844 829 condoleret,
2860 754 3390 833 quemadmodum
3424 752 3731 814 subditur.
3750 754 3950 813 Divi!

2458 861 2673 911 autem
2724 854 2959 912 mulier
2994 854 3184 929 cujus
3220 854 3404 930 filius
3440 861 3581 911 erat
3614 854 3827 919 cit-us,
3856 854 3951 909 ad

2456 969 2665 1026 reyem
2696 959 3031 1019 (commota
3058 961 3211 1011 sunt
3248 952 3485 1029 quippe
3521 952 3767 1009 viscera
3802 951 3951 1025 ejus

2456 1068 2648 1125 super
2681 1051 2823 1126 filio
2862 1060 3002 1119 suo)
3032 1067 3057 1109 .·
3088 1049 3153 1110 id
3190 1057 3310 1123 est,
3344 1048 3569 1111 intime
3614 1047 3951 1110 condoluit

2461 1147 2781 1210 infantulo
2810 1147 3155 1210 dividendo
3185 1167 3261 1210 ex
3292 1166 3359 1209 se
3390 1156 3557 1223 nato,
3596 1146 3661 1207 in
3694 1155 3945 1207 tantum

2456 1248 2627 1327 quod
2648 1246 2829 1309 dolor
2850 1247 3311 1329 compassionis
3333 1244 3707 1309 redundavit
3726 1245 3793 1307 in
3818 1264 3953 1307 cor-

2458 1365 2578 1428 pus
2618 1364 2828 1421 suum,
2860 1353 2924 1407 et
2956 1346 3172 1407 omnia
3202 1346 3342 1426 ejus
3378 1345 3683 1407 interiora
3719 1343 3953 1406 altera—

2459 1445 2555 1506 vit
2587 1461 2602 1505 2
2648 1446 2926 1515 Obsecro,
2960 1447 3244 1514 domine,
3276 1448 3425 1503 date
3468 1446 3576 1502 illi
3620 1444 3953 1518 infantem

2462 1546 2707 1613 vivum,
2736 1553 2794 1603 et
2836 1545 3053 1615 notite,
3089 1550 3155 1603 tu
3202 1551 3264 1605 et
3306 1542 3599 1603 minister
3644 1548 3814 1615 tuus,
3850 1543 3953 1599 in-

2464 1646 2744 1719 terficere
2785 1662 2953 1713 eum,
2991 1649 3059 1702 tu
3105 1641 3410 1722 jubendO,
3445 1641 3555 1703 ille
3604 1658 3955 1719 exsequen-
4013 1700 4023 1707 ,

2460 1741 2563 1803 do.
2607 1739 2794 1813 Quasi
2847 1739 3015 1802 dicat
3058 1756 3071 1801 :
3118 1738 3380 1802 Sufficit
3424 1738 3585 1801 mihi
3634 1746 3705 1799 ut
3748 1738 3949 1811 vivat,

862 1836 1266 1917 intempesta,
1305 1845 1606 1919 tanquam
1636 1836 1986 1917 incongrua
2024 1837 2213 1901 rebus
2246 1857 2352 1918 ge·
2389 1846 2434 1908 Β
2462 1838 2757 1921 quamvis
2790 1838 2855 1899 in
2886 1856 3079 1900 manu
3112 1838 3803 1900 alteriuS.Ec·ontrario
3830 1838 3956 1895 illa

863 1935 1100 1997 rendis.
1152 1936 1604 2019 Intempestum
1649 1956 1908 2018 quoque
1955 1937 2351 2001 substantive

861 2043 1210 2117 sumptum,
1234 2044 1498 2098 vocatur
1530 2055 1676 2118 pars
1709 2037 2099 2118 noctiS,quae
2118 2037 2353 2099 dicitur

861 2134 1263 2215 intempesta,
1301 2134 1363 2195 id
1397 2142 1493 2197 est
1526 2135 1665 2197 sine
1695 2143 2000 2217 tempore,
2035 2154 2232 2217 quum
2268 2136 2352 2197 sit

859 2234 1160 2313 deputata
1206 2232 1430 2314 quieti.
1481 2233 1754 2315 Tempus
1803 2242 2011 2295 autem
2062 2242 2238 2297 motu
2290 2244 2353 2297 et

861 2330 1230 2413 operatione
1270 2331 1641 2413 percipitur,
1678 2332 2026 2394 secundum
2071 2332 2353 2396 Philoso-

861 2430 1083 2511 phum.
1110 2429 1321 2493 Nihilo
1352 2430 1564 2492 minus
1596 2450 1742 2507 nox,
1777 2431 1942 2494 sicut
1971 2439 2033 2493 et
2062 2432 2219 2508 dieS,
2256 2441 2353 2495 est

861 2546 1007 2611 pars
1039 2547 1110 2590 ac
1140 2527 1516 2591 differentia
1555 2530 1880 2611 temporis.
1927 2532 2100 2591 Tulit
2128 2532 2351 2609 filium

861 2648 1075 2687 meum
1104 2630 1184 2687 de
1215 2632 1410 2688 latere
1441 2648 1571 2687 meo
1603 2630 1862 2689 ancilloe
1889 2639 2013 2689 tuoe
2031 2632 2351 2690 dormien-

863 2726 964 2797 tis,
991 2734 1050 2785 et
1077 2726 1412 2785 collocavit
1443 2726 1512 2784 in
1543 2726 1698 2784 sinu
1727 2744 1882 2796 suo,·
1909 2745 2096 2785 suum
2133 2735 2348 2787 autem

857 2824 1074 2900 filium
1125 2824 1242 2903 qui
1283 2832 1423 2883 erat
1467 2834 1780 2895 mortuuS,
1817 2826 2036 2901 posuit
2078 2825 2151 2883 in
2194 2826 2348 2885 sinu

862 2941 1015 2982 meo,
1054 2924 1389 3001 Quumque
1424 2924 1843 2983 surrexissem
1882 2911 2094 2993 mane,
2127 2933 2201 2983 ut
2234 2926 2348 2982 da-

2462 1940 2709 1998 dieebat
2741 1959 2762 1997 .·
2800 1940 2927 1999 Nec
2962 1938 3128 1997 milti
3160 1959 3275 1997 nec
3307 1938 3424 1998 tibi
3452 1935 3611 2017 [sit],
3642 1938 3754 1995 sed
3779 1936 3959 1995 divi-

2459 2041 2683 2098 datur.
2714 2036 3023 2117 Iosephus
3058 2044 3291 2112 narrat,
3311 2036 3482 2117 quod
3509 2054 3619 2097 rex
3648 2033 3957 2116 praecepit

2458 2144 2804 2216 utrumque
2856 2134 3243 2197 infantulum
3290 2133 3513 2210 dividi,
3565 2142 3635 2194 ut
3680 2141 3956 2213 utraque

2463 2236 2693 2298 mulier
2718 2236 3119 2298 medietatem
3152 2234 3466 2314 acciperet
3498 2231 3835 2311 utriusque
3861 2230 3956 2290 in-

2464 2332 2656 2395 fantis
2684 2357 2698 2407 3
2754 2334 2861 2395 sed
2915 2340 3120 2395 textus
3172 2332 3374 2394 solum
3426 2328 3618 2392 refert
3672 2329 3751 2391 de
3790 2328 3957 2389 divi—

2460 2432 2640 2496 sione
2670 2432 2801 2496 vivi
2833 2430 3122 2507 infantiS,
3156 2430 3309 2512 quia
3344 2448 3457 2511 per
3496 2428 3679 2490 illum
3713 2426 3955 2489 veritas

2464 2531 2588 2593 fuit
2617 2539 2963 2612 comperta.

2538 2632 2891 2709 Respondit
2922 2650 3062 2698 rex,
3091 2627 3202 2709 qui
3244 2626 3483 2708 optime
3522 2624 3957 2688 consideravit

2459 2749 2534 2793 ex
2564 2748 2693 2811 quo
2726 2727 2925 2790 fundo
2956 2735 3019 2789 et
3048 2726 3226 2789 fonte
3260 2726 3466 2789 cordis
3506 2732 3776 2805 utraque
3818 2742 3956 2783 mu-

2458 2828 2577 2889 lier
2607 2827 3009 2908 loquebatur,
3028 2835 3087 2885 et
3106 2826 3241 2885 ait:
3258 2828 3420 2885 Date
3437 2825 3594 2883 huie
3625 2823 3953 2898 infantem

2458 2926 2709 2993 vivum,
2755 2935 2815 2985 et
2864 2944 2989 2983 non
3042 2925 3373 2983 occidatur
3392 2946 3420 2993 ,·
3454 2924 3589 2982 luec
3632 2930 3725 2981 est
3766 2922 3950 2980 enim

857 3040 990 3079 rem
1016 3024 1114 3079 lac
1132 3021 1273 3097 filio
1295 3040 1451 3092 mec,
1471 3023 1782 3097 apparuit
1810 3031 2122 3082 mortuus.
2147 3025 2346 3089 Quem
2382 3030 2426 3092 C
2456 3033 2661 3085 mater
2688 3023 2853 3100 ejus,
2884 3030 3073 3104 prout
3106 3018 3409 3103 patefecit
3450 3028 3737 3081 materna
3772 3036 3951 3080 com-

857 3120 1244 3196 ditifjentius
1289 3120 1550 3180 intuens
1587 3125 1767 3181 clara
1813 3125 1971 3193 luce,
2005 3125 2349 3200 deprehen-

855 3220 932 3278 di
980 3238 1110 3278 non
1157 3239 1284 3278 esse
1331 3239 1544 3278 meum
1593 3241 1782 3299 quem
1823 3239 2199 3296 genueram.
2232 3224 2349 3282 Re-

856 3318 1240 3397 sponditque
1269 3322 1475 3378 altera
1519 3321 1757 3379 mulier
1787 3340 1808 3379 .·
1842 3322 1990 3382 Non
2028 3329 2118 3380 est
2149 3323 2245 3381 ita
2276 3330 2348 3381 ut

857 3420 1051 3488 dicis,
1069 3422 1179 3478 sed
1195 3422 1377 3496 filius
1408 3429 1556 3480 tuus
1585 3431 1878 3480 mortuus
1905 3431 2017 3492 est,
2045 3443 2220 3482 meus
2240 3444 2349 3483 au-

861 3527 984 3578 tem
1027 3519 1211 3578 vivit.
1249 3520 1634 3580 Econtrario
1673 3521 1792 3579 illa
1833 3521 2080 3582 dicebat
2110 3540 2132 3582 .·
2175 3525 2349 3583 Men-

861 3619 1051 3688 tiris;
1090 3619 1274 3696 filius
1324 3619 1560 3696 quippe
1608 3639 1783 3678 meus
1833 3621 2021 3689 vivit,
2059 3631 2118 3681 et
2163 3622 2349 3696 filius

815 3727 827 3750 ¹
862 3726 1009 3777 tuus
1042 3726 1334 3776 mortuus
1367 3725 1478 3777 est.
1511 3719 1723 3795 Atque
1762 3719 1834 3777 in
1875 3718 2048 3778 hunc
2087 3723 2348 3780 modum

857 3817 1318 3878 contendebant
1347 3835 1563 3875 eoram
1593 3836 1757 3892 reqe.

949 3917 1124 3974 Tunc
1165 3934 1283 3973 rex
1323 3915 1420 3973 ait
1451 3931 1474 3973 .·
1505 3917 1658 3975 ch
1699 3915 1887 3984 dicit,
1917 3916 2132 3975 Filius
2171 3935 2350 3975 meus

861 4015 1050 4083 vivit,
1083 4022 1142 4072 et
1185 4015 1370 4090 filius
1417 4022 1565 4072 tuus
1615 4021 1906 4072 mortuus
1949 4023 2058 4073 est.
2093 4016 2179 4074 Et
2222 4015 2349 4074 ista

858 4113 1187 4188 respondit
1218 4131 1240 4169 .·
1273 4113 1459 4182 Non;
1495 4114 1604 4170 sed
1641 4113 1824 4187 filius
1869 4121 2016 4171 tuus
2058 4121 2349 4172 mortuus

2456 3122 2687 3204 passio.
2732 3120 2908 3184 Unde
2955 3128 3019 3184 et
3064 3120 3253 3182 isaias
3304 3117 3538 3181 fatetur
3573 3115 3945 3198 :Numquid
3980 3132 4233 3175 [amns.
4309 3068 4311 3134 !

2455 3221 2749 3284 oblivisci
2780 3228 2989 3302 potest
3018 3219 3249 3282 mulier
3271 3217 3537 3280 infantis
3568 3216 3689 3291 sui,
3712 3224 3781 3278 ut
3815 3234 3947 3278 non

2458 3319 2833 3382 miscreatur
2866 3318 3006 3382 filio
3038 3317 3201 3380 uteri
3233 3317 3331 3379 sui
3354 3320 3377 3378 ἵ
3401 3316 3531 3390 Qua
3562 3315 3780 3377 audita
3810 3333 3951 3376 sen-

2459 3419 2675 3496 tentia,
2721 3437 2905 3481 senes
2948 3427 3012 3480 et-
3058 3435 3407 3479 assessores
3454 3415 3748 3478 admirati
3798 3423 3953 3475 sunt

2458 3518 2832 3601 sapientiam
2882 3516 3257 3592 SalomoniS,
3293 3535 3483 3597 quem
3524 3515 3733 3597 primo
3763 3513 3951 3595 quasi

2458 3617 3027 3700 parvipendebant,
3046 3616 3303 3697 quando
3334 3613 3613 3695 gladium
3644 3611 3835 3694 jussit
3864 3610 3955 3673 af·

2460 3715 2612 3778 ferri
2660 3734 2673 3777 :
2732 3723 2939 3777 tamen
2988 3722 3051 3777 et
3100 3713 3222 3796 ipsi
3275 3711 3677 3786 haesitabant,
3732 3710 3953 3772 audita

2458 3814 2861 3878 meretricum
2892 3813 3321 3888 contentione,
3352 3811 3506 3892 quid
3537 3811 3600 3871 in
3636 3818 3825 3872 tantae
3858 3808 3948 3870 rei

2458 3913 2827 3976 discrimine
2871 3921 3038 3975 esset
3080 3911 3415 3990 agendum.
3450 3909 3661 3983 Porro,
3696 3926 3773 3970 ex
3816 3906 3949 3968 vivi

2459 4012 2726 4076 infantis
2756 4012 3072 4074 divisione
3107 4010 3267 4072 nulli
3311 4007 3650 4071 mulierum
3690 4007 3951 4068 illarum

2459 4113 2863 4177 commodum
2923 4110 3341 4192 provenisset,
3396 4109 3504 4170 sed
3556 4125 3685 4168 una
3730 4125 3949 4169 earum

856 4220 971 4278 est,
1006 4230 1179 4268 meu-s
1213 4219 1427 4269 autem
1461 4212 1644 4270 vivit.
1671 4212 2024 4286 Dz'oeiteryo
2053 4231 2171 4270 rem
2192 4233 2213 4270 .·
2235 4214 2288 4271 A
2298 4214 2350 4290 f·
2382 4211 2431 4273 D
2464 4212 2692 4274 fuisset
2721 4211 2959 4292 grande
2977 4209 3281 4271 damnum
3313 4225 3633 4290 perpessa,
3651 4204 3953 4268 videlicet

858 4309 1022 4386 ferte
1054 4309 1222 4368 milti
1248 4310 1574 4384 yladium..
1612 4312 1948 4388 Quumque
1983 4311 2349 4370 attulissent

851 4408 1158 4484 yladium
1189 4427 1404 4466 coram
1435 4427 1578 4484 reye
1599 4428 1621 4467 .·
1647 4409 1956 4480 Dividite,
1983 4411 2224 4486 inquit,
2249 4409 2351 4468 in-

858 4507 1111 4583 fantem
1155 4507 1378 4565 vivum
1414 4507 1487 4566 in
1516 4510 1682 4566 duas
1716 4517 1959 4584 partes,
1988 4518 2047 4568 et
2077 4511 2226 4568 date
2253 4510 2351 4566 di-

861 4606 1132 4665 midiam
1163 4615 1418 4684 partem
1455 4608 1598 4677 uni,
1631 4616 1690 4666 et
1719 4607 2070 4666 dimidiam
2095 4616 2349 4684 partem

859 4704 1074 4764 alteri.
1111 4702 1314 4776 Quum
1355 4703 1523 4765 enim
1560 4703 1854 4766 Salomon
1893 4704 2188 4784 Jussisset.
2226 4704 2349 4765 sibi

860 4819 1076 4864 ensem
1129 4800 1376 4878 afferri,
1422 4801 1864 4883 infantemque
1907 4802 2131 4878 dividi,
2167 4821 2351 4865 senes

860 4907 924 4961 et
963 4917 1313 4962 assessores
1361 4899 1563 4982 ipsius
1605 4898 1840 4962 factum
1883 4901 2002 4963 hoc
2049 4908 2352 4982 tanquam

862 4996 1110 5078 puerile
1149 4997 1304 5078 quid
1346 4999 1740 5076 deridebant,
1778 4999 2141 5079 ignorantes
2188 5000 2353 5079 regis

863 5096 1284 5159 intentionem
1314 5097 1464 5178 :qui
1495 5116 1618 5160 non
1648 5097 2018 5160 intendebat
2043 5097 2353 5161 infantem

865 5194 1174 5272 dividere,
1201 5196 1311 5258 sed
1342 5215 1456 5278 per
1485 5197 1679 5260 verba
1708 5205 1768 5259 et
1799 5206 1976 5276 gesta
2000 5197 2111 5259 illa
2140 5198 2355 5280 explo-

869 5313 1006 5356 rare
1038 5313 1182 5376 quae
1210 5303 1374 5357 essct
1407 5304 1607 5359 mater
1635 5294 1925 5374 infantiS,
1945 5303 2154 5358 certus
2185 5297 2355 5377 quod

2461 4318 2660 4372 mater
2705 4306 3033 4370 interitum
3078 4325 3208 4368 suae
3250 4305 3471 4388 prolis,
3508 4303 3746 4366 idcirco
3784 4303 3955 4365 vide-

2460 4409 2646 4471 batur
2690 4407 2811 4469 hoc
2857 4405 3272 4468 irridendum.
3308 4403 3459 4466 Nam
3502 4411 3565 4464 et
3604 4420 3720 4483 per
3760 4400 3953 4463 aliam

2461 4506 2629 4570 viam
2679 4505 2990 4587 potuisset
3036 4503 3272 4565 veritas
3322 4499 3688 4580 investigari
3736 4516 3751 4560 ε
3800 4499 3957 4580 quia

2461 4604 2656 4668 vicini
2695 4604 2960 4667 forsitan
3003 4610 3315 4689 noverant
3357 4601 3527 4682 ipsos
3570 4597 3951 4671 infantulos,

2461 4715 2524 4768 et
2566 4705 2711 4786 quis
2758 4703 2833 4765 ad
2878 4721 3072 4784 quam
3122 4709 3468 4783 spectaret3
3510 4697 3637 4760 nisi
3670 4697 3951 4772 dicatur,

2460 4804 2633 4885 quod
2666 4820 2851 4864 nemo
2881 4819 3101 4863 eorum
3132 4797 3364 4862 viderit
3394 4815 3648 4879 pueros.

2542 4904 2822 4963 Audivit
2866 4903 3083 4979 itaque
3120 4901 3330 4959 omnis
3372 4900 3577 4959 Israel
3605 4896 3955 4973 judicium

2462 5003 2632 5082 quod
2659 5001 3045 5077 judicasset,
3079 4997 3142 5058 id
3189 5003 3307 5073 est,
3341 4994 3687 5076 judicando
3738 5001 3957 5074 protu-

2462 5100 2642 5162 lisset
2690 5116 2762 5160 ac
2803 5097 3046 5177 justum
3095 5096 3398 5158 dictasset
3438 5114 3575 5165 rem,
3618 5103 3679 5152 et
3726 5094 3959 5152 timue-

2464 5208 2623 5258 runt
2652 5217 2886 5274 nvem,
2918 5215 2997 5258 ne
3028 5215 3171 5258 eum
3204 5193 3627 5266 offenderent,
3664 5199 3727 5253 et
3760 5209 3841 5252 ne
3870 5190 3961 5252 di-

2464 5295 2903 5376 judicarentur
2931 5293 3012 5355 ab
3042 5311 3139 5356 eo.
3174 5293 3389 5374 ltaque
3418 5288 3569 5353 boni
3603 5289 3961 5351 timuerunt
