4359 6250
137 2665 292 2709 Josue
310 2679 342 2714 ι,
359 2668 401 2709 5.

107 2756 402 2806 Lemnias.

135 3450 198 3531 121·
209 3452 330 3507 Rey.
343 3464 403 3503 ιι,

115 4530 136 4545 ⁰
155 4526 398 4571 minoratio

1269 495 1619 544 manando
1660 496 1724 542 IN
1765 495 1900 542 cAP.
1949 495 2034 542 vu
2073 493 2279 542 Josmz.
2324 513 2405 524 --
2444 495 2586 541 ΛΒΤ.
2632 494 2721 541 111

3452 472 3525 538 41

434 666 904 748 acquisivimus
961 668 1073 732 ibi.
1129 668 1396 744 Quidam
1457 667 1700 744 dicunt,
1763 667 1934 748 quod
1964 663 2016 728 Α
2047 685 2160 729 seu
2192 666 2457 746 angelus
2489 665 2579 728 ait
2614 682 2627 727 :
2672 665 2779 728 Sta
2808 685 3000 748 supra
3034 668 3227 748 pedes
3270 674 3433 741 tuoS,
3468 673 3533 727 et
3560 685 3823 738 umnam

2045 765 2269 846 loquar
2320 765 2457 827 tibi.
2514 767 2645 826 Cur
2673 767 2857 842 jaces
2891 785 3141 843 pronus
3182 767 3257 826 in
3300 776 3473 826 terra
3502 767 3533 825 ?
3561 750 3811 803 ⁰“”·¹’¹¹·

434 767 625 830 Josue
673 767 1080 850 culpabiliter
1129 768 1292 831 dixit
1341 769 1461 830 boc
1511 785 1586 831 ex
1639 766 1935 848 passione

437 865 716 928 tristitiae
753 890 769 940 3
829 868 970 943 sed,
1030 875 1098 928 ut
1159 866 1463 942 arbitror,
1519 864 1746 927 melius
1806 865 1933 928 dici

435 972 668 1045 potest,
693 966 864 1046 quod
896 965 1162 1047 protulit
1189 965 1382 1028 verba
1413 963 1524 1026 illa
1555 981 1684 1026 non
1718 970 1935 1045 optan-

437 1063 519 1124 do
568 1061 882 1140 absolute,
916 1063 1026 1126 sed
1077 1082 1226 1126 cum
1276 1063 1590 1144 implicita
1626 1061 1934 1125 conditio-

437 1179 542 1236 ne,
568 1161 891 1237 videlicet,
919 1161 1042 1224 nisi
1076 1161 1215 1244 ipse
1247 1162 1410 1224 Deus
1441 1159 1936 1224 misericorditer

437 1258 834 1322 subveniret.
872 1262 974 1320 Mi
1005 1262 1282 1322 Domine
1315 1263 1504 1322 Deus
1545 1258 1706 1322 Ecce
1741 1277 1932 1340 quam

434 1373 803 1419 amorosum
869 1356 1312 1438 familiareque
1371 1357 1674 1432 verbum,
1726 1356 1936 1419 Domi-

439 1455 823 1530 num,Deum
850 1455 1320 1532 universorum,
1347 1474 1574 1518 vocare
1602 1455 1934 1537 proprium

438 1555 636 1616 Deum
665 1559 678 1614 l
714 1554 839 1617 Nec
871 1553 1130 1636 proprie
1173 1553 1481 1636 competit
1515 1553 1606 1616 sic
1643 1554 1821 1635 loqui
1853 1555 1930 1616 ad

433 1653 659 1730 Deum,
695 1653 820 1715 nisi
851 1651 1179 1735 perfectiS,
1223 1652 1333 1734 qui
1366 1652 1562 1716 Deum
1606 1660 1733 1714 tam
1781 1671 1934 1735 prae-

433 1751 624 1834 cipue
672 1760 891 1815 amant
939 1760 1002 1814 et
1057 1752 1301 1826 colunt,
1355 1751 1540 1832 quasi
1593 1752 1754 1814 Deus
1804 1770 1933 1814 om-

2043 864 2179 928 Non
2232 864 2641 947 reprehendit
2699 865 3003 928 Dominus
3063 863 3273 946 ipsum
3320 863 3529 940 Josue,

2045 963 2217 1045 quod
2250 962 2319 1024 in
2355 970 2519 1026 terra
2550 963 2892 1046 prostravit
2922 981 3011 1039 se,
3047 981 3162 1025 nec
3194 982 3309 1045 per
3339 962 3533 1026 verba

2045 1061 2178 1125 haec
2213 1061 2446 1139 innuit,
2482 1063 2655 1144 quod
2683 1062 2870 1124 Josue
2890 1061 3413 1125 irrationabiliter
3446 1059 3533 1124 fe-

2045 1159 2132 1222 cit
2163 1160 2283 1223 hoc
2311 1185 2325 1234 3
2362 1162 2473 1223 sed
2502 1161 2663 1223 dixit
2706 1160 3008 1223 Dominus
3038 1160 3233 1223 verba
3262 1162 3417 1237 banc,
3452 1161 3532 1222 ad

2045 1258 2503 1321 insinuandum
2548 1260 2718 1340 quod
2761 1277 2889 1322 non
2940 1259 3272 1340 oportebat
3319 1258 3533 1341 ipsum

2041 1358 2231 1421 Josue
2269 1377 2415 1420 cum
2458 1358 2567 1420 tali
2607 1357 3136 1440 pusillanimitate
3174 1365 3367 1439 atque
3407 1356 3535 1420 for-

2045 1455 2287 1519 midine
2332 1455 2398 1520 in
2446 1464 2610 1520 terra
2656 1458 2886 1538 jacere.
2932 1455 3117 1530 Quasi
3160 1457 3379 1519 dicat:
3424 1456 3535 1518 Pa-

2044 1563 2218 1617 ratus
2250 1573 2390 1616 sum
2426 1554 2542 1616 tibi
2574 1554 2915 1618 consilium
2949 1554 3387 1636 auxiliumque
3420 1555 3531 1616 im-

2044 1655 2344 1735 pendere.
2379 1656 2679 1715 Peccavit
2708 1658 2939 1724 Israel,
2968 1664 3029 1715 et
3057 1657 3534 1732 praevaricatus

2039 1762 2129 1812 est
2151 1763 2448 1830 pactum,
2479 1751 2543 1815 id
2582 1760 2680 1816 est
2718 1761 3102 1835 praeceptum
3146 1775 3381 1814 meum.
3412 1756 3535 1814 Pa-

434 1853 637 1927 nium,
675 1851 759 1913 sit
789 1851 996 1913 solum
1028 1859 1139 1913 aut
1170 1849 1443 1914 maxime
1474 1850 1636 1914 Deus
1668 1868 1925 1914 eorum:
1962 1854 2007 1914 B
2043 1855 2384 1931 teruntque
2426 1855 2507 1911 de
2556 1855 2987 1922 anathemate,
3018 1862 3078 1912 et
3120 1853 3338 1928 furati
3378 1862 3531 1912 sum

430 1969 706 2031 quorum
732 1949 925 2013 etiam
947 1950 1138 2012 corda
1163 1951 1328 2012 Deus
1353 1949 1536 2012 valde
1569 1948 1931 2030 specialiter
2042 1960 2234 2028 acque
2262 1952 2541 2023 mentiti,
2574 1960 2635 2011 et
2664 1953 3134 2011 absconderunt
3172 1953 3346 2012 inter
3378 1972 3529 2011 vasa

428 2049 659 2128 diligit,
679 2047 919 2125 visitat,
955 2057 1019 2112 et
1047 2048 1381 2130 adimplet.
1407 2049 1645 2129 Itaque,
1666 2047 1930 2111 Domine
2038 2069 2178 2110 sua.
2223 2049 2391 2110 Istud
2434 2049 2817 2127 generaliter
2861 2048 3247 2111 adscribitur
3290 2048 3528 2131 populo

431 2147 616 2224 DeuS,
651 2167 845 2228 quem
879 2155 1008 2209 tam
1055 2146 1466 2227 singulariter
1496 2166 1569 2209 ac
1602 2145 1932 2209 ferventis·

429 2246 592 2309 sime
623 2265 770 2309 amo
801 2255 865 2308 ct
895 2246 1057 2322 coln,
1100 2248 1266 2326 quid
1303 2236 1545 2317 dicam,
1581 2248 1808 2306 videns
1839 2249 1931 2307 Is-

427 2349 670 2405 raelem
692 2347 975 2405 hostibus
994 2347 1133 2405 suis
1158 2354 1334 2422 terya
1359 2346 1750 2405 vertentem?
1776 2363 1932 2425 qua-

431 2443 488 2506 si
532 2443 706 2506 dicat
740 2460 754 2504 :
807 2443 892 2505 De
935 2443 1055 2505 boc
1103 2461 1350 2505 summe
1393 2442 1699 2520 admiror,
1733 2462 1928 2525 quum

432 2541 502 2604 tu
533 2541 674 2623 ipse
702 2540 818 2622 qui
850 2541 1109 2604 mentiri
1152 2559 1280 2604 non
1313 2549 1516 2623 poteS‚
1562 2541 1930 2622 promiseris

435 2639 622 2704 nobis
657 2641 1078 2722 triumphum,
1105 2640 1376 2703 dicendo
1403 2657 1417 2702 τ
1443 2640 1667 2703 Nullus
1699 2644 1933 2723 poterit

432 2747 600 2802 stare
633 2746 859 2802 contra
888 2756 1040 2812 vos;
1076 2746 1495 2820 persequetur
1523 2757 1693 2801 unus
1723 2759 1798 2802 ex
1829 2761 1932 2806 vo-

428 2838 530 2900 bis
580 2845 845 2900 centum
888 2837 1156 2913 alien05‚
1193 2845 1256 2900 et
1299 2846 1555 2901 centum
1603 2856 1679 2900 ex
1721 2839 1925 2918 vobiS‚

429 2938 654 3000 decem
687 2934 917 2998 millia.
937 2939 1231 2998 Audiam
1264 2938 1621 2999 Chananoei
1638 2947 1698 2998 et
1718 2958 1930 3000 omnes

2041 2244 2279 2308 dictum
2326 2252 2444 2322 est.
2484 2249 2615 2306 Nec
2654 2247 2889 2322 poterit
2931 2248 3136 2306 Israel
3172 2255 3343 2306 stare
3381 2255 3531 2306 ante

2041 2347 2241 2404 hostes
2268 2364 2435 2416 sum,
2461 2364 2683 2424 eosque
2710 2346 2948 2422 fugiet,
2981 2345 3105 2406 nisi
3138 2345 3529 2408 vindicatum

2043 2442 2238 2506 fuerit
2276 2441 2396 2506 hoc
2435 2450 2788 2524 peccatum.
2824 2442 2967 2506 Ideo
3002 2442 3295 2506 subditur
3330 2463 3345 2508 ε
3384 2447 3529 2506 Non

2039 2563 2144 2602 ero
2177 2547 2355 2603 ultra
2388 2545 2710 2602 vobiscum
2740 2561 2855 2624 per
2893 2542 3300 2606 collationem
3334 2543 3532 2607 victo-

2043 2640 2152 2704 riae
2189 2659 2204 2704 :
2248 2649 2461 2704 tamen
2505 2659 2620 2723 per
2663 2642 2831 2704 dona
2873 2641 3093 2722 gratiae
3136 2649 3385 2722 gratum
3441 2641 3532 2705 fa-

2041 2739 2271 2803 cientis
2316 2738 2435 2801 ruit
2480 2740 2685 2802 adbuc
2728 2759 2874 2802 cum
2904 2739 3091 2822 justis
3118 2764 3133 2816 3
3165 2745 3363 2802 donec
3389 2761 3532 2802 con-

2043 2843 2266 2902 teratis
2306 2861 2476 2912 eum,
2518 2842 2637 2920 qui
2686 2841 2885 2918 liujus
2932 2843 3185 2900 sceleris
3231 2861 3378 2901 reus
3415 2851 3531 2911 est,

2040 2936 2130 2999 ita
2156 2937 2325 3018 quod
2357 2937 2777 3019 personaliter
2806 2937 2963 3000 illud
2998 2937 3338 3001 commisit.

430 3036 823 3096 habitatores
867 3045 1051 3097 terroe
1097 3034 1387 3097 lsraelem
1435 3033 1695 3115 fugisse,
1729 3047 1790 3098 ec
1811 3057 1932 3114 pa·
1960 3037 2004 3100 C
2121 3036 2461 3114 Sume-Ex
2481 3036 2601 3098 hoc
2622 3038 3093 3118 apparet‚quod
3115 3037 3302 3099 Josue
3331 3036 3531 3118 jacuit

429 3137 596 3195 riter
623 3136 1011 3212 conglobati,
1043 3133 1106 3195 id
1153 3141 1249 3195 est
1291 3134 1576 3197 adunati.
1613 3134 1784 3198 Solet
1823 3155 1930 3197 au-

430 3242 560 3295 tem
591 3231 826 3313 globus
855 3250 972 3314 pro
1001 3232 1279 3295 exercitu
1313 3233 1541 3315 accipi.
1574 3233 1751 3297 Unde
1791 3253 1931 3317 spe-

429 3329 857 3407 culator,viso
888 3329 1170 3393 exercitu
1188 3330 1368 3407 Jehu,
1396 3330 1555 3392 dixit
1585 3331 1664 3393 ad
1685 3331 1925 3395 Joram:

429 3428 634 3492 Video
678 3444 796 3508 ego
839 3428 1124 3509 globum.
1163 3430 1672 3490 Circumdabunt
1702 3450 1837 3502 nos,
1870 3441 1930 3492 et

429 3529 735 3587 delebunt
764 3548 996 3587 nomen
1029 3537 1323 3589 nostrum
1355 3530 1436 3587 de
1472 3538 1668 3599 terra,
1704 3526 1769 3590 id
1807 3536 1925 3605 est,

429 3626 716 3689 totaliter
747 3644 862 3689 nos
893 3625 1207 3703 occident,
1243 3627 1411 3707 quod
1458 3646 1576 3689 nec
1622 3626 1930 3691 memoria

431 3734 650 3788 nostra
683 3724 850 3787 inter
879 3724 1175 3788 homines
1215 3724 1636 3806 permanebit.
1673 3726 1802 3789 Hoc
1830 3727 1930 3788 Jo-

429 3842 544 3886 sue
573 3823 756 3900 dixit,
791 3842 916 3886 non
959 3821 1337 3904 simpliciter
1367 3822 1780 3902 affirmando,
1816 3826 1926 3887 sed

428 3922 848 3985 formidolose
879 3921 1285 4003 suspicando,
1324 3930 1388 3985 et
1426 3922 1551 3983 nisi
1593 3923 1754 3985 Deus
1795 3942 1930 3986 sue-

427 4029 736 4083 curreret.
793 4024 877 4082 Ec
923 4023 1088 4101 quid
1136 4022 1339 4099 facies
1388 4040 1622 4099 mayno
1671 4025 1930 4083 nomini

431 4130 539 4180 tuo
569 4122 600 4179 ?
631 4118 699 4180 id
731 4127 848 4195 est,
885 4118 1162 4199 qualiter
1194 4118 1520 4201 propriam
1553 4118 1790 4182 famam
1823 4121 1928 4183 de-

2040 3135 2249 3198 adhuc
2281 3143 2655 3217 prostratuS,
2692 3143 2755 3199 et
2794 3135 2989 3198 verba
3028 3134 3289 3217 praefata
3320 3135 3413 3199 sic
3443 3136 3531 3217 ja-

2038 3254 2190 3297 cens
2238 3234 2485 3296 audivit
2534 3234 2855 3297 locutione
2904 3234 3154 3299 interna
3204 3253 3318 3298 seu
3367 3244 3530 3298 exte-

2041 2146 2251 2222 lsrael‚
2302 2165 2377 2208 eo
2426 2148 2596 2227 quod
2642 2166 2808 2208 unus
2852 2167 2927 2210 ex
2973 2147 3111 2229 ipso
3161 2148 3224 2209 id
3270 2147 3422 2228 egit,
3460 2156 3531 2209 ut
3558 2163 3823 2214 lomet-un.

2040 3332 2347 3396 riori.Vel
2382 3332 2436 3394 si
2466 3333 2881 3414 corporaliter
2908 3334 3039 3415 jam
3073 3333 3365 3411 surrexit,
3393 3353 3530 3397 sen·
3642 3328 3647 3333 ’

2039 3450 2148 3493 sus
2192 3440 2288 3493 est
2334 3448 2348 3492 :
2393 3430 2612 3511 Surge,
2648 3432 2712 3494 id
2757 3440 2875 3505 est,
2908 3432 3083 3513 erige
3127 3440 3405 3495 mentem
3448 3434 3527 3495 ad

2038 3548 2114 3592 ea
2161 3547 2305 3609 quae
2353 3529 2519 3605 dim,
2564 3549 2676 3593 seu
2721 3530 2787 3592 in
2832 3538 3043 3593 actum
3086 3530 3379 3613 procede.
3414 3530 3527 3594 Vel

2040 3626 2205 3690 forte
2249 3645 2507 3707 surgere
2550 3627 2766 3709 coepit,
2803 3637 2867 3691 et
2909 3628 3093 3709 quasi
3144 3628 3212 3690 in
3255 3628 3527 3710 genibus

2039 3743 2107 3787 se
2137 3724 2359 3801 erexit,
2393 3723 2569 3805 juxta
2614 3726 2783 3807 quod
2830 3726 2895 3787 in
2940 3724 3199 3789 Daniele
3243 3726 3471 3807 legitur
3506 3745 3521 3789 ε

2037 3823 2199 3887 Ecce
2228 3843 2454 3886 manus
2487 3824 2693 3904 tetigit
2722 3843 2845 3901 me,
2882 3832 2944 3887 et
2974 3824 3175 3887 erexit
3204 3844 3305 3887 me
3335 3843 3527 3906 super

2037 3939 2247 4001 genua
2295 3942 2458 3999 mea,
2510 3931 2574 3985 et
2616 3942 2809 4005 super
2865 3924 3170 3987 articulos
3220 3941 3524 3985 manuum

2039 4039 2344 4083 mearum.
2380 4024 2737 4099 Sanctv‘fica
2761 4028 3106 4101 populum,
3139 4024 3200 4084 id
3232 4030 3349 4099 est,
3375 4041 3527 4104 prae·

2037 4118 2180 4200 cipe
2242 4116 2399 4179 filiis
2448 4118 2659 4196 Israel,
2714 4128 2785 4182 ut
2842 4139 2956 4202 per
3014 4120 3417 4185 devotionem
3465 4128 3527 4183 et

431 4216 676 4293 studea,
722 4235 850 4297 qua
888 4217 1020 4298 J‘am
1063 4218 1350 4299 undique
1403 4218 1813 4299 omnipotens
1864 4228 1927 4281 et
1959 4223 2010 4285 D
2037 4216 2389 4279 orationem
2437 4235 2505 4279 se
2549 4228 2907 4300 praeparcnt
2945 4220 3021 4281 ad
3055 4219 3197 4297 hoc,
3231 4221 3400 4302 quod
3433 4220 3526 4282 eis

427 4316 592 4377 Deus
623 4316 894 4378 deorum
917 4334 986 4378 es
1018 4323 1370 4397 reputatuS‚
1389 4315 1514 4378 nisi
1547 4334 1662 4379 nos
1697 4315 1925 4379 feceris

428 4412 877 4496 triumphare?
907 4414 1093 4495 quasi
1134 4412 1302 4477 dicat
1338 4432 1352 4476 :
1389 4414 1668 4496 Dejectio
1710 4424 1926 4478 nostra

427 4511 551 4574 erit
583 4512 1002 4575 monstrat-io*
1023 4512 1538 4576 honorificentiae
1571 4522 1715 4591 tuae,
1735 4522 1798 4576 et
1826 4515 1926 4577 ad—

425 4610 700 4674 versarii
731 4611 937 4701 nostri
968 4610 1392 4693 dicent,quod
1415 4611 1506 4674 dii
1537 4630 1758 4675 eorum
1780 4632 1926 4676 con-

427 4718 526 4771 tra
577 4716 638 4773 te
700 4708 1192 4791 praevaluerunt.
1247 4711 1376 4773 Hoc
1434 4710 1654 4773 dicens
1701 4712 1920 4789 Josue,

425 4807 711 4870 ostendit
751 4826 820 4869 se
857 4806 1049 4870 zelari
1089 4826 1207 4889 pro
1246 4808 1513 4871 Domino
1551 4826 1564 4871 :
1600 4829 1715 4892 per
1752 4811 1922 4891 quod

423 4906 630 4968 oratio
661 4906 804 4987 ejus
847 4905 1269 4969 exaudibilior
1299 4907 1702 4969 reddebatur.

505 5006 828 5084 Dixitque
868 5008 1190 5066 Dominus
1227 5024 1341 5087 per
1384 5005 1680 5085 angelum
1711 5011 1798 5067 ad
1825 5012 1925 5068 Jo-

421 5123 538 5163 sue
557 5121 581 5163 .·
611 5107 826 5180 Sur-,qe
855 5104 933 5165 ad
965 5102 1352 5166 audiendum
1387 5103 1678 5167 divinum
1711 5122 1925 5168 oracu-

423 5200 658 5277 lum,et
677 5202 755 5263 ad
778 5202 1255 5283 exsequendum
1275 5221 1418 5283 quae
1442 5201 1557 5265 tibi
1581 5203 1917 5267 mandabo.

420 5299 526 5362 Sic
565 5300 646 5362 ad
691 5300 1086 5363 Ezechielem
1128 5320 1202 5364 ae
1246 5301 1569 5364 Danielem
1616 5302 1921 5366 Dominus

2037 4314 2347 4377 divinitus
2410 4317 2782 4380 ostendatur
2842 4318 2987 4400 quis
3050 4318 3291 4381 crimen
3357 4318 3526 4381 istud

2037 4412 2450 4476 commiserit.
2479 4418 2560 4475 Ec
2589 4417 2759 4476 dices
2787 4420 2879 4476 eis
2900 4417 2923 4441 *
2944 4437 2967 4475 .·
2997 4419 3529 4495 Sanctificamini

2038 4514 2110 4573 in
2140 4514 2525 4584 crastinum,
2561 4513 2625 4576 id
2666 4522 2781 4592 est,
2817 4514 3080 4596 praefato
3126 4517 3313 4580 modo
3359 4516 3529 4598 puri-

2039 4608 2231 4673 ficate
2261 4619 2325 4673 et
2353 4618 2705 4693 praeparate
2736 4631 2847 4675 vos
2876 4612 2957 4675 ab
2990 4614 3107 4678 hac
3139 4615 3295 4677 bora
3325 4634 3527 4698 usque

2037 4708 2104 4770 in
2136 4708 2509 4787 crastinum,
2544 4718 2617 4772 ut
2659 4730 2797 4773 cras
2841 4712 3073 4775 veritas
3104 4715 3473 4776 ostendatur
3506 4732 3521 4777 τ

2037 4816 2103 4869 et
2135 4806 2299 4870 forte
2330 4807 2756 4872 sanctificatio
2799 4810 2917 4872 ista
2958 4810 3154 4873 fiebat
3189 4811 3381 4873 etiam
3414 4830 3527 4891 per

2032 4906 2378 4988 jejunium,
2433 4916 2543 4970 aut
2594 4928 2707 4989 per
2756 4910 3215 4972 continentiam
3266 4908 3347 4971 ab
3396 4928 3528 4972 am-

2038 5007 2247 5088 plexu.
2288 5010 2442 5068 Hoee
2475 5011 2651 5068 em'm
2688 5009 2849 5068 dicit
2884 5009 3199 5068 Dominus
3231 5012 3400 5069 Deus
3434 5012 3528 5069 Is-

2037 5112 2176 5167 rael
2193 5108 2597 5167 :Anathema
2619 5111 2691 5166 in
2718 5109 2922 5166 medio
2948 5110 3047 5168 cui
3074 5118 3185 5179 esc,
3210 5112 3440 5180 Israel,
3460 5110 3523 5173 id

2035 5215 2152 5282 est,
2190 5224 2227 5267 o
2259 5204 2495 5287 popule
2527 5206 2734 5281 Israel,
2770 5224 2871 5268 res
2914 5205 3238 5287 prohibita
3285 5208 3457 5289 tangi
3488 5228 3526 5270 a

2039 5312 2118 5380 te,
2155 5322 2269 5385 per
2302 5302 2542 5366 furtum
2577 5314 2877 5384 usurpata
2906 5313 3002 5367 est
3040 5306 3120 5368 ab
3160 5324 3287 5369 uno
3320 5324 3395 5368 ex
3437 5315 3517 5371 te.

3573 3845 3683 3888 Dan.
3697 3858 3737 3895 x,
3755 3847 3817 3887 10.

3592 4436 3611 4455 ⁶
3634 4435 3709 4479 dic
3728 4436 3794 4479 eia
