4359 6250
910 499 1028 562 356

1447 518 1794 565 ENAnnAno
1837 517 1896 563 IN
1939 516 2076 564 CAP.
2122 516 2251 561 xvu
2291 514 2447 560 unm
2489 513 2656 558 Pam!
2698 513 2922 558 neuun.
2967 529 3049 542 -··
3087 511 3232 557 Am.
3276 508 3447 558 xxxu

661 707 677 726 ·
701 705 852 748 aeetae
905 691 1003 748 ait
1031 690 1055 714 *
1092 691 1471 751 Philistceus
1501 709 1522 747 .·
1565 690 1704 765 qu
1747 687 2135 764 exprobravi
2188 685 2395 760 aymi-
2424 681 2474 743 Α
2505 681 2699 744 3611161
2732 699 2937 757 mane,
2959 687 3021 743 61
3050 678 3244 743 3611161
3274 680 3355 742 (16
3384 695 3668 758 vespere,
3688 685 3751 735 et
3780 675 3993 734 stabat

621 2567 636 2611 1
646 2569 750 2624 Rea.
762 2581 841 2620 xvi,
849 2571 880 2611 1.

905 790 1099 847 nibus
1132 792 1336 849 Israel
1370 789 1581 856 Itodt‘e,
1616 785 1678 847 id
1719 793 1837 861 est,
1874 783 2292 866 opprobriose
2334 788 2396 843 et

903 885 1473 966 contemptibiliter
1522 883 1772 946 locutus
1834 901 1974 944 sum
2025 882 2140 958 eis,
2195 881 2397 961 impo-

905 984 1114 1046 nendo
1136 982 1315 1066 ipsiS,
1333 983 1502 1064 quod
1532 982 1659 1044 sint
1690 981 1858 1044 servi
1877 979 2390 1042 Philistinorum:

902 1083 1074 1163 quod
1123 1090 1300 1145 tanto
1351 1079 1807 1145 confusibilius
1859 1080 1952 1142 eis
2001 1087 2118 1156 est,
2153 1085 2395 1160 quanto

905 1180 1049 1262 plus
1090 1181 1168 1242 de
1209 1179 1570 1262 propinquo
1618 1178 1736 1242 hoc
1783 1178 2130 1258 irrogatum
2169 1184 2267 1239 6ε1
2301 1175 2397 1257 ip-

905 1279 1016 1340 siS.
1036 1281 1201 1340 Date
1230 1280 1401 1340 mihi
1430 1281 1674 1350 virum,
1693 1288 1750 1339 et
1781 1279 1956 1339 ineat
1987 1297 2236 1337 ‘mecum
2262 1276 2397 1335 sin-

898 1382 1136 1454 yulare
1170 1388 1512 1438 certamen.
1549 1379 1843 1438 Audiens
1881 1386 2100 1436 autem
2131 1378 2299 1436 Saul
2336 1382 2395 1433 et

906 1497 1119 1538 omnes
1165 1479 1481 1537 Israeliten
1534 1495 1850 1535 sermones
1898 1475 2229 1535 Philistoei
2278 1476 2399 1533 ltu-

891 1577 1282 1650 juscemodi,
1323 1574 1386 1635 id
1425 1582 1522 1636 est
1561 1581 1688 1635 tam
1720 1572 1988 1636 audacia
2015 1579 2078 1634 et
2109 1571 2397 1634 animosa

905 1674 1098 1736 verba
1129 1672 1353 1754 ipsiuS,
1380 1690 1491 1734 seu
1523 1671 1718 1733 verba
1747 1670 1948 1752 ipsius
1977 1669 2228 1733 Goliath
2262 1677 2393 1732 tam

907 1771 1152 1853 proceri
1203 1780 1265 1834 et
1313 1769 1521 1846 sortiS,
1554 1773 1894 1848 stupebant
1931 1769 2011 1832 de
2052 1768 2394 1831 altitudine

2503 781 2943 858 quadraqinta
2963 781 3197 839 diebus.
3223 777 3339 839 Tot
3370 775 3539 839 enim
3570 773 3799 836 diebus
3832 780 3996 834 uter·

2501 895 2626 958 que
2646 877 2951 940 exercitus
2974 895 3088 958 pro
3110 875 3333 957 majori
3356 874 3450 936 sui
3472 881 3649 956 parte
3669 870 3905 934 mansit
3926 869 3993 931 in

2502 984 2737 1052 monte,
2757 985 2930 1038 stans
2962 984 3025 1038 et
3054 983 3446 1058 exspectanS‚
3467 977 3552 1040 ut}
3572 991 3720 1055 pars
3750 990 3868 1033 sua
3894 969 3997 1032 ad-

2503 1094 2687 1138 versa
2721 1075 2927 1156 primo
2965 1075 3031 1136 in
3062 1073 3293 1136 vallem
3333 1071 3771 1145 descenderet,
3806 1076 3871 1132 et
3900 1069 3991 1130 sic

2503 1192 2642 1235 eam
2675 1171 2929 1235 facilius
2960 1179 3309 1254 superaret.
3342 1170 3697 1232 Philistaeus
3730 1185 3989 1250 quoquc

2503 1271 2790 1353 quotidie
2820 1271 3197 1353 opportunis
3227 1270 3401 1332 horis
3440 1268 3613 1331 stetit
3646 1286 3797 1330 cum
3834 1264 3987 1327 suis,

2572 1372 2762 1433 Dixit
2782 1382 2999 1432 autem
3018 1372 3158 1432 Isai
3174 1373 3263 1430 ad
3279 1371 3498 1430 David
3516 1370 3741 1446 filium
3760 1385 3951 1425 suum
3968 1385 3991 1422 .·

2504 1472 2739 1546 Accipe
2766 1470 3087 1545 fratribus
3120 1471 3248 1529 tuis
3277 1469 3429 1545 ephi
3454 1471 3745 1544 polentae.
3782 1462 3993 1526 Polen·

2507 1575 2567 1628 ta
2598 1576 2693 1630 est
2723 1586 2919 1648 grana
2950 1567 3143 1628 tritici
3184 1575 3370 1642 tosta,
3405 1574 3468 1628 ct
3503 1563 3803 1626 manibus
3849 1579 3992 1624 con·

2507 1665 2750 1742 fricata,
2771 1665 2970 1728 instar
2991 1664 3173 1746 grani
3202 1665 3335 1747 pilo
3366 1661 3749 1743 tusi.Aliqui
3780 1668 3991 1722 tamen

2504 1765 2740 1841 dicunt,
2758 1766 2929 1846 quod
2960 1765 3217 1846 polenta
3246 1764 3330 1826 sit
3360 1762 3761 1845 pulmentum
3790 1760 3873 1822 de
3904 1758 3995 1821 fa-

905 1889 1034 1933 suae
1073 1877 1350 1944 staturae,
1383 1878 1441 1928 et
1475 1871 1836 1929 metuebant
1870 1870 2097 1938 nimis,
2130 1875 2393 1949 propter
2421 1866 2468 1927 B
2506 1863 2646 1924 rina
2675 1861 3124 1944 purgatissima
3155 1862 3417 1924 factum.
3452 1860 3627 1923 Unde
3659 1859 3895 1937 legitur
3926 1858 3989 1919 in

904 1967 1368 2043 fortitudinem,
1395 1964 2190 2042 audaciamderocitatcm,
2211 1973 2276 2027 et
2304 1983 2397 2027 ar-

907 2075 1218 2128 maturam
1253 2064 1477 2147 ipsiuS,
1499 2083 1614 2126 nec
1636 2063 1976 2145 quisquam
2009 2082 2138 2144 prae
2166 2064 2395 2126 timore

906 2164 1178 2227 audebat
1206 2173 1429 2226 contra
1461 2161 1643 2224 illum
1673 2161 1960 2224 duellum
1988 2181 2334 2225 assumere.

987 2265 1205 2324 David
1234 2272 1451 2322 autem
1480 2271 1619 2321 erat
1648 2262 1832 2339 filius
1863 2261 1997 2320 viri
2032 2263 2391 2338 Ephratoei,

907 2363 973 2424 id
1022 2368 1119 2424 est
1147 2363 1226 2424 de
1253 2360 1551 2442 Ephrata‚
1586 2378 1729 2440 quae
1758 2358 1885 2422 alio
1918 2359 2178 2422 nomine
2211 2378 2397 2423 voca-

910 2469 974 2523 ta
1024 2467 1120 2522 est
1164 2457 1555 2533 Bethlehem,
1601 2461 1681 2517 de
1726 2478 1850 2536 quo
1897 2477 2098 2535 supra
2149 2461 2397 2520 dictum

910 2569 1025 2628 est,
1055 2561 1134 2618 de
1178 2557 1550 2618 Bethlehem
1593 2557 1792 2626 Juda,
1827 2557 1936 2616 cui
1980 2575 2213 2617 nomen
2262 2565 2401 2617 erat

911 2659 1075 2727 lsai,
1103 2657 1221 2737 qui
1267 2657 1533 2716 habebat
1582 2663 1713 2714 octo
1761 2655 1934 2732 filios
1973 2672 1995 2714 .·
2035 2663 2401 2736 computato

911 2753 1054 2818 filio
1100 2752 1226 2815 filii
1270 2752 1392 2829 sui,
1429 2758 1497 2814 ut
1547 2751 1616 2813 in
1666 2751 2082 2832 praecedentis
2133 2752 2399 2834 capituli

911 2851 1306 2932 expositione
1336 2857 1433 2913 est
1462 2857 1731 2922 tactum;
1773 2859 1832 2909 et
1861 2859 2000 2909 erat
2031 2851 2136 2909 vir
2167 2852 2241 2909 in
2272 2853 2403 2910 die-

914 2951 1028 3008 bus
1067 2952 1234 3011 Saul
1261 2969 1454 3009 senex
1493 2953 1676 3009 aetate
1707 2953 1768 3008 et
1800 2964 2048 3008 morum
2079 2947 2404 3010 maturita-

2501 1961 2689 2024 Josue
2720 1960 2884 2023 libro
2917 1977 2932 2021 :
2965 1960 3389 2023 Comederunt
3416 1959 3495 2022 de
3525 1956 3847 2021 fructibus
3880 1965 3991 2018 ter·
4016 1969 4249 2024 sai-em.

2507 2079 2612 2134 rae,
2633 2067 2695 2121 et
2726 2058 3047 2140 polentam
3080 2058 3365 2139 ejusdem
3396 2057 3569 2119 anni.
3595 2057 3790 2121 Porro
3818 2055 3986 2138 ephi,

2507 2175 2807 2219 mensura
2848 2165 2943 2219 est
2988 2156 3180 2218 trium
3226 2155 3606 2232 modiorum,
3638 2155 3823 2236 juxta
3866 2171 3995 2216 mo-

2506 2256 2659 2318 dum
2709 2255 2882 2316 illius
2936 2254 3058 2318 loci
3110 2274 3183 2318 ac
3236 2254 3560 2336 temporis.
3614 2253 3723 2314 Est
3780 2253 3989 2334 itaque

2508 2353 3001 2436 sensuS,Accipe
3031 2353 3354 2434 polentam
3380 2353 3572 2414 trium
3602 2351 3985 2424 modiorum,

2510 2461 2579 2514 ut
2610 2460 2822 2534 portes
2854 2471 2993 2515 eam
3026 2450 3331 2514 fratribus
3362 2451 3511 2514 tuis.
3536 2455 3616 2514 Et
3642 2455 3862 2512 decem
3884 2471 3995 2530 pa·

2510 2573 2619 2612 nes
2656 2553 2808 2612 istos
2822 2575 2847 2623 ,·
2884 2560 2943 2611 et
2984 2571 3173 2612 curre
3214 2553 3285 2612 in
3321 2560 3557 2621 castra,
3593 2549 3715 2612 hoc
3754 2557 3873 2626 est,
3914 2548 3995 2612 fe·

2512 2650 2822 2712 stinanter
2862 2650 3021 2714 vade
3060 2649 3126 2710 in
3166 2648 3445 2712 tentoria
3483 2667 3595 2712 scu
3638 2648 3707 2710 in
3748 2647 3995 2728 agmina

2511 2748 2722 2825 lsrael,
2742 2751 2829 2808 ad
2858 2751 3098 2829 fratres
3132 2759 3269 2810 tuos
3298 2755 3426 2810 tres
3456 2747 3779 2822 seniore53
3812 2756 3875 2807 et
3900 2749 3998 2806 de-

2511 2867 2643 2906 cem
2680 2849 3016 2926 formellas
3050 2848 3219 2906 casei
3256 2847 3373 2906 kas
3409 2847 3655 2922 deferes
3682 2849 3775 2906 ad
3806 2847 4001 2905 tribu-

2512 2965 2691 3013 num,
2709 2944 2772 3006 id
2794 2951 2905 3022 est,
2922 2944 3039 3007 hos
3060 2945 3279 3007 decem
3303 2961 3520 3006 caseos
3547 2962 3778 3026 parvos
3809 2951 3995 3025 atque

915 3055 999 3122 16,
1034 3047 1502 3128 sagacitateque
1543 3043 1765 3120 animi,
1800 3053 1859 3104 et
1885 3048 2305 3121 yrandaevus,
2341 3046 2402 3109 id
2439 3050 2482 3114 C
2514 3051 2797 3105 recentes
2828 3042 3009 3106 dabis
3054 3042 3353 3125 principi,
3388 3042 3508 3105 sub
3546 3060 3677 3124 quo
3722 3041 3998 3104 militant

915 3154 1011 3208 est
1039 3164 1286 3226 magnae
1315 3143 1734 3225 reputationis
1759 3151 1822 3205 et
1851 3143 2211 3225 probitatiS‚
2234 3148 2406 3206 inter

916 3248 1108 3305 viros.
1143 3245 1463 3305 Abierant
1499 3252 1716 3303 autem
1760 3252 1883 3303 tres
1918 3244 2056 3319 filii
2093 3244 2235 3320 ejus
2276 3265 2405 3304 ma-

901 3344 1079 3420 jores
1118 3351 1260 3419 post
1307 3343 1476 3403 Saul
1523 3342 1592 3400 in
1631 3342 1965 3417 praelium.
2001 3342 2088 3401 Et
2131 3343 2403 3403 nomina

920 3443 1123 3501 trium
1163 3442 1456 3519 filiorum
1497 3440 1638 3515 ejus
1685 3441 1801 3518 qui
1836 3449 2270 3515 pem-emerunt
2320 3444 2407 3501 ad

917 3540 1173 3611 bellum,
1209 3540 1401 3601 Etiab
1445 3538 1938 3615 primoqenitus,
1979 3546 2038 3596 et
2084 3542 2403 3599 secundus

916 3638 1281 3708 Abinadab,
1308 3639 1534 3697 tertius
1563 3655 1812 3716 quoque
1831 3638 2164 3697 Sammaa.
2184 3639 2405 3699 David

917 3747 1132 3797 autem
1159 3745 1300 3796 erat
1329 3736 1672 3804 minimus,
1704 3733 1768 3795 id
1797 3740 1894 3795 est
1925 3733 2191 3795 ultimus
2224 3744 2397 3813 natu,

919 3833 1228 3897 maximus
1262 3842 1470 3895 tamen
1501 3832 1758 3894 virtute.
1783 3834 2008 3892 Tribus
2036 3852 2181 3909 erqo
2216 3837 2411 3912 majo-

919 3936 1098 3994 ribus
1141 3935 1372 3993 secutis
1411 3935 1702 4000 Saulem,
1732 3931 1894 3990 abiit
1932 3934 2176 4002 David,
2209 3942 2268 3992 et
2312 3955 2409 3995 re-

919 4052 1136 4092 versus
1153 4040 1244 4091 est
1261 4052 1300 4091 a
1324 4034 1490 4091 Saul
1511 4040 1584 4089 ut
1599 4038 1886 4106 pasceret
1907 4048 2166 4106 yreyem
2192 4035 2409 4107 patris

917 4132 1026 4189 sui
1055 4134 1126 4190 in
1157 4131 1544 4190 Bethlehem.
1578 4126 1962 4189 Praecedenti
2003 4128 2284 4209 capitulo
2316 4131 2409 4192 di—

2516 3140 2741 3205 t'ratres
2774 3142 2888 3219 tui,
2908 3151 2979 3205 ut
3010 3162 3077 3205 se
3107 3141 3338 3204 habeat
3369 3140 3811 3205 favorabiliter
3836 3142 3999 3205 circa

2514 3238 2709 3321 ipsos,
2744 3241 3157 3323 praecavendo
3200 3258 3317 3322 pro
3359 3259 3546 3322 posse
3582 3258 3807 3303 eorum
3842 3240 3999 3323 peri-

2512 3340 2677 3401 cula.
2711 3340 3013 3421 Praeccpit
3056 3340 3248 3402 etiam
3288 3338 3405 3401 Isai
3449 3338 3589 3401 filio
3628 3357 3747 3401 suo
3776 3340 3991 3415 David,
4032 3354 4203 3399 cansa.

2515 3438 2863 3500 secundum
2891 3438 3259 3520 Josephum,
3283 3446 3353 3500 ut
3382 3437 3632 3501 tolleret
3660 3457 3882 3501 secum
3912 3438 3997 3520 pi·
4020 3418 4203 3462 ³⁶⁶²ss

2512 3554 2711 3617 gnora
2744 3535 3035 3614 fratrum,
3072 3536 3135 3599 id
3181 3545 3277 3599 est
3317 3536 3567 3599 libellos
3610 3537 3886 3618 repudii,
3918 3537 3995 3600 de

2515 3635 2749 3718 quibus
2800 3636 2867 3697 in
2914 3635 3401 3699 Deuteronomio
3434 3635 3637 3717 :quia
3684 3636 3997 3717 pergenti·
4036 3651 4239 3694 natm.

2516 3736 2635 3797 bus
2666 3735 2743 3796 ad
2776 3736 3210 3815 pugnandum,
3246 3741 3382 3797 erat
3424 3735 3821 3797 consuetudo
3852 3736 3995 3797 dare
4020 3716 4095 3758 ω·

2517 3833 2819 3896 uxoribus
2848 3832 3137 3895 libellum
3159 3832 3422 3915 repudii,
3440 3840 3511 3894 ut
3530 3832 3587 3895 si
3607 3831 3779 3895 infra
3802 3852 3999 3897 annos

2520 3939 2645 3993 tres
2677 3950 2803 3993 non
2836 3931 3136 4007 redirent,
3175 3930 3395 3994 liceret
3426 3929 3729 3994 uxoribus
3760 3932 4001 3994 nubere

2518 4030 2661 4092 aliis
2692 4028 2861 4091 viris,
2877 4032 2963 4091 Et
2981 4032 3221 4106 fratres
3254 4040 3391 4091 tuos
3419 4031 3815 4101 visitabis,si
3844 4040 4003 4091 recte

2517 4139 2753 4205 aqam&
2780 4138 2837 4189 et
2864 4148 3014 4189 cum
3042 4130 3275 4209 quibus
3306 4129 3599 4188 ordinati
3624 4138 3795 4197 sunt,
3812 4130 4001 4189 disce.

920 4235 1094 4289 ctum
1123 4234 1240 4301 est,
1265 4226 1436 4306 quod
1463 4224 1592 4305 jam
1624 4232 1770 4287 ante
1801 4224 1936 4287 haec
1965 4224 2161 4289 David
2200 4225 2405 4290 factus
2441 4230 2489 4291 D
2518 4232 2685 4289 Saul
2713 4238 2929 4288 autem
2958 4236 3018 4287 et
3051 4230 3176 4299 illi,
3198 4226 3497 4289 videlicet
3528 4228 3753 4289 fratres
3784 4227 4000 4301 David,

921 4331 1016 4386 cst
1047 4323 1317 4401 armiger
1348 4322 1492 4385 Saul
1520 4340 1534 4384 ε
1559 4341 1674 4385 6111·
1702 4339 1852 4401 ergo
1881 4340 2008 4384 non
2042 4324 2281 4404 prodiit
2311 4346 2408 4388 se—

921 4439 1066 4484 cum
1096 4421 1173 4483 ad
1205 4419 1492 4502 praelium
1519 4422 1543 4480 ’ἐ
1573 4420 2030 4501 Respondetur,
2049 4423 2223 4502 quod
2257 4422 2405 4485 Saul

921 4520 1038 4581 hac
1068 4518 1206 4582 vice
1234 4518 1518 4599 pepercit
1548 4518 1607 4580 ei
1638 4519 1716 4580 de
1748 4518 1890 4593 hoc,
1916 4526 2172 4599 propter
2202 4520 2408 4583 adole-

921 4614 1227 4679 scentiam
1273 4617 1433 4696 6303,
1467 4622 1530 4678 61
1572 4616 1724 4697 quia
1772 4617 2056 4678 nondum
2106 4626 2406 4697 expertus

923 4714 1130 4777 fuerat
1160 4716 1300 4795 ejus
1332 4714 1679 4796 potentiam
1711 4714 1777 4776 in
1807 4713 2055 4776 bellicis
2085 4716 2303 4793 363113.
2342 4716 2405 4779 111

921 4813 1040 4876 1106
1080 4832 1336 4895 quoque
1375 4812 1581 4894 patuit
1617 4812 1947 4875 humilitas
1979 4813 2199 4889 David,
2236 4816 2406 4895 quod

921 4918 1063 4992 post
1092 4920 1332 4973 tantam
1357 4910 1454 4972 sui
1477 4911 1644 4991 apud
1672 4928 1882 4990 regem
1914 4912 2401 4991 promotionem,

920 5009 1242 5090 acquievit
1271 5028 1489 5070 rursus
1521 5027 1750 5089 pecora
1775 5009 2116 5071 custodire.

1001 5109 1386 5167 Prot-edebat
1415 5126 1560 5183 erqo
1592 5106 1968 5167 Pkae‘listoeus
2005 5127 2191 5167 mane
2220 5117 2279 5167 et
2310 5128 2411 5167 ve-

919 5225 1117 5282 spere,
1151 5204 1270 5267 1106
1301 5212 1416 5280 631,
1437 5204 1722 5285 quotidie
1754 5204 1849 5266 bis
1883 5204 2189 5284 processit
2220 5206 2411 5268 modo

922 5310 1220 5387 praetacto
1260 5303 1337 5364 ad
1377 5302 1882 5383 exprobrandum
1925 5303 2160 5384 populo
2194 5303 2407 5379 Israel,

2516 4336 2575 4386 et
2620 4346 2833 4385 omncs
2874 4326 3011 4403 filit
3049 4328 3282 4394 Israel,
3312 4326 3386 4383 in
3430 4328 3599 4385 valle
3640 4326 4007 4385 Terebintlet'

2508 4426 2893 4501 puy-nabunt
2922 4425 3267 4485 adversum
3296 4424 3688 4484 philistiim.
3721 4424 3855 4485 Jam
3897 4422 4007 4484 ha-

2517 4520 2719 4582 bitum
2751 4528 2868 4596 est,
2887 4520 3058 4601 quod
3090 4528 3358 4600 uterque
3390 4518 3703 4582 exercitus
3735 4520 3909 4583 stetit
3939 4520 4003 4582 in

2518 4628 2755 4695 monte,
2770 4636 2886 4681 nec
2906 4618 3202 4699 generale
3226 4617 3517 4699 praelium
3548 4618 4005 4682 commiserunt

2518 4719 2888 4798 hucusque:
2920 4717 3241 4799 quomodo
3270 4735 3420 4796 ergo
3451 4715 3596 4779 Saul
3629 4736 3775 4780 cum
3806 4718 4005 4779 omni-

2521 4816 2638 4878 bus
2670 4815 2803 4876 suis
2834 4814 3143 4896 pugnavit
3172 4814 3237 4875 in
3270 4814 3437 4877 valle
3468 4814 3835 4878 Terebinthi
3867 4833 4005 4878 con-

2518 4920 2617 4974 tra
2641 4912 3497 4994 Philistiin12Respondetur,
3518 4913 3691 4994 quod
3720 4913 3999 4995 quotidie

2520 5011 2719 5092 aliqui
2750 5010 3236 5089 egrediebantur
3274 5008 3609 5087 bellantes,
3646 5011 3867 5093 sicque
3912 5020 4000 5073 to-

2522 5116 2657 5170 tum
2688 5127 2725 5169 a
2754 5117 2930 5189 parte
2960 5108 3438 5185 denominatum
3472 5108 3997 5190 vel,Pugnabant,

2524 5206 2585 5267 id
2628 5215 2744 5282 est,
2778 5207 2856 5268 ad
2901 5206 3321 5289 praeliandum
3360 5226 3429 5269 se
3468 5206 3917 5288 disponebant,
3944 5214 4003 5270 ct

2524 5304 2799 5369 invicem
2833 5312 3215 5368 nocumenta
3244 5304 3461 5386 aliqua
3490 5303 3879 5370 inferebant.
