4359 6250
928 525 1277 574 mannum
1318 528 1381 573 IN
1424 528 1560 574 car.
1606 527 1715 574 xix
1758 529 1914 576 mam
1956 527 2124 578 ptum
2166 529 2532 579 Raouu.·-·
2559 534 2700 581 An‘r.
2747 536 2936 584 xxxv}
3355 519 3474 587 369

98 709 341 760 sectam.
372 694 742 788 elesiastico
784 697 1019 760 dicitur
1056 682 1243 760 :Noli
1290 697 1438 760 fieri
1482 717 1599 780 pro
1642 699 1870 776 amicO,
1906 700 1955 761 A
1984 719 2059 763 ex
2107 701 2539 782 praeinductiS,
2591 706 2763 786 quod
2823 705 3192 787 frequenter
3238 709 3304 770 hi
3354 711 3467 792 qui

368 791 677 858 inimicus
710 797 1021 878 proximo.
1049 795 1111 858 Si
1143 813 1293 876 ergo
1321 796 1559 859 videris
1590 798 1867 861 amicum
1982 799 2366 880 specialibus
2398 810 2459 863 et
2489 803 3016 866 eminentioribus
3047 806 3264 885 gratiae
3283 809 3468 872 donis

364 898 550 953 tuum
574 913 722 957 cum
748 895 873 957 alio
894 911 1303 976 quocumque
1322 896 1723 972 contendere,
1742 914 1869 958 non
1979 905 2308 975 ornantur,
2333 899 2546 980 plures
2579 901 2854 964 habeant
2877 902 3138 966 aemulos
3168 911 3232 966 et
3263 925 3470 987 perse-

359 1007 515 1053 eum
560 993 827 1073 adjuves
866 992 1332 1068 contendendo,
1369 992 1497 1056 imo
1533 1014 1569 1056 a
1604 1003 1870 1057 conten·
1976 1004 2227 1059 cutores
2255 1013 2268 1058 ε
2293 997 2360 1058 in
2386 1017 2514 1079 quo
2544 1000 2857 1081 patientes
2883 1001 3186 1065 exsistere
3204 1003 3462 1083 debent,

354 1087 539 1153 tione
588 1101 807 1156 averte
854 1091 1171 1155 eumdem.
1212 1089 1558 1155 Innotescit
1602 1093 1858 1156 demum
1976 1112 2093 1156 nec
2122 1095 2362 1173 extolli,
2397 1117 2515 1161 nec
2544 1099 2703 1161 alios
2734 1100 3082 1181 aspernari.

1369 1517 2018 1607 ARTICULUS
2092 1523 2457 1608 XXXVI

408 1791 775 1841 mummulo
819 1793 1092 1838 CAPmJLl
1135 1793 1484 1840 Nolunt-:clm
1534 1795 1547 1838 :
1597 1794 1857 1840 LocUTUs
1902 1791 2009 1840 EST
2052 1797 2256 1844 An'rssu
2300 1799 2452 1845 SAUL
2494 1801 2578 1846 Al)
2617 1803 2938 1850 JoNATHAN
2980 1807 3182 1856 mulum
3225 1814 3404 1862 SUUM.

496 2072 650 2135 ITIA
696 2071 999 2136 interiora
1040 2073 1278 2155 quibus
1325 2092 1453 2136 non
1504 2073 1717 2136 statim
1758 2093 1855 2137 re·
1890 2072 1936 2134 B
1964 2075 2343 2158 dispositum
2395 2080 2470 2142 ad
2517 2082 3049 2164 acquiescendum
3097 2093 3456 2171 persuasio-

492 2171 767 2248 sistitur,
802 2181 1097 2236 crescunt
1129 2173 1459 2253 paulatim,
1494 2181 1557 2236 et
1590 2173 1847 2235 tandem

347 2269 441 2333 sic
475 2271 884 2334 invalescunt
914 2279 978 2334 et
1008 2271 1302 2347 saeviunt,
1336 2279 1406 2334 ut
1444 2271 1721 2353 amplius
1760 2271 1855 2332 in-

348 2377 453 2430 tus
486 2370 689 2432 latere
720 2389 847 2433 non
878 2377 1139 2452 queant,
1161 2371 1270 2432 sed
1304 2388 1417 2451 per
1449 2369 1642 2433 verba
1670 2379 1733 2433 et
1766 2369 1855 2432 fa-

346 2476 449 2530 cta
490 2468 719 2550 iniqua
756 2477 1097 2552 erumpant
1148 2468 1525 2532 forinsecus
1562 2469 1663 2532 Sic
1704 2487 1854 2532 con-

349 2567 495 2647 tigit
535 2567 735 2645 Sauli,
772 2567 885 2650 qui
925 2587 1125 2649 quum
1168 2576 1457 2630 sanctum
1502 2569 1699 2631 David
1739 2586 1853 2649 per

345 2667 607 2730 occulta
638 2666 1155 2730 machinamenta
1184 2686 1311 2731 non
1346 2667 1658 2749 potuisset
1688 2667 1853 2731 occi-

343 2765 523 2844 dere,
558 2766 756 2848 coepit
793 2785 941 2830 eum
983 2766 1281 2849 persequi
1328 2765 1695 2844 manifeste,
1734 2785 1849 2829 nec

344 2866 572 2928 odium
592 2867 871 2929 suumin
894 2866 1107 2942 David,
1130 2866 1211 2929 ab
1236 2866 1463 2928 intimo
1484 2866 1680 2930 David
1703 2868 1853 2929 ami-

344 2981 420 3027 co
454 2965 675 3048 quivit
709 2965 1117 3029 abscondere.
1162 2965 1264 3028 Sic
1306 2973 1563 3048 peccata
1608 2965 1852 3030 faciunt

343 3065 785 3130 miserrimum
816 3065 1143 3129 hominem
1175 3064 1559 3144 insanire,ut
1580 3065 1709 3148 jam
1732 3085 1847 3129 nec

343 3164 549 3227 Deum
580 3184 699 3228 nec
730 3164 1024 3227 homines
1046 3163 1379 3229 erubescat
1398 3174 1507 3228 aut
1526 3175 1841 3229 vereatur.

341 3262 471 3326 Hoc
506 3271 712 3326 totum
746 3263 813 3325 in
846 3262 968 3326 isto
999 3272 1389 3327 monstratur
1418 3265 1721 3347 capitula

418 3366 710 3423 Locutus
758 3372 849 3422 est
898 3372 1115 3423 aute-m
1170 3365 1337 3424 Saul
1382 3367 1471 3424 ad
1515 3366 1843 3425 Jonatltan

337 3463 567 3537 filium
600 3480 797 3521 suum
834 3470 894 3521 et
934 3464 1022 3521 ad
1051 3481 1267 3522 omnes
1296 3482 1504 3522 servos
1532 3482 1678 3522 suos
1710 3480 1845 3543 spe-

338 3558 539 3621 ciales
564 3558 974 3635 domesticOS,
994 3568 1068 3619 ut
1096 3560 1453 3620 occiderent
1473 3562 1713 3621 David.
1732 3560 1845 3621 Pu-

338 3656 503 3719 tavit
548 3655 725 3732 Saul‚
756 3656 927 3738 quod
972 3655 1277 3719 Jonathas
1326 3656 1529 3737 magis
1582 3657 1844 3737 eligeret

342 3755 887 3837 David,quamvis
918 3754 1377 3817 amicissimum
1412 3754 1619 3817 virum
1652 3763 1843 3837 atque

342 3854 690 3931 sororium,
710 3853 1049 3929 trucidare,
1070 3872 1261 3935 quam
1288 3872 1355 3915 se
1376 3860 1621 3934 patrem
1654 3872 1842 3916 suum

341 3950 707 4015 offendere.
741 3951 878 4015 Non
916 3952 1089 4014 enim
1131 3951 1559 4015 consideravit
1597 3951 1845 4015 bonita-

342 4061 469 4113 tem
503 4060 569 4114 et
600 4051 963 4132 aequitatem
999 4050 1125 4112 filii
1156 4049 1277 4111 sui.
1304 4053 1508 4111 Porro
1535 4053 1845 4112 Jonatkas

336 4152 526 4226 filius
566 4152 739 4211 Saul
772 4151 1087 4226 diliyebat
1120 4148 1338 4208 David
1378 4152 1585 4209 valde.
1627 4152 1707 4211 Et
1738 4151 1843 4209 in>-

1965 2176 2151 2238 nibus
2199 2177 2378 2255 mei3‚
2416 2181 2714 2245 videlicet
2757 2191 3046 2267 tempore
3089 2198 3452 2271 opportuno

1962 2293 2161 2354 quum
2214 2274 2407 2340 fuerit
2451 2280 2833 2362 tranquillus
2878 2291 2941 2346 et
2987 2284 3205 2361 laetus3
3247 2299 3306 2349 et
3343 2310 3452 2367 eqo

1963 2376 2190 2452 loquar
2232 2378 2312 2435 de
2357 2385 2413 2436 te
2457 2382 2544 2438 ad
2575 2390 2834 2456 patrem
2877 2403 3116 2456 meum,
3144 2397 3204 2447 et
3251 2392 3454 2466 quod·

1961 2491 2232 2552 cumque
2260 2477 2480 2536 videro
2521 2485 2763 2558 patrem
2810 2498 3023 2543 meum
3070 2483 3234 2547 velle
3279 2487 3448 2549 circa

1962 2577 2045 2646 te,
2066 2575 2380 2633 nuntiabo
2417 2576 2536 2634 tibi
2563 2575 2629 2637 in
2661 2577 2800 2641 loco
2830 2586 2954 2642 tuae
2983 2581 3446 2662 absconsionis,

1961 2670 2038 2731 ad
2071 2687 2261 2752 quem
2296 2673 2548 2736 veniam
2582 2675 2659 2737 ad
2694 2684 2775 2738 te.

2042 2772 2320 2831 Locutus
2348 2783 2438 2832 est
2466 2793 2612 2850 erqo
2637 2776 2950 2836 Jonatkas
2977 2781 3057 2838 de
3086 2782 3306 2841 David
3344 2785 3448 2844 bo-

1960 2887 2049 2928 na
2096 2872 2185 2929 ad
2235 2872 2402 2931 Saul
2443 2881 2698 2950 patrem
2744 2894 2962 2945 suum,
3011 2879 3311 2958 diwitque
3359 2886 3447 2942 ad

1957 2986 2103 3028 eum
2124 2987 2147 3026 .·
2170 2969 2271 3029 Ne
2291 2989 2526 3046 pecces,
2549 2991 2692 3041 reoe,
2713 2974 2785 3033 in
2815 2993 3070 3036 servum
3103 2985 3291 3038 tuum
3320 2982 3448 3040 Da-

1958 3065 2097 3134 vid,
2125 3067 2286 3145 quia
2315 3088 2444 3129 non
2476 3072 2770 3146 peccavit
2810 3072 2949 3143 tibi,
2980 3083 3040 3133 et
3083 3091 3276 3151 opera
3305 3078 3446 3153 ejus

1958 3164 2119 3224 bona
2167 3176 2322 3226 sunt
2367 3168 2485 3226 tibi
2527 3172 2754 3241 valde,·
2792 3179 2850 3229 et
2885 3174 3106 3247 posuit
3148 3176 3438 3238 animam

1882 3260 1925 3321 C
1952 3282 2141 3324 suam
2191 3266 2263 3324 in
2313 3285 2516 3326 manu
2564 3263 2706 3339 sua,
2757 3278 2817 3328 et
2855 3274 3174 3344 percussit
3221 3274 3444 3334 Plzili-

1952 3371 2202 3435 staeum,
2232 3361 2352 3426 hoc
2403 3372 2519 3440 est,
2551 3365 2776 3444 grandi
2821 3366 3105 3446 periculo
3147 3372 3445 3452 exposuit

1955 3459 2151 3521 vitam
2195 3479 2396 3537 suam,
2433 3461 2712 3526 ineundo
2751 3463 3035 3526 duellum
3077 3476 3299 3530 contra
3328 3469 3446 3532 Go-

1954 3557 2131 3620 liath.
2185 3558 2262 3620 Et
2313 3560 2606 3641 quamvis
2665 3561 2860 3626 David
2914 3583 2989 3625 ex
3049 3565 3440 3631 revelatione

1954 3656 2273 3738 praescivit
2299 3676 2366 3719 se
2399 3658 2959 3741 triumphaturum,
2995 3670 3209 3726 tamen
3238 3684 3442 3746 quan-

1955 3762 2085 3817 tum
2114 3756 2193 3817 ad
2213 3757 2586 3819 exteriorem
2617 3759 3076 3840 apparentiam,
3100 3761 3442 3842 judicium-

1950 3872 2076 3935 que
2107 3854 2480 3932 humanum,
2507 3854 2632 3917 ruit
2664 3876 2762 3919 res
2796 3856 2986 3938 plena
3015 3859 3326 3941 periculo.
3353 3866 3440 3925 Et

1951 3954 2105 4031 fecit
2135 3955 2451 4013 Dominus
2479 3958 2754 4015 salutem
2786 3976 3093 4033 maynam
3135 3960 3436 4021 universo

1951 4052 2205 4112 Israeli.
2242 4052 2498 4123 Vidisti,
2529 4062 2589 4112 et
2627 4056 2880 4114 laetatus
2913 4074 2997 4116 es.
3036 4057 3248 4124 Quare
3291 4078 3439 4135 erqo

1940 4169 2163 4226 peccas
2211 4151 2284 4210 in
2333 4152 2654 4228 sanquine
2701 4154 2994 4225 innox-ic,
3039 4156 3439 4231 interficiens

334 4250 589 4309 dicavit
633 4248 949 4310 Jonaclzas
998 4248 1238 4317 David,
1284 4250 1503 4307 dicens
1532 4268 1555 4307 .·
1598 4250 1839 4315 Quaerit
1949 4251 2167 4311 David
2195 4252 2312 4329 qui
2348 4259 2436 4310 est
2474 4252 2706 4330 absque
2747 4253 2992 4328 culpa?
3024 4255 3206 4321 Quod
3233 4275 3439 4333 quum

324 4356 519 4423 pater
547 4366 731 4406 meus
759 4348 1042 4405 occidere
1074 4354 1131 4405 te
1158 4363 1271 4426 per
1299 4364 1400 4407 me
1432 4353 1495 4408 et
1524 4364 1673 4408 suos
1713 4346 1839 4407 mi·
1947 4349 2231 4407 audisset
2263 4348 2450 4416 Saul,
2482 4351 2776 4423 placatus
2808 4368 2973 4419 voce,
3007 4348 3072 4411 id
3111 4358 3208 4412 est
3249 4352 3440 4415 ratio-

330 4445 593 4507 nistros.
630 4448 1031 4521 Quapropter
1061 4446 1319 4504 observa
1353 4454 1431 4515 te,
1447 4464 1680 4523 quaes-0,
1704 4467 1836 4506 ma·
1865 4445 1914 4507 D
1947 4445 2143 4507 nabili
2185 4452 2248 4507 et
2286 4444 2392 4526 pia
2431 4444 2864 4526 persuasione,
2895 4450 3217 4519 Jonathae,
3234 4450 3441 4526 jura-

329 4564 433 4613 ne,
464 4542 531 4605 id
578 4550 699 4617 est,
732 4541 1075 4623 diligenter
1118 4541 1367 4604 custodi
1410 4549 1490 4618 te,
1523 4552 1583 4603 et
1613 4564 1833 4604 mane-

331 4644 425 4701 bis
454 4646 657 4711 clam,
689 4640 753 4703 id
785 4648 882 4703 est
918 4641 1189 4717 occulte,
1220 4650 1281 4701 et
1310 4643 1734 4715 absconderis,
1766 4642 1831 4705 id

332 4749 449 4817 est,
483 4741 841 4804 abscondes
871 4748 954 4817 te,
988 4740 1078 4803 ita
1122 4747 1191 4801 ut
1235 4758 1421 4802 nemo
1466 4749 1694 4821 praeter
1733 4761 1835 4805 me

334 4839 495 4902 sciat
524 4858 656 4922 quo
686 4839 906 4901 lateas,
927 4842 1061 4916 qu
1092 4848 1309 4899 autem
1335 4840 1664 4916 eyrediens
1684 4859 1834 4902 cum

337 4946 519 5020 patre
550 4956 695 5001 meo
724 4939 805 5001 de
843 4937 1001 5001 urbe
1040 4937 1107 4999 in
1149 4955 1391 5017 agrum,
1423 4940 1597 4998 stabo
1624 4939 1834 5015 juxta

332 5048 593 5114 patrem
624 5057 841 5098 meum
868 5039 941 5097 in
973 5056 1155 5113 aqro,
1184 5036 1253 5098 in
1283 5053 1410 5116 quo
1441 5035 1587 5098 Saul
1619 5038 1835 5117 egredi

340 5135 680 5200 consuevit
705 5134 911 5216 gratia
937 5134 1267 5217 spatiandi,
1285 5134 1385 5197 vel
1407 5135 1484 5197 ad
1506 5134 1840 5199 consilian-

338 5234 925 5314 dum‚ubicu·mque
953 5235 1182 5313 fuerit,
1206 5234 1270 5295 id
1302 5241 1399 5296 est
1427 5233 1493 5295 in
1527 5253 1839 5315 quocum-

339 5351 467 5414 que
510 5332 655 5397 loco
699 5332 1004 5397 invenero
1053 5340 1297 5414 patrem
1336 5351 1549 5395 meum
1600 5333 1835 5396 melius

596 5466 663 5517 T.
695 5468 745 5517 3.

1946 4546 2093 4605 vit:
2130 4546 2304 4605 Vivit
2348 4546 2692 4613 Dominus,
2733 4545 2893 4623 quia
2937 4565 3066 4605 non
3111 4550 3438 4609 occidetur

1946 4660 2021 4705 ex
2051 4660 2193 4706 mco
2223 4648 2561 4724 praecepto.
2585 4644 2842 4703 Vocavit
2873 4645 3094 4722 itaque
3120 4648 3438 4707 Jonatkas

1946 4742 2186 4814 David,
2219 4751 2278 4801 et
2322 4742 2646 4801 indicavit
2689 4742 2750 4799 ei
2791 4742 3011 4801 omnia
3051 4744 3238 4802 verba
3279 4746 3432 4806 koec.

1949 4843 2032 4901 Εἰ
2080 4841 2450 4900 ίηενοάιιωίί
2485 4839 2794 4900 Ionathas
2839 4838 3050 4918 ipsum
3079 4841 3299 4900 David
3346 4845 3438 4902 ad

1948 4941 2139 5007 Saul,
2168 4946 2228 4997 et
2265 4938 2402 5015 fuit
2446 4946 2596 4997 ante
2638 4956 2784 4996 eum
2820 4938 2987 4996 sicut
3023 4946 3162 4997 erat
3199 4939 3346 4997 lteri
3375 4948 3436 5000 et

1947 5037 2445 5098 nudiustertius.
2494 5033 2982 5109 Nudiustertius,
3030 5035 3437 5116 componitur

1950 5154 2025 5197 ex
2056 5155 2233 5195 nunc
2263 5140 2325 5196 et
2353 5136 2489 5193 dies
2515 5152 2590 5196 ac
2621 5135 2889 5192 tertius:
2911 5132 3115 5213 quasi,
3133 5132 3312 5197 Nunc
3341 5141 3439 5196 est

1950 5232 2173 5295 tertius
2201 5231 2360 5294 dies.
2395 5231 2514 5293 Sed
2543 5229 2650 5294 hic
2679 5228 3164 5293 indeterminate
3193 5230 3440 5313 accipi-

1951 5341 2053 5395 tur
2082 5347 2198 5412 pro
2229 5337 2511 5412 tempore
2542 5328 2883 5410 proeterito.

3129 5460 3192 5513 24
