<?xml version="1.0" encoding="UTF-8"?>
<!DOCTYPE html PUBLIC "-//W3C//DTD XHTML 1.0 Transitional//EN"
    "http://www.w3.org/TR/xhtml1/DTD/xhtml1-transitional.dtd">
<html xmlns="http://www.w3.org/1999/xhtml" xml:lang="en" lang="en">
 <head>
  <title>
</title>
<meta http-equiv="Content-Type" content="text/html;charset=utf-8" />
  <meta name='ocr-system' content='tesseract 3.04.00' />
  <meta name='ocr-capabilities' content='ocr_page ocr_carea ocr_par ocr_line ocrx_word'/>
</head>
<body>
  <div class='ocr_page' id='page_1' title='image "./doctorisecstati02denigoog_0772.png"; bbox 0 0 4359 6250; ppageno 0'>
   <div class='ocr_carea' id='block_1_1' title="bbox 103 4260 344 4315">
    <p class='ocr_par' dir='ltr' id='par_1_1' title="bbox 103 4260 344 4315">
     <span class='ocr_line' id='line_1_1' title="bbox 103 4260 344 4315; baseline 0 -14"><span class='ocrx_word' id='word_1_1' title='bbox 103 4260 264 4315; x_wconf 71' lang='lat' dir='ltr'>lllfley</span> <span class='ocrx_word' id='word_1_2' title='bbox 283 4274 344 4301; x_wconf 57' lang='grc' dir='ltr'>,κν</span> 
     </span>
    </p>
   </div>
   <div class='ocr_carea' id='block_1_2' title="bbox 91 4649 351 4694">
    <p class='ocr_par' dir='ltr' id='par_1_2' title="bbox 91 4649 351 4694">
     <span class='ocr_line' id='line_1_2' title="bbox 91 4649 351 4694; baseline -0.008 -5"><span class='ocrx_word' id='word_1_3' title='bbox 91 4649 351 4694; x_wconf 45' lang='lat' dir='ltr'>[bleisum</span> 
     </span>
    </p>
   </div>
   <div class='ocr_carea' id='block_1_3' title="bbox 931 517 2968 566">
    <p class='ocr_par' dir='ltr' id='par_1_3' title="bbox 931 517 2968 566">
     <span class='ocr_line' id='line_1_3' title="bbox 931 517 2968 566; baseline 0.001 -3"><span class='ocrx_word' id='word_1_4' title='bbox 931 517 1274 564; x_wconf 61' lang='lat' dir='ltr'>malumno</span> <span class='ocrx_word' id='word_1_5' title='bbox 1317 520 1376 564; x_wconf 83' lang='lat' dir='ltr'>IN</span> <span class='ocrx_word' id='word_1_6' title='bbox 1420 519 1555 564; x_wconf 68' lang='lat' dir='ltr'>cn.</span> <span class='ocrx_word' id='word_1_7' title='bbox 1604 517 1735 565; x_wconf 81' lang='lat' dir='ltr'>xxll</span> <span class='ocrx_word' id='word_1_8' title='bbox 1776 519 1933 564; x_wconf 71' lang='lat' dir='ltr'>unm</span> <span class='ocrx_word' id='word_1_9' title='bbox 1973 519 2172 565; x_wconf 70' lang='lat' dir='ltr'>‘runru</span> <span class='ocrx_word' id='word_1_10' title='bbox 2214 520 2438 566; x_wconf 69' lang='lat' dir='ltr'>REGUH.</span> <span class='ocrx_word' id='word_1_11' title='bbox 2484 539 2565 549; x_wconf 91' lang='lat'>—</span> <span class='ocrx_word' id='word_1_12' title='bbox 2604 519 2747 566; x_wconf 67' lang='lat' dir='ltr'>Aur.</span> <span class='ocrx_word' id='word_1_13' title='bbox 2795 519 2968 565; x_wconf 84' lang='lat' dir='ltr'>xxxu</span> 
     </span>
    </p>
   </div>
   <div class='ocr_carea' id='block_1_4' title="bbox 3380 497 3491 563">
    <p class='ocr_par' dir='ltr' id='par_1_4' title="bbox 3380 497 3491 563">
     <span class='ocr_line' id='line_1_4' title="bbox 3380 497 3491 563; baseline -0.009 0"><span class='ocrx_word' id='word_1_14' title='bbox 3380 497 3491 563; x_wconf 84' lang='lat'>731</span> 
     </span>
    </p>
   </div>
   <div class='ocr_carea' id='block_1_5' title="bbox 393 689 3497 773">
    <p class='ocr_par' dir='ltr' id='par_1_5' title="bbox 393 689 3497 773">
     <span class='ocr_line' id='line_1_5' title="bbox 393 689 3497 773; baseline 0.001 -26"><span class='ocrx_word' id='word_1_15' title='bbox 393 690 624 748; x_wconf 82' lang='lat' dir='ltr'>sonuit</span> <span class='ocrx_word' id='word_1_16' title='bbox 659 690 728 748; x_wconf 78' lang='lat' dir='ltr'>in</span> <span class='ocrx_word' id='word_1_17' title='bbox 761 692 1058 750; x_wconf 81' lang='lat' dir='ltr'>universo</span> <span class='ocrx_word' id='word_1_18' title='bbox 1086 693 1396 762; x_wconf 71' lang='lat' dir='ltr'>exercitu,</span> <span class='ocrx_word' id='word_1_19' title='bbox 1429 701 1777 771; x_wconf 73' lang='lat' dir='ltr'>antequam</span> <span class='ocrx_word' id='word_1_20' title='bbox 1805 695 1898 750; x_wconf 84' lang='lat' dir='ltr'>sol</span> <span class='ocrx_word' id='word_1_21' title='bbox 1926 690 1979 752; x_wconf 85' lang='lat' dir='ltr'>A</span> <span class='ocrx_word' id='word_1_22' title='bbox 2009 691 2317 768; x_wconf 81' lang='lat' dir='ltr'>victoriiS,</span> <span class='ocrx_word' id='word_1_23' title='bbox 2361 692 2717 765; x_wconf 90' lang='lat' dir='ltr'>devotione,</span> <span class='ocrx_word' id='word_1_24' title='bbox 2758 691 2948 767; x_wconf 87' lang='lat' dir='ltr'>fama,</span> <span class='ocrx_word' id='word_1_25' title='bbox 2984 690 3257 773; x_wconf 84' lang='lat' dir='ltr'>justitia,</span> <span class='ocrx_word' id='word_1_26' title='bbox 3290 689 3497 752; x_wconf 79' lang='lat' dir='ltr'>aedifi-</span> 
     </span>
    </p>
   </div>
   <div class='ocr_carea' id='block_1_6' title="bbox 394 790 1897 1854">
    <p class='ocr_par' dir='ltr' id='par_1_6' title="bbox 394 790 1897 1854">
     <span class='ocr_line' id='line_1_6' title="bbox 396 790 1897 870; baseline 0.003 -26"><span class='ocrx_word' id='word_1_27' title='bbox 396 790 818 860; x_wconf 82' lang='lat' dir='ltr'>occumberet,</span> <span class='ocrx_word' id='word_1_28' title='bbox 851 791 1071 850; x_wconf 84' lang='lat' dir='ltr'>dicens</span> <span class='ocrx_word' id='word_1_29' title='bbox 1093 811 1116 848; x_wconf 93' lang='lat'>.·</span> <span class='ocrx_word' id='word_1_30' title='bbox 1149 792 1594 870; x_wconf 79' lang='lat' dir='ltr'><strong><em>Unusquisque</em></strong></span> <span class='ocrx_word' id='word_1_31' title='bbox 1622 799 1897 850; x_wconf 82' lang='lat' dir='ltr'>reverta-</span> 
     </span>
     <span class='ocr_line' id='line_1_7' title="bbox 401 886 1896 958; baseline 0.005 -17"><span class='ocrx_word' id='word_1_32' title='bbox 401 893 518 942; x_wconf 82' lang='lat' dir='ltr'>tur</span> <span class='ocrx_word' id='word_1_33' title='bbox 551 887 620 944; x_wconf 86' lang='lat' dir='ltr'>in</span> <span class='ocrx_word' id='word_1_34' title='bbox 653 886 982 947; x_wconf 78' lang='lat' dir='ltr'>civitatem</span> <span class='ocrx_word' id='word_1_35' title='bbox 1011 895 1070 946; x_wconf 89' lang='lat' dir='ltr'>et</span> <span class='ocrx_word' id='word_1_36' title='bbox 1099 889 1172 946; x_wconf 90' lang='lat' dir='ltr'>in</span> <span class='ocrx_word' id='word_1_37' title='bbox 1203 897 1442 948; x_wconf 85' lang='lat' dir='ltr'>terram</span> <span class='ocrx_word' id='word_1_38' title='bbox 1471 907 1682 958; x_wconf 89' lang='lat' dir='ltr'>suam,</span> <span class='ocrx_word' id='word_1_39' title='bbox 1711 887 1798 950; x_wconf 87' lang='lat' dir='ltr'>ita</span> <span class='ocrx_word' id='word_1_40' title='bbox 1827 895 1896 950; x_wconf 90' lang='lat' dir='ltr'>ut</span> 
     </span>
     <span class='ocr_line' id='line_1_8' title="bbox 399 982 1896 1066; baseline 0.003 -23"><span class='ocrx_word' id='word_1_41' title='bbox 399 982 684 1064; x_wconf 87' lang='lat' dir='ltr'>populus</span> <span class='ocrx_word' id='word_1_42' title='bbox 713 982 1013 1065; x_wconf 84' lang='lat' dir='ltr'>Josaphat</span> <span class='ocrx_word' id='word_1_43' title='bbox 1053 1003 1197 1047; x_wconf 93' lang='lat' dir='ltr'>cum</span> <span class='ocrx_word' id='word_1_44' title='bbox 1239 985 1378 1066; x_wconf 93' lang='lat' dir='ltr'>ipso</span> <span class='ocrx_word' id='word_1_45' title='bbox 1421 986 1500 1047; x_wconf 86' lang='lat' dir='ltr'>ad</span> <span class='ocrx_word' id='word_1_46' title='bbox 1538 994 1766 1048; x_wconf 85' lang='lat' dir='ltr'>terram</span> <span class='ocrx_word' id='word_1_47' title='bbox 1801 1004 1896 1048; x_wconf 90' lang='lat' dir='ltr'>re-</span> 
     </span>
     <span class='ocr_line' id='line_1_9' title="bbox 394 1079 1896 1166; baseline 0.004 -24"><span class='ocrx_word' id='word_1_48' title='bbox 394 1079 511 1161; x_wconf 85' lang='lat' dir='ltr'>gni</span> <span class='ocrx_word' id='word_1_49' title='bbox 548 1082 764 1145; x_wconf 86' lang='lat' dir='ltr'>redeat</span> <span class='ocrx_word' id='word_1_50' title='bbox 780 1082 938 1144; x_wconf 84' lang='lat' dir='ltr'>Juda</span> <span class='ocrx_word' id='word_1_51' title='bbox 961 1101 974 1144; x_wconf 90' lang='lat'>:</span> <span class='ocrx_word' id='word_1_52' title='bbox 996 1083 1216 1165; x_wconf 91' lang='lat' dir='ltr'>sicque</span> <span class='ocrx_word' id='word_1_53' title='bbox 1247 1103 1453 1165; x_wconf 84' lang='lat' dir='ltr'>praeco</span> <span class='ocrx_word' id='word_1_54' title='bbox 1486 1085 1604 1147; x_wconf 87' lang='lat' dir='ltr'>iste</span> <span class='ocrx_word' id='word_1_55' title='bbox 1633 1084 1896 1166; x_wconf 83' lang='lat' dir='ltr'>jubente</span> 
     </span>
     <span class='ocr_line' id='line_1_10' title="bbox 399 1167 1890 1263; baseline 0.004 -23"><span class='ocrx_word' id='word_1_56' title='bbox 399 1179 698 1262; x_wconf 80' lang='lat' dir='ltr'><strong>principe</strong></span> <span class='ocrx_word' id='word_1_57' title='bbox 727 1181 997 1257; x_wconf 66' lang='lat' dir='ltr'>militiae,</span> <span class='ocrx_word' id='word_1_58' title='bbox 1035 1182 1241 1263; x_wconf 90' lang='lat' dir='ltr'>primo</span> <span class='ocrx_word' id='word_1_59' title='bbox 1273 1167 1570 1246; x_wconf 35' lang='lat' dir='ltr'>insonuit·</span> <span class='ocrx_word' id='word_1_60' title='bbox 1597 1183 1890 1260; x_wconf 87' lang='lat' dir='ltr'>buccina,</span> 
     </span>
     <span class='ocr_line' id='line_1_11' title="bbox 395 1278 1895 1363; baseline 0.004 -25"><span class='ocrx_word' id='word_1_61' title='bbox 395 1278 634 1341; x_wconf 86' lang='lat' dir='ltr'>deinde</span> <span class='ocrx_word' id='word_1_62' title='bbox 653 1279 917 1360; x_wconf 87' lang='lat' dir='ltr'>protulit</span> <span class='ocrx_word' id='word_1_63' title='bbox 937 1281 1131 1344; x_wconf 85' lang='lat' dir='ltr'>verba</span> <span class='ocrx_word' id='word_1_64' title='bbox 1159 1281 1280 1344; x_wconf 90' lang='lat' dir='ltr'>ista</span> <span class='ocrx_word' id='word_1_65' title='bbox 1311 1301 1458 1362; x_wconf 89' lang='lat' dir='ltr'>rege</span> <span class='ocrx_word' id='word_1_66' title='bbox 1484 1283 1615 1363; x_wconf 89' lang='lat' dir='ltr'>jam</span> <span class='ocrx_word' id='word_1_67' title='bbox 1646 1290 1895 1344; x_wconf 90' lang='lat' dir='ltr'>mortuo</span> 
     </span>
     <span class='ocr_line' id='line_1_12' title="bbox 397 1379 1890 1459; baseline 0.002 -21"><span class='ocrx_word' id='word_1_68' title='bbox 397 1385 514 1439; x_wconf 83' lang='lat' dir='ltr'>aut</span> <span class='ocrx_word' id='word_1_69' title='bbox 545 1396 710 1459; x_wconf 86' lang='lat' dir='ltr'>pene</span> <span class='ocrx_word' id='word_1_70' title='bbox 741 1379 1064 1442; x_wconf 80' lang='lat' dir='ltr'>defuncto.</span> <span class='ocrx_word' id='word_1_71' title='bbox 1082 1384 1380 1442; x_wconf 77' lang='lat' dir='ltr'><strong><em>Mortuus</em></strong></span> <span class='ocrx_word' id='word_1_72' title='bbox 1399 1392 1488 1442; x_wconf 91' lang='lat' dir='ltr'>est</span> <span class='ocrx_word' id='word_1_73' title='bbox 1511 1392 1728 1441; x_wconf 90' lang='lat' dir='ltr'>autem</span> <span class='ocrx_word' id='word_1_74' title='bbox 1752 1403 1890 1455; x_wconf 74' lang='lat' dir='ltr'>rex,</span> 
     </span>
     <span class='ocr_line' id='line_1_13' title="bbox 397 1481 1897 1557; baseline 0.003 -23"><span class='ocrx_word' id='word_1_75' title='bbox 397 1487 458 1535; x_wconf 88' lang='lat' dir='ltr'>et</span> <span class='ocrx_word' id='word_1_76' title='bbox 483 1481 780 1553; x_wconf 85' lang='lat' dir='ltr'>perlatus</span> <span class='ocrx_word' id='word_1_77' title='bbox 807 1489 898 1537; x_wconf 89' lang='lat' dir='ltr'>est</span> <span class='ocrx_word' id='word_1_78' title='bbox 929 1481 1000 1538; x_wconf 88' lang='lat' dir='ltr'>in</span> <span class='ocrx_word' id='word_1_79' title='bbox 1033 1481 1432 1542; x_wconf 83' lang='lat' dir='ltr'><strong><em>Samariam.</em></strong></span> <span class='ocrx_word' id='word_1_80' title='bbox 1465 1482 1897 1557; x_wconf 79' lang='lat' dir='ltr'>Sepelierunt·</span> 
     </span>
     <span class='ocr_line' id='line_1_14' title="bbox 397 1579 1894 1653; baseline 0.005 -21"><span class='ocrx_word' id='word_1_81' title='bbox 397 1595 526 1653; x_wconf 79' lang='lat' dir='ltr'>que</span> <span class='ocrx_word' id='word_1_82' title='bbox 567 1595 778 1650; x_wconf 71' lang='lat' dir='ltr'>reqem</span> <span class='ocrx_word' id='word_1_83' title='bbox 824 1579 896 1636; x_wconf 88' lang='lat' dir='ltr'>in</span> <span class='ocrx_word' id='word_1_84' title='bbox 942 1579 1278 1651; x_wconf 83' lang='lat' dir='ltr'><strong><em>Samaria,</em></strong></span> <span class='ocrx_word' id='word_1_85' title='bbox 1311 1589 1369 1639; x_wconf 86' lang='lat' dir='ltr'>et</span> <span class='ocrx_word' id='word_1_86' title='bbox 1414 1583 1715 1640; x_wconf 83' lang='lat' dir='ltr'>laverunt</span> <span class='ocrx_word' id='word_1_87' title='bbox 1759 1599 1894 1640; x_wconf 89' lang='lat' dir='ltr'>mu-</span> 
     </span>
     <span class='ocr_line' id='line_1_15' title="bbox 401 1663 1894 1756; baseline 0.003 -22"><span class='ocrx_word' id='word_1_88' title='bbox 401 1672 686 1736; x_wconf 80' lang='lat' dir='ltr'>lierculae</span> <span class='ocrx_word' id='word_1_89' title='bbox 717 1695 984 1736; x_wconf 84' lang='lat' dir='ltr'>currum</span> <span class='ocrx_word' id='word_1_90' title='bbox 1016 1678 1178 1753; x_wconf 85' lang='lat' dir='ltr'>ejus,</span> <span class='ocrx_word' id='word_1_91' title='bbox 1215 1663 1590 1756; x_wconf 83' lang='lat' dir='ltr'>sanguinem</span> <span class='ocrx_word' id='word_1_92' title='bbox 1631 1678 1709 1740; x_wconf 92' lang='lat' dir='ltr'>de</span> <span class='ocrx_word' id='word_1_93' title='bbox 1749 1677 1894 1738; x_wconf 91' lang='lat' dir='ltr'>sinu</span> 
     </span>
     <span class='ocr_line' id='line_1_16' title="bbox 399 1775 1896 1854; baseline 0.002 -20"><span class='ocrx_word' id='word_1_94' title='bbox 399 1791 631 1834; x_wconf 91' lang='lat' dir='ltr'>currus</span> <span class='ocrx_word' id='word_1_95' title='bbox 663 1775 1068 1854; x_wconf 78' lang='lat' dir='ltr'>extergendo,</span> <span class='ocrx_word' id='word_1_96' title='bbox 1089 1776 1160 1834; x_wconf 89' lang='lat' dir='ltr'>in</span> <span class='ocrx_word' id='word_1_97' title='bbox 1187 1777 1447 1851; x_wconf 80' lang='lat' dir='ltr'>piscina</span> <span class='ocrx_word' id='word_1_98' title='bbox 1467 1778 1811 1848; x_wconf 78' lang='lat' dir='ltr'>Samarioe,</span> <span class='ocrx_word' id='word_1_99' title='bbox 1836 1787 1896 1837; x_wconf 86' lang='lat' dir='ltr'>et</span> 
     </span>
    </p>
   </div>
   <div class='ocr_carea' id='block_1_7' title="bbox 2004 788 3795 1168">
    <p class='ocr_par' dir='ltr' id='par_1_7' title="bbox 2004 788 3795 1168">
     <span class='ocr_line' id='line_1_17' title="bbox 2007 788 3490 872; baseline -0.002 -19"><span class='ocrx_word' id='word_1_100' title='bbox 2007 791 2144 866; x_wconf 87' lang='lat' dir='ltr'>ciis,</span> <span class='ocrx_word' id='word_1_101' title='bbox 2200 790 2470 872; x_wconf 86' lang='lat' dir='ltr'>copiosis</span> <span class='ocrx_word' id='word_1_102' title='bbox 2521 790 2904 853; x_wconf 78' lang='lat' dir='ltr'>exercitibus</span> <span class='ocrx_word' id='word_1_103' title='bbox 2954 788 3120 870; x_wconf 83' lang='lat' dir='ltr'>regis</span> <span class='ocrx_word' id='word_1_104' title='bbox 3168 789 3490 872; x_wconf 85' lang='lat' dir='ltr'>Josaphat‚</span> 
     </span>
     <span class='ocr_line' id='line_1_18' title="bbox 2005 887 3795 971; baseline -0.001 -21"><span class='ocrx_word' id='word_1_105' title='bbox 2005 889 2207 951; x_wconf 83' lang='lat' dir='ltr'>multa</span> <span class='ocrx_word' id='word_1_106' title='bbox 2246 890 2526 952; x_wconf 89' lang='lat' dir='ltr'>secundo</span> <span class='ocrx_word' id='word_1_107' title='bbox 2558 889 3081 971; x_wconf 78' lang='lat' dir='ltr'>Paralipomenon</span> <span class='ocrx_word' id='word_1_108' title='bbox 3120 887 3186 950; x_wconf 93' lang='lat' dir='ltr'>in</span> <span class='ocrx_word' id='word_1_109' title='bbox 3221 888 3492 952; x_wconf 87' lang='lat' dir='ltr'>diversis</span> <span class='ocrx_word' id='word_1_110' title='bbox 3522 906 3557 949; x_wconf 86' lang='grc' dir='ltr'>ιι</span> <span class='ocrx_word' id='word_1_111' title='bbox 3572 908 3795 950; x_wconf 53' lang='lat' dir='ltr'>pannu-</span> 
     </span>
     <span class='ocr_line' id='line_1_19' title="bbox 2004 983 3591 1068; baseline 0.001 -20"><span class='ocrx_word' id='word_1_112' title='bbox 2004 987 2301 1068; x_wconf 86' lang='lat' dir='ltr'>capitulis</span> <span class='ocrx_word' id='word_1_113' title='bbox 2352 996 2501 1049; x_wconf 86' lang='lat' dir='ltr'>sunt</span> <span class='ocrx_word' id='word_1_114' title='bbox 2542 989 2937 1068; x_wconf 78' lang='lat' dir='ltr'>conscripta3</span> <span class='ocrx_word' id='word_1_115' title='bbox 2984 995 3047 1049; x_wconf 85' lang='lat' dir='ltr'>et</span> <span class='ocrx_word' id='word_1_116' title='bbox 3090 995 3301 1050; x_wconf 90' lang='lat' dir='ltr'>tamen</span> <span class='ocrx_word' id='word_1_117' title='bbox 3346 995 3493 1049; x_wconf 89' lang='lat' dir='ltr'>ante</span> <span class='ocrx_word' id='word_1_118' title='bbox 3522 983 3591 1014; x_wconf 80' lang='lat'>¹¹·</span> 
     </span>
     <span class='ocr_line' id='line_1_20' title="bbox 2005 1085 3497 1168; baseline -0.001 -20"><span class='ocrx_word' id='word_1_119' title='bbox 2005 1087 2338 1149; x_wconf 79' lang='lat' dir='ltr'>editionem</span> <span class='ocrx_word' id='word_1_120' title='bbox 2364 1086 2509 1148; x_wconf 82' lang='lat' dir='ltr'>libri</span> <span class='ocrx_word' id='word_1_121' title='bbox 2527 1085 3044 1167; x_wconf 84' lang='lat' dir='ltr'>Paralipomenon</span> <span class='ocrx_word' id='word_1_122' title='bbox 3068 1085 3297 1168; x_wconf 90' lang='lat' dir='ltr'>scripta</span> <span class='ocrx_word' id='word_1_123' title='bbox 3317 1093 3497 1148; x_wconf 89' lang='lat' dir='ltr'>erant</span> 
     </span>
    </p>
   </div>
   <div class='ocr_carea' id='block_1_8' title="bbox 2003 1183 3499 1362">
    <p class='ocr_par' dir='ltr' id='par_1_8' title="bbox 2003 1183 3499 1362">
     <span class='ocr_line' id='line_1_21' title="bbox 2005 1183 3493 1264; baseline 0 -18"><span class='ocrx_word' id='word_1_124' title='bbox 2005 1195 2066 1246; x_wconf 91' lang='lat' dir='ltr'>et</span> <span class='ocrx_word' id='word_1_125' title='bbox 2097 1185 2276 1247; x_wconf 88' lang='lat' dir='ltr'>alibi.</span> <span class='ocrx_word' id='word_1_126' title='bbox 2299 1189 2429 1247; x_wconf 85' lang='lat' dir='ltr'>Sed</span> <span class='ocrx_word' id='word_1_127' title='bbox 2458 1196 2517 1246; x_wconf 80' lang='lat' dir='ltr'>et</span> <span class='ocrx_word' id='word_1_128' title='bbox 2546 1188 2881 1264; x_wconf 81' lang='lat' dir='ltr'>reliquias,</span> <span class='ocrx_word' id='word_1_129' title='bbox 2903 1185 3024 1248; x_wconf 93' lang='lat' dir='ltr'>hoc</span> <span class='ocrx_word' id='word_1_130' title='bbox 3054 1193 3150 1248; x_wconf 88' lang='lat' dir='ltr'>est</span> <span class='ocrx_word' id='word_1_131' title='bbox 3183 1183 3493 1260; x_wconf 76' lang='lat' dir='ltr'>residuos,</span> 
     </span>
     <span class='ocr_line' id='line_1_22' title="bbox 2003 1283 3499 1362; baseline -0.001 -20"><span class='ocrx_word' id='word_1_132' title='bbox 2003 1285 2520 1360; x_wconf 82' lang='lat' dir='ltr'>effeminatorum</span> <span class='ocrx_word' id='word_1_133' title='bbox 2550 1285 2667 1362; x_wconf 83' lang='lat' dir='ltr'>qui</span> <span class='ocrx_word' id='word_1_134' title='bbox 2694 1292 3140 1342; x_wconf 83' lang='lat' dir='ltr'>remanserant</span> <span class='ocrx_word' id='word_1_135' title='bbox 3173 1285 3241 1341; x_wconf 88' lang='lat' dir='ltr'>in</span> <span class='ocrx_word' id='word_1_136' title='bbox 3272 1283 3499 1342; x_wconf 84' lang='lat' dir='ltr'>diebus</span> 
     </span>
    </p>
   </div>
   <div class='ocr_carea' id='block_1_9' title="bbox 2005 1370 3787 1856">
    <p class='ocr_par' dir='ltr' id='par_1_9' title="bbox 2005 1370 3787 1856">
     <span class='ocr_line' id='line_1_23' title="bbox 2005 1370 3497 1460; baseline 0.001 -20"><span class='ocrx_word' id='word_1_137' title='bbox 2005 1385 2138 1440; x_wconf 86' lang='lat' dir='ltr'><strong><em>Asa</em></strong></span> <span class='ocrx_word' id='word_1_138' title='bbox 2159 1383 2375 1460; x_wconf 80' lang='lat' dir='ltr'>patris</span> <span class='ocrx_word' id='word_1_139' title='bbox 2401 1381 2563 1458; x_wconf 84' lang='lat' dir='ltr'>ejus,</span> <span class='ocrx_word' id='word_1_140' title='bbox 2595 1382 2859 1440; x_wconf 86' lang='lat' dir='ltr'>abstulit</span> <span class='ocrx_word' id='word_1_141' title='bbox 2898 1383 2978 1440; x_wconf 82' lang='lat' dir='ltr'>de</span> <span class='ocrx_word' id='word_1_142' title='bbox 3017 1392 3209 1442; x_wconf 86' lang='lat' dir='ltr'>terra.</span> <span class='ocrx_word' id='word_1_143' title='bbox 3244 1370 3362 1453; x_wconf 80' lang='lat' dir='ltr'>Qui</span> <span class='ocrx_word' id='word_1_144' title='bbox 3403 1380 3497 1441; x_wconf 90' lang='lat' dir='ltr'>di-</span> 
     </span>
     <span class='ocr_line' id='line_1_24' title="bbox 2005 1476 3787 1560; baseline 0.002 -20"><span class='ocrx_word' id='word_1_145' title='bbox 2005 1487 2231 1540; x_wconf 89' lang='lat' dir='ltr'>cantur</span> <span class='ocrx_word' id='word_1_146' title='bbox 2259 1476 2643 1555; x_wconf 85' lang='lat' dir='ltr'>effeminati,</span> <span class='ocrx_word' id='word_1_147' title='bbox 2680 1479 2744 1540; x_wconf 92' lang='lat' dir='ltr'>in</span> <span class='ocrx_word' id='word_1_148' title='bbox 2777 1478 3173 1560; x_wconf 85' lang='lat' dir='ltr'>expositione</span> <span class='ocrx_word' id='word_1_149' title='bbox 3204 1479 3493 1559; x_wconf 87' lang='lat' dir='ltr'>superio·</span> <span class='ocrx_word' id='word_1_150' title='bbox 3536 1499 3771 1554; x_wconf 60' lang='lat' dir='ltr'>uincam</span> <span class='ocrx_word' id='word_1_151' title='bbox 3777 1532 3787 1550; x_wconf 84' lang='lat'>‚</span> 
     </span>
     <span class='ocr_line' id='line_1_25' title="bbox 2007 1577 3496 1640; baseline -0.001 -2"><span class='ocrx_word' id='word_1_152' title='bbox 2007 1596 2146 1639; x_wconf 85' lang='lat' dir='ltr'>rum</span> <span class='ocrx_word' id='word_1_153' title='bbox 2178 1577 2565 1640; x_wconf 83' lang='lat' dir='ltr'>continetur.</span> <span class='ocrx_word' id='word_1_154' title='bbox 2599 1579 2734 1638; x_wconf 89' lang='lat' dir='ltr'>Nec</span> <span class='ocrx_word' id='word_1_155' title='bbox 2760 1588 2900 1638; x_wconf 82' lang='lat' dir='ltr'>erat</span> <span class='ocrx_word' id='word_1_156' title='bbox 2929 1599 3045 1637; x_wconf 77' lang='lat' dir='ltr'>reoe</span> <span class='ocrx_word' id='word_1_157' title='bbox 3078 1588 3230 1638; x_wconf 86' lang='lat' dir='ltr'>tunc</span> <span class='ocrx_word' id='word_1_158' title='bbox 3267 1580 3496 1638; x_wconf 87' lang='lat' dir='ltr'>consti-</span> 
     </span>
     <span class='ocr_line' id='line_1_26' title="bbox 2008 1675 3496 1758; baseline 0.001 -22"><span class='ocrx_word' id='word_1_159' title='bbox 2008 1686 2182 1736; x_wconf 84' lang='lat' dir='ltr'>tutus</span> <span class='ocrx_word' id='word_1_160' title='bbox 2206 1679 2277 1736; x_wconf 83' lang='lat' dir='ltr'>in</span> <span class='ocrx_word' id='word_1_161' title='bbox 2298 1679 2534 1746; x_wconf 70' lang='lat' dir='ltr'>Edoni,</span> <span class='ocrx_word' id='word_1_162' title='bbox 2552 1677 2615 1738; x_wconf 92' lang='lat' dir='ltr'>id</span> <span class='ocrx_word' id='word_1_163' title='bbox 2638 1685 2745 1750; x_wconf 85' lang='lat' dir='ltr'>est,</span> <span class='ocrx_word' id='word_1_164' title='bbox 2763 1675 3018 1739; x_wconf 81' lang='lat' dir='ltr'>ldumaei</span> <span class='ocrx_word' id='word_1_165' title='bbox 3040 1675 3275 1758; x_wconf 89' lang='lat' dir='ltr'>quibus</span> <span class='ocrx_word' id='word_1_166' title='bbox 3298 1676 3496 1738; x_wconf 88' lang='lat' dir='ltr'>David</span> 
     </span>
     <span class='ocr_line' id='line_1_27' title="bbox 2009 1775 3498 1856; baseline 0 -21"><span class='ocrx_word' id='word_1_167' title='bbox 2009 1793 2114 1836; x_wconf 88' lang='lat' dir='ltr'>rex</span> <span class='ocrx_word' id='word_1_168' title='bbox 2159 1775 2423 1837; x_wconf 87' lang='lat' dir='ltr'>abstulit</span> <span class='ocrx_word' id='word_1_169' title='bbox 2466 1775 2703 1855; x_wconf 84' lang='lat' dir='ltr'>regiam</span> <span class='ocrx_word' id='word_1_170' title='bbox 2748 1775 3119 1854; x_wconf 84' lang='lat' dir='ltr'>dignitatem</span> <span class='ocrx_word' id='word_1_171' title='bbox 3162 1784 3223 1837; x_wconf 87' lang='lat' dir='ltr'>et</span> <span class='ocrx_word' id='word_1_172' title='bbox 3261 1775 3498 1856; x_wconf 90' lang='lat' dir='ltr'>princi-</span> 
     </span>
    </p>
   </div>
   <div class='ocr_carea' id='block_1_10' title="bbox 402 1869 3493 1957">
    <p class='ocr_par' dir='ltr' id='par_1_10' title="bbox 402 1869 3493 1957">
     <span class='ocr_line' id='line_1_28' title="bbox 402 1869 3493 1957; baseline 0.002 -28"><span class='ocrx_word' id='word_1_173' title='bbox 402 1873 747 1932; x_wconf 77' lang='lat' dir='ltr'>Iinoeerunt</span> <span class='ocrx_word' id='word_1_174' title='bbox 791 1893 976 1932; x_wconf 76' lang='lat' dir='ltr'>canes</span> <span class='ocrx_word' id='word_1_175' title='bbox 1017 1875 1402 1948; x_wconf 71' lang='lat' dir='ltr'>sanquinem</span> <span class='ocrx_word' id='word_1_176' title='bbox 1443 1876 1608 1950; x_wconf 81' lang='lat' dir='ltr'>ejus,</span> <span class='ocrx_word' id='word_1_177' title='bbox 1653 1872 1744 1936; x_wconf 90' lang='lat' dir='ltr'>sic</span> <span class='ocrx_word' id='word_1_178' title='bbox 1793 1893 1896 1936; x_wconf 87' lang='lat' dir='ltr'>ex·</span> <span class='ocrx_word' id='word_1_179' title='bbox 1933 1869 1980 1932; x_wconf 93' lang='lat' dir='ltr'><strong>B</strong></span> <span class='ocrx_word' id='word_1_180' title='bbox 2009 1883 2227 1955; x_wconf 85' lang='lat' dir='ltr'>patum</span> <span class='ocrx_word' id='word_1_181' title='bbox 2274 1874 2573 1954; x_wconf 85' lang='lat' dir='ltr'>regalem,</span> <span class='ocrx_word' id='word_1_182' title='bbox 2610 1893 2647 1935; x_wconf 88' lang='lat' dir='ltr'>a</span> <span class='ocrx_word' id='word_1_183' title='bbox 2692 1883 2975 1955; x_wconf 89' lang='lat' dir='ltr'>tempore</span> <span class='ocrx_word' id='word_1_184' title='bbox 3018 1873 3128 1935; x_wconf 90' lang='lat' dir='ltr'>illo</span> <span class='ocrx_word' id='word_1_185' title='bbox 3175 1892 3377 1957; x_wconf 90' lang='lat' dir='ltr'>usque</span> <span class='ocrx_word' id='word_1_186' title='bbox 3416 1872 3493 1934; x_wconf 86' lang='lat' dir='ltr'>ad</span> 
     </span>
    </p>
   </div>
   <div class='ocr_carea' id='block_1_11' title="bbox 397 1969 1897 3042">
    <p class='ocr_par' dir='ltr' id='par_1_11' title="bbox 401 1969 1897 2345">
     <span class='ocr_line' id='line_1_29' title="bbox 403 1969 1894 2052; baseline 0.003 -24"><span class='ocrx_word' id='word_1_187' title='bbox 403 1977 646 2031; x_wconf 81' lang='lat' dir='ltr'>tersum</span> <span class='ocrx_word' id='word_1_188' title='bbox 685 1969 752 2031; x_wconf 88' lang='lat' dir='ltr'>in</span> <span class='ocrx_word' id='word_1_189' title='bbox 783 1989 970 2052; x_wconf 82' lang='lat' dir='ltr'>aqua,</span> <span class='ocrx_word' id='word_1_190' title='bbox 1005 1981 1064 2031; x_wconf 88' lang='lat' dir='ltr'>et</span> <span class='ocrx_word' id='word_1_191' title='bbox 1095 1975 1396 2032; x_wconf 84' lang='lat' dir='ltr'>laverunt</span> <span class='ocrx_word' id='word_1_192' title='bbox 1423 1974 1700 2032; x_wconf 71' lang='lat' dir='ltr'>habenas</span> <span class='ocrx_word' id='word_1_193' title='bbox 1729 1974 1894 2051; x_wconf 71' lang='lat' dir='ltr'>eju-3,</span> 
     </span>
     <span class='ocr_line' id='line_1_30' title="bbox 403 2067 1896 2150; baseline 0.003 -21"><span class='ocrx_word' id='word_1_194' title='bbox 403 2067 525 2130; x_wconf 85' lang='lat' dir='ltr'>hoc</span> <span class='ocrx_word' id='word_1_195' title='bbox 556 2076 654 2130; x_wconf 85' lang='lat' dir='ltr'>est</span> <span class='ocrx_word' id='word_1_196' title='bbox 685 2068 820 2131; x_wconf 87' lang='lat' dir='ltr'>lora</span> <span class='ocrx_word' id='word_1_197' title='bbox 851 2089 964 2132; x_wconf 91' lang='lat' dir='ltr'>seu</span> <span class='ocrx_word' id='word_1_198' title='bbox 998 2069 1345 2132; x_wconf 86' lang='lat' dir='ltr'>retinacula</span> <span class='ocrx_word' id='word_1_199' title='bbox 1380 2069 1544 2132; x_wconf 87' lang='lat' dir='ltr'>freni</span> <span class='ocrx_word' id='word_1_200' title='bbox 1587 2071 1896 2150; x_wconf 85' lang='lat' dir='ltr'>sanguine</span> 
     </span>
     <span class='ocr_line' id='line_1_31' title="bbox 401 2167 1897 2250; baseline 0.001 -22"><span class='ocrx_word' id='word_1_201' title='bbox 401 2168 574 2247; x_wconf 79' lang='lat' dir='ltr'>regis</span> <span class='ocrx_word' id='word_1_202' title='bbox 595 2167 912 2250; x_wconf 85' lang='lat' dir='ltr'>adspersa,</span> <span class='ocrx_word' id='word_1_203' title='bbox 918 2171 1126 2246; x_wconf 77' lang='lat' dir='ltr'>juxta</span> <span class='ocrx_word' id='word_1_204' title='bbox 1149 2172 1413 2230; x_wconf 85' lang='lat' dir='ltr'>verbum</span> <span class='ocrx_word' id='word_1_205' title='bbox 1436 2171 1705 2231; x_wconf 85' lang='lat' dir='ltr'><strong><em>Domini</em></strong></span> <span class='ocrx_word' id='word_1_206' title='bbox 1727 2175 1897 2249; x_wconf 80' lang='lat' dir='ltr'>quod</span> 
     </span>
     <span class='ocr_line' id='line_1_32' title="bbox 402 2269 932 2345; baseline 0.004 -19"><span class='ocrx_word' id='word_1_207' title='bbox 402 2271 656 2328; x_wconf 83' lang='lat' dir='ltr'>locutus</span> <span class='ocrx_word' id='word_1_208' title='bbox 685 2269 932 2345; x_wconf 78' lang='lat' dir='ltr'>fuerat.</span> 
     </span>
    </p>

    <p class='ocr_par' dir='ltr' id='par_1_12' title="bbox 397 2368 1896 3042">
     <span class='ocr_line' id='line_1_33' title="bbox 485 2368 1896 2444; baseline -0.001 -17"><span class='ocrx_word' id='word_1_209' title='bbox 485 2368 764 2444; x_wconf 79' lang='lat' dir='ltr'><strong><em>Reliqua</em></strong></span> <span class='ocrx_word' id='word_1_210' title='bbox 787 2377 1004 2426; x_wconf 86' lang='lat' dir='ltr'>autem</span> <span class='ocrx_word' id='word_1_211' title='bbox 1023 2387 1388 2428; x_wconf 88' lang='lat' dir='ltr'><strong><em>sermonum</em></strong></span> <span class='ocrx_word' id='word_1_212' title='bbox 1411 2369 1654 2436; x_wconf 78' lang='lat' dir='ltr'>Achab,</span> <span class='ocrx_word' id='word_1_213' title='bbox 1670 2377 1730 2428; x_wconf 88' lang='lat' dir='ltr'>et</span> <span class='ocrx_word' id='word_1_214' title='bbox 1749 2370 1896 2429; x_wconf 83' lang='lat' dir='ltr'>uni-</span> 
     </span>
     <span class='ocr_line' id='line_1_34' title="bbox 403 2466 1896 2546; baseline 0.002 -22"><span class='ocrx_word' id='word_1_215' title='bbox 403 2485 590 2526; x_wconf 78' lang='lat' dir='ltr'>versa</span> <span class='ocrx_word' id='word_1_216' title='bbox 621 2485 765 2543; x_wconf 82' lang='lat' dir='ltr'>quoe</span> <span class='ocrx_word' id='word_1_217' title='bbox 793 2466 974 2542; x_wconf 81' lang='lat' dir='ltr'>feeit,</span> <span class='ocrx_word' id='word_1_218' title='bbox 1005 2476 1064 2524; x_wconf 76' lang='lat' dir='ltr'>et</span> <span class='ocrx_word' id='word_1_219' title='bbox 1102 2469 1328 2526; x_wconf 84' lang='lat' dir='ltr'>domus</span> <span class='ocrx_word' id='word_1_220' title='bbox 1367 2469 1669 2536; x_wconf 82' lang='lat' dir='ltr'>eburnea,</span> <span class='ocrx_word' id='word_1_221' title='bbox 1701 2487 1896 2546; x_wconf 79' lang='lat' dir='ltr'>quam</span> 
     </span>
     <span class='ocr_line' id='line_1_35' title="bbox 400 2565 1896 2644; baseline 0.001 -22"><span class='ocrx_word' id='word_1_222' title='bbox 400 2565 732 2640; x_wconf 79' lang='lat' dir='ltr'>aedificavi</span> <span class='ocrx_word' id='word_1_223' title='bbox 737 2573 779 2634; x_wconf 90' lang='lat' dir='ltr'>t,</span> <span class='ocrx_word' id='word_1_224' title='bbox 804 2574 1313 2643; x_wconf 80' lang='lat' dir='ltr'>cunctarumque</span> <span class='ocrx_word' id='word_1_225' title='bbox 1331 2566 1596 2625; x_wconf 86' lang='lat' dir='ltr'>urbium</span> <span class='ocrx_word' id='word_1_226' title='bbox 1614 2585 1775 2644; x_wconf 83' lang='lat' dir='ltr'>quas</span> <span class='ocrx_word' id='word_1_227' title='bbox 1793 2586 1896 2624; x_wconf 75' lang='lat' dir='ltr'>ex-</span> 
     </span>
     <span class='ocr_line' id='line_1_36' title="bbox 397 2665 1894 2741; baseline 0.001 -20"><span class='ocrx_word' id='word_1_228' title='bbox 397 2665 672 2732; x_wconf 68' lang='lat' dir='ltr'>struxit,</span> <span class='ocrx_word' id='word_1_229' title='bbox 716 2681 930 2723; x_wconf 85' lang='lat' dir='ltr'>nonne</span> <span class='ocrx_word' id='word_1_230' title='bbox 973 2666 1106 2723; x_wconf 69' lang='lat' dir='ltr'>liceo</span> <span class='ocrx_word' id='word_1_231' title='bbox 1146 2666 1388 2741; x_wconf 80' lang='lat' dir='ltr'>scripta</span> <span class='ocrx_word' id='word_1_232' title='bbox 1423 2672 1578 2723; x_wconf 85' lang='lat' dir='ltr'>sunt</span> <span class='ocrx_word' id='word_1_233' title='bbox 1615 2666 1688 2723; x_wconf 86' lang='lat' dir='ltr'>in</span> <span class='ocrx_word' id='word_1_234' title='bbox 1734 2665 1894 2723; x_wconf 83' lang='lat' dir='ltr'>libro</span> 
     </span>
     <span class='ocr_line' id='line_1_37' title="bbox 403 2761 1896 2838; baseline 0.003 -20"><span class='ocrx_word' id='word_1_235' title='bbox 403 2764 794 2822; x_wconf 79' lang='lat' dir='ltr'>Sermonum</span> <span class='ocrx_word' id='word_1_236' title='bbox 832 2763 1092 2822; x_wconf 87' lang='lat' dir='ltr'>dierum</span> <span class='ocrx_word' id='word_1_237' title='bbox 1131 2781 1353 2838; x_wconf 75' lang='lat' dir='ltr'>reyum</span> <span class='ocrx_word' id='word_1_238' title='bbox 1383 2763 1634 2822; x_wconf 74' lang='lat' dir='ltr'>Israel?</span> <span class='ocrx_word' id='word_1_239' title='bbox 1662 2761 1776 2835; x_wconf 88' lang='lat' dir='ltr'>Qui</span> <span class='ocrx_word' id='word_1_240' title='bbox 1823 2762 1896 2823; x_wconf 88' lang='lat' dir='ltr'>li·</span> 
     </span>
     <span class='ocr_line' id='line_1_38' title="bbox 401 2859 1893 2942; baseline 0.001 -21"><span class='ocrx_word' id='word_1_241' title='bbox 401 2860 518 2922; x_wconf 90' lang='lat' dir='ltr'>ber</span> <span class='ocrx_word' id='word_1_242' title='bbox 549 2878 678 2922; x_wconf 92' lang='lat' dir='ltr'>non</span> <span class='ocrx_word' id='word_1_243' title='bbox 717 2868 1028 2942; x_wconf 83' lang='lat' dir='ltr'>superest,</span> <span class='ocrx_word' id='word_1_244' title='bbox 1067 2879 1183 2922; x_wconf 89' lang='lat' dir='ltr'>nec</span> <span class='ocrx_word' id='word_1_245' title='bbox 1216 2859 1507 2923; x_wconf 82' lang='lat' dir='ltr'>habetur.</span> <span class='ocrx_word' id='word_1_246' title='bbox 1546 2859 1678 2923; x_wconf 86' lang='lat' dir='ltr'>Non</span> <span class='ocrx_word' id='word_1_247' title='bbox 1722 2860 1893 2922; x_wconf 89' lang='lat' dir='ltr'>enim</span> 
     </span>
     <span class='ocr_line' id='line_1_39' title="bbox 399 2959 1895 3042; baseline 0.001 -21"><span class='ocrx_word' id='word_1_248' title='bbox 399 2967 501 3021; x_wconf 86' lang='lat' dir='ltr'>est</span> <span class='ocrx_word' id='word_1_249' title='bbox 541 2959 704 3022; x_wconf 89' lang='lat' dir='ltr'>liber</span> <span class='ocrx_word' id='word_1_250' title='bbox 740 2959 1268 3042; x_wconf 83' lang='lat' dir='ltr'>Paralipomenon</span> <span class='ocrx_word' id='word_1_251' title='bbox 1310 2960 1376 3022; x_wconf 92' lang='lat' dir='ltr'>in</span> <span class='ocrx_word' id='word_1_252' title='bbox 1422 2978 1550 3042; x_wconf 91' lang='lat' dir='ltr'>quo</span> <span class='ocrx_word' id='word_1_253' title='bbox 1591 2961 1668 3022; x_wconf 92' lang='lat' dir='ltr'>de</span> <span class='ocrx_word' id='word_1_254' title='bbox 1707 2960 1895 3023; x_wconf 91' lang='lat' dir='ltr'>domo</span> 
     </span>
    </p>
   </div>
   <div class='ocr_carea' id='block_1_12' title="bbox 2004 1971 3789 3039">
    <p class='ocr_par' dir='ltr' id='par_1_13' title="bbox 2004 1971 3789 2741">
     <span class='ocr_line' id='line_1_40' title="bbox 2007 1971 3492 2054; baseline -0.001 -20"><span class='ocrx_word' id='word_1_255' title='bbox 2007 1981 2257 2054; x_wconf 88' lang='lat' dir='ltr'>tempus</span> <span class='ocrx_word' id='word_1_256' title='bbox 2306 1972 2606 2054; x_wconf 85' lang='lat' dir='ltr'>Josaphat</span> <span class='ocrx_word' id='word_1_257' title='bbox 2662 1991 2789 2034; x_wconf 91' lang='lat' dir='ltr'>non</span> <span class='ocrx_word' id='word_1_258' title='bbox 2850 1971 3321 2035; x_wconf 89' lang='lat' dir='ltr'>constituerunt</span> <span class='ocrx_word' id='word_1_259' title='bbox 3370 1971 3492 2034; x_wconf 90' lang='lat' dir='ltr'>sibi</span> 
     </span>
     <span class='ocr_line' id='line_1_41' title="bbox 2007 2069 3494 2152; baseline -0.001 -20"><span class='ocrx_word' id='word_1_260' title='bbox 2007 2089 2241 2151; x_wconf 86' lang='lat' dir='ltr'>regem,</span> <span class='ocrx_word' id='word_1_261' title='bbox 2279 2071 2387 2134; x_wconf 88' lang='lat' dir='ltr'>sed</span> <span class='ocrx_word' id='word_1_262' title='bbox 2420 2071 2539 2132; x_wconf 91' lang='lat' dir='ltr'>sub</span> <span class='ocrx_word' id='word_1_263' title='bbox 2572 2069 2810 2133; x_wconf 88' lang='lat' dir='ltr'>tributo</span> <span class='ocrx_word' id='word_1_264' title='bbox 2850 2071 3207 2134; x_wconf 85' lang='lat' dir='ltr'>servierunt</span> <span class='ocrx_word' id='word_1_265' title='bbox 3236 2069 3494 2152; x_wconf 88' lang='lat' dir='ltr'>regibus</span> 
     </span>
     <span class='ocr_line' id='line_1_42' title="bbox 2005 2169 3493 2250; baseline -0.001 -19"><span class='ocrx_word' id='word_1_266' title='bbox 2005 2171 2184 2232; x_wconf 87' lang='lat' dir='ltr'>Juda.</span> <span class='ocrx_word' id='word_1_267' title='bbox 2221 2170 2391 2233; x_wconf 86' lang='lat' dir='ltr'>Istud</span> <span class='ocrx_word' id='word_1_268' title='bbox 2434 2170 2539 2233; x_wconf 91' lang='lat' dir='ltr'>hic</span> <span class='ocrx_word' id='word_1_269' title='bbox 2581 2170 2881 2250; x_wconf 80' lang='lat' dir='ltr'>tangitur,</span> <span class='ocrx_word' id='word_1_270' title='bbox 2914 2170 2992 2231; x_wconf 90' lang='lat' dir='ltr'>ad</span> <span class='ocrx_word' id='word_1_271' title='bbox 3035 2169 3493 2231; x_wconf 89' lang='lat' dir='ltr'>insinuandum</span> 
     </span>
     <span class='ocr_line' id='line_1_43' title="bbox 2005 2267 3497 2350; baseline 0.001 -20"><span class='ocrx_word' id='word_1_272' title='bbox 2005 2270 2175 2350; x_wconf 90' lang='lat' dir='ltr'>quod</span> <span class='ocrx_word' id='word_1_273' title='bbox 2210 2277 2269 2331; x_wconf 89' lang='lat' dir='ltr'>et</span> <span class='ocrx_word' id='word_1_274' title='bbox 2299 2269 2558 2332; x_wconf 82' lang='lat' dir='ltr'>Idumaei</span> <span class='ocrx_word' id='word_1_275' title='bbox 2582 2276 2761 2331; x_wconf 83' lang='lat' dir='ltr'>erant</span> <span class='ocrx_word' id='word_1_276' title='bbox 2792 2267 3064 2348; x_wconf 77' lang='lat' dir='ltr'>subJecti</span> <span class='ocrx_word' id='word_1_277' title='bbox 3084 2268 3383 2350; x_wconf 84' lang='lat' dir='ltr'>Josaphat</span> <span class='ocrx_word' id='word_1_278' title='bbox 3406 2288 3497 2331; x_wconf 90' lang='lat' dir='ltr'>re-</span> 
     </span>
     <span class='ocr_line' id='line_1_44' title="bbox 2005 2366 3497 2449; baseline 0.001 -22"><span class='ocrx_word' id='word_1_279' title='bbox 2005 2367 2091 2448; x_wconf 84' lang='lat' dir='ltr'>gi,</span> <span class='ocrx_word' id='word_1_280' title='bbox 2127 2387 2497 2449; x_wconf 81' lang='lat' dir='ltr'>quanquam</span> <span class='ocrx_word' id='word_1_281' title='bbox 2537 2367 2816 2430; x_wconf 90' lang='lat' dir='ltr'>secundo</span> <span class='ocrx_word' id='word_1_282' title='bbox 2854 2366 3376 2447; x_wconf 80' lang='lat' dir='ltr'>Paralipomenon</span> <span class='ocrx_word' id='word_1_283' title='bbox 3410 2367 3497 2429; x_wconf 90' lang='lat' dir='ltr'>le-</span> 
     </span>
     <span class='ocr_line' id='line_1_45' title="bbox 2007 2463 3789 2546; baseline -0.002 -20"><span class='ocrx_word' id='word_1_284' title='bbox 2007 2473 2239 2546; x_wconf 84' lang='lat' dir='ltr'>gantur</span> <span class='ocrx_word' id='word_1_285' title='bbox 2268 2483 2413 2527; x_wconf 90' lang='lat' dir='ltr'>cum</span> <span class='ocrx_word' id='word_1_286' title='bbox 2446 2464 2735 2527; x_wconf 82' lang='lat' dir='ltr'>Moabitis</span> <span class='ocrx_word' id='word_1_287' title='bbox 2774 2472 2836 2526; x_wconf 91' lang='lat' dir='ltr'>et</span> <span class='ocrx_word' id='word_1_288' title='bbox 2868 2463 3247 2527; x_wconf 86' lang='lat' dir='ltr'>Ammonitis</span> <span class='ocrx_word' id='word_1_289' title='bbox 3276 2474 3495 2527; x_wconf 85' lang='lat' dir='ltr'>contra</span> <span class='ocrx_word' id='word_1_290' title='bbox 3553 2479 3702 2522; x_wconf 68' lang='lat' dir='ltr'>near.</span> <span class='ocrx_word' id='word_1_291' title='bbox 3720 2494 3789 2530; x_wconf 65' lang='grc' dir='ltr'>ιι,</span> 
     </span>
     <span class='ocr_line' id='line_1_46' title="bbox 2004 2545 3680 2644; baseline 0.001 -20"><span class='ocrx_word' id='word_1_292' title='bbox 2004 2563 2304 2644; x_wconf 86' lang='lat' dir='ltr'>Josaphat</span> <span class='ocrx_word' id='word_1_293' title='bbox 2352 2563 2773 2636; x_wconf 81' lang='lat' dir='ltr'>convenisse;</span> <span class='ocrx_word' id='word_1_294' title='bbox 2822 2563 2931 2624; x_wconf 90' lang='lat' dir='ltr'>sed</span> <span class='ocrx_word' id='word_1_295' title='bbox 2984 2562 3385 2638; x_wconf 89' lang='lat' dir='ltr'>interierunt,</span> <span class='ocrx_word' id='word_1_296' title='bbox 3433 2571 3497 2625; x_wconf 86' lang='lat' dir='ltr'>et</span> <span class='ocrx_word' id='word_1_297' title='bbox 3528 2547 3591 2592; x_wconf 89' lang='lat'>¹⁰</span> <span class='ocrx_word' id='word_1_298' title='bbox 3616 2545 3680 2585; x_wconf 85' lang='lat'>¹¹·</span> 
     </span>
     <span class='ocr_line' id='line_1_47' title="bbox 2005 2660 3142 2741; baseline -0.002 -17"><span class='ocrx_word' id='word_1_299' title='bbox 2005 2662 2084 2724; x_wconf 90' lang='lat' dir='ltr'>de</span> <span class='ocrx_word' id='word_1_300' title='bbox 2113 2669 2325 2725; x_wconf 85' lang='lat' dir='ltr'>cetero</span> <span class='ocrx_word' id='word_1_301' title='bbox 2356 2669 2725 2724; x_wconf 88' lang='lat' dir='ltr'>manserunt</span> <span class='ocrx_word' id='word_1_302' title='bbox 2758 2661 2818 2724; x_wconf 88' lang='lat' dir='ltr'>ei</span> <span class='ocrx_word' id='word_1_303' title='bbox 2848 2660 3142 2741; x_wconf 89' lang='lat' dir='ltr'>subjecti.</span> 
     </span>
    </p>

    <p class='ocr_par' dir='ltr' id='par_1_14' title="bbox 2007 2759 3497 3039">
     <span class='ocr_line' id='line_1_48' title="bbox 2084 2759 3496 2837; baseline 0 -15"><span class='ocrx_word' id='word_1_304' title='bbox 2084 2765 2227 2822; x_wconf 76' lang='lat' dir='ltr'>Rea:</span> <span class='ocrx_word' id='word_1_305' title='bbox 2256 2780 2401 2820; x_wconf 89' lang='lat' dir='ltr'>vero</span> <span class='ocrx_word' id='word_1_306' title='bbox 2428 2761 2737 2837; x_wconf 77' lang='lat' dir='ltr'>Josaphat</span> <span class='ocrx_word' id='word_1_307' title='bbox 2767 2762 3004 2837; x_wconf 78' lang='lat' dir='ltr'>fecerat</span> <span class='ocrx_word' id='word_1_308' title='bbox 3033 2763 3279 2830; x_wconf 72' lang='lat' dir='ltr'>classeS,</span> <span class='ocrx_word' id='word_1_309' title='bbox 3307 2759 3369 2822; x_wconf 90' lang='lat' dir='ltr'>id</span> <span class='ocrx_word' id='word_1_310' title='bbox 3401 2770 3496 2822; x_wconf 86' lang='lat' dir='ltr'>est</span> 
     </span>
     <span class='ocr_line' id='line_1_49' title="bbox 2007 2860 3497 2942; baseline -0.001 -21"><span class='ocrx_word' id='word_1_311' title='bbox 2007 2879 2220 2936; x_wconf 85' lang='lat' dir='ltr'>naveS‚</span> <span class='ocrx_word' id='word_1_312' title='bbox 2243 2879 2387 2942; x_wconf 79' lang='lat' dir='ltr'>quae</span> <span class='ocrx_word' id='word_1_313' title='bbox 2420 2860 2585 2922; x_wconf 87' lang='lat' dir='ltr'>irent</span> <span class='ocrx_word' id='word_1_314' title='bbox 2616 2861 2687 2920; x_wconf 86' lang='lat' dir='ltr'>in</span> <span class='ocrx_word' id='word_1_315' title='bbox 2720 2862 2920 2928; x_wconf 85' lang='lat' dir='ltr'>mari,</span> <span class='ocrx_word' id='word_1_316' title='bbox 2940 2880 3082 2938; x_wconf 80' lang='lat' dir='ltr'>quoe</span> <span class='ocrx_word' id='word_1_317' title='bbox 3110 2862 3497 2936; x_wconf 72' lang='lat' dir='ltr'>naviyarent</span> 
     </span>
     <span class='ocr_line' id='line_1_50' title="bbox 2007 2957 3495 3039; baseline 0.002 -23"><span class='ocrx_word' id='word_1_318' title='bbox 2007 2961 2075 3018; x_wconf 80' lang='lat' dir='ltr'>in</span> <span class='ocrx_word' id='word_1_319' title='bbox 2114 2961 2342 3036; x_wconf 77' lang='lat' dir='ltr'>Ophir,</span> <span class='ocrx_word' id='word_1_320' title='bbox 2374 2958 2437 3019; x_wconf 92' lang='lat' dir='ltr'>id</span> <span class='ocrx_word' id='word_1_321' title='bbox 2478 2966 2573 3020; x_wconf 88' lang='lat' dir='ltr'>est</span> <span class='ocrx_word' id='word_1_322' title='bbox 2614 2957 2823 3021; x_wconf 88' lang='lat' dir='ltr'>locum</span> <span class='ocrx_word' id='word_1_323' title='bbox 2868 2957 2959 3020; x_wconf 90' lang='lat' dir='ltr'>sic</span> <span class='ocrx_word' id='word_1_324' title='bbox 3000 2957 3389 3039; x_wconf 85' lang='lat' dir='ltr'>appellatum</span> <span class='ocrx_word' id='word_1_325' title='bbox 3430 2958 3495 3019; x_wconf 87' lang='lat' dir='ltr'>in</span> 
     </span>
    </p>
   </div>
   <div class='ocr_carea' id='block_1_13' title="bbox 400 3055 3497 3140">
    <p class='ocr_par' dir='ltr' id='par_1_15' title="bbox 400 3055 3497 3140">
     <span class='ocr_line' id='line_1_51' title="bbox 400 3055 3497 3140; baseline -0.001 -21"><span class='ocrx_word' id='word_1_326' title='bbox 400 3057 688 3121; x_wconf 88' lang='lat' dir='ltr'>eburnea</span> <span class='ocrx_word' id='word_1_327' title='bbox 718 3058 884 3139; x_wconf 83' lang='lat' dir='ltr'>regis</span> <span class='ocrx_word' id='word_1_328' title='bbox 915 3058 1132 3121; x_wconf 84' lang='lat' dir='ltr'>Achab</span> <span class='ocrx_word' id='word_1_329' title='bbox 1165 3058 1254 3120; x_wconf 89' lang='lat' dir='ltr'>nil</span> <span class='ocrx_word' id='word_1_330' title='bbox 1291 3059 1545 3140; x_wconf 85' lang='lat' dir='ltr'>legitur.</span> <span class='ocrx_word' id='word_1_331' title='bbox 1570 3061 1896 3120; x_wconf 83' lang='lat' dir='ltr'>Dormivit</span> <span class='ocrx_word' id='word_1_332' title='bbox 1931 3055 1975 3120; x_wconf 91' lang='lat' dir='ltr'>C</span> <span class='ocrx_word' id='word_1_333' title='bbox 2008 3057 2209 3136; x_wconf 85' lang='lat' dir='ltr'>India,</span> <span class='ocrx_word' id='word_1_334' title='bbox 2235 3067 2500 3137; x_wconf 78' lang='lat' dir='ltr'>propter</span> <span class='ocrx_word' id='word_1_335' title='bbox 2528 3077 2769 3118; x_wconf 89' lang='lat' dir='ltr'>aurum</span> <span class='ocrx_word' id='word_1_336' title='bbox 2802 3056 2951 3119; x_wconf 90' lang='lat' dir='ltr'>inde</span> <span class='ocrx_word' id='word_1_337' title='bbox 2988 3057 3406 3139; x_wconf 88' lang='lat' dir='ltr'>portandum;</span> <span class='ocrx_word' id='word_1_338' title='bbox 3437 3069 3497 3117; x_wconf 85' lang='lat' dir='ltr'>et</span> 
     </span>
    </p>
   </div>
   <div class='ocr_carea' id='block_1_14' title="bbox 395 3160 1897 4223">
    <p class='ocr_par' dir='ltr' id='par_1_16' title="bbox 398 3160 1896 3334">
     <span class='ocr_line' id='line_1_52' title="bbox 398 3160 1896 3235; baseline 0 -16"><span class='ocrx_word' id='word_1_339' title='bbox 398 3178 549 3235; x_wconf 70' lang='lat' dir='ltr'>erqo</span> <span class='ocrx_word' id='word_1_340' title='bbox 589 3160 810 3220; x_wconf 75' lang='lat' dir='ltr'>Achab</span> <span class='ocrx_word' id='word_1_341' title='bbox 847 3179 994 3219; x_wconf 84' lang='lat' dir='ltr'>oum</span> <span class='ocrx_word' id='word_1_342' title='bbox 1036 3161 1336 3235; x_wconf 80' lang='lat' dir='ltr'>patribus</span> <span class='ocrx_word' id='word_1_343' title='bbox 1372 3161 1531 3231; x_wconf 82' lang='lat' dir='ltr'>suis,</span> <span class='ocrx_word' id='word_1_344' title='bbox 1575 3170 1634 3219; x_wconf 84' lang='lat' dir='ltr'>et</span> <span class='ocrx_word' id='word_1_345' title='bbox 1675 3178 1896 3234; x_wconf 72' lang='lat' dir='ltr'>reyna-</span> 
     </span>
     <span class='ocr_line' id='line_1_53' title="bbox 403 3259 1489 3334; baseline 0.002 -19"><span class='ocrx_word' id='word_1_346' title='bbox 403 3260 500 3317; x_wconf 85' lang='lat' dir='ltr'>vit</span> <span class='ocrx_word' id='word_1_347' title='bbox 531 3259 842 3319; x_wconf 74' lang='lat' dir='ltr'>ochozias</span> <span class='ocrx_word' id='word_1_348' title='bbox 868 3259 1051 3334; x_wconf 78' lang='lat' dir='ltr'>filius</span> <span class='ocrx_word' id='word_1_349' title='bbox 1084 3259 1224 3334; x_wconf 85' lang='lat' dir='ltr'>ejus</span> <span class='ocrx_word' id='word_1_350' title='bbox 1252 3276 1368 3333; x_wconf 84' lang='lat' dir='ltr'>pro</span> <span class='ocrx_word' id='word_1_351' title='bbox 1400 3277 1489 3317; x_wconf 92' lang='lat' dir='ltr'>eo.</span> 
     </span>
    </p>

    <p class='ocr_par' dir='ltr' id='par_1_17' title="bbox 395 3358 1895 4223">
     <span class='ocr_line' id='line_1_54' title="bbox 479 3358 1895 3433; baseline 0 -16"><span class='ocrx_word' id='word_1_352' title='bbox 479 3358 792 3433; x_wconf 79' lang='lat' dir='ltr'>Josaphat</span> <span class='ocrx_word' id='word_1_353' title='bbox 819 3376 964 3416; x_wconf 87' lang='lat' dir='ltr'>vero</span> <span class='ocrx_word' id='word_1_354' title='bbox 983 3360 1166 3433; x_wconf 78' lang='lat' dir='ltr'>filius</span> <span class='ocrx_word' id='word_1_355' title='bbox 1185 3360 1320 3418; x_wconf 82' lang='lat' dir='ltr'>Asa</span> <span class='ocrx_word' id='word_1_356' title='bbox 1339 3376 1606 3433; x_wconf 71' lang='lat' dir='ltr'>reynare</span> <span class='ocrx_word' id='word_1_357' title='bbox 1625 3367 1895 3433; x_wconf 70' lang='lat' dir='ltr'>emper-at</span> 
     </span>
     <span class='ocr_line' id='line_1_55' title="bbox 395 3457 1897 3534; baseline 0.001 -20"><span class='ocrx_word' id='word_1_358' title='bbox 395 3474 594 3531; x_wconf 82' lang='lat' dir='ltr'>super</span> <span class='ocrx_word' id='word_1_359' title='bbox 609 3457 880 3523; x_wconf 78' lang='lat' dir='ltr'>ludam,</span> <span class='ocrx_word' id='word_1_360' title='bbox 899 3476 1072 3515; x_wconf 88' lang='lat' dir='ltr'>anno</span> <span class='ocrx_word' id='word_1_361' title='bbox 1102 3466 1331 3534; x_wconf 80' lang='lat' dir='ltr'>quarto</span> <span class='ocrx_word' id='word_1_362' title='bbox 1361 3457 1582 3515; x_wconf 76' lang='lat' dir='ltr'>Achab</span> <span class='ocrx_word' id='word_1_363' title='bbox 1612 3458 1780 3531; x_wconf 72' lang='lat' dir='ltr'>reyis</span> <span class='ocrx_word' id='word_1_364' title='bbox 1811 3459 1897 3515; x_wconf 91' lang='lat' dir='ltr'>ls-</span> 
     </span>
     <span class='ocr_line' id='line_1_56' title="bbox 398 3554 1892 3633; baseline 0.002 -22"><span class='ocrx_word' id='word_1_365' title='bbox 398 3556 550 3613; x_wconf 84' lang='lat' dir='ltr'>rael.</span> <span class='ocrx_word' id='word_1_366' title='bbox 565 3554 792 3627; x_wconf 75' lang='lat' dir='ltr'>Triyin</span> <span class='ocrx_word' id='word_1_367' title='bbox 803 3563 866 3613; x_wconf 82' lang='lat' dir='ltr'>ta</span> <span class='ocrx_word' id='word_1_368' title='bbox 887 3555 1170 3633; x_wconf 80' lang='lat' dir='ltr'>quinque</span> <span class='ocrx_word' id='word_1_369' title='bbox 1189 3574 1514 3613; x_wconf 84' lang='lat' dir='ltr'>annorum</span> <span class='ocrx_word' id='word_1_370' title='bbox 1531 3564 1670 3614; x_wconf 87' lang='lat' dir='ltr'>erat</span> <span class='ocrx_word' id='word_1_371' title='bbox 1691 3574 1892 3632; x_wconf 83' lang='lat' dir='ltr'>quum</span> 
     </span>
     <span class='ocr_line' id='line_1_57' title="bbox 398 3653 1894 3731; baseline 0.001 -22"><span class='ocrx_word' id='word_1_372' title='bbox 398 3669 674 3727; x_wconf 73' lang='lat' dir='ltr'>reynare</span> <span class='ocrx_word' id='word_1_373' title='bbox 702 3654 1006 3727; x_wconf 82' lang='lat' dir='ltr'>coepisset,</span> <span class='ocrx_word' id='word_1_374' title='bbox 1029 3660 1089 3710; x_wconf 86' lang='lat' dir='ltr'>et</span> <span class='ocrx_word' id='word_1_375' title='bbox 1111 3653 1350 3727; x_wconf 85' lang='lat' dir='ltr'>vi9inti</span> <span class='ocrx_word' id='word_1_376' title='bbox 1380 3654 1668 3731; x_wconf 81' lang='lat' dir='ltr'>quinque</span> <span class='ocrx_word' id='word_1_377' title='bbox 1698 3654 1894 3711; x_wconf 89' lang='lat' dir='ltr'>annis</span> 
     </span>
     <span class='ocr_line' id='line_1_58' title="bbox 398 3750 1894 3827; baseline 0.001 -20"><span class='ocrx_word' id='word_1_378' title='bbox 398 3750 703 3823; x_wconf 74' lang='lat' dir='ltr'>reqnavit</span> <span class='ocrx_word' id='word_1_379' title='bbox 735 3750 804 3809; x_wconf 84' lang='lat' dir='ltr'>in</span> <span class='ocrx_word' id='word_1_380' title='bbox 825 3752 1204 3809; x_wconf 84' lang='lat' dir='ltr'>Jerusalem.</span> <span class='ocrx_word' id='word_1_381' title='bbox 1227 3752 1472 3809; x_wconf 88' lang='lat' dir='ltr'>Nomen</span> <span class='ocrx_word' id='word_1_382' title='bbox 1505 3751 1734 3810; x_wconf 86' lang='lat' dir='ltr'>matris</span> <span class='ocrx_word' id='word_1_383' title='bbox 1753 3750 1894 3827; x_wconf 81' lang='lat' dir='ltr'>ejus</span> 
     </span>
     <span class='ocr_line' id='line_1_59' title="bbox 400 3849 1895 3924; baseline -0.001 -18"><span class='ocrx_word' id='word_1_384' title='bbox 400 3849 658 3915; x_wconf 81' lang='lat' dir='ltr'>Azuba,</span> <span class='ocrx_word' id='word_1_385' title='bbox 691 3849 838 3924; x_wconf 80' lang='lat' dir='ltr'>filia</span> <span class='ocrx_word' id='word_1_386' title='bbox 865 3850 1079 3907; x_wconf 89' lang='lat' dir='ltr'>Salai.</span> <span class='ocrx_word' id='word_1_387' title='bbox 1112 3850 1194 3908; x_wconf 73' lang='lat' dir='ltr'>Et</span> <span class='ocrx_word' id='word_1_388' title='bbox 1224 3849 1584 3907; x_wconf 74' lang='lat' dir='ltr'>ambulavit</span> <span class='ocrx_word' id='word_1_389' title='bbox 1617 3850 1685 3907; x_wconf 88' lang='lat' dir='ltr'>in</span> <span class='ocrx_word' id='word_1_390' title='bbox 1715 3849 1895 3907; x_wconf 89' lang='lat' dir='ltr'>omni</span> 
     </span>
     <span class='ocr_line' id='line_1_60' title="bbox 407 3948 1895 4023; baseline 0 -18"><span class='ocrx_word' id='word_1_391' title='bbox 407 3948 514 4005; x_wconf 89' lang='lat' dir='ltr'>via</span> <span class='ocrx_word' id='word_1_392' title='bbox 553 3950 688 4006; x_wconf 84' lang='lat' dir='ltr'>Asa</span> <span class='ocrx_word' id='word_1_393' title='bbox 723 3948 938 4023; x_wconf 78' lang='lat' dir='ltr'>patris</span> <span class='ocrx_word' id='word_1_394' title='bbox 981 3948 1110 4016; x_wconf 86' lang='lat' dir='ltr'>sui,</span> <span class='ocrx_word' id='word_1_395' title='bbox 1151 3956 1210 4005; x_wconf 88' lang='lat' dir='ltr'>et</span> <span class='ocrx_word' id='word_1_396' title='bbox 1255 3966 1382 4005; x_wconf 87' lang='lat' dir='ltr'>non</span> <span class='ocrx_word' id='word_1_397' title='bbox 1423 3948 1776 4007; x_wconf 80' lang='lat' dir='ltr'>declinavit</span> <span class='ocrx_word' id='word_1_398' title='bbox 1814 3967 1895 4005; x_wconf 71' lang='lat' dir='ltr'>ea:</span> 
     </span>
     <span class='ocr_line' id='line_1_61' title="bbox 401 4045 1893 4123; baseline 0 -20"><span class='ocrx_word' id='word_1_399' title='bbox 401 4065 500 4105; x_wconf 88' lang='lat' dir='ltr'>ea.</span> <span class='ocrx_word' id='word_1_400' title='bbox 535 4045 838 4123; x_wconf 82' lang='lat' dir='ltr'>Fecitque</span> <span class='ocrx_word' id='word_1_401' title='bbox 867 4047 1040 4123; x_wconf 81' lang='lat' dir='ltr'>quod</span> <span class='ocrx_word' id='word_1_402' title='bbox 1069 4054 1311 4104; x_wconf 83' lang='lat' dir='ltr'>rectum</span> <span class='ocrx_word' id='word_1_403' title='bbox 1351 4055 1490 4105; x_wconf 86' lang='lat' dir='ltr'>erat</span> <span class='ocrx_word' id='word_1_404' title='bbox 1525 4047 1597 4105; x_wconf 89' lang='lat' dir='ltr'>in</span> <span class='ocrx_word' id='word_1_405' title='bbox 1637 4064 1893 4123; x_wconf 85' lang='lat' dir='ltr'>conspe-</span> 
     </span>
     <span class='ocr_line' id='line_1_62' title="bbox 401 4140 1894 4223; baseline 0.003 -22"><span class='ocrx_word' id='word_1_406' title='bbox 401 4152 510 4201; x_wconf 83' lang='lat' dir='ltr'>etu</span> <span class='ocrx_word' id='word_1_407' title='bbox 539 4144 829 4203; x_wconf 83' lang='lat' dir='ltr'><strong><em>Domini.</em></strong></span> <span class='ocrx_word' id='word_1_408' title='bbox 861 4140 1160 4223; x_wconf 83' lang='lat' dir='ltr'>Josaphat</span> <span class='ocrx_word' id='word_1_409' title='bbox 1205 4158 1354 4221; x_wconf 83' lang='lat' dir='ltr'>ergo</span> <span class='ocrx_word' id='word_1_410' title='bbox 1401 4144 1688 4223; x_wconf 80' lang='lat' dir='ltr'>regnavit</span> <span class='ocrx_word' id='word_1_411' title='bbox 1725 4162 1894 4205; x_wconf 89' lang='lat' dir='ltr'>anno</span> 
     </span>
    </p>
   </div>
   <div class='ocr_carea' id='block_1_15' title="bbox 394 4337 1896 5401">
    <p class='ocr_par' dir='ltr' id='par_1_18' title="bbox 395 4337 1896 5007">
     <span class='ocr_line' id='line_1_63' title="bbox 400 4337 1894 4420; baseline -0.001 -20"><span class='ocrx_word' id='word_1_412' title='bbox 400 4338 571 4400; x_wconf 89' lang='lat' dir='ltr'>lectu</span> <span class='ocrx_word' id='word_1_413' title='bbox 610 4337 853 4400; x_wconf 89' lang='lat' dir='ltr'>dictum</span> <span class='ocrx_word' id='word_1_414' title='bbox 895 4346 991 4400; x_wconf 86' lang='lat' dir='ltr'>est</span> <span class='ocrx_word' id='word_1_415' title='bbox 1029 4358 1222 4420; x_wconf 85' lang='lat' dir='ltr'>supra</span> <span class='ocrx_word' id='word_1_416' title='bbox 1259 4338 1524 4402; x_wconf 82' lang='lat' dir='ltr'>diffuse.</span> <span class='ocrx_word' id='word_1_417' title='bbox 1569 4342 1894 4401; x_wconf 86' lang='lat' dir='ltr'>Verumta-</span> 
     </span>
     <span class='ocr_line' id='line_1_64' title="bbox 401 4436 1896 4519; baseline 0.003 -26"><span class='ocrx_word' id='word_1_418' title='bbox 401 4456 543 4497; x_wconf 86' lang='lat' dir='ltr'>men</span> <span class='ocrx_word' id='word_1_419' title='bbox 577 4440 826 4497; x_wconf 77' lang='lat' dir='ltr'>eoecelsa</span> <span class='ocrx_word' id='word_1_420' title='bbox 857 4458 984 4497; x_wconf 86' lang='lat' dir='ltr'>non</span> <span class='ocrx_word' id='word_1_421' title='bbox 1007 4440 1294 4499; x_wconf 83' lang='lat' dir='ltr'>abstulit.</span> <span class='ocrx_word' id='word_1_422' title='bbox 1313 4436 1474 4511; x_wconf 86' lang='lat' dir='ltr'>Quid</span> <span class='ocrx_word' id='word_1_423' title='bbox 1506 4456 1618 4519; x_wconf 87' lang='lat' dir='ltr'>per</span> <span class='ocrx_word' id='word_1_424' title='bbox 1647 4437 1896 4501; x_wconf 85' lang='lat' dir='ltr'>excelsa</span> 
     </span>
     <span class='ocr_line' id='line_1_65' title="bbox 401 4533 1892 4615; baseline 0.002 -21"><span class='ocrx_word' id='word_1_425' title='bbox 401 4533 821 4614; x_wconf 87' lang='lat' dir='ltr'>intelligatur,</span> <span class='ocrx_word' id='word_1_426' title='bbox 843 4541 906 4597; x_wconf 91' lang='lat' dir='ltr'>et</span> <span class='ocrx_word' id='word_1_427' title='bbox 933 4534 1210 4615; x_wconf 88' lang='lat' dir='ltr'>qualiter</span> <span class='ocrx_word' id='word_1_428' title='bbox 1242 4534 1444 4611; x_wconf 88' lang='lat' dir='ltr'>licuit,</span> <span class='ocrx_word' id='word_1_429' title='bbox 1464 4544 1571 4598; x_wconf 90' lang='lat' dir='ltr'>aut</span> <span class='ocrx_word' id='word_1_430' title='bbox 1595 4536 1892 4598; x_wconf 90' lang='lat' dir='ltr'>illicitum</span> 
     </span>
     <span class='ocr_line' id='line_1_66' title="bbox 399 4632 1894 4709; baseline 0.002 -16"><span class='ocrx_word' id='word_1_431' title='bbox 399 4632 525 4694; x_wconf 86' lang='lat' dir='ltr'>fuit</span> <span class='ocrx_word' id='word_1_432' title='bbox 569 4632 637 4694; x_wconf 90' lang='lat' dir='ltr'>in</span> <span class='ocrx_word' id='word_1_433' title='bbox 678 4633 770 4695; x_wconf 89' lang='lat' dir='ltr'>cis</span> <span class='ocrx_word' id='word_1_434' title='bbox 809 4634 936 4695; x_wconf 91' lang='lat' dir='ltr'>Deo</span> <span class='ocrx_word' id='word_1_435' title='bbox 977 4632 1327 4709; x_wconf 91' lang='lat' dir='ltr'>immolare,</span> <span class='ocrx_word' id='word_1_436' title='bbox 1371 4634 1610 4696; x_wconf 90' lang='lat' dir='ltr'>dictum</span> <span class='ocrx_word' id='word_1_437' title='bbox 1656 4642 1752 4696; x_wconf 90' lang='lat' dir='ltr'>est</span> <span class='ocrx_word' id='word_1_438' title='bbox 1791 4654 1894 4696; x_wconf 86' lang='lat' dir='ltr'>su-</span> 
     </span>
     <span class='ocr_line' id='line_1_67' title="bbox 399 4734 1893 4811; baseline 0.001 -20"><span class='ocrx_word' id='word_1_439' title='bbox 399 4750 536 4811; x_wconf 87' lang='lat' dir='ltr'>pra.</span> <span class='ocrx_word' id='word_1_440' title='bbox 572 4734 810 4793; x_wconf 80' lang='lat' dir='ltr'>Adhuc</span> <span class='ocrx_word' id='word_1_441' title='bbox 843 4734 1019 4791; x_wconf 88' lang='lat' dir='ltr'>enim</span> <span class='ocrx_word' id='word_1_442' title='bbox 1053 4736 1335 4809; x_wconf 81' lang='lat' dir='ltr'>populus</span> <span class='ocrx_word' id='word_1_443' title='bbox 1371 4734 1799 4809; x_wconf 77' lang='lat' dir='ltr'>sacrificabat,</span> <span class='ocrx_word' id='word_1_444' title='bbox 1833 4742 1893 4792; x_wconf 85' lang='lat' dir='ltr'>et</span> 
     </span>
     <span class='ocr_line' id='line_1_68' title="bbox 397 4832 1893 4909; baseline -0.001 -18"><span class='ocrx_word' id='word_1_445' title='bbox 397 4832 694 4891; x_wconf 79' lang='lat' dir='ltr'>adolebat</span> <span class='ocrx_word' id='word_1_446' title='bbox 733 4832 1070 4891; x_wconf 82' lang='lat' dir='ltr'>incensum</span> <span class='ocrx_word' id='word_1_447' title='bbox 1109 4832 1182 4889; x_wconf 87' lang='lat' dir='ltr'>in</span> <span class='ocrx_word' id='word_1_448' title='bbox 1220 4832 1503 4890; x_wconf 73' lang='lat' dir='ltr'>excelsis.</span> <span class='ocrx_word' id='word_1_449' title='bbox 1534 4833 1893 4909; x_wconf 77' lang='lat' dir='ltr'>Pacemque</span> 
     </span>
     <span class='ocr_line' id='line_1_69' title="bbox 395 4930 1566 5007; baseline -0.002 -18"><span class='ocrx_word' id='word_1_450' title='bbox 395 4931 628 4989; x_wconf 78' lang='lat' dir='ltr'>habuit</span> <span class='ocrx_word' id='word_1_451' title='bbox 654 4930 963 5007; x_wconf 80' lang='lat' dir='ltr'>Josaplzac</span> <span class='ocrx_word' id='word_1_452' title='bbox 992 4948 1140 4988; x_wconf 83' lang='lat' dir='ltr'>oum</span> <span class='ocrx_word' id='word_1_453' title='bbox 1170 4948 1310 5005; x_wconf 75' lang='lat' dir='ltr'>reqe</span> <span class='ocrx_word' id='word_1_454' title='bbox 1340 4931 1566 4989; x_wconf 85' lang='lat' dir='ltr'>Israel.</span> 
     </span>
    </p>

    <p class='ocr_par' dir='ltr' id='par_1_19' title="bbox 394 5028 1892 5401">
     <span class='ocr_line' id='line_1_70' title="bbox 490 5028 1892 5105; baseline -0.001 -17"><span class='ocrx_word' id='word_1_455' title='bbox 490 5028 772 5105; x_wconf 81' lang='lat' dir='ltr'>Reliqua</span> <span class='ocrx_word' id='word_1_456' title='bbox 817 5037 1033 5087; x_wconf 87' lang='lat' dir='ltr'>autem</span> <span class='ocrx_word' id='word_1_457' title='bbox 1085 5029 1420 5086; x_wconf 88' lang='lat' dir='ltr'>verborum</span> <span class='ocrx_word' id='word_1_458' title='bbox 1460 5030 1791 5104; x_wconf 79' lang='lat' dir='ltr'>Josaplzat,</span> <span class='ocrx_word' id='word_1_459' title='bbox 1833 5036 1892 5087; x_wconf 83' lang='lat' dir='ltr'>et</span> 
     </span>
     <span class='ocr_line' id='line_1_71' title="bbox 394 5126 1892 5204; baseline 0 -19"><span class='ocrx_word' id='word_1_460' title='bbox 394 5145 588 5202; x_wconf 81' lang='lat' dir='ltr'>opera</span> <span class='ocrx_word' id='word_1_461' title='bbox 637 5127 777 5202; x_wconf 85' lang='lat' dir='ltr'>ejus</span> <span class='ocrx_word' id='word_1_462' title='bbox 827 5146 963 5204; x_wconf 78' lang='lat' dir='ltr'>quoe</span> <span class='ocrx_word' id='word_1_463' title='bbox 1004 5128 1225 5202; x_wconf 72' lang='lat' dir='ltr'>yessit,</span> <span class='ocrx_word' id='word_1_464' title='bbox 1269 5135 1326 5185; x_wconf 90' lang='lat' dir='ltr'>et</span> <span class='ocrx_word' id='word_1_465' title='bbox 1367 5126 1632 5202; x_wconf 65' lang='lat' dir='ltr'>praelia,</span> <span class='ocrx_word' id='word_1_466' title='bbox 1681 5146 1892 5186; x_wconf 87' lang='lat' dir='ltr'>nonne</span> 
     </span>
     <span class='ocr_line' id='line_1_72' title="bbox 395 5225 1888 5300; baseline 0 -17"><span class='ocrx_word' id='word_1_467' title='bbox 395 5227 531 5285; x_wconf 66' lang='grc' dir='ltr'>ἠως·</span> <span class='ocrx_word' id='word_1_468' title='bbox 547 5226 790 5300; x_wconf 82' lang='lat' dir='ltr'>scripta</span> <span class='ocrx_word' id='word_1_469' title='bbox 811 5234 961 5283; x_wconf 78' lang='lat' dir='ltr'>sunt</span> <span class='ocrx_word' id='word_1_470' title='bbox 987 5225 1052 5283; x_wconf 83' lang='lat' dir='ltr'>in</span> <span class='ocrx_word' id='word_1_471' title='bbox 1079 5226 1241 5282; x_wconf 90' lang='lat' dir='ltr'>libro</span> <span class='ocrx_word' id='word_1_472' title='bbox 1273 5226 1612 5284; x_wconf 83' lang='lat' dir='ltr'>Verborum</span> <span class='ocrx_word' id='word_1_473' title='bbox 1633 5226 1888 5283; x_wconf 85' lang='lat' dir='ltr'>dierum</span> 
     </span>
     <span class='ocr_line' id='line_1_73' title="bbox 395 5319 1882 5401; baseline 0.003 -22"><span class='ocrx_word' id='word_1_474' title='bbox 395 5340 622 5397; x_wconf 73' lang='lat' dir='ltr'>reyum</span> <span class='ocrx_word' id='word_1_475' title='bbox 648 5324 826 5381; x_wconf 83' lang='lat' dir='ltr'>Juda</span> <span class='ocrx_word' id='word_1_476' title='bbox 843 5326 874 5381; x_wconf 91' lang='lat'><em>?</em></span> <span class='ocrx_word' id='word_1_477' title='bbox 899 5320 982 5385; x_wconf 90' lang='lat' dir='ltr'>De</span> <span class='ocrx_word' id='word_1_478' title='bbox 1011 5320 1361 5401; x_wconf 85' lang='lat' dir='ltr'>opulentia,</span> <span class='ocrx_word' id='word_1_479' title='bbox 1383 5319 1882 5399; x_wconf 82' lang='lat' dir='ltr'>magnificentia,</span> 
     </span>
    </p>
   </div>
   <div class='ocr_carea' id='block_1_16' title="bbox 2003 3154 3785 4219">
    <p class='ocr_par' dir='ltr' id='par_1_20' title="bbox 2007 3154 3498 3238">
     <span class='ocr_line' id='line_1_74' title="bbox 2007 3154 3498 3238; baseline 0 -21"><span class='ocrx_word' id='word_1_480' title='bbox 2007 3160 2102 3217; x_wconf 80' lang='lat' dir='ltr'>ire</span> <span class='ocrx_word' id='word_1_481' title='bbox 2123 3178 2252 3217; x_wconf 82' lang='lat' dir='ltr'>non</span> <span class='ocrx_word' id='word_1_482' title='bbox 2276 3168 2655 3237; x_wconf 80' lang='lat' dir='ltr'>potuerunt,</span> <span class='ocrx_word' id='word_1_483' title='bbox 2674 3156 2735 3219; x_wconf 90' lang='lat' dir='ltr'>id</span> <span class='ocrx_word' id='word_1_484' title='bbox 2768 3164 2884 3233; x_wconf 91' lang='lat' dir='ltr'>est,</span> <span class='ocrx_word' id='word_1_485' title='bbox 2908 3175 3111 3238; x_wconf 87' lang='lat' dir='ltr'>usqne</span> <span class='ocrx_word' id='word_1_486' title='bbox 3131 3154 3329 3237; x_wconf 89' lang='lat' dir='ltr'>Ophir</span> <span class='ocrx_word' id='word_1_487' title='bbox 3358 3174 3498 3237; x_wconf 90' lang='lat' dir='ltr'>pro-</span> 
     </span>
    </p>

    <p class='ocr_par' dir='ltr' id='par_1_21' title="bbox 2005 3256 3498 3337">
     <span class='ocr_line' id='line_1_75' title="bbox 2005 3256 3498 3337; baseline -0.001 -20"><span class='ocrx_word' id='word_1_488' title='bbox 2005 3257 2250 3331; x_wconf 86' lang='lat' dir='ltr'>cedere,</span> <span class='ocrx_word' id='word_1_489' title='bbox 2284 3260 2441 3337; x_wconf 82' lang='lat' dir='ltr'>quia</span> <span class='ocrx_word' id='word_1_490' title='bbox 2481 3258 2828 3333; x_wconf 81' lang='lat' dir='ltr'>confractoe</span> <span class='ocrx_word' id='word_1_491' title='bbox 2869 3266 3022 3316; x_wconf 85' lang='lat' dir='ltr'>sunt</span> <span class='ocrx_word' id='word_1_492' title='bbox 3068 3257 3139 3315; x_wconf 89' lang='lat' dir='ltr'>in</span> <span class='ocrx_word' id='word_1_493' title='bbox 3182 3256 3498 3331; x_wconf 75' lang='lat' dir='ltr'>Asionqa-</span> 
     </span>
    </p>

    <p class='ocr_par' dir='ltr' id='par_1_22' title="bbox 2005 3353 3497 3425">
     <span class='ocr_line' id='line_1_76' title="bbox 2005 3353 3497 3425; baseline 0.003 -14"><span class='ocrx_word' id='word_1_494' title='bbox 2005 3356 2131 3425; x_wconf 83' lang='lat' dir='ltr'>ber,</span> <span class='ocrx_word' id='word_1_495' title='bbox 2167 3354 2231 3416; x_wconf 93' lang='lat' dir='ltr'>id</span> <span class='ocrx_word' id='word_1_496' title='bbox 2263 3362 2358 3416; x_wconf 91' lang='lat' dir='ltr'>est</span> <span class='ocrx_word' id='word_1_497' title='bbox 2389 3354 2527 3417; x_wconf 91' lang='lat' dir='ltr'>loco</span> <span class='ocrx_word' id='word_1_498' title='bbox 2560 3354 2941 3417; x_wconf 89' lang='lat' dir='ltr'>intermedio</span> <span class='ocrx_word' id='word_1_499' title='bbox 2981 3353 3072 3414; x_wconf 87' lang='lat' dir='ltr'>sic</span> <span class='ocrx_word' id='word_1_500' title='bbox 3112 3361 3383 3415; x_wconf 86' lang='lat' dir='ltr'>vocato:</span> <span class='ocrx_word' id='word_1_501' title='bbox 3416 3353 3497 3415; x_wconf 92' lang='lat' dir='ltr'>de</span> 
     </span>
    </p>

    <p class='ocr_par' dir='ltr' id='par_1_23' title="bbox 2004 3452 3785 3729">
     <span class='ocr_line' id='line_1_77' title="bbox 2004 3452 3785 3535; baseline 0.002 -21"><span class='ocrx_word' id='word_1_502' title='bbox 2004 3472 2132 3535; x_wconf 93' lang='lat' dir='ltr'>quo</span> <span class='ocrx_word' id='word_1_503' title='bbox 2164 3454 2303 3515; x_wconf 91' lang='lat' dir='ltr'>loco</span> <span class='ocrx_word' id='word_1_504' title='bbox 2334 3462 2395 3515; x_wconf 86' lang='lat' dir='ltr'>et</span> <span class='ocrx_word' id='word_1_505' title='bbox 2427 3454 2506 3515; x_wconf 94' lang='lat' dir='ltr'>de</span> <span class='ocrx_word' id='word_1_506' title='bbox 2534 3452 2733 3534; x_wconf 91' lang='lat' dir='ltr'>Ophir</span> <span class='ocrx_word' id='word_1_507' title='bbox 2762 3453 3003 3515; x_wconf 90' lang='lat' dir='ltr'>dictum</span> <span class='ocrx_word' id='word_1_508' title='bbox 3034 3460 3131 3515; x_wconf 88' lang='lat' dir='ltr'>est</span> <span class='ocrx_word' id='word_1_509' title='bbox 3161 3469 3374 3533; x_wconf 87' lang='lat' dir='ltr'>supra.</span> <span class='ocrx_word' id='word_1_510' title='bbox 3410 3452 3495 3513; x_wconf 92' lang='lat' dir='ltr'>De</span> <span class='ocrx_word' id='word_1_511' title='bbox 3542 3470 3595 3513; x_wconf 83' lang='grc' dir='ltr'>ιιι</span> <span class='ocrx_word' id='word_1_512' title='bbox 3609 3470 3767 3525; x_wconf 65' lang='grc' dir='ltr'>ηερ</span> <span class='ocrx_word' id='word_1_513' title='bbox 3776 3503 3785 3517; x_wconf 85' lang='lat'>.</span> 
     </span>
     <span class='ocr_line' id='line_1_78' title="bbox 2004 3534 3680 3631; baseline -0.003 -17"><span class='ocrx_word' id='word_1_514' title='bbox 2004 3570 2195 3614; x_wconf 85' lang='lat' dir='ltr'>causa</span> <span class='ocrx_word' id='word_1_515' title='bbox 2222 3550 2415 3631; x_wconf 88' lang='lat' dir='ltr'>hujus</span> <span class='ocrx_word' id='word_1_516' title='bbox 2436 3550 2871 3631; x_wconf 89' lang='lat' dir='ltr'>dissipationis</span> <span class='ocrx_word' id='word_1_517' title='bbox 2894 3550 3152 3613; x_wconf 87' lang='lat' dir='ltr'>navium</span> <span class='ocrx_word' id='word_1_518' title='bbox 3172 3534 3575 3629; x_wconf 74' lang='lat' dir='ltr'>Josaphat,²‘⁵</span> <span class='ocrx_word' id='word_1_519' title='bbox 3614 3534 3680 3573; x_wconf 69' lang='lat'>²·⁸</span> 
     </span>
     <span class='ocr_line' id='line_1_79' title="bbox 2006 3646 3492 3729; baseline -0.002 -18"><span class='ocrx_word' id='word_1_520' title='bbox 2006 3650 2271 3713; x_wconf 88' lang='lat' dir='ltr'>habetur</span> <span class='ocrx_word' id='word_1_521' title='bbox 2303 3650 2581 3712; x_wconf 89' lang='lat' dir='ltr'>secundo</span> <span class='ocrx_word' id='word_1_522' title='bbox 2610 3648 3159 3729; x_wconf 88' lang='lat' dir='ltr'>Paralipomenon,</span> <span class='ocrx_word' id='word_1_523' title='bbox 3194 3646 3492 3708; x_wconf 85' lang='lat' dir='ltr'>videlicet</span> 
     </span>
    </p>

    <p class='ocr_par' dir='ltr' id='par_1_24' title="bbox 2003 3744 3783 3927">
     <span class='ocr_line' id='line_1_80' title="bbox 2003 3744 3783 3868; baseline -0.004 -57"><span class='ocrx_word' id='word_1_524' title='bbox 2003 3749 2172 3830; x_wconf 87' lang='lat' dir='ltr'>quod</span> <span class='ocrx_word' id='word_1_525' title='bbox 2218 3747 2565 3809; x_wconf 86' lang='lat' dir='ltr'>amicitiam</span> <span class='ocrx_word' id='word_1_526' title='bbox 2610 3745 2758 3807; x_wconf 89' lang='lat' dir='ltr'>iniit</span> <span class='ocrx_word' id='word_1_527' title='bbox 2806 3764 2951 3808; x_wconf 91' lang='lat' dir='ltr'>cum</span> <span class='ocrx_word' id='word_1_528' title='bbox 3002 3744 3491 3807; x_wconf 86' lang='lat' dir='ltr'>sceleratissimo</span> <span class='ocrx_word' id='word_1_529' title='bbox 3522 3764 3743 3868; x_wconf 56' lang='lat' dir='ltr'>auram</span> <span class='ocrx_word' id='word_1_530' title='bbox 3749 3776 3783 3813; x_wconf 81' lang='lat' dir='ltr'>x,</span> 
     </span>
     <span class='ocr_line' id='line_1_81' title="bbox 2005 3829 3545 3927; baseline -0.003 -18"><span class='ocrx_word' id='word_1_531' title='bbox 2005 3865 2150 3927; x_wconf 88' lang='lat' dir='ltr'>rege</span> <span class='ocrx_word' id='word_1_532' title='bbox 2170 3845 2355 3907; x_wconf 82' lang='lat' dir='ltr'>lsrael</span> <span class='ocrx_word' id='word_1_533' title='bbox 2379 3844 2667 3919; x_wconf 87' lang='lat' dir='ltr'>Ochozia,</span> <span class='ocrx_word' id='word_1_534' title='bbox 2688 3846 2871 3925; x_wconf 81' lang='lat' dir='ltr'>cujus</span> <span class='ocrx_word' id='word_1_535' title='bbox 2902 3861 3080 3906; x_wconf 90' lang='lat' dir='ltr'>soror</span> <span class='ocrx_word' id='word_1_536' title='bbox 3109 3842 3349 3905; x_wconf 83' lang='lat' dir='ltr'>exstitit</span> <span class='ocrx_word' id='word_1_537' title='bbox 3378 3829 3545 3905; x_wconf 80' lang='lat' dir='ltr'>sua³</span> 
     </span>
    </p>

    <p class='ocr_par' dir='ltr' id='par_1_25' title="bbox 2005 3940 3495 4119">
     <span class='ocr_line' id='line_1_82' title="bbox 2005 3940 3491 4025; baseline -0.003 -18"><span class='ocrx_word' id='word_1_538' title='bbox 2005 3963 2223 4007; x_wconf 90' lang='lat' dir='ltr'>nurus.</span> <span class='ocrx_word' id='word_1_539' title='bbox 2252 3948 2455 4013; x_wconf 80' lang='lat' dir='ltr'>Tunc,</span> <span class='ocrx_word' id='word_1_540' title='bbox 2476 3943 2721 4006; x_wconf 89' lang='lat' dir='ltr'>scilicet</span> <span class='ocrx_word' id='word_1_541' title='bbox 2752 3951 2895 4025; x_wconf 88' lang='lat' dir='ltr'>post</span> <span class='ocrx_word' id='word_1_542' title='bbox 2926 3942 3196 4023; x_wconf 89' lang='lat' dir='ltr'>primam</span> <span class='ocrx_word' id='word_1_543' title='bbox 3230 3940 3491 4003; x_wconf 88' lang='lat' dir='ltr'>navium</span> 
     </span>
     <span class='ocr_line' id='line_1_83' title="bbox 2005 4042 3495 4119; baseline -0.004 -14"><span class='ocrx_word' id='word_1_544' title='bbox 2005 4042 2529 4119; x_wconf 84' lang='lat' dir='ltr'>confractionem,</span> <span class='ocrx_word' id='word_1_545' title='bbox 2573 4045 2670 4101; x_wconf 83' lang='lat' dir='ltr'>ait</span> <span class='ocrx_word' id='word_1_546' title='bbox 2712 4044 3015 4103; x_wconf 76' lang='lat' dir='ltr'>ochozias</span> <span class='ocrx_word' id='word_1_547' title='bbox 3050 4042 3234 4116; x_wconf 75' lang='lat' dir='ltr'>filius</span> <span class='ocrx_word' id='word_1_548' title='bbox 3272 4042 3495 4101; x_wconf 77' lang='lat' dir='ltr'>Achab</span> 
     </span>
    </p>

    <p class='ocr_par' dir='ltr' id='par_1_26' title="bbox 2003 4141 3495 4219">
     <span class='ocr_line' id='line_1_84' title="bbox 2003 4141 3495 4219; baseline -0.005 -16"><span class='ocrx_word' id='word_1_549' title='bbox 2003 4146 2092 4203; x_wconf 84' lang='lat' dir='ltr'>ad</span> <span class='ocrx_word' id='word_1_550' title='bbox 2116 4144 2425 4219; x_wconf 77' lang='lat' dir='ltr'>Jbsapkat</span> <span class='ocrx_word' id='word_1_551' title='bbox 2456 4159 2479 4201; x_wconf 92' lang='lat'>.·</span> <span class='ocrx_word' id='word_1_552' title='bbox 2521 4143 2771 4201; x_wconf 82' lang='lat' dir='ltr'>Vadant</span> <span class='ocrx_word' id='word_1_553' title='bbox 2807 4141 2980 4199; x_wconf 85' lang='lat' dir='ltr'>servi</span> <span class='ocrx_word' id='word_1_554' title='bbox 3024 4141 3148 4199; x_wconf 86' lang='lat' dir='ltr'>mei</span> <span class='ocrx_word' id='word_1_555' title='bbox 3184 4160 3331 4199; x_wconf 83' lang='lat' dir='ltr'>cum</span> <span class='ocrx_word' id='word_1_556' title='bbox 3368 4158 3495 4197; x_wconf 82' lang='lat' dir='ltr'>ser-</span> 
     </span>
    </p>
   </div>
   <div class='ocr_carea' id='block_1_17' title="bbox 351 4239 3497 4321">
    <p class='ocr_par' dir='ltr' id='par_1_27' title="bbox 351 4239 3497 4321">
     <span class='ocr_line' id='line_1_85' title="bbox 351 4239 3497 4321; baseline -0.001 -20"><span class='ocrx_word' id='word_1_557' title='bbox 351 4274 372 4309; x_wconf 80' lang='grc' dir='ltr'>ι,</span> <span class='ocrx_word' id='word_1_558' title='bbox 401 4248 634 4320; x_wconf 87' lang='lat' dir='ltr'>quarto</span> <span class='ocrx_word' id='word_1_559' title='bbox 665 4240 845 4319; x_wconf 86' lang='lat' dir='ltr'>regni</span> <span class='ocrx_word' id='word_1_560' title='bbox 874 4239 1088 4302; x_wconf 85' lang='lat' dir='ltr'>Achab</span> <span class='ocrx_word' id='word_1_561' title='bbox 1125 4258 1140 4302; x_wconf 91' lang='lat'><strong>:</strong></span> <span class='ocrx_word' id='word_1_562' title='bbox 1173 4241 1252 4303; x_wconf 88' lang='lat' dir='ltr'>de</span> <span class='ocrx_word' id='word_1_563' title='bbox 1283 4242 1466 4321; x_wconf 89' lang='lat' dir='ltr'>cujus</span> <span class='ocrx_word' id='word_1_564' title='bbox 1500 4241 1674 4303; x_wconf 89' lang='lat' dir='ltr'>verbi</span> <span class='ocrx_word' id='word_1_565' title='bbox 1712 4241 1896 4303; x_wconf 86' lang='lat' dir='ltr'>intel·</span> <span class='ocrx_word' id='word_1_566' title='bbox 1925 4244 1974 4304; x_wconf 93' lang='lat' dir='ltr'>D</span> <span class='ocrx_word' id='word_1_567' title='bbox 2010 4244 2102 4300; x_wconf 81' lang='lat' dir='ltr'><strong><em>vis</em></strong></span> <span class='ocrx_word' id='word_1_568' title='bbox 2135 4243 2265 4301; x_wconf 82' lang='lat' dir='ltr'>tuis</span> <span class='ocrx_word' id='word_1_569' title='bbox 2295 4241 2366 4299; x_wconf 87' lang='lat' dir='ltr'>in</span> <span class='ocrx_word' id='word_1_570' title='bbox 2398 4241 2672 4299; x_wconf 78' lang='lat' dir='ltr'>navibus</span> <span class='ocrx_word' id='word_1_571' title='bbox 2702 4256 2815 4319; x_wconf 91' lang='lat' dir='ltr'>pro</span> <span class='ocrx_word' id='word_1_572' title='bbox 2846 4255 3024 4300; x_wconf 89' lang='lat' dir='ltr'>auro.</span> <span class='ocrx_word' id='word_1_573' title='bbox 3054 4240 3135 4300; x_wconf 76' lang='lat' dir='ltr'>Et</span> <span class='ocrx_word' id='word_1_574' title='bbox 3168 4240 3381 4298; x_wconf 82' lang='lat' dir='ltr'>noluit</span> <span class='ocrx_word' id='word_1_575' title='bbox 3399 4240 3497 4298; x_wconf 84' lang='lat' dir='ltr'>Jo-</span> 
     </span>
    </p>
   </div>
   <div class='ocr_carea' id='block_1_18' title="bbox 1998 4335 3783 5398">
    <p class='ocr_par' dir='ltr' id='par_1_28' title="bbox 1998 4335 3783 5398">
     <span class='ocr_line' id='line_1_86' title="bbox 2003 4335 3494 4418; baseline -0.001 -19"><span class='ocrx_word' id='word_1_576' title='bbox 2003 4342 2257 4415; x_wconf 76' lang='lat' dir='ltr'>saphat,</span> <span class='ocrx_word' id='word_1_577' title='bbox 2282 4338 2347 4399; x_wconf 91' lang='lat' dir='ltr'>in</span> <span class='ocrx_word' id='word_1_578' title='bbox 2380 4337 2499 4399; x_wconf 89' lang='lat' dir='ltr'>hac</span> <span class='ocrx_word' id='word_1_579' title='bbox 2531 4336 2807 4399; x_wconf 87' lang='lat' dir='ltr'>secunda</span> <span class='ocrx_word' id='word_1_580' title='bbox 2836 4335 2977 4399; x_wconf 88' lang='lat' dir='ltr'>vice</span> <span class='ocrx_word' id='word_1_581' title='bbox 3011 4355 3139 4418; x_wconf 87' lang='lat' dir='ltr'>qua</span> <span class='ocrx_word' id='word_1_582' title='bbox 3169 4336 3347 4398; x_wconf 89' lang='lat' dir='ltr'>misit</span> <span class='ocrx_word' id='word_1_583' title='bbox 3380 4353 3494 4418; x_wconf 91' lang='lat' dir='ltr'>pro</span> 
     </span>
     <span class='ocr_line' id='line_1_87' title="bbox 2005 4434 3496 4518; baseline -0.001 -19"><span class='ocrx_word' id='word_1_584' title='bbox 2005 4456 2181 4513; x_wconf 75' lang='lat' dir='ltr'>aui-0,</span> <span class='ocrx_word' id='word_1_585' title='bbox 2204 4455 2412 4518; x_wconf 87' lang='lat' dir='ltr'>neque</span> <span class='ocrx_word' id='word_1_586' title='bbox 2442 4435 2745 4517; x_wconf 89' lang='lat' dir='ltr'>deinceps</span> <span class='ocrx_word' id='word_1_587' title='bbox 2772 4454 2784 4497; x_wconf 78' lang='grc' dir='ltr'>ε</span> <span class='ocrx_word' id='word_1_588' title='bbox 2815 4436 2967 4517; x_wconf 89' lang='lat' dir='ltr'>quia</span> <span class='ocrx_word' id='word_1_589' title='bbox 2994 4444 3063 4497; x_wconf 89' lang='lat' dir='ltr'>ut</span> <span class='ocrx_word' id='word_1_590' title='bbox 3098 4436 3162 4497; x_wconf 91' lang='lat' dir='ltr'>in</span> <span class='ocrx_word' id='word_1_591' title='bbox 3188 4434 3496 4516; x_wconf 89' lang='lat' dir='ltr'>Paralipo-</span> 
     </span>
     <span class='ocr_line' id='line_1_88' title="bbox 2005 4532 3756 4615; baseline -0.006 -17"><span class='ocrx_word' id='word_1_592' title='bbox 2005 4554 2237 4598; x_wconf 91' lang='lat' dir='ltr'>menon</span> <span class='ocrx_word' id='word_1_593' title='bbox 2272 4534 2594 4609; x_wconf 88' lang='lat' dir='ltr'>recitatur,</span> <span class='ocrx_word' id='word_1_594' title='bbox 2618 4534 2982 4615; x_wconf 84' lang='lat' dir='ltr'>increpatus</span> <span class='ocrx_word' id='word_1_595' title='bbox 3017 4532 3142 4596; x_wconf 87' lang='lat' dir='ltr'>fuit</span> <span class='ocrx_word' id='word_1_596' title='bbox 3170 4533 3495 4595; x_wconf 89' lang='lat' dir='ltr'>aDomino</span> <span class='ocrx_word' id='word_1_597' title='bbox 3550 4548 3668 4591; x_wconf 69' lang='lat' dir='ltr'>msa.</span> <span class='ocrx_word' id='word_1_598' title='bbox 3692 4551 3756 4589; x_wconf 79' lang='lat'>37.</span> 
     </span>
     <span class='ocr_line' id='line_1_89' title="bbox 2005 4630 3495 4715; baseline -0.004 -18"><span class='ocrx_word' id='word_1_599' title='bbox 2005 4653 2118 4715; x_wconf 86' lang='lat' dir='ltr'>per</span> <span class='ocrx_word' id='word_1_600' title='bbox 2145 4634 2521 4715; x_wconf 86' lang='lat' dir='ltr'>Prophetam</span> <span class='ocrx_word' id='word_1_601' title='bbox 2552 4632 2631 4695; x_wconf 89' lang='lat' dir='ltr'>de</span> <span class='ocrx_word' id='word_1_602' title='bbox 2659 4632 2943 4693; x_wconf 82' lang='lat' dir='ltr'>amicitia</span> <span class='ocrx_word' id='word_1_603' title='bbox 2972 4639 3035 4693; x_wconf 91' lang='lat' dir='ltr'>et</span> <span class='ocrx_word' id='word_1_604' title='bbox 3063 4630 3362 4693; x_wconf 85' lang='lat' dir='ltr'>societate</span> <span class='ocrx_word' id='word_1_605' title='bbox 3382 4648 3495 4691; x_wconf 89' lang='lat' dir='ltr'>sua</span> 
     </span>
     <span class='ocr_line' id='line_1_90' title="bbox 2003 4728 3491 4811; baseline -0.003 -18"><span class='ocrx_word' id='word_1_606' title='bbox 2003 4750 2148 4793; x_wconf 88' lang='lat' dir='ltr'>cum</span> <span class='ocrx_word' id='word_1_607' title='bbox 2177 4729 2467 4807; x_wconf 85' lang='lat' dir='ltr'>Ochozia,</span> <span class='ocrx_word' id='word_1_608' title='bbox 2502 4728 2754 4810; x_wconf 84' lang='lat' dir='ltr'>fuitque</span> <span class='ocrx_word' id='word_1_609' title='bbox 2792 4729 2852 4791; x_wconf 92' lang='lat' dir='ltr'>ei</span> <span class='ocrx_word' id='word_1_610' title='bbox 2892 4728 3290 4811; x_wconf 82' lang='lat' dir='ltr'>praedictum,</span> <span class='ocrx_word' id='word_1_611' title='bbox 3323 4729 3491 4809; x_wconf 89' lang='lat' dir='ltr'>quod</span> 
     </span>
     <span class='ocr_line' id='line_1_91' title="bbox 2005 4824 3494 4908; baseline -0.003 -18"><span class='ocrx_word' id='word_1_612' title='bbox 2005 4830 2146 4892; x_wconf 89' lang='lat' dir='ltr'>ideo</span> <span class='ocrx_word' id='word_1_613' title='bbox 2188 4848 2379 4891; x_wconf 85' lang='lat' dir='ltr'>naves</span> <span class='ocrx_word' id='word_1_614' title='bbox 2420 4846 2548 4889; x_wconf 80' lang='lat' dir='ltr'>suae</span> <span class='ocrx_word' id='word_1_615' title='bbox 2586 4826 3053 4908; x_wconf 86' lang='lat' dir='ltr'>dissiparentur</span> <span class='ocrx_word' id='word_1_616' title='bbox 3094 4826 3159 4888; x_wconf 91' lang='lat' dir='ltr'>in</span> <span class='ocrx_word' id='word_1_617' title='bbox 3192 4826 3317 4888; x_wconf 86' lang='lat' dir='ltr'>via.</span> <span class='ocrx_word' id='word_1_618' title='bbox 3351 4824 3494 4887; x_wconf 86' lang='lat' dir='ltr'>Fuit</span> 
     </span>
     <span class='ocr_line' id='line_1_92' title="bbox 2005 4922 3496 5007; baseline -0.004 -17"><span class='ocrx_word' id='word_1_619' title='bbox 2005 4946 2279 5007; x_wconf 85' lang='lat' dir='ltr'>namque</span> <span class='ocrx_word' id='word_1_620' title='bbox 2310 4925 2375 4987; x_wconf 87' lang='lat' dir='ltr'>in</span> <span class='ocrx_word' id='word_1_621' title='bbox 2409 4924 2527 4987; x_wconf 92' lang='lat' dir='ltr'>hoc</span> <span class='ocrx_word' id='word_1_622' title='bbox 2560 4924 2701 5005; x_wconf 90' lang='lat' dir='ltr'>ipso</span> <span class='ocrx_word' id='word_1_623' title='bbox 2730 4922 3094 5004; x_wconf 81' lang='lat' dir='ltr'>culpabiliS,</span> <span class='ocrx_word' id='word_1_624' title='bbox 3118 4922 3273 5004; x_wconf 82' lang='lat' dir='ltr'>quia</span> <span class='ocrx_word' id='word_1_625' title='bbox 3299 4930 3363 4985; x_wconf 92' lang='lat' dir='ltr'>et</span> <span class='ocrx_word' id='word_1_626' title='bbox 3392 4942 3496 4985; x_wconf 87' lang='lat' dir='ltr'>an·</span> 
     </span>
     <span class='ocr_line' id='line_1_93' title="bbox 2001 5022 3783 5103; baseline -0.003 -16"><span class='ocrx_word' id='word_1_627' title='bbox 2001 5034 2104 5087; x_wconf 87' lang='lat' dir='ltr'>tea</span> <span class='ocrx_word' id='word_1_628' title='bbox 2137 5024 2260 5086; x_wconf 90' lang='lat' dir='ltr'>fuit</span> <span class='ocrx_word' id='word_1_629' title='bbox 2289 5023 2370 5086; x_wconf 93' lang='lat' dir='ltr'>ab</span> <span class='ocrx_word' id='word_1_630' title='bbox 2399 5023 2525 5086; x_wconf 88' lang='lat' dir='ltr'>alio</span> <span class='ocrx_word' id='word_1_631' title='bbox 2543 5022 2855 5103; x_wconf 84' lang='lat' dir='ltr'>Propheta</span> <span class='ocrx_word' id='word_1_632' title='bbox 2877 5030 3205 5102; x_wconf 83' lang='lat' dir='ltr'>correptus</span> <span class='ocrx_word' id='word_1_633' title='bbox 3237 5022 3315 5083; x_wconf 92' lang='lat' dir='ltr'>de</span> <span class='ocrx_word' id='word_1_634' title='bbox 3348 5022 3489 5099; x_wconf 88' lang='lat' dir='ltr'>hoc,</span> <span class='ocrx_word' id='word_1_635' title='bbox 3524 5040 3783 5091; x_wconf 48' lang='lat' dir='ltr'>asama.</span> 
     </span>
     <span class='ocr_line' id='line_1_94' title="bbox 2000 5118 3488 5204; baseline -0.001 -20"><span class='ocrx_word' id='word_1_636' title='bbox 2000 5124 2171 5204; x_wconf 91' lang='lat' dir='ltr'>quod</span> <span class='ocrx_word' id='word_1_637' title='bbox 2214 5122 2413 5202; x_wconf 90' lang='lat' dir='ltr'>impio</span> <span class='ocrx_word' id='word_1_638' title='bbox 2452 5120 2669 5184; x_wconf 82' lang='lat' dir='ltr'>Achab</span> <span class='ocrx_word' id='word_1_639' title='bbox 2707 5118 2981 5203; x_wconf 81' lang='lat' dir='ltr'>praebuit</span> <span class='ocrx_word' id='word_1_640' title='bbox 3019 5139 3229 5202; x_wconf 87' lang='lat' dir='ltr'>opem,</span> <span class='ocrx_word' id='word_1_641' title='bbox 3266 5120 3329 5183; x_wconf 94' lang='lat' dir='ltr'>id</span> <span class='ocrx_word' id='word_1_642' title='bbox 3370 5130 3488 5199; x_wconf 86' lang='lat' dir='ltr'>est,</span> 
     </span>
     <span class='ocr_line' id='line_1_95' title="bbox 1999 5218 3492 5302; baseline -0.002 -20"><span class='ocrx_word' id='word_1_643' title='bbox 1999 5220 2347 5283; x_wconf 86' lang='lat' dir='ltr'>amicitiam</span> <span class='ocrx_word' id='word_1_644' title='bbox 2398 5221 2536 5302; x_wconf 85' lang='lat' dir='ltr'>ejus</span> <span class='ocrx_word' id='word_1_645' title='bbox 2586 5218 2864 5280; x_wconf 90' lang='lat' dir='ltr'>admisit.</span> <span class='ocrx_word' id='word_1_646' title='bbox 2902 5220 3353 5298; x_wconf 83' lang='lat' dir='ltr'>Dormivitque</span> <span class='ocrx_word' id='word_1_647' title='bbox 3388 5223 3492 5281; x_wconf 85' lang='lat' dir='ltr'>Jo-</span> 
     </span>
     <span class='ocr_line' id='line_1_96' title="bbox 1998 5318 3491 5398; baseline -0.001 -17"><span class='ocrx_word' id='word_1_648' title='bbox 1998 5322 2231 5398; x_wconf 80' lang='lat' dir='ltr'>saphat</span> <span class='ocrx_word' id='word_1_649' title='bbox 2270 5339 2414 5378; x_wconf 84' lang='lat' dir='ltr'>cum</span> <span class='ocrx_word' id='word_1_650' title='bbox 2447 5318 2749 5395; x_wconf 80' lang='lat' dir='ltr'>patribus</span> <span class='ocrx_word' id='word_1_651' title='bbox 2785 5318 2947 5385; x_wconf 77' lang='lat' dir='ltr'>suis,</span> <span class='ocrx_word' id='word_1_652' title='bbox 2980 5327 3040 5376; x_wconf 86' lang='lat' dir='ltr'>et</span> <span class='ocrx_word' id='word_1_653' title='bbox 3077 5321 3363 5394; x_wconf 82' lang='lat' dir='ltr'>sepultus</span> <span class='ocrx_word' id='word_1_654' title='bbox 3400 5330 3491 5380; x_wconf 87' lang='lat' dir='ltr'>est</span> 
     </span>
    </p>
   </div>
  </div>
 </body>
</html>
