4359 6250
938 515 1058 579 414
1464 529 1809 576 smmum-10
1850 529 1911 574 m
1956 528 2091 574 cu.
2138 525 2292 574 xxlx
2333 524 2490 570 mnu
2533 525 2702 571 rrum
2741 524 2966 572 neuun.
3011 544 3092 554 —
3131 526 3273 572 Aur.
3319 525 3505 572 xtvm

932 707 1271 765 descendat
1316 705 1645 763 nobiscum
1686 701 1759 762 in
1800 700 2138 778 praelium,
2178 719 2262 758 ne
2305 703 2426 776 fiat
2453 692 2506 757 Α
2535 709 2756 762 santur
2789 718 2802 763 :
2838 700 3001 765 sicut
3033 701 3100 763 in
3144 700 3309 764 libro
3339 700 3565 764 Esther
3594 699 3844 783 plenius
3871 718 4018 763 con-

932 803 1114 862 nobis
1142 802 1555 862 adversarius
1596 820 1799 879 quum
1832 799 2139 876 proeliari
2168 798 2426 875 coeperi-
2536 799 2774 862 'tinetur
2830 801 2910 863 de
2961 799 3207 882 impiiS‚
3259 800 3371 882 qui
3421 819 3605 862 aures
3656 797 4014 881 principum
4071 811 4244 886 {stu-m.

933 922 1097 962 mus.
1145 903 1463 971 Quomodo
1512 901 1705 960 aliter
1736 900 1977 976 poterit
2018 900 2281 974 placare
2318 898 2427 955 do-
2535 897 2859 979 simplices
2888 899 3120 963 callida
3148 898 3374 961 fraude
3413 897 3784 980 decipiunt;
3819 905 3880 959 et
3907 915 4016 960 eos
4041 876 4130 922 ⁶¹³·

934 1001 1191 1060 minum
1219 1019 1430 1070 suum,
1464 999 1597 1058 nisi
1628 999 1700 1058 in
1730 998 2047 1074 capitibus
2078 995 2339 1064 nostris,
2361 993 2424 1056 id
2533 997 2644 1076 qui
2670 997 2909 1060 credita
2939 997 3064 1060 sibi
3094 996 3318 1061 officia
3351 996 3634 1060 fideliter
3663 1015 4016 1078 exsequun-

932 1105 1028 1159 est
1060 1115 1175 1160 nos
1206 1095 1641 1179 percutiendo,
1676 1101 2019 1175 nostraque
2050 1093 2263 1175 capita
2294 1111 2427 1153 am—
2535 1103 2659 1171 tur,
2682 1096 3156 1160 mendaciorum
3188 1096 3506 1160 cuniculis
3535 1105 3848 1161 conantur
3875 1096 4018 1158 sub-

654 1206 791 1264 1⁸09.
806 1221 903 1260 xva,
933 1195 1237 1278 putando,
1264 1195 1429 1257 sicut
1460 1193 1616 1257 fecit
1644 1192 1941 1256 Goliathi
1973 1191 2165 1268 Istud,
2200 1208 2426 1253 secun·
2533 1202 2801 1256 vertere.
2835 1199 3168 1257 Revertere
3193 1215 3342 1273 erqo
3361 1205 3420 1256 et
3453 1199 3615 1256 vade
3644 1197 3718 1255 in
3744 1214 3926 1272 pace,
3957 1205 4013 1255 et

636 1271 709 1315 ⁵¹·
931 1295 1081 1357 dum
1106 1295 1447 1358 humanam
1470 1293 1920 1374 conjecturam,
1940 1289 2063 1352 fuit
2085 1288 2424 1372 probabili·
2532 1313 2661 1353 non
2675 1295 2960 1371 offendas
2974 1298 3184 1354 oculos
3200 1304 3618 1371 satraparum
3633 1295 4009 1356 Philistiim.

932 1402 1028 1457 ter
1057 1394 1320 1471 dictum,
1342 1393 1453 1456 sed
1492 1400 1562 1455 ut
1600 1392 1690 1455 ait
1717 1391 2202 1472 chrysostomus
2234 1406 2426 1470 super
2612 1393 2926 1471 Dioeitque
2967 1395 3186 1453 David
3222 1395 3312 1454 ad
3349 1394 3547 1454 Achis
3576 1414 3599 1452 .·
3633 1395 3806 1462 Quid
3843 1395 4009 1452 eni-m

930 1492 1285 1555 Matthaeum
1307 1541 1321 1568 ‚
1386 1488 1811 1573 lmplacabilis
1866 1497 1961 1552 est
2010 1488 2103 1550 ira
2160 1504 2378 1566 regum
2403 1535 2418 1562 ‚
2533 1486 2939 1552 infidelitatis
2961 1490 3131 1566 feci?
3151 1500 3268 1551 aut
3286 1493 3450 1570 quid
3478 1490 3682 1572 culpae
3713 1493 4016 1552 invenisti

930 1606 1122 1672 quam
1162 1589 1535 1672 concipiunt
1571 1597 1791 1652 contra
1830 1606 1939 1651 eos
1988 1606 2025 1648 a
2067 1586 2306 1668 quibus
2351 1584 2424 1646 ti·
2535 1589 2604 1646 in
2636 1608 2735 1648 me
2761 1609 2940 1648 servo
2965 1598 3071 1649 tuo
3091 1610 3132 1648 a
3159 1590 3267 1648 die
3295 1609 3426 1668 qua
3446 1590 3558 1666 fui
3589 1592 3658 1650 in
3689 1597 4010 1667 conspectu

932 1698 1106 1752 ment
1145 1707 1340 1769 regno
1387 1688 1646 1770 privari.
1682 1687 1859 1749 Unde
1909 1694 1971 1749 et
2017 1693 2205 1747 antea
2255 1700 2422 1764 saepe
2534 1695 2638 1746 tuo
2683 1707 2881 1766 usque
2923 1689 2997 1747 in
3043 1689 3217 1748 diem
3249 1691 3438 1760 hanc,
3473 1699 3545 1748 ut
3592 1709 3724 1749 non
3765 1690 4010 1748 veniam

677 1805 794 1850 lm.
826 1809 901 1858 523
932 1795 1327 1870 percusserat
1355 1787 1550 1849 David
1582 1785 1955 1860 Philistaeos,
1983 1783 2151 1846 sicut
2179 1781 2422 1864 praeha-
2535 1792 2741 1847 tecum
2770 1786 2847 1847 ad
2871 1784 3134 1862 bellum,
3158 1795 3218 1846 et
3232 1806 3518 1866 puynem
3540 1797 3764 1848 contra
3795 1791 4014 1847 inimi-

827 1900 839 1912 ·
930 1886 1131 1949 bitum
1156 1894 1271 1964 est,
1298 1905 1415 1949 nec
1449 1895 1658 1948 tamen
1682 1903 1795 1966 per
1826 1884 1947 1947 hoc
1970 1881 2245 1965 placavit
2269 1881 2421 1944 Sau—
2457 1875 2504 1939 B
2530 1903 2630 1943 cos
2657 1886 2913 1944 domini
2959 1887 3086 1945 mei
3113 1887 3325 1962 reyis?
3364 1885 3427 1947 Si
3467 1884 3662 1948 David
3702 1885 3866 1948 dixit
3899 1886 4010 1948 hoc

929 1986 1077 2048 lem.
1112 1987 1344 2049 Nonne
1374 1987 1491 2045 iste
1534 1994 1623 2045 est
1655 1984 1893 2054 David,
1928 1983 2038 2042 cui
2067 1982 2420 2041 cantabant
2532 2000 2658 2045 non
2689 1981 2952 2058 ironice,
2989 1984 3097 2046 sed
3143 1983 3406 2059 seriose,
3441 1991 3504 2047 et
3543 2003 3656 2066 per
3683 1983 4010 2047 dominum

663 2095 900 2144 nid-mu.
930 2084 1229 2147 mulieres
1261 2086 1333 2146 in
1362 2085 1596 2155 choris,
1621 2083 1787 2145 sicut
1816 2081 2175 2163 expositum
2205 2086 2301 2142 est
2321 2098 2421 2140 su·
2529 2099 2738 2156 suum,
2765 2080 3078 2144 intellexit
3099 2081 3308 2164 ipsum
3339 2081 3552 2158 Achis,
3577 2101 3704 2146 non
3739 2082 4004 2153 Saulem,

930 2202 1067 2264 pra,
1100 2185 1377 2243 dicentes
1408 2200 1430 2242 .·
1470 2181 1799 2243 Percussit
1840 2182 1911 2240 in
1948 2179 2241 2240 millibus
2283 2177 2420 2236 suis
2529 2179 2780 2242 videtur
2797 2179 3098 2244 habuisse
3117 2181 3512 2263 propositum
3533 2182 4012 2264 praeliandicon·

930 2284 1123 2351 Saul,
1166 2291 1224 2340 et
1268 2282 1487 2341 David
1530 2282 1603 2339 in
1639 2282 1853 2338 decem
1896 2278 2186 2337 millibus
2232 2276 2369 2336 suis
2390 2276 2421 2334 ?
2529 2285 2626 2339 tra
2654 2278 2946 2342 Hebraeos
2979 2295 2994 2340 :
3026 2279 3198 2361 quod
3239 2287 3448 2342 tamen
3481 2299 3609 2343 non
3641 2281 3894 2344 videtur
3920 2280 4010 2342 di-

931 2379 1164 2442 Sensus
1195 2379 1387 2461 hujus
1419 2377 1595 2440 verbi
1626 2375 1966 2439 innotescit
2006 2394 2083 2438 ex
2112 2393 2212 2450 ec,
2248 2373 2418 2455 quod
2529 2377 2822 2454 cendum,
2857 2387 3045 2460 prout
3079 2377 3143 2440 in
3175 2379 3570 2460 expositione
3597 2381 4007 2461 praecedentis
4077 2395 4193 2446 1809.

678 2486 799 2530 Ibid-
830 2489 869 2530 ⁷·
927 2496 1120 2559 supra
1168 2476 1477 2540 cecinisse
1528 2475 1826 2556 leguntur
1861 2491 1875 2536 ε
1911 2473 2227 2536 Percussit
2269 2470 2416 2536 Saul
2527 2475 2789 2556 capituli
2821 2485 2917 2538 est
2947 2476 3300 2554 inductum,
3327 2478 3674 2559 praesertim
3696 2497 3896 2559 quum
3929 2478 4010 2539 in·
4029 2471 4142 2505 *Μ’
4166 2460 4194 2498 ²·

926 2575 1125 2652 mille,
1160 2583 1223 2638 et
1252 2573 1445 2637 David
1494 2575 1712 2637 decem
1752 2572 1976 2635 millia.
2012 2573 2226 2653 Itaque
2276 2589 2418 2632 sen-
2528 2573 2624 2636 fra
2654 2574 2722 2635 in
2752 2575 3009 2638 exordio
3040 2574 3188 2637 libri
3211 2576 3757 2657 secundilegatur‚
3783 2576 3850 2638 in
3881 2585 4008 2639 tan-

924 2693 1031 2736 sus
1063 2682 1159 2737 est
1192 2692 1204 2736 :
1237 2673 1551 2736 Percussit
1582 2672 1647 2734 in
1679 2671 1965 2734 millibus
1997 2671 2129 2734 suis
2159 2669 2330 2746 Saul,
2351 2669 2413 2731 id
2527 2680 2660 2735 tum
2691 2672 3034 2736 deflevisse
3066 2673 3578 2738 interfectionem
3609 2674 3757 2737 Saul
3789 2684 3854 2738 et
3875 2674 4002 2736 filii
4041 2688 4228 2741 usqu?

921 2782 1037 2850 est,
1075 2773 1210 2855 ipse
1241 2771 1389 2835 Saul
1419 2771 1653 2835 occidit
1681 2770 1859 2832 mille
1889 2770 2262 2846 Philistaeos,
2299 2767 2412 2850 qui
2524 2772 2686 2854 ejuS‚
2719 2792 2791 2835 ac
2835 2773 3057 2855 populi
3089 2773 3299 2836 lsrael.
3333 2774 3477 2837 ideo
3515 2773 3734 2836 forsan
3774 2774 4006 2838 ironice
4027 2759 4154 2804 ‘¹⁸⁹'

921 2871 1221 2934 dicuntur
1269 2871 1473 2933 millia
1518 2869 1689 2946 Saul,
1726 2870 1791 2931 id
1832 2876 1929 2932 est
1968 2867 2170 2931 millia
2219 2868 2299 2931 ab
2337 2885 2414 2930 eo
2523 2870 2682 2933 dixit
2702 2871 3278 2949 haec.Respondens
3297 2883 3513 2934 autem
3531 2876 4006 2943 Achis,locueus

922 2989 1222 3052 percussa
1258 2987 1271 3030 :
1313 2969 1380 3030 in
1422 2969 1658 3050 quibus
1708 2966 1922 3030 verbis
1962 2965 2239 3028 sumitur
2277 2966 2414 3047 plu·
2521 2979 2610 3030 est
2648 2975 2736 3032 ad
2774 2973 2993 3032 David
3023 2993 3046 3032 .·
3077 2973 3224 3032 Scio
3267 2974 3425 3052 quia
3468 2975 3667 3034 bonus
3713 2993 3778 3033 es
3827 2983 3898 3035 tu
3941 2975 4006 3033 in

924 3067 1055 3132 rale
1088 3085 1200 3151 pro
1245 3067 1575 3148 singulari.
1611 3065 1711 3130 Sic
1756 3083 2011 3148 quoque
2043 3063 2240 3130 David
2273 3083 2414 3147 per-
2447 3064 2493 3129 C
2519 3071 2724 3131 oculis
2752 3071 2930 3142 meis,
2952 3072 3120 3132 sicut
3152 3075 3420 3149 anyelus
3438 3073 3586 3142 Dei,
3620 3070 3742 3135 hoc
3772 3079 3888 3151 est,
3921 3073 4007 3135 in-

922 3167 1121 3230 cussit
1152 3165 1218 3229 in
1249 3168 1465 3230 decem
1489 3165 1776 3228 millibus
1797 3164 1949 3241 suiS‚
1978 3164 2040 3227 id
2074 3172 2170 3227 est
2190 3164 2410 3226 decem
2521 3176 2649 3229 star
2677 3168 2910 3249 angeli,
2947 3170 3314 3233 excellentis
3344 3189 3412 3234 es
3454 3170 3760 3234 bonitatis
3789 3181 3853 3235 et
3893 3172 4005 3235 vir-

922 3266 1149 3329 millia.
2521 3265 2835 3328 tuositatis
2863 3266 3106 3347 judicio
3138 3286 3300 3345 mec,
3337 3276 3640 3350 tanquam
3673 3269 3772 3333 vir
3803 3269 4002 3333 heroi-

1008 3366 1265 3427 Vocavit
1292 3384 1437 3442 erqo
1468 3366 1664 3425 Aeliis
1697 3382 1805 3425 rex
1835 3363 2043 3444 ipsum
2076 3364 2320 3433 David,
2351 3372 2412 3423 et
2520 3383 2633 3426 cus
2660 3372 2725 3426 et
2743 3363 3087 3447 perfectus.
3114 3364 3231 3428 Sed
3255 3367 3422 3430 unde
3443 3367 3631 3431 scivit
3651 3367 4000 3447 alienigena

920 3465 1018 3525 ait
1046 3466 1109 3524 ei
1140 3485 1161 3525 .·
1200 3466 1366 3527 Vivit
1398 3464 1740 3533 Dominus,
1772 3463 1928 3542 quia
1968 3472 2177 3523 rectus
2211 3482 2288 3521 es·
2313 3472 2404 3533 tu,
2522 3462 2640 3524 istc
2670 3462 2846 3544 loqui
2877 3463 2955 3525 de
2988 3462 3278 3542 angelis?
3309 3463 3540 3527 Forsan
3575 3484 3649 3527 ex
3681 3484 4001 3529 conversa·

922 3562 987 3625 id
1019 3571 1114 3627 est
1139 3563 1373 3645 justuS‚
1398 3571 1457 3622 et
1490 3564 1685 3623 bonus
1710 3563 1780 3621 in
1810 3570 2144 3639 conspectu
2178 3578 2332 3631 meo,
2352 3567 2411 3621 et
2520 3562 2692 3624 tione
2733 3570 2796 3624 et
2826 3560 3164 3624 collatione
3212 3581 3359 3625 cum
3389 3563 3608 3639 David,
3648 3564 3874 3629 aliisve
3899 3565 4004 3627 He-

918 3665 1131 3723 exitus
1153 3671 1300 3722 tuus
1328 3671 1388 3721 et
1417 3661 1723 3721 introitus
1758 3669 1903 3719 tuus
1934 3679 2180 3719 mecum
2216 3668 2306 3719 est
2339 3660 2410 3719 in
2520 3660 2728 3724 brasis,
2766 3663 2894 3722 Sed
2929 3662 3257 3739 principes
3287 3663 3794 3723 Philistinorum
3831 3667 4004 3725 disze-

916 3761 1373 3822 castris.1stum
1394 3759 1652 3821 modum
1672 3756 1927 3839 jurandi
1949 3756 2201 3820 videtur
2221 3756 2410 3819 Achis
2521 3769 2722 3820 runt:
2745 3761 2892 3821 Νοη
2921 3762 3214 3820 ascendet
3236 3761 3564 3821 nobiscum
3587 3762 3660 3822 in
3675 3766 3994 3839 pra’lium.

919 3860 1219 3923 didicisse
1249 3879 1295 3921 a·
1314 3858 1534 3934 David,
1572 3857 1694 3919 nisi
1730 3856 1892 3919 forte
1923 3875 2036 3937 per
2066 3856 2410 3919 Dominum
2520 3860 2740 3935 Iyitur
2783 3876 3089 3934 consurqe
3129 3878 3342 3927 mane,
3374 3867 3446 3918 tu
3467 3868 3528 3919 et
3555 3862 3728 3919 servi
3755 3862 4000 3920 domini

918 3958 1299 4021 intellexerit
1329 3958 1517 4020 deum
1550 3974 1757 4032 suum,
1793 3962 2013 4036 utpote
2044 3954 2279 4034 Dagon.
2319 3956 2402 4015 Et
2523 3960 2644 4029 tui,
2691 3958 2808 4035 qui
2856 3966 3165 4016 venerunt
3217 3966 3438 4017 tecum.
3485 3956 3636 4020 Nam
3677 3958 3842 4021 servi
3883 3958 3994 4040 qui

918 4079 1048 4119 non
1067 4058 1293 4119 inveni
1314 4058 1385 4117 in
1408 4066 1464 4117 te
1482 4057 1844 4135 quidquam
1868 4056 2029 4115 mali
2048 4075 2129 4113 ex
2149 4055 2257 4113 die
2278 4072 2407 4132 qua
2521 4062 2700 4116 erant
2745 4073 2892 4116 cum
2922 4053 3140 4129 David,
3178 4052 3206 4114 f
3212 4062 3442 4117 uerunt
3483 4054 3651 4118 servi
3693 4055 3898 4119 Saulis
3926 4057 3998 4118 de

922 4158 1157 4216 venisti
1196 4158 1283 4216 ad
1327 4176 1449 4224 me,
1490 4174 1687 4233 usque
1726 4155 1799 4213 in
1835 4154 2007 4213 diem
2057 4152 2272 4223 hanc;
2299 4154 2410 4211 sed
2518 4153 2661 4235 Jure
2689 4152 3036 4229 communi,
3063 4152 3218 4234 quia
3246 4162 3426 4215 erant
3456 4154 3536 4216 de
3567 4154 3806 4237 populo
3837 4156 3992 4237 ejus,

918 4256 1199 4333 satrapis
1226 4274 1356 4314 non
1367 4257 1603 4331 places.
1632 4251 1732 4314 Sic
1766 4250 2134 4332 frequenter
2163 4250 2413 4313 contin-
2446 4250 2494 4313 D
2521 4254 2606 4313 Et
2654 4272 2857 4331 quum
2904 4255 2983 4311 de
3023 4260 3201 4312 nocte
3241 4256 3694 4325 surrexeritis,
3729 4257 3990 4333 petyite.

920 4352 1015 4433 git
1042 4352 1109 4413 in
1140 4350 1437 4415 domibus
1459 4350 1844 4432 principum,
1870 4350 2040 4431 quod
2073 4348 2277 4430 aliqui
2300 4348 2410 4411 bo-
2523 4352 2828 4412 Surrexit
2869 4352 3087 4429 itaque
3137 4353 3217 4411 de
3256 4362 3432 4412 nocte
3473 4354 3728 4421 David,
3771 4356 3901 4430 ipse
3941 4362 3998 4411 et

919 4451 985 4513 ni
1036 4458 1100 4513 et
1148 4450 1412 4526 strenui,
1466 4447 1995 4531 principibusque
2048 4448 2397 4530 placentes,
2523 4450 2656 4509 viri
2680 4450 2842 4525 ejus,
2876 4458 2949 4509 ut
2981 4452 3546 4527 proficiscerentur
3576 4472 3787 4522 mane,
3817 4462 3877 4511 et
3907 4472 3996 4511 re·-

916 4549 1185 4612 aliorum
1226 4567 1339 4631 per
1376 4548 1495 4611 hoc
1534 4546 2007 4628 displicentiam
2052 4546 2404 4629 odiumque
2523 4557 2920 4607 verterentur
2949 4550 3037 4607 ad
3078 4557 3316 4609 terram
3350 4550 3739 4611 Philistiim.
3791 4551 3998 4612 Phili-

917 4649 1272 4725 incurrunt,
1308 4667 1345 4710 a
1392 4645 1627 4728 quibus
1676 4654 1739 4707 et
1790 4646 2178 4709 mendaciter
2232 4665 2412 4709 accu-
2519 4646 2699 4705 stiim
2727 4654 2942 4705 autem
2979 4648 3405 4708 ascenderunt
3435 4649 3504 4708 in
3534 4651 3801 4711 Iezrael.
