4359 6250
633 687 650 731 1
673 690 806 735 Eaedr.
824 706 866 735 x.

639 2068 692 2112 lll
709 2068 873 2123 Reum,

613 2138 650 2177 ί·
661 2138 701 2177 8.

895 484 1014 549 ¹24

1717 506 2066 555 mannum
2109 508 2172 553 IN
2214 508 2351 553 CAP-
2400 507 2466 554 111
2505 507 2781 555 mmmm.
2826 527 2907 539 ·-
2948 508 3090 555 ΛΒΤ.
3137 510 3175 552 V

895 679 1036 754 pter
1067 675 1236 754 quod
1285 683 1568 759 tempore
1599 676 1813 739 Esdrae
1851 676 1932 738 ab
1973 676 2249 739 invicem
2291 695 2387 739 se·
2415 676 2466 739 A
2496 676 2591 759 gis
2641 677 2894 741 direxit.
2943 678 3280 760 Propterea
3330 676 3621 739 subditur
3654 693 3669 737 ε
3705 678 4000 755 Fuitque

895 772 1284 856 parabantur
1333 775 1543 839 taliter
1593 774 1917 856 conjugati
1972 792 1986 836 :
2044 774 2169 836 nisi
2222 773 2387 838 forte

893 872 1162 950 dicatur,
1199 874 1367 953 quod
1411 873 1516 935 isti
1563 873 1860 936 Israelitae
1901 872 2160 936 fuerunt
2193 871 2388 937 idolo-

894 972 1090 1049 latrae,
1127 974 1292 1036 sicut
1334 981 1398 1035 et
1439 972 1800 1035 Chananaei.
1837 972 1990 1034 Nam
2036 972 2331 1034 subditur
2368 990 2381 1033 ε

891 1082 951 1131 ec
994 1074 1358 1132 servierunt
1399 1074 1532 1131 diis
1570 1092 1812 1131 eorum.
1849 1071 2042 1133 Erant
2087 1069 2385 1151 equidem

891 1171 970 1232 ad
1005 1169 1425 1232 idololatriam
1451 1170 1635 1232 valde
1667 1169 1874 1251 proni.
1893 1168 2207 1232 Femineae
2236 1186 2388 1249 quo-

897 1286 1022 1349 que
1053 1266 1381 1330 blanditiae
1425 1266 1794 1330 alliciebant
1837 1268 2088 1330 animos
2135 1266 2389 1329 marito-

896 1385 1059 1444 rum,
1097 1366 1454 1429 nolentium
1499 1386 1646 1429 suas
1692 1366 2070 1429 contristare
2100 1365 2383 1428 delicias.

897 1462 1018 1526 Sed
1061 1472 1124 1527 θῖ
1168 1464 1500 1526 convietus
1547 1463 1678 1540 ille,
1713 1471 1777 1526 et
1808 1462 2211 1525 familiaritas
2255 1470 2393 1525 tan-

900 1570 985 1637 ta,
1039 1570 1387 1643 mutuaque
1437 1562 1755 1638 convivia,
1810 1580 1918 1625 eos
1978 1560 2253 1624 faciliter
2310 1561 2389 1623 ad

903 1659 1328 1723 idololatriam
1351 1660 1816 1743 pertrahebant
1833 1660 2072 1723 Idcirco
2094 1660 2257 1722 Deus
2280 1678 2393 1741 per

903 1760 1154 1841 Moysen
1187 1759 1514 1842 prohibuit
1559 1758 1718 1821 filiis
1751 1759 1936 1822 lsrael
1980 1778 2126 1821 cum
2157 1757 2395 1822 Chana-

2496 779 2565 837 in
2608 797 2676 836 eo
2710 779 3001 853 Spiritus
3031 779 3321 847 Domini,
3358 775 3421 838 id
3472 784 3567 838 est
3617 774 3990 851 auctoritas,

2494 874 2699 937 virtus
2750 884 2812 936 et
2860 874 3063 955 gratia
3114 874 3388 956 Spiritus
3437 873 3673 950 Sancti,
3716 884 3775 935 et
3799 876 3997 951 judi-

2494 976 2667 1033 cavit
2716 977 2944 1044 Israel,
2984 972 3341 1055 dirigendo,
3392 972 3704 1035 hortando
3744 992 3819 1035 ac
3856 971 3995 1033 dis-

2496 1071 2837 1133 cernendo.
2884 1072 3060 1133 Hunc
3099 1070 3495 1133 Othonielem
3534 1069 3847 1151 Josephus
3888 1088 3999 1132 vo-

2495 1177 2597 1233 cat
2634 1170 2851 1247 Cenez,
2890 1169 3072 1250 quasi
3106 1169 3504 1251 aequivocum
3546 1187 3661 1231 suo
3702 1168 3889 1250 patri,
3923 1168 3995 1229 id

2496 1277 2592 1331 est
2622 1269 2843 1331 eodem
2877 1268 3137 1331 nomine
3168 1268 3493 1349 aequivoce
3524 1264 3989 1349 nuncupatum.

2496 1370 2932 1447 Eyressusque
2950 1377 3040 1428 est
3064 1370 3153 1427 ad
3171 1386 3466 1445 puynam
3487 1384 3632 1429 cum
3664 1364 3995 1447 aliquibus

2498 1466 2577 1528 de
2610 1465 2845 1548 populo
2876 1465 3089 1539 Israel,
3124 1475 3347 1526 contra
3386 1486 3595 1541 reyem
3627 1462 3990 1547 praefatum.

2498 1564 2575 1625 Et
2624 1565 2928 1646 quoniam
2979 1573 3114 1627 erat
3163 1565 3242 1627 de
3292 1564 3463 1626 tribu
3505 1564 3684 1639 Juda,
3718 1562 3885 1625 sieut
3926 1570 3997 1624 et

2499 1661 2709 1741 Caleb,
2744 1662 3074 1743 probabile
3104 1671 3201 1724 est
3230 1661 3401 1744 quod
3438 1660 3558 1723 filii
3590 1662 3749 1723 Juda
3781 1660 3995 1723 ierunt

2503 1779 2716 1823 secum
2748 1760 2827 1823 ad
2860 1760 3175 1842 praelium.

905 1857 1061 1919 naeis
1093 1858 1257 1919 inire
1289 1856 1626 1938 conjugia3
1666 1856 1758 1920 eis
1790 1854 2046 1938 quoqd'e
2075 1855 2389 1940 praedixit,
2424 1864 2470 1925 Β
2600 1861 2686 1920 Et
2742 1861 3018 1919 tradidit
3068 1860 3387 1920 Dominus
3442 1860 3515 1917 in
3567 1878 3801 1919 manus
3850 1858 3997 1935 ejus

905 1956 1078 2037 quod
1129 1974 1244 2037 per
1285 1954 1607 2019 connubia
1653 1955 1804 2017 talia
1844 1956 1922 2017 ad
1969 1954 2393 2017 idololatriam

903 2055 1282 2117 laberentur.
1307 2053 1460 2115 Nam
1493 2062 1556 2117 et
1587 2054 1882 2119 Salomon
1915 2052 2026 2116 tali
2055 2061 2192 2115 erat
2225 2071 2398 2115 occa-

909 2152 1088 2215 sione
1113 2161 1450 2215 veneratus
1478 2152 1662 2216 idola.
1683 2157 2124 2232 Feceruntque
2147 2155 2396 2212 malum

905 2254 978 2311 in
1003 2262 1334 2329 conspectu
1355 2254 1640 2322 Domini,
1665 2262 1724 2312 ei
1747 2254 1932 2312 obliti
1953 2261 2107 2311 sunt
2127 2251 2397 2311 Domini

907 2352 1028 2411 Dei
1065 2351 1192 2410 sui.
1226 2348 1404 2412 Unde
1439 2358 1500 2412 et
1538 2349 1849 2431 Josephus
1887 2366 1900 2411 :
1934 2348 2397 2411 Converterunt

903 2468 992 2525 se,
1041 2446 1276 2527 inquit,
1310 2448 1388 2510 ad
1421 2447 1898 2530 agriculturam,
1931 2454 1994 2509 et
2025 2448 2103 2509 ad
2138 2445 2395 2509 divitias

902 2547 1111 2610 dando
1133 2566 1216 2625 se,
1231 2564 1345 2630 per
1365 2546 1585 2629 epulas
1607 2554 1798 2626 atque
1821 2544 2153 2607 libidinem
2175 2543 2396 2607 imbel-

900 2644 993 2708 les
1013 2643 1246 2718 effecti,
1259 2644 1322 2706 in
1341 2642 1824 2707 conversatione
1839 2642 2000 2723 legis
2017 2642 2247 2724 integri
2268 2660 2393 2705 non

903 2744 929 2809 f
933 2751 1183 2807 uerunt.
1217 2745 1484 2805 Ser-vien
1496 2752 1581 2803 ies
1609 2745 1874 2803 Baalim
1904 2752 1964 2801 ec
1993 2744 2320 2803 Astaroth.

969 2846 1311 2921 Iratusque
1329 2843 1649 2904 Dominus
1669 2852 1896 2902 contra
1917 2843 2251 2911 Israelem,
2268 2850 2396 2901 tra-

900 2946 946 3002 d
953 2944 1023 3001 id
1029 2943 1052 2999 i
1057 2952 1078 3002 ι
1097 2962 1190 3001 eas·
1211 2943 1284 3001 in
1305 2961 1536 3001 manus
1554 2942 1805 3001 Chusan
1821 2941 2140 3028 Rasatlzai
2145 2960 2206 2999 m
2226 2941 2395 3016 reyis

2505 1960 2756 2019 (Ἶηιεαη
2809 1959 3195 2019 Rasatkaim
3244 1976 3453 2035 reyem
3498 1958 3736 2034 Syrioe,
3781 1956 3843 2017 id
3896 1964 3999 2017 est

2502 2054 2997 2136 Mesopotamiae:
3024 2053 3089 2115 in
3112 2072 3239 2135 quo
3270 2061 3444 2135 patet
3474 2052 3845 2135 magnitudo
3868 2053 3999 2135 pie—

2504 2152 2650 2215 tatis
2679 2152 2936 2228 divinae,
2973 2153 3143 2233 quod
3176 2160 3304 2216 tam
3336 2152 3463 2215 cito
3496 2151 3793 2215 subvenit
3830 2150 3995 2213 filiis

2502 2250 2715 2329 Israel,
2753 2251 2863 2331 qui
2911 2260 3036 2313 tam
3078 2250 3424 2315 enormiter
3453 2258 3900 2323 excesserunt3
3932 2261 3997 2310 ee

2500 2352 2810 2428 oppressit
2850 2370 3017 2411 eum.
3058 2352 3436 2430 Quievicque
3489 2360 3657 2410 terra
3710 2352 3997 2429 quadra-

2494 2451 2687 2527 qima
2718 2451 2937 2520 annis,
2962 2449 3026 2512 id
3057 2456 3172 2526 est,
3200 2447 3326 2510 filii
3358 2448 3547 2511 Israel
3580 2448 3647 2509 in
3680 2455 3847 2525 terra
3877 2467 3999 2509 sua

2503 2547 2582 2611 de
2630 2556 2841 2610 cetero
2895 2547 3137 2609 tamdiu
3187 2545 3461 2630 pacifice
3513 2546 3993 2621 habitaverunt,

2502 2653 2566 2708 et
2597 2647 2763 2709 bene
2793 2646 3029 2708 vixisse
3060 2646 3405 2709 creduntur
3437 2644 3557 2707 sub
3594 2644 3808 2726 Judice
3852 2644 3993 2706 ino.

2503 2745 2578 2806 Et
2608 2744 2675 2806 in
2707 2744 2827 2807 hoc
2858 2763 3113 2826 quoque
3152 2744 3499 2807 innotescit
3536 2744 3805 2807 dulcedo
3832 2742 4001 2805 divi-

2504 2863 2601 2906 nae
2631 2842 3008 2920 clementiae,
3041 2842 3195 2925 quia
3237 2852 3380 2924 post
3425 2850 3551 2904 tam
3596 2842 3853 2906 brevem
3903 2841 4003 2902 in-

2504 2940 2968 3022 quietudinem,
3024 2940 3298 3003 contulit
3356 2958 3471 3023 per
3529 2959 3725 3002 unum
3782 2939 3999 3002 virum

903 3042 1398 3117 Mesopotamioe,
1423 3038 1488 3101 id
1517 3046 1635 3115 est,
1670 3038 1750 3100 ab
1783 3037 1894 3100 illo
1927 3056 2073 3118 rege
2101 3036 2394 3119 permisit
2428 3042 2473 3106 C
2502 3041 2743 3121 justum
2791 3040 2907 3103 toti
2949 3040 3189 3122 populo
3229 3048 3357 3102 tam
3398 3039 3653 3119 longam
3687 3038 3995 3120 quietem.

900 3155 1004 3201 eos
1041 3136 1403 3219 impugnari
1433 3156 1506 3200 ae
1537 3136 1836 3218 superari.
1853 3127 2391 3210 Quemadmodum

899 3243 1111 3300 autem
1133 3234 1463 3316 Aquilegia
1493 3234 1935 3317 dicitur,quasi
1965 3234 2151 3316 aquis
2181 3233 2391 3315 ligata,

902 3333 1055 3416 quia
1091 3332 1156 3394 in
1190 3333 1398 3396 medio
1431 3332 1598 3414 jacet
1627 3352 1966 3413 aquarum;
2003 3333 2094 3394 sic
2130 3333 2398 3414 Mesopo-

905 3432 1099 3495 tamia
1129 3431 1362 3494 dicitur
1392 3451 1429 3494 a
1461 3435 1648 3513 μέσος,
1680 3433 1850 3513 quod
1881 3440 1977 3494 est
2008 3431 2307 3507 medium,
2334 3439 2397 3493 et

904 3538 1177 3611 ποταμός,
1215 3531 1386 3610 quod
1433 3539 1528 3592 est
1573 3528 1839 3603 fluviuS‚
1874 3528 2027 3610 quia
2069 3528 2136 3590 in
2184 3529 2394 3593 medio

906 3628 1176 3690 duorum
1199 3629 1319 3690 sita
1337 3636 1434 3690 est
1454 3626 1820 3689 fluminum.
1841 3627 1948 3689 Est
1970 3636 2179 3689 autem
2208 3627 2397 3689 Meso-

906 3727 1186 3809 potamia
1218 3746 1362 3809 pars
1393 3726 1607 3810 Syriae.
1633 3729 2143 3805 Servieruntque
2172 3729 2236 3785 ei
2264 3736 2396 3786 octo

907 3828 1129 3894 annis,
1160 3825 1368 3887 dando
1402 3824 1658 3902 tributa,
1696 3842 1806 3886 seu
1846 3822 2204 3887 exhibendo
2238 3824 2397 3885 dura

908 3922 1237 4005 obsequia.
1285 3928 1370 3986 Et
1403 3928 1849 3984 clamaverunt
1887 3926 1974 3983 ad
2012 3925 2422 4002 Dominum,—

739 4051 790 4080 xx
908 4022 1244 4087 vexatione
1273 4023 1462 4084 dante
1497 4021 1589 4084 eis
1621 4021 2039 4098 intellectum,
2074 4020 2245 4103 quod
2279 4040 2396 4104 pro

907 4122 1041 4185 suis
1073 4120 1439 4184 excessibus
1467 4119 1617 4182 talia
1641 4127 2030 4203 paterentur.
2060 4122 2189 4190 Qui
2206 4123 2398 4180 susci-

2504 3140 2762 3203 Videtur
2798 3147 3100 3221 praet-erea
3135 3139 3353 3202 Glossa
3384 3138 3637 3216 sentire,
3662 3137 3829 3220 quod
3856 3145 4003 3199 tan-

2506 3247 2569 3301 to
2602 3247 2885 3322 tempore
2916 3237 3276 3302 servierunt
3312 3237 3549 3300 Baalim
3582 3244 3645 3299 et
3674 3235 3997 3312 Astaroth,

2506 3345 2744 3418 quanto
2777 3345 3063 3420 tempore
3095 3335 3456 3400 servierunt
3494 3337 3628 3417 regi
3658 3336 4001 3416 Mesopota-

2505 3436 2671 3512 miae,
2708 3436 2952 3499 scilicet
2994 3445 3139 3498 octo
3188 3435 3396 3498 annis.
3432 3435 3649 3517 Itaque
3690 3432 4001 3497 Dominus

2506 3535 3008 3616 contemperavit
3029 3542 3093 3597 θῖ
3112 3534 3469 3614 adaequavit
3501 3533 3566 3595 in
3598 3533 3715 3596 hoc
3742 3550 3999 3614 poenam

2506 3633 2727 3715 culpae,
2743 3641 3055 3714 quantum
3084 3634 3163 3695 ad
3198 3641 3463 3714 tempus.
3480 3632 3556 3693 Et
3579 3630 3849 3712 sumpsit
3872 3629 3999 3693 hoe

2506 3730 2725 3794 Glossa
2764 3749 2841 3794 ex
2870 3730 3159 3810 Origene.
3196 3731 3325 3793 lmo
3373 3729 3701 3792 translatio
3741 3728 4003 3810 Septua-

2504 3830 2683 3910 ginta
2714 3829 3131 3911 interpretum
3164 3829 3451 3892 continet
3480 3827 3602 3890 sic:
3623 3826 3885 3902 Quant0,
3910 3827 4005 3888 in-

2507 3927 2759 4009 quienS,
2795 3935 3083 4010 tempore
3126 3927 3485 3990 servierunt
3526 3925 3785 4002 Baalim,
3821 3934 4001 3989 tanto

2510 4035 2794 4108 tempore
2824 4025 3183 4089 servierunt
3201 4025 3453 4087 Chusan
3484 4023 3864 4087 Rasathaim.
3890 4024 4005 4086 Po-

2508 4132 2765 4200 stremo,
2804 4123 2868 4184 in
2901 4123 3021 4186 hoc
3054 4132 3339 4205 tempore
3369 4122 3627 4205 quietiS,
3663 4141 3803 4204 quae
3838 4120 4003 4184 dici-

909 4223 1093 4292 tavit,
1129 4219 1194 4282 id
1234 4227 1351 4296 est,
1384 4218 1660 4299 gratiose
1697 4218 2034 4296 concessit,
2067 4221 2159 4278 eis
2187 4223 2398 4280 salva·
2430 4217 2479 4281 D
2508 4232 2611 4284 tur
2630 4221 3052 4304 quadraginta
3072 4221 3259 4284 annis
3277 4222 3563 4298 durasse,
3583 4220 4002 4282 includuntur

910 4329 1132 4389 torem,
1169 4327 1228 4378 et
1269 4320 1568 4378 liberavit
1605 4337 1729 4388 008,
1773 4319 2066 4380 othoniel
2103 4318 2399 4377 videlicet

908 4418 1130 4494 filium
1162 4419 1382 4487 Renes,
1401 4417 1678 4493 fratrem
1713 4417 1896 4476 Caleb
1929 4416 2266 4486 minorem,
2285 4414 2398 4496 qui

909 4523 970 4576 et
1009 4514 1203 4576 Axam
1250 4512 1454 4576 filiam
1485 4513 1675 4576 Caleb
1717 4512 1938 4575 habuit
1980 4513 2393 4576 contoralem.

907 4614 994 4676 De
1026 4613 1148 4676 isto
1168 4610 1502 4676 Othoniele
1532 4612 1772 4675 dictum
1805 4622 1901 4675 est
1933 4612 2186 4694 plenius
2219 4612 2284 4673 in
2304 4612 2399 4675 Jo-

909 4730 1022 4796 sue
1070 4711 1257 4774 libro.
1293 4711 1451 4773 Hinc
1496 4711 1687 4774 etiam
1739 4719 2009 4786 constat,
2053 4711 2224 4792 quod
2274 4710 2398 4773 filii

907 4809 1096 4874 lsrael
1129 4809 1320 4872 nimis
1351 4809 1480 4873 cito
1509 4811 1588 4872 ad
1621 4808 2043 4873 idololatriam
2079 4818 2230 4871 sunt
2262 4828 2401 4891 pro-

911 4908 1095 4991 lapsi,
1140 4927 1337 4989 quum
1389 4917 1453 4970 et
1501 4907 1792 4970 Othoniel
1847 4915 2080 4970 terram
2130 4907 2401 4990 promis-

911 5008 1108 5070 sionis
1155 5007 1481 5086 ingressus
1528 5005 1630 5068 sit.
1669 5004 1813 5067 Fuit
1851 5013 2064 5067 autem
2103 5005 2398 5069 Othoniel

910 5106 1186 5169 salvator
1225 5114 1283 5168 et
1327 5105 1629 5169 liberator
1671 5103 1916 5167 Israelis
1963 5104 2169 5167 solum
2214 5105 2403 5167 mini-

910 5203 1208 5280 sterialiS,
1244 5212 1306 5266 et
1346 5223 1384 5266 a
1419 5202 1830 5266 tribulatione
1877 5202 2235 5284 temporali,
2272 5204 2401 5267 imo

911 5311 978 5367 et
1007 5321 1044 5365 a
1069 5301 1253 5366 malis
1283 5301 1488 5383 culpae
1520 5320 1627 5366 eos
1659 5301 1940 5378 retraxit,
1972 5319 2046 5364 ac
2076 5301 2144 5364 in
2175 5302 2281 5366 via
2312 5303 2400 5366 le-

2075 5925 2393 6238 ,Ἁ-

2507 4330 2650 4384 οθῖο
2678 4321 2833 4384 anni
2864 4319 3188 4383 servitutis
3222 4337 3237 4383 ε
3274 4320 3445 4401 quod
3485 4317 3780 4381 similiter
3810 4317 4003 4381 intel-

2507 4419 2837 4502 ligendum
2868 4427 2965 4481 est
2996 4418 3063 4480 in
3092 4416 3528 4500 sequentibuS,
3550 4416 3661 4480 ubi
3694 4435 4000 4479 numerus

2508 4537 2823 4582 annorum
2854 4516 3090 4599 quietis
3125 4524 3391 4594 taxatur,
3428 4516 3495 4578 in
3524 4534 3653 4597 quo
3682 4514 3835 4578 anni
3864 4533 4003 4578 ser-

2508 4615 2731 4680 vitutis
2763 4615 3393 4697 comprehenduntur
3423 4614 3775 4678 secundum
3812 4631 4001 4696 expo-

2510 4717 2757 4779 sitores,
2811 4715 2888 4776 Et
2940 4714 3111 4776 idem
3169 4713 3233 4775 in
3286 4712 3671 4776 Scholastica
3730 4711 4001 4774 habetur

2509 4813 2795 4876 historia.
2832 4813 2956 4876 Nec
2986 4810 3174 4875 aliter
3208 4818 3421 4893 posset
3462 4809 3693 4874 salvari
3733 4808 4003 4872 historia

2510 4913 2651 4988 ista,
2686 4930 2761 4974 eo
2799 4910 2969 4993 quod
3018 4908 3205 4972 tertio
3245 4909 3483 4990 Regum
3515 4907 3993 4981 determinetur,

2509 5019 2705 5091 quoto
2736 5018 3023 5091 tempore
3060 5008 3141 5070 ab
3175 5007 3347 5070 exitu
3388 5006 3571 5070 lsrael
3615 5007 3694 5069 de
3730 5006 3999 5087 AEgypto

2510 5107 2775 5191 coeperit
2807 5106 3103 5170 Salomon
3150 5106 3457 5188 templum
3503 5104 3842 5180 aedificare,
3876 5103 4001 5167 sci-

2510 5207 2661 5270 licet
2690 5205 3321 5288 quadringentesimo
3358 5203 3747 5286 octogesimo
3775 5220 3945 5264 anno
3978 5219 3993 5264 ε
4056 5230 4119 5274 ιιι
4138 5235 4305 5288 newa

2510 5305 2621 5388 qui
2672 5304 2824 5368 anni
2874 5311 3325 5386 computantur
3380 5321 3496 5385 pro
3546 5320 3773 5383 magna
3820 5308 4001 5383 parte
4041 5295 4086 5336 ¹·
