4359 6250
936 521 1283 568 manuario
1326 522 1385 566 IN
1430 522 1567 567 CAP.
1612 520 1737 566 XXV
1780 520 1937 566 unm
1977 519 2147 564 mun
2187 518 2412 565 Renum.
2457 537 2536 548 —
2578 517 2718 562 ΛΒΤ.
2763 515 2910 562 xum

3345 495 3464 560 395

368 690 495 754 iste
526 690 845 754 habitavit
875 692 940 754 in
972 691 1135 754 urbe
1162 691 1363 754 Aman
1395 711 1506 754 seu
1532 692 1731 767 Maon,
1762 690 1869 754 sed
1900 690 1953 752 A
1987 699 2067 761 to,
2100 693 2273 770 quod
2305 693 2585 750 tonderet
2608 689 2820 751 Nabal
2831 707 3088 765 qreyem
3116 687 3468 758 „sumnam”-

366 790 439 852 in
487 790 839 853 solitudine
883 791 1065 872 juxta
1101 790 1458 853 Carmelum
1504 790 1729 852 habuit
1767 791 1869 853 do-

364 909 548 950 mum
602 907 719 970 pro
761 889 1123 972 pastoribus
1164 897 1227 953 et
1274 889 1573 971 gregibus
1606 889 1763 970 suis,
1810 898 1875 950 et

368 987 531 1050 illuc
572 1007 716 1050 cum
765 987 1037 1068 conjuge
1081 995 1144 1050 et
1187 988 1409 1052 amicis
1454 988 1753 1051 convenit
1792 988 1869 1050 ad

366 1087 767 1168 epulandum
800 1087 867 1148 in
898 1106 1158 1148 suarum
1188 1087 1405 1152 ovium
1439 1086 1751 1150 tonsione.
1788 1089 1873 1147 Et

361 1187 677 1264 possessio
705 1187 847 1263 ejus
878 1187 953 1246 in
988 1189 1297 1258 CarmeIO,
1324 1185 1386 1248 id
1418 1194 1535 1262 est,
1562 1185 1625 1247 in
1659 1191 1873 1248 monte

368 1284 469 1346 sic
502 1284 827 1366 appellato
858 1284 997 1365 ejus
1035 1302 1266 1366 pecora
1297 1293 1479 1347 crant
1512 1292 1575 1346 et
1618 1283 1875 1346 aleban-

118 1397 245 1474 Jom
266 1411 337 1444 xv.
369 1391 521 1445 tur:
559 1383 671 1464 qui
702 1401 887 1444 mons
917 1382 1241 1445 Carmelus
1267 1383 1427 1446 situs
1455 1382 1579 1445 ruit
1610 1382 1676 1444 in
1711 1380 1874 1443 funi-

94 1463 151 1502 ⁵⁰·
370 1482 525 1544 culo
567 1480 770 1543 tribus
809 1482 989 1544 Juda.
1022 1481 1167 1543 Fuit
1209 1490 1271 1544 et
1316 1482 1475 1544 alter
1510 1500 1692 1544 mons
1732 1481 1877 1543 Car—

372 1581 609 1656 meluS‚
636 1579 748 1643 ubi
781 1579 1104 1643 interfecit
1136 1581 1477 1663 prophetas
1506 1580 1651 1642 Baal
1682 1579 1873 1654 Elias,

374 1680 543 1742 situs
585 1680 651 1741 in
691 1678 979 1742 confinio
1016 1680 1364 1743 Palaestinae
1392 1688 1455 1743 et
1486 1678 1823 1742 Phoeniciae
1860 1696 1873 1740 :

374 1777 491 1859 qui
527 1797 712 1841 mons
742 1777 980 1841 dicitur
1008 1796 1147 1841 esse
1180 1777 1245 1839 in
1278 1785 1447 1840 sorte
1468 1778 1766 1840 issachar.
1796 1780 1879 1838 Ει

142 1597 191 1638 ΙΙΙ
218 1598 327 1651 Rea.

98 1674 195 1710 trin,
217 1663 279 1703 ¹9.

1978 791 2065 849 sic
2093 793 2304 849 decem
2323 791 2623 867 juvenca,
2653 797 2712 848 et
2739 789 2916 847 dimit
2955 788 3045 846 eis
3075 803 3098 847 .·
3129 774 3470 847 Asceoidite

1982 889 2055 948 in
2092 891 2479 961 Carmelum,
2512 898 2571 948 ct
2602 888 2869 947 venietis
2899 889 2986 946 ad
3016 888 3256 954 Nabal,
3284 894 3344 946 et
3372 905 3470 944 sa-

1986 987 2278 1047 curabitis
2319 1007 2468 1046 eum
2505 1007 2585 1045 ca:
2623 986 2885 1046 nomine
2925 1004 3057 1044 meo
3085 985 3380 1062 pacifice,
3409 993 3469 1044 et

1980 1089 2073 1146 sic
2101 1088 2329 1147 (licet-is
2360 1107 2382 1146 .·
2415 1087 2520 1148 Sic
2549 1087 2868 1164 fratribus
2901 1087 3054 1154 tuiS,
3089 1081 3153 1144 id
3195 1088 3289 1144 est
3327 1101 3471 1164 pro-

1983 1185 2245 1267 pinquis
2276 1195 2339 1248 et
2367 1185 2589 1248 amicis
2621 1203 2782 1265 quos
2815 1193 3021 1247 tecum
3054 1182 3270 1258 habeS,
3303 1193 3362 1242 et
3395 1184 3471 1242 ti-

1984 1287 2047 1343 bi
2071 1306 2232 1362 paoe.
2269 1283 2482 1365 Aliqui
2517 1291 2722 1346 textus
2755 1283 3010 1360 habent,
3044 1281 3138 1344 Sit
3169 1281 3470 1344 fratribus

1984 1384 2144 1446 meis
2176 1403 2297 1466 pax
2331 1401 2345 1445 :
2383 1383 2602 1464 sicque
2641 1381 2938 1464 praesatos
2978 1382 3374 1465 propinquos
3410 1389 3473 1444 et

1985 1481 2224 1544 amicos
2273 1481 2476 1562 ipsius
2521 1481 2738 1557 Nabal,
2773 1480 2968 1544 David
3013 1479 3300 1543 nominat
3351 1479 3476 1542 fra-

1988 1589 2113 1644 tres
2162 1600 2334 1657 suOS‚
2369 1581 2674 1661 quoniam
2723 1587 2902 1642 erant
2949 1580 3026 1640 de
3074 1578 3241 1641 tribu
3289 1579 3470 1656 luda,

1986 1679 2152 1741 sicut
2184 1687 2248 1741 et
2277 1679 2435 1760 ipse.
2463 1682 2546 1740 Et
2573 1680 2800 1739 domui
2832 1687 2956 1738 tuoe
2977 1697 3140 1754 pez-22,
3173 1687 3232 1737 ec
3269 1679 3477 1738 omni-

1988 1781 2101 1839 bus
2122 1798 2536 1858 quoecumque
2557 1779 2763 1846 habea,
2779 1779 2864 1836 sic
2890 1796 3046 1853 pam.
3059 1774 3232 1850 Quod
3265 1784 3472 1838 autem

374 1879 567 1938 homo
590 1880 703 1936 ille
726 1895 999 1954 maynus
1020 1879 1241 1948 nimia,
1266 1877 1332 1938 in
1362 1876 1623 1968 divitiiS,
1647 1876 1711 1937 in
1742 1873 1959 1937 sur-B
1990 1876 2053 1939 in
2086 1876 2412 1957 aliquibus
2444 1875 2624 1937 libris
2661 1874 3094 1956 subjungitur,
3129 1874 3218 1936 Ex
3255 1874 3474 1944 multis

374 1995 459 2057 pe
498 1983 565 2038 et
604 1974 797 2038 fama.
831 1979 1173 2056 Erantque
1199 1979 1261 2036 ei
1292 1996 1435 2036 oves
1467 1977 1595 2036 cria
1634 1977 1873 2046 millia,

368 2085 433 2134 et
474 2078 658 2136 mille
694 2094 927 2151 caproe.
965 2077 1049 2135 Ec
1092 2076 1351 2147 accidit,
1397 2083 1469 2134 uc
1508 2077 1877 2134 tonderetur

362 2193 537 2250 qreoe
564 2174 708 2250 ejus
738 2175 814 2232 in
844 2175 1153 2234 Car-melo,

458 2274 713 2334 Nomen
743 2280 961 2332 autem
996 2273 1130 2330 viri
1159 2272 1345 2330 illius
1372 2278 1511 2330 erat
1542 2271 1791 2339 Nabal,·
1817 2279 1875 2328 ec

371 2391 611 2432 nomen
634 2373 863 2431 uoeoris
880 2371 1022 2446 ejus
1044 2370 1286 2446 Abi-qai
1290 2373 1337 2438 l,
1355 2378 1617 2448 eratque
1638 2369 1877 2427 mulier

372 2472 501 2530 illa
535 2471 1081 2546 prudentissima.
1118 2467 1294 2541 Quod
1341 2483 1640 2545 magnum
1676 2472 1739 2527 et
1782 2484 1878 2526 ra-

372 2588 521 2630 rum
553 2576 656 2630 est
684 2566 750 2628 in
784 2566 1067 2642 feminiS‚
1104 2585 1302 2647 quum
1335 2585 1409 2628 ex
1450 2563 1724 2627 naturali
1758 2563 1879 2625 dis-

374 2667 703 2750 positione
734 2665 1158 2728 communiter
1188 2665 1319 2727 sint
1347 2664 1594 2739 molleS,
1622 2662 1880 2726 instabi-

375 2767 473 2828 les
506 2785 581 2828 ac
612 2763 857 2827 debiles
892 2764 1157 2840 ratione,
1180 2764 1451 2844 ideoque
1474 2761 1879 2844 passionibus

376 2864 679 2927 subditae.
712 2865 801 2924 Ec
827 2865 1107 2941 speciosa
1129 2883 1151 2922 .·
1174 2861 1393 2942 sicque
1422 2869 1557 2924 erat
1587 2859 1879 2924 amabilis

378 2965 577 3027 corde
608 2970 672 3024 et
702 2980 989 3044 corpore.
1014 2965 1221 3023 Porro
1244 2962 1351 3021 vir
1378 2962 1518 3038 ejus
1539 2959 1732 3022 Nabal
1763 2963 1883 3019 du-

1986 1974 2172 2039 annis
2203 1975 2412 2038 salvos
2445 1973 2639 2037 facies
2669 1981 2810 2036 tuos
2841 1982 2904 2036 et
2934 1972 3149 2035 omnia
3183 1981 3309 2048 tua,
3345 1991 3474 2035 non

1986 2082 2082 2136 est
2112 2075 2192 2136 de
2223 2075 2692 2135 textu.Audivi
2710 2075 2881 2152 quod
2913 2075 3243 2132 conderent
3266 2081 3475 2148 pasco-

1987 2191 2085 2232 res
2136 2174 2238 2232 tui
2275 2191 2532 2248 ,qreyem
2563 2172 2587 2196 *
2627 2170 2864 2246 ovium,
2911 2187 3054 2251 quae
3105 2168 3224 2231 tria
3271 2168 3473 2231 millia

1988 2277 2191 2347 erant,
2226 2271 2344 2350 qui
2383 2277 2667 2350 pastores
2703 2278 2890 2328 erant
2923 2269 2994 2328 in
3022 2271 3266 2328 deserto
3297 2266 3470 2330 Maon
3501 2250 3517 2288 t

1986 2371 2336 2430 nobiscum.
2357 2366 2830 2448 Consequenter
2848 2366 3042 2430 David
3076 2367 3360 2429 insinuat
3389 2366 3476 2447 ip-

1986 2467 2039 2528 si
2073 2467 2268 2530 Nabal
2300 2465 2620 2529 beneficia
2647 2485 2784 2540 sua,
2818 2465 3178 2548 pastoribus
3209 2473 3269 2527 et
3303 2483 3476 2546 peco-

1988 2565 2164 2626 ribus
2211 2564 2386 2626 illius
2427 2563 2730 2640 exhibita,
2769 2572 2837 2625 ut
2875 2563 2966 2625 sic
3000 2571 3374 2645 provocaret
3403 2562 3478 2625 il-

1989 2664 2120 2724 lum
2152 2664 2231 2725 ad
2257 2662 2650 2725 caritativam
2682 2662 3196 2726 communionem
3218 2669 3281 2724 et
3305 2661 3476 2743 piam

1992 2761 2504 2824 subventionem.
2541 2763 2900 2840 Nunquam
2935 2762 3028 2820 eis
3059 2762 3307 2821 molesti
3343 2761 3481 2836 fui-

1992 2881 2157 2932 mm,
2196 2860 2322 2922 imo
2353 2860 2432 2924 ab
2465 2859 2867 2923 invasoribus
2901 2858 3316 2922 defendimus⁴
3346 2875 3478 2921 eos.

1993 2959 2137 3021 Ideo
2190 2958 2484 3020 subditur
2520 2975 2533 3020 :
2567 2979 2680 3019 nec
2723 2961 3078 3038 aliquando
3122 2959 3484 3037 quidquam

380 3083 503 3125 rus
533 3061 745 3138 corde,
783 3079 896 3122 seu
938 3059 1392 3124 immisericors
1423 3076 1437 3120 :
1472 3059 1615 3122 ideo
1646 3057 1885 3122 corruit
1920 3060 1965 3124 C
1994 3058 2210 3134 defuit
2239 3061 2330 3116 eis
2357 3059 2438 3117 de
2461 3077 2653 3135 qreye
2680 3059 2862 3118 omni
2894 3067 3168 3135 tempore
3196 3075 3319 3135 quo
3348 3056 3488 3132 fue-

384 3162 453 3224 in
486 3160 693 3225 multa
711 3168 775 3222 et
794 3176 1025 3238 magna
1054 3167 1334 3241 peccata,
1359 3162 1557 3240 quum
1579 3158 1885 3241 scriptum

167 3277 289 3319 pm.
384 3263 493 3337 sit,
522 3260 640 3335 Qui
671 3258 883 3321 cordis
914 3266 1010 3321 est
1040 3257 1207 3334 duri,
1235 3258 1474 3321 incidet
1503 3257 1570 3319 in
1601 3257 1770 3320 mala
1789 3280 1805 3331 3
1826 3266 1887 3317 et

110 3345 317 3393 ¹¹‘¹¹¹'¹⁴·
374 3362 705 3438 pessimus
756 3357 1065 3434 moribuS,
1102 3364 1165 3419 et
1210 3356 1541 3440 improbus
1592 3356 1776 3419 valde
1821 3355 1886 3417 in

384 3457 631 3535 νει-δίε,
654 3468 721 3519 et
740 3459 1130 3525 malitiosus,
1152 3464 1463 3538 quantum
1493 3456 1571 3517 ad
1603 3456 1890 3517 volunta-

388 3567 545 3633 tem,
579 3576 694 3619 seu
740 3555 1107 3618 habituatus
1140 3555 1205 3615 in
1238 3554 1433 3631 vitiis,
1469 3553 1560 3615 ita
1599 3555 1771 3635 quod
1814 3573 1889 3617 ex

388 3654 725 3739 proposito
754 3662 821 3717 et
840 3653 1087 3716 malitia
1116 3662 1290 3715 certa
1318 3652 1606 3734 peccavit
1632 3652 1891 3734 :sicque

389 3763 661 3838 apparet
700 3770 935 3833 magna
974 3751 1341 3815 virtuositas
1386 3750 1643 3814 seminae
1672 3752 1887 3833 hujuS‚

388 3873 539 3936 quae
568 3872 714 3916 cum
760 3861 887 3914 tam
930 3851 1163 3915 vitioso
1201 3851 1453 3928 marite,
1490 3859 1617 3913 tam
1649 3849 1757 3912 diu
1792 3869 1893 3932 pa·

390 3953 629 4015 tienter
657 3959 722 4015 et
765 3949 1039 4034 pacifice
1070 3950 1249 4027 vixit,
1284 3969 1483 4031 quum
1528 3958 1737 4013 tamen
1784 3949 1891 4012 ille

388 4062 471 4115 ex
517 4050 808 4114 bonitate
844 4068 974 4113 suae
1003 4049 1219 4111 uxoris
1259 4068 1661 4131 nequaquam
1694 4047 1893 4130 profi-

390 4159 592 4214 ceret.
620 4153 785 4211 Erat
813 4158 1031 4209 autem
1059 4152 1139 4208 de
1160 4168 1391 4225 ,qenere
1414 4150 1597 4208 Caleb
1626 4148 1749 4211 viri
1772 4148 1895 4212 vir-

1995 3167 2155 3218 ruut
2185 3159 2513 3217 nobiscum
2546 3159 2618 3217 in
2643 3159 2952 3218 Carmel0.
2974 3159 3309 3233 lucem-oya
3337 3175 3487 3233 pue-

1994 3277 2119 3327 ros,
2154 3256 2217 3319 id
2250 3266 2346 3319 est·
2377 3264 2660 3339 pastores
2692 3264 2756 3319 et
2787 3274 3001 3319 servos
3035 3266 3192 3327 tuo-e,
3224 3264 3284 3315 et
3314 3256 3488 3315 indi-

1996 3358 2234 3416 cabunt
2277 3358 2394 3415 cibi
2421 3355 2591 3436 quod
2635 3354 2722 3416 ita
2762 3354 2866 3417 sit.
2900 3353 3113 3436 Aliqui
3161 3362 3488 3435 exponunt

2000 3453 2167 3515 istud
2209 3452 2397 3516 etiam
2439 3472 2554 3534 pro
2598 3461 2880 3534 tempore
2917 3471 3045 3533 quo
3084 3452 3277 3516 David
3311 3452 3489 3535 pavit

1997 3570 2255 3633 gregem
2300 3550 2497 3632 patris
2538 3551 2637 3613 sui
2675 3570 2821 3613 cum
2864 3550 3225 3632 pastoribus
3264 3549 3482 3626 Nabal,

2000 3658 2071 3711 ut
2114 3649 2358 3725 dicunt,
2387 3648 2484 3710 ita
2526 3650 2698 3729 quod
2738 3655 2890 3711 tunc
2927 3649 3128 3711 multa
3166 3648 3334 3711 bona
3373 3648 3489 3709 im-

2001 3748 2224 3830 pendit
2253 3747 2367 3809 eis.
2397 3749 2592 3808 Nunc
2619 3767 2764 3824 erqo
2796 3749 3138 3808 inveniant
3160 3749 3358 3825 pueri
3390 3748 3489 3807 tui

1993 3849 2284 3924 qratiam
2335 3848 2406 3905 iu
2454 3847 2659 3904 oculis
2709 3847 2862 3915 tui-5,
2896 3845 3014 3907 hoe
3063 3853 3178 3921 est,
3220 3845 3488 3925 juvenes

2000 3962 2161 4026 quos
2193 3942 2394 4005 direxi
2424 3943 2502 4006 ad
2539 3951 2618 4019 te,
2641 3942 2971 4007 caritative
3000 3952 3062 4005 et
3091 3944 3365 4024 gratiose
3395 3963 3491 4006 ac-

2001 4051 2211 4125 cepta,
2241 4050 2304 4105 et
2334 4062 2447 4123 per
2475 4060 2582 4105 eos
2613 4042 2794 4103 mitte
2832 4041 2992 4103 mihi
3030 4051 3093 4105 ct
3117 4042 3287 4106 *viris
3329 4043 3490 4106 meis

2002 4141 2506 4204 sustentaculum
2540 4140 2704 4203 vitae.
2741 4142 2824 4201 In
2852 4142 2960 4200 die
2999 4142 3175 4201 enim
3206 4143 3368 4201 bona
3397 4160 3492 4201 ve-

392 4248 589 4324 mosi,
626 4247 811 4329 cujus
842 4248 1111 4310 virtutes
1142 4265 1271 4309 non
1304 4246 1694 4309 imitabatur.
1717 4246 1893 4309 Unde
1922 4244 1971 4305 D
2005 4243 2250 4309 nimus,
2272 4239 2336 4301 id
2367 4247 2482 4317 est,
2509 4257 2626 4320 ego
2655 4247 2717 4301 et
2749 4237 2904 4301 socii
2937 4238 3060 4300 mei
3094 4257 3206 4320 per
3234 4238 3492 4300 nuntios

392 4347 694 4422 habetur,
728 4346 901 4428 quod
942 4355 1076 4408 erat
1105 4346 1183 4408 de
1222 4344 1395 4407 tribu
1424 4345 1602 4419 Iuda,
1640 4345 1803 4408 sicut
1833 4353 1895 4406 et

397 4445 619 4509 David.
645 4444 906 4526 Propter
926 4444 1095 4525 quod
1118 4444 1403 4525 peccavit
1422 4443 1787 4519 enormiter,
1809 4444 1899 4506 ita

394 4546 471 4606 ad
508 4536 709 4606 Dauid
740 4562 809 4605 se
839 4542 1153 4619 habendo,
1180 4551 1250 4604 ut
1272 4541 1483 4604 statim
1516 4542 1779 4623 patebit.
1802 4541 1897 4603 Di-

394 4643 485 4705 cit
512 4643 775 4703 demum
816 4640 1107 4721 Magister
1152 4641 1217 4703 in
1252 4641 1536 4703 historiis
1572 4658 1585 4702 :
1621 4641 1687 4702 In
1717 4640 1898 4702 Para-

126 4751 364 4807 mmue.
396 4741 773 4823 lipomenon
806 4739 973 4802 libro
1001 4738 1237 4820 legitur
1272 4757 1285 4801 :
1320 4740 1511 4803 Caleb
1542 4738 1765 4820 genuit
1792 4738 1897 4799 Ar-

158 4850 333 4931 :nam
394 4839 567 4902 chan
591 4840 639 4914 *‚
673 4837 924 4901 Archan
958 4838 1182 4917 genuit
1216 4837 1419 4900 Jezem
1441 4842 1487 4913 *‚
1530 4838 1635 4900 hic
1676 4846 1792 4914 est,
1828 4847 1900 4900 ut

204 4914 323 4958 ⁰³⁸²
396 4946 629 5020 putant
655 4937 876 5014 Judaei,
912 4936 1130 4999 Nabal.
1164 4936 1613 4999 Verumtamen
1645 4955 1773 4998 non
1804 4945 1899 4999 est

394 5036 828 5111 credendum,
880 5036 1053 5117 quod
1102 5035 1297 5097 Nabal
1344 5034 1537 5097 suerit
1583 5036 1897 5097 secundus

127 5144 367 5200 smum-1.
396 5144 509 5197 aut
539 5134 766 5197 tertius
797 5154 835 5196 a
869 5132 1083 5210 Caleb,
1118 5134 1229 5213 qui
1279 5152 1422 5195 cum
1455 5134 1661 5214 Moyse
1704 5133 1899 5196 exivit

540 5254 553 5267 ·
630 5252 673 5293 u
751 5279 764 5293 .

394 5234 961 5401 AEssglffimmauaem
1001 5330 1285 5391 audisset
1323 5329 1542 5389 David
1579 5330 1652 5389 iu
1696 5332 1899 5389 deser-

2004 4358 2180 4402 meos
2224 4340 2516 4401 venimus
2555 4341 2642 4399 ad
2673 4349 2750 4409 ce,
2783 4345 2846 4401 et
2889 4338 3288 4419 postulamus
3333 4338 3494 4399 hanc

2003 4437 2272 4519 gratiam
2319 4437 2384 4499 in
2431 4445 2716 4519 tempore
2761 4435 2884 4499 isto
2919 4436 3204 4518 jucundo
3243 4445 3305 4499 et
3337 4436 3496 4499 cele-

2006 4537 2129 4613 bri,
2164 4544 2388 4619 utpote
2417 4537 2569 4598 dum
2600 4554 2750 4599 oves
2781 4544 2905 4599 tuae
2937 4537 3280 4598 tondentur
3306 4535 3498 4618 :quia

2007 4637 2073 4699 in
2124 4645 2407 4717 tempore
2451 4636 2562 4697 tali
2607 4643 3077 4698 consueverunt
3117 4634 3358 4696 chraei
3397 4654 3496 4696 cx-

2008 4735 2222 4816 emplo
2243 4733 2744 4797 Patriarcharum
2777 4731 3098 4795 celebrare
3126 4732 3494 4797 convivium

2007 4832 2139 4894 suis
2168 4831 2392 4894 amicis
2415 4840 2608 4911 atque
2632 4828 3013 4901 tonsoribus
3037 4829 3122 4890 ita
3143 4830 3315 4910 quod
3347 4837 3498 4893 tunc

2010 4930 2133 4993 fuit
2166 4928 2713 5012 tempus‘laetitiae.
2753 4931 3204 5007 Quodcumque
3245 4931 3500 4989 invenc-

2007 5037 2098 5095 νίι
2130 5054 2363 5094 marcus
2395 5042 2530 5101 tua,
2556 5031 2616 5091 id
2651 5038 2766 5105 est,
2788 5028 3101 5111 quidquid
3140 5029 3253 5091 tibi
3287 5047 3500 5093 occur-

2011 5131 2162 5194 rerit
2193 5139 2255 5193 et
2285 5128 2616 5211 placuerit,
2635 5132 2720 5188 da
2751 5129 2950 5187 seruis
2982 5130 3111 5187 tuis
3139 5138 3198 5189 ec
3218 5131 3358 5205 file-‘o
3392 5140 3498 5189 tuo

2008 5230 2247 5292 David.
2281 5228 2440 5290 Ecce
2488 5244 2680 5307 quam
2731 5224 3022 5306 simplex,
3067 5225 3351 5304 humilis,
3394 5247 3497 5290 ur-

1964 5354 1971 5361 ,
2006 5326 2300 5410 banaque
2343 5324 2568 5409 petitio
2613 5321 2773 5387 tanti
2819 5321 2960 5400 viri,
2995 5323 3107 5408 qui
3139 5342 3336 5405 gener
3363 5326 3494 5411 jam

3551 2185 3571 2206 ⁶
3598 2194 3757 2238 qreqee

3547 2257 3596 2288 σε
