4359 6250
90 2389 142 2432 lll
157 2391 344 2445 Reqan,

132 2876 183 2919 IV
211 2878 330 2933 Περ.

81 2955 190 2989 xxm.
217 2944 289 2984 29.

131 4369 163 4412 ll
175 4369 284 4412 Par.
297 4382 358 4420 ιι,

953 530 1303 576 ENARRATIO
1345 531 1407 575 IN
1450 530 1586 578 CAP.
1633 530 1698 575 xl
1739 530 1896 575 LIBRI
1936 530 2136 575 TssuTu
2181 530 2405 577 REGUM.
2450 550 2529 560 —
2571 531 2713 576 ΛΒΤ.
2762 530 2911 576 XVIII

3350 512 3469 576 673

373 697 506 760 fuit
537 699 931 782 praedictum.
965 700 1156 764 Porro
1180 700 1471 781 Magister
1502 701 1567 763 in
1591 700 1875 764 historiis
1903 698 1955 761 A
1984 705 2212 773 Israel,
2246 704 2688 781 quadrayinla
2719 703 2886 763 anni
2912 712 3083 763 sunt.
3117 703 3471 763 Dormivit-

371 797 487 873 ait,
521 798 694 879 quod
722 797 1054 861 Jerohoam
1085 797 1299 863 verbis
1335 798 1663 881 Prophetae
1697 798 1876 861 audi-

377 896 484 972 tis,
519 896 978 973 intumescenS,
1012 897 1213 960 suasit
1242 897 1480 980 populo
1523 906 1593 959 ut
1629 917 1666 959 a
1703 896 1876 959 Salo-

371 1014 569 1059 mone
600 996 946 1059 recederet.
981 995 1058 1057 Et
1087 995 1199 1058 alii
1243 996 1486 1073 dicunt,
1523 998 1694 1078 quod
1743 994 1878 1057 ani-

373 1103 589 1156 matus
620 1093 836 1159 verbis
867 1095 1064 1173 Ahiae,
1083 1095 1281 1177 coepit
1311 1096 1470 1158 alios
1503 1094 1769 1158 incitare
1797 1092 1875 1155 ad

373 1192 825 1256 rebellandum
855 1192 1202 1271 Salomoni,
1239 1203 1304 1257 et
1332 1211 1730 1257 murmurare
1772 1192 1880 1253 ad-

376 1310 603 1353 versus
633 1312 803 1355 eum.
829 1291 1004 1366 Quod
1037 1294 1092 1354 si
1123 1312 1345 1356 verum
1366 1300 1484 1369 est,
1514 1292 1636 1354 fuit
1665 1291 1880 1372 culpa-

375 1389 507 1453 bile
541 1408 554 1451 :
592 1390 746 1472 quia
793 1399 864 1453 ut
908 1398 1082 1473 patet
1121 1391 1187 1454 in
1229 1399 1424 1468 textu,
1459 1391 1651 1453 Ahias
1706 1390 1873 1451 inter

373 1498 592 1552 cetera
633 1490 927 1571 praedixit
951 1489 1285 1553 Jeroboam
1321 1506 1335 1551 ε
1371 1490 1606 1553 Ducem
1640 1506 1871 1570 ponam

376 1606 549 1665 eum,
584 1588 886 1651 videlicet
919 1587 1343 1666 Salomonem,
1376 1588 1622 1651 cunctis
1652 1586 1876 1649 diebus

377 1684 528 1749 vitae
557 1704 690 1749 sua>
725 1709 740 1761 3
775 1684 1064 1748 auferam
1095 1693 1308 1748 autem
1342 1703 1604 1765 regnum
1636 1685 1714 1747 de
1747 1703 1877 1747 ma-

379 1801 468 1843 nu
512 1781 642 1844 filii
673 1783 837 1865 ejuS.
871 1784 950 1845 Et
986 1783 1220 1846 iterum
1254 1800 1268 1844 :
1305 1782 1369 1845 Si
1419 1782 1694 1845 audieris
1743 1800 1877 1845 om-

1984 819 2104 879 que
2132 801 2439 860 Salomon
2477 820 2621 860 cum
2656 802 2955 877 patribus
2986 802 3143 871 δαῖε,
3176 809 3236 860 et
3272 805 3473 879 sepul-

1989 906 2089 957 tus
2117 900 2299 958 estin
2330 899 2592 958 civitate
2616 900 2836 959 David
2858 900 3073 977 patris
3100 900 3228 970 sui,
3253 919 3475 975 reyna-

1988 998 2206 1075 vilque
2234 999 2517 1057 Roboam
2546 999 2729 1073 filius
2758 998 2900 1074 ejus
2922 1017 3045 1074 pro
3072 1018 3162 1057 εο.

2065 1093 2244 1156 Circa
2266 1094 2615 1176 praehabita
2635 1096 2963 1175 quaeritur,
2985 1103 3140 1176 quot
3160 1114 3472 1158 annorum
3574 1118 3578 1123 ¹

1989 1191 2182 1254 fuerit
2222 1191 2540 1269 Salomon,
2592 1192 2848 1273 quando
2898 1193 3139 1275 incepit
3184 1212 3470 1274 regnare.

1987 1290 2080 1352 Ad
2107 1291 2276 1371 quod
2308 1291 2841 1353 certitudinaliter
2883 1292 3267 1374 respondere
3296 1290 3476 1353 diffi-

1987 1388 2108 1451 cile
2137 1396 2255 1466 est,
2276 1396 2535 1470 propter
2559 1388 2756 1451 verba
2782 1389 3123 1471 Scripturae⁴
3151 1408 3295 1472 quae
3324 1390 3473 1453 hinc

1986 1486 2134 1549 inde
2162 1488 2459 1551 videntur
2491 1486 2916 1551 diversimode
2947 1488 3096 1550 inde
3128 1488 3389 1565 sentire,
3408 1498 3472 1552 et

1985 1584 2137 1667 quia
2184 1585 2571 1667 expositores
2621 1605 2814 1668 super
2861 1586 2981 1649 hoc
3038 1585 3467 1651 diversimode

1984 1684 2289 1761 sentiunt,
2317 1692 2442 1746 tam
2468 1684 2766 1748 catholici
2789 1703 2979 1766 quam
3001 1684 3268 1748 Hebraei.
3294 1684 3469 1748 Nem-

1986 1802 2065 1864 pe
2093 1782 2383 1864 Magister
2412 1782 2478 1845 in
2509 1783 2792 1847 historiis
2814 1783 2941 1846 ait:
2968 1782 3262 1847 Salomon
3294 1784 3475 1847 duxit

376 1881 488 1943 nia
516 1900 664 1964 quae
692 1901 1057 1965 praecepero
1091 1881 1231 1959 tibi,
1265 1882 1432 1945 sicut
1468 1881 1620 1945 fecit
1652 1881 1870 1958 David,
1914 1881 1959 1943 B
1987 1900 2245 1945 uxorem
2279 1880 2483 1944 filiam
2512 1882 2877 1959 Pharaonis,
2911 1882 2990 1945 de
3020 1902 3148 1965 qua
3166 1884 3265 1964 (ut
3294 1883 3475 1945 aiunt
3508 1902 3513 1919 ²

377 1998 489 2043 ero
521 1988 755 2044 tecum.
785 1981 930 2044 Ideo
958 1980 1181 2043 debuit
1212 1980 1493 2045 virtuose
1525 1981 1880 2043 secundum.

377 2079 580 2141 Deum
623 2080 988 2161 procedere,
1024 2097 1154 2142 non
1199 2079 1276 2141 ad
1327 2077 1742 2141 rebellionem
1785 2077 1876 2140 in-

377 2177 636 2240 ducere.
673 2180 802 2247 Qui
828 2175 1161 2240 Jeroboam
1190 2178 1479 2237 surrexit
1516 2186 1576 2237 el
1604 2177 1876 2253 aufuyit

378 2276 452 2335 in
473 2278 844 2354 AEqyplum
871 2278 960 2335 ad
987 2278 1179 2337 Sesac
1205 2295 1418 2352 reyem
1435 2276 1733 2352 AEyypli.
1754 2274 1874 2336 Iste

377 2392 490 2436 rex
519 2371 648 2435 fuit
683 2373 844 2436 alter
873 2392 912 2435 a
938 2372 1285 2449 Pharaone,
1320 2371 1504 2453 cujus
1547 2370 1686 2434 filia
1718 2390 1874 2434 uxor

381 2471 506 2534 fuit
549 2471 928 2535 Salomonis,
967 2470 1097 2535 lmo
1141 2480 1206 2535 et
1245 2470 1552 2551 Josephus
1597 2469 1820 2533 scribit
1855 2485 1870 2530 :

375 2570 492 2633 Hic
531 2570 799 2632 ultimus
843 2588 1064 2651 regum
1093 2569 1342 2651 AEgypti
1374 2569 1730 2651 appellatus
1779 2576 1875 2630 est

375 2669 642 2747 Phara0,
676 2669 848 2751 quod
881 2677 977 2732 est
1008 2687 1239 2731 nomen
1284 2686 1645 2744 commune,
1683 2667 1875 2729 inter—

378 2775 796 2851 pretaturque
829 2785 1124 2849 regnans.
1158 2766 1611 2829 Verumtamen
1652 2774 1872 2848 postea

382 2865 510 2929 fuit
527 2865 801 2944 Nechao,
817 2864 931 2947 qui
960 2872 1223 2929 vocatur
1242 2872 1307 2927 et
1333 2864 1592 2939 Pharan,
1614 2872 1684 2926 ut
1706 2863 1875 2926 infra

381 2963 550 3027 libro
579 2972 810 3046 quarto
840 2964 1166 3027 asseritur.
1192 2963 1284 3025 Ad
1313 2963 1486 3043 quod
1517 2962 1750 3044 poterit
1781 2982 1876 3024 re-

1985 1979 2255 2061 Hebraei)
2282 1980 2505 2062 genuit
2549 1979 2783 2057 filium,
2819 1980 3001 2062 quasi
3043 1989 3262 2044 contra
3294 1990 3475 2044 natu-

1984 2098 2139 2155 ram,
2173 2098 2376 2161 quum
2406 2079 2611 2141 adhuc
2657 2078 3065 2141 undecimum
3111 2088 3323 2160 ageret
3370 2100 3477 2142 an-

1983 2197 2158 2240 num.
2192 2178 2505 2259 Iosephus
2548 2196 2807 2259 quoque
2848 2185 3113 2241 testatur
3148 2195 3161 2239 :
3196 2177 3473 2241 Mortuus

1982 2285 2079 2339 est
2107 2277 2404 2339 Salomon
2433 2276 2617 2339 valde
2649 2270 2997 2358 longaevuS,
3038 2275 3149 2360 qui
3183 2277 3473 2359 regnavit

1983 2374 2168 2437 annis
2200 2375 2557 2455 octoginta3
2602 2375 2759 2440 vixit
2796 2383 3009 2438 autem
3050 2376 3237 2438 annis
3277 2394 3472 2440 nona-

1980 2474 2157 2554 ginta
2206 2482 2499 2555 quatuor.
2558 2473 2676 2536 Sed
2723 2474 2944 2537 divina
2992 2473 3317 2557 Scriptura
3364 2494 3471 2537 eos

1982 2580 2231 2650 tantum
2278 2571 2579 2653 exprimit
2624 2590 2825 2635 annos
2870 2572 3105 2654 quibus
3158 2572 3467 2653 regnavit,

1981 2678 2322 2751 antequam
2372 2670 2914 2750 praevaricaretur.
2966 2672 3043 2732 Et
3090 2672 3224 2735 haec
3281 2672 3475 2735 verba

1982 2767 2231 2830 inducit
2259 2767 2547 2848 Magister
2579 2767 2643 2829 in
2685 2768 2969 2832 historiis
3001 2787 3117 2851 pro
3156 2769 3473 2833 solutione

1983 2866 2377 2948 quaestioniS‚
2421 2886 2549 2947 qua
2583 2866 2832 2948 quaerit,
2868 2885 2997 2948 qua
3041 2867 3285 2930 ratione
3322 2867 3476 2929 dici-

1985 2973 2087 3027 tur
2117 2964 2412 3028 Salomon
2446 2984 2637 3027 senex
2669 2964 2889 3041 fuisse,
2924 2984 3123 3047 quum
3152 2965 3475 3028 modicum

381 3062 709 3146 sponderi,
729 3062 900 3144 quod
933 3081 1062 3126 non
1092 3060 1355 3125 fuerunt
1383 3079 1603 3124 omnes
1634 3079 1748 3144 per
1777 3079 1877 3124 or·
1911 3068 1954 3132 C
1987 3064 2151 3126 ultra
2179 3062 2647 3146 quinquaginta
2690 3082 2890 3127 annos
2932 3064 3182 3146 legatur
3216 3064 3473 3128 vixisse.

381 3163 602 3225 dinem
642 3162 730 3225 ita
772 3161 1001 3237 vocati,
1050 3169 1194 3243 post
1240 3168 1510 3223 mortem
1535 3160 1876 3223 Pharaonis

381 3259 661 3344 prael'ati,
687 3268 758 3322 ut
786 3268 954 3322 ante.
980 3262 1065 3322 Ec
1095 3261 1230 3338 fuit
1259 3261 1334 3319 in
1365 3262 1648 3337 AE‘qypto
1680 3279 1878 3339 usque

380 3363 472 3420 acl
498 3345 767 3421 mortem
795 3359 1184 3420 Salomonis.

464 3460 820 3537 Reliquum
857 3467 1074 3518 aulem
1117 3459 1454 3518 verborum
1487 3457 1874 3528 Salomoni-3,

381 3567 443 3618 ec
469 3557 696 3616 omnia
725 3575 868 3635 quoe
895 3555 1072 3632 feeit,
1104 3564 1164 3615 et
1200 3556 1525 3631 sapiencia
1552 3554 1714 3632 eju-3,
1746 3574 1880 3613 ecce

384 3657 699 3716 universa
737 3655 981 3730 scripta
1019 3661 1170 3714 sunl
1211 3654 1282 3712 in
1327 3654 1489 3713 libro
1538 3655 1880 3712 Verborum

383 3755 648 3815 dierum
676 3753 1066 3815 Salomonis,
1098 3750 1214 3813 Per
1243 3769 1434 3832 quem
1480 3749 1714 3812 librum
1745 3751 1883 3833 qui-

385 3853 534 3915 dam
563 3859 950 3934 putaverunt
980 3849 1219 3912 librum
1238 3850 1762 3932 Paralipomenon
1786 3851 1882 3912 in-

385 3951 830 4031 telligendum,
855 3949 1010 4031 quia
1037 3953 1521 4033 παραλειπομένον
1541 3948 1764 4011 Latine
1794 3949 1883 4009 in-

388 4057 797 4131 terpretatur,
822 4047 1018 4111 verba
1047 4047 1317 4110 dierum.
1344 4046 1518 4121 Quod
1554 4055 1720 4110 stare
1753 4066 1881 4110 non

387 4156 619 4230 potest,
652 4147 807 4229 quia
836 4166 954 4210 nec
985 4146 1053 4209 in
1083 4146 1607 4229 Paralipomenon
1640 4145 1877 4227 scripta

1984 3161 2263 3225 Roboam
2298 3162 2471 3225 enim
2513 3162 2939 3243 quadraginta
2981 3170 3045 3225 et
3082 3163 3272 3226 unius
3320 3163 3474 3226 anni

1987 3268 2141 3337 erat,
2175 3268 2355 3342 patre
2392 3279 2510 3324 suo
2551 3261 2885 3324 Salomone
2923 3261 3249 3340 defuncto,
3282 3281 3476 3344 quem

1987 3359 2285 3423 Salomon
2322 3379 2523 3441 quum
2572 3359 2867 3422 undecim
2917 3367 3083 3422 esset
3130 3377 3471 3438 annorum,

1985 3457 2283 3538 genuisse
2313 3457 2707 3540 perhibetur.

2064 3556 2390 3632 Praeterea‚
2424 3555 2594 3619 circa
2621 3556 2755 3620 haec
2788 3556 3011 3620 recitat
3038 3555 3475 3640 Lyrazoccur-

1987 3655 2070 3717 rit
2110 3655 2217 3718 hic
2255 3653 2543 3732 dubium,
2587 3653 2861 3736 qualiter
2898 3655 3146 3718 dicatur
3177 3653 3471 3719 Salomon

1988 3773 2180 3818 senex
2220 3753 2437 3830 fuisse,
2472 3754 2729 3835 quando
2758 3755 3141 3835 depravatus
3191 3753 3318 3816 fuit
3366 3774 3482 3837 per

1991 3853 2313 3930 muliereS,
2339 3852 2491 3933 quia
2516 3852 2673 3914 dicit
2702 3850 2902 3914 Rabbi
2930 3852 3251 3930 Salomon,
3274 3861 3339 3917 et
3370 3853 3481 3916 alii

1989 3951 2257 4028 Hebraei,
2281 3951 2454 4032 quod
2484 3957 2619 4013 erat
2652 3958 2895 4012 tantum
2925 3951 3262 4014 duodecim
3294 3971 3486 4016 anno-

1991 4069 2154 4126 rum,
2190 4049 2445 4133 quando
2477 4049 2670 4130 coepit
2701 4066 2985 4128 regnare,
3022 4058 3085 4112 et
3116 4049 3183 4112 in
3219 4051 3342 4115 isto
3384 4071 3486 4115 ca—

1992 4146 2197 4230 pitulo
2228 4147 2481 4224 dicitur,
2517 4147 2688 4228 quod
2718 4147 3142 4229 quadraginta
3170 4149 3358 4211 annis
3389 4169 3487 4213 re-

389 4255 542 4310 sunt
571 4246 824 4329 reliqua
841 4246 1036 4311 verba
1053 4254 1118 4310 et
1141 4265 1335 4328 opera
1354 4244 1730 4322 Salomonis,
1752 4244 1880 4306 imo
1913 4249 1962 4310 D
1991 4245 2231 4325 gnavit,
2257 4253 2321 4309 et
2350 4245 2443 4307 sic
2471 4245 2631 4308 vixit
2660 4253 2905 4307 tantum
2934 4245 3403 4328 quinquaginta
3420 4256 3486 4310 et

389 4347 674 4410 secundo
716 4346 1243 4428 Paralipomenon
1281 4344 1372 4406 sic
1407 4342 1640 4423 legitur
1675 4361 1689 4404 :
1725 4343 1885 4405 Reli-

390 4465 521 4527 qua
567 4463 722 4508 vero
767 4463 1032 4526 operum
1077 4443 1430 4506 Salomonis
1485 4441 1772 4524 priorum
1822 4449 1886 4505 et

392 4542 914 4618 novissimorum,
947 4541 1186 4624 scripta
1223 4548 1369 4603 sunt
1413 4540 1480 4603 in
1526 4539 1739 4605 verbis
1770 4540 1886 4602 Na-

395 4643 548 4705 than
579 4640 928 4723 prophetae‚
961 4649 1024 4703 et
1054 4639 1120 4702 in
1155 4639 1337 4703 libris
1365 4639 1541 4704 Ahiae
1573 4638 1880 4718 Silonitae,

393 4745 462 4806 in
501 4743 752 4807 visione
800 4759 1055 4823 quoque
1084 4741 1261 4805 Addo
1306 4741 1603 4806 videntis,
1647 4741 1887 4805 Idcirco

392 4841 558 4904 liber
587 4841 707 4904 iste
725 4839 1081 4902 Verborum
1100 4839 1346 4900 dierum
1368 4839 1745 4918 SalomoniS,
1759 4859 1888 4902 cre-

392 4939 568 5002 ditur
599 4957 730 5002 non
760 4937 1002 5014 haberi,
1027 4945 1091 5000 et
1121 4935 1332 4999 forsan
1364 4936 1728 5000 aChaldaeis
1763 4937 1886 4999 suit

393 5037 766 5102 combustus
787 5061 801 5112 ;
828 5035 1044 5100 forsan
1077 5035 1268 5098 etiam
1299 5054 1413 5117 per
1433 5033 1670 5097 librum
1692 5036 1883 5098 istum

395 5137 847 5216 intelliguntur
888 5133 1221 5216 pluraliter
1251 5132 1345 5194 illi
1381 5132 1528 5195 libri
1561 5133 1626 5195 in
1655 5133 1887 5196 Parali-

395 5253 718 5319 pomenon
747 5233 1024 5314 allegati.
1058 5235 1210 5296 Dies
1237 5243 1454 5294 autem
1483 5254 1637 5313 quos
1664 5253 1889 5311 reyna-

397 5337 494 5398 vit
527 5338 838 5399 Salomon
885 5335 956 5394 in
993 5337 1351 5395 Jerusalem
1391 5353 1585 5412 super
1632 5352 1882 5394 omnem

650 5467 718 5519 T.
753 5469 801 5518 3.

1991 4343 2242 4407 duobus
2272 4343 2482 4405 annis,
2517 4343 2654 4425 lpse
2692 4352 2903 4406 autem
2946 4345 3327 4426 depravatus
3361 4345 3485 4408 ruit

1993 4460 2107 4525 per
2135 4442 2437 4504 mulieres
2482 4451 2627 4505 ante
2670 4451 2941 4506 mortem
2984 4463 3189 4520 suam,
3222 4463 3337 4526 per
3374 4462 3483 4508 sex

1991 4559 2191 4605 annos
2213 4549 2321 4604 aut
2341 4539 2615 4618 circiter,
2631 4540 2935 4622 quoniam
2957 4541 3307 4604 aedificavit
3326 4551 3483 4605 tem-

1992 4640 2098 4722 pla
2129 4639 2439 4703 idolorum
2483 4657 2600 4722 pro
2630 4638 2937 4702 uxoribus
2978 4640 3111 4702 suis
3142 4649 3481 4722 postquam

1995 4737 2118 4800 fuit
2160 4739 2564 4820 depravatus,
2607 4737 2674 4798 in
2720 4756 2996 4818 quorum
3040 4737 3486 4802 {edificationi-

1992 4837 2111 4900 bus
2143 4836 2472 4900 fluxerunt
2501 4837 2715 4918 plures
2750 4835 2900 4899 anni
2938 4855 2953 4898 ε
2988 4845 3053 4900 et
3095 4837 3187 4901 sic
3226 4839 3483 4920 quando

1992 4936 2117 4999 fuit
2145 4937 2562 5018 depravatum
2592 4953 2700 4997 cor
2729 4935 2890 5016 ejuS,
2926 4953 3055 4998 non
3091 4936 3344 4999 videtur
3376 4937 3488 4999 ha·-

1991 5034 2208 5098 buisse
2239 5036 2406 5097 ultra
2424 5033 2843 5116 quadraginta
2874 5051 2982 5096 sex
3012 5053 3213 5098 annos
3236 5035 3336 5098 vel
3371 5035 3489 5099 cir-

1993 5135 2172 5198 citer.
2218 5134 2307 5196 Ex
2345 5133 2455 5196 tali
2496 5141 2708 5197 autem
2755 5141 2939 5196 aetatc
2991 5132 3210 5196 nullus
3249 5132 3485 5197 dicitur

1994 5233 2251 5315 proprie
2297 5251 2513 5296 senex.
2544 5232 2651 5294 His
2700 5232 2875 5295 addit
2910 5231 3051 5296 :Ad
3096 5234 3217 5297 hoc
3264 5241 3476 5297 autem

1995 5330 2335 5411 respondet
2364 5329 2652 5409 Magister
2684 5327 2749 5391 in
2781 5329 3091 5410 historiiS,
3116 5329 3286 5414 quod
3317 5331 3485 5396 Salo·

3173 5466 3237 5516 43
