4359 6250
906 493 1024 558 398

1456 509 1805 558 manuario
1846 509 1904 555 ΙΝ
1950 509 2086 555 cn.
2146 508 2268 555 XXV
2313 508 2472 554 unm
2510 508 2680 556 mun
2719 511 2945 558 necuit.
2991 531 3070 540 —
3111 511 3253 558 ΛΒΤ.
3299 512 3444 558 xuu

900 683 1032 747 suis
1072 683 1347 765 peccatis
1396 682 1773 757 sustineant,
1822 699 1939 744 nec
1988 680 2105 742 tibi
2156 698 2392 761 praeva-
2419 677 2472 740 A
2501 678 2724 764 [tuam]
2767 683 2846 746 ad
2877 683 3434 765 multiplicandum
3464 692 3640 747 actus
3671 683 3984 746 virtutum

900 781 1092 858 leant,
1141 782 1306 846 sicut
1354 780 1547 845 Nabal
1595 780 1727 860 jam
1776 779 2207 852 sustinuisset,
2265 776 2390 838 nisi

898 879 1015 943 tibi
1064 881 1527 952 occurrissem3
1561 887 1625 942 et
1667 877 2030 954 sustinebit,
2064 875 2220 958 quia
2261 893 2387 938 non

894 979 1016 1042 erit
1046 979 1422 1061 impunitus,

976 1083 1375 1157 Quapropter
1395 1079 1639 1154 suscipe
1670 1075 2167 1135 benedictionem
2197 1075 2383 1141 hanc,

893 1177 957 1240 id
1009 1186 1104 1240 est
1152 1196 1419 1240 munera
1468 1176 1587 1238 ista
1636 1193 1781 1256 quae
1831 1172 1947 1234 tibi
1998 1173 2268 1248 adduco,
2324 1178 2388 1233 et

893 1277 1108 1339 tribuo
1150 1274 1366 1356 gratiS,
1401 1294 1544 1358 quae
1587 1281 1737 1336 sunt
1780 1290 1971 1335 causa
2016 1279 2078 1333 et
2118 1267 2386 1332 materia

893 1374 1380 1452 benedictionis,
1400 1396 1597 1455 quam
1619 1374 1843 1434 attulit
1863 1373 2109 1432 ancilla
2134 1379 2246 1430 tua
2269 1369 2387 1429 tibi

894 1478 1155 1536 domino
1188 1495 1321 1536 meo
1340 1498 1367 1546 ,·
1402 1484 1463 1535 et
1492 1477 1577 1534 da
1610 1473 1838 1550 pueris
1868 1473 1986 1552 qui
2023 1477 2386 1550 sequuntur

898 1585 953 1636 ce
982 1575 1321 1635 dominum
1354 1593 1586 1634 meum.
1606 1573 1819 1648 Aufer
1850 1570 2266 1649 iniquitatem
2286 1566 2388 1642 fa-

894 1677 1090 1734 mulae
1114 1683 1260 1743 tuoe,
1300 1671 1363 1733 id
1403 1679 1520 1746 est,
1555 1669 1808 1752 culpam
1841 1667 1962 1733 viri
2004 1665 2151 1740 mei,
2187 1682 2380 1745 quam

896 1789 1089 1852 super
1118 1790 1219 1833 me
1268 1769 1506 1851 accepi,
1554 1769 1832 1849 ignosce.
1888 1767 2158 1828 Faciens
2207 1763 2384 1822 enim

2498 786 2690 860 atque
2732 782 2810 843 ad
2854 781 3352 863 prolificandum
3396 782 3463 844 in
3509 799 3722 861 regne,
3765 799 3988 862 quem-

2499 878 2840 942 admodum
2871 881 3225 944 custoditur
3265 880 3608 944 fasciculus
3649 880 3874 943 vitium
3917 879 3987 940 in

2497 996 2682 1058 aqua,
2715 987 2786 1040 ut
2821 981 3338 1061 transplantetur.
3387 979 3616 1061 Sicque
3659 978 3990 1060 metapho-

2497 1074 2627 1138 rice
2659 1076 2964 1158 loquitur,
2997 1087 3300 1160 tanquam
3330 1078 3498 1142 dicat
3523 1099 3538 1142 ε
3563 1077 3740 1142 Sicut
3767 1097 3984 1138 ramu-

2496 1174 2656 1237 sculi
2689 1175 2892 1240 vineae
2922 1178 3302 1258 colligantur
3331 1188 3395 1241 et
3437 1179 3502 1240 in
3541 1196 3707 1258 aqua
3733 1194 3985 1258 ponun-

2495 1281 2620 1350 tur,
2639 1283 2706 1336 ut
2726 1274 2879 1337 alibi
2903 1274 3262 1340 inferantur
3281 1287 3392 1339 aut
3411 1277 3980 1358 transplantentur,

2494 1370 2586 1432 sic
2617 1372 2801 1436 electi
2831 1383 2894 1436 et
2923 1375 3190 1438 virtuosi
3230 1395 3403 1439 nunc
3434 1376 3879 1438 custodiuntur
3913 1374 3981 1434 in

2492 1488 2658 1551 aqua
2695 1473 3026 1554 sapientiae
3067 1492 3337 1555 roreque
3380 1473 3621 1555 gratiae,
3663 1483 3984 1555 quatenus

2494 1575 2778 1652 tempore
2817 1570 3084 1653 praefixo
3125 1592 3162 1635 a
3200 1573 3466 1636 Domino
3513 1571 3982 1635 transferantur

2493 1667 2570 1728 ad
2601 1668 2926 1750 regionem
2969 1671 3243 1734 feliciter
3273 1670 3650 1746 viventium,
3683 1679 3748 1734 et
3784 1669 3982 1733 collo—

2493 1773 2718 1828 centur
2760 1767 2826 1830 in
2871 1768 3075 1850 patria
3118 1769 3472 1832 Beatorum.
3506 1773 3712 1832 Porro
3753 1770 3984 1830 inimi-

891 1870 1090 1945 facz'et
1131 1870 1248 1930 tibi
1282 1871 1599 1930 Dominus
1640 1866 1901 1926 domino
1941 1883 2073 1924 meo
2116 1865 2382 1922 domum
2421 1859 2466 1923 B
2492 1884 2712 1926 corum
2759 1877 3016 1929 tuorum
3059 1871 3284 1930 anima
3328 1871 3672 1940 rotabitur,
3705 1868 3824 1931 hoc
3851 1876 3975 1940 est,

888 1972 1171 2045 fidelem,
1201 1968 1265 2030 id
1310 1975 1428 2042 est,
1464 1965 1695 2046 regiam
1736 1963 1993 2027 domum
2026 1979 2220 2044 quam
2263 1957 2379 2020 tibi

889 2067 1203 2149 promisit,
1223 2065 1502 2130 fideliter
1531 2064 1816 2128 conferet
1848 2061 2065 2136 tibi,et
2094 2058 2380 2122 sobolem

888 2174 1079 2247 atque
1100 2164 1409 2228 familiam
1432 2183 1575 2245 quae
1604 2162 1724 2225 erit
1745 2163 1871 2224 Deo
1891 2169 1954 2224 et
1984 2159 2100 2222 tibi
2136 2156 2372 2232 fidelis,

886 2267 1044 2345 quia
1068 2267 1303 2342 praelia
1336 2264 1628 2333 Domini,
1663 2263 1925 2321 domine
1958 2260 2072 2326 mi,
2110 2268 2184 2318 tu
2208 2276 2380 2335 prce-

889 2365 1106 2432 liaris,
1156 2362 1218 2424 id
1268 2369 1389 2438 est,
1442 2361 1615 2442 justa
1662 2367 1725 2421 et
1774 2365 2033 2420 strenua
2079 2354 2250 2417 bella
2297 2362 2366 2414 tu

889 2479 1163 2524 exerces
1197 2460 1383 2534 Quasi
1434 2459 1604 2521 dicat
1646 2477 1659 2522 ε
1704 2455 2041 2537 RegnabiS,
2095 2453 2262 2534 quia·
2297 2451 2376 2513 ad

888 2559 999 2624 Dei
1031 2560 1335 2622 honorem
1370 2576 1485 2640 pro
1516 2576 1583 2619 re
1609 2555 1867 2638 publica
1897 2571 2164 2636 pugnas.
2187 2553 2380 2612 Mali-

892 2662 985 2721 tia
1015 2678 1160 2736 erqo
1182 2679 1309 2719 non
1340 2660 1412 2716 in
1424 2658 1726 2716 veniatur
1744 2657 1815 2714 in
1850 2663 1905 2713 te
1934 2653 2230 2712 omnibus
2247 2651 2379 2710 die-

887 2761 1002 2818 bus
1026 2759 1173 2820 vitoe
1201 2753 1554 2829 tuae.Quasi
1585 2751 2147 2831 dicattNunquam
2180 2747 2378 2810 inhae-

887 2865 1023 2920 reat
1066 2855 1182 2919 tibi
1224 2854 1488 2928 malitia,
1524 2853 1610 2915 ita
1647 2860 1717 2914 ut
1752 2858 1893 2932 post
1923 2846 2370 2911 rationabilem

888 2954 1363 3036 persuasionem
1398 2967 1765 3034 perseveres
1794 2948 1859 3010 in
1892 2947 2081 3009 malo.
2109 2946 2238 3008 Hoc
2267 2945 2377 3007 ad-

2492 1962 2622 2026 vita
2669 1967 3187 2046 persequentium
3229 1975 3310 2042 te,
3359 1967 3482 2029 erit
3531 1966 3870 2043 instabilis,
3908 1974 3974 2027 et

2488 2079 2602 2143 per
2649 2063 2916 2126 adversa
2963 2084 3035 2128 ac
3083 2065 3240 2130 vitia
3287 2065 3842 2140 circumvolvetur,
3879 2085 3978 2128 ca·

2486 2159 2614 2236 det,
2662 2170 2726 2224 et
2773 2162 2852 2224 de
2889 2163 3188 2227 societate
3240 2163 3530 2228 vivorum
3573 2163 3970 2246 projicietur,

2487 2262 2677 2340 quasi
2705 2263 2778 2321 in
2815 2265 3062 2340 impetu
3089 2273 3150 2324 ec
3178 2266 3420 2324 circulo
3449 2266 3702 2342 fumioe,
3733 2263 3852 2325 hoc
3881 2271 3976 2326 est

2486 2357 2810 2436 velociter,
2847 2360 3012 2424 sicut
3054 2361 3216 2444 lapis
3259 2380 3339 2424 ex
3378 2361 3578 2425 funda
3608 2362 3972 2444 projicitur.

2570 2461 2784 2526 Quum
2813 2479 2960 2537 erqo
2981 2462 3300 2522 Dominus
3317 2461 3543 2538 fecerit
3567 2463 3686 2520 tibi
3709 2464 3976 2522 domino

2487 2575 2621 2615 meo
2660 2560 2884 2618 omnia
2919 2561 3076 2627 hoec,
3105 2579 3249 2638 quoe
3288 2563 3534 2620 locutus
3567 2569 3658 2620 est
3697 2562 3858 2620 bona
3895 2563 3978 2619 de

2491 2662 2567 2724 te,
2589 2664 2648 2713 et
2668 2658 3072 2716 constituerit
3105 2666 3161 2716 te
3189 2660 3413 2717 dacem
3441 2677 3634 2734 super
3661 2662 3892 2726 Israel,
3909 2658 3974 2720 id

2485 2758 2601 2827 est,
2645 2759 2707 2814 te
2740 2771 2952 2834 regem
2994 2753 3239 2830 fecerit,
3278 2774 3406 2816 non
3435 2758 3560 2816 erit
3591 2757 3710 2816 tibi
3738 2760 3853 2817 hoc
3897 2760 3968 2816 in

2482 2849 2868 2926 sinyultum,
2912 2852 3031 2915 hoc
3077 2861 3173 2914 est
3223 2851 3449 2916 fletum
3499 2853 3843 2930 intensum,
3892 2855 3973 2918 de

2481 2964 2610 3027 quo
2645 2947 2962 3030 singultus
3005 2951 3306 3033 erumpit,
3340 2962 3401 3013 ec
3446 2955 3522 3012 in
3561 2957 3969 3030 scrupulum,

885 3053 975 3115 dit
1030 3053 1308 3136 prudens
1356 3050 1491 3113 haec
1542 3047 1803 3125 femina,
1848 3046 1925 3108 ad
1975 3044 2373 3107 innuendum
2409 3047 2454 3110 C
2484 3044 2603 3106 hoc
2661 3054 2757 3108 est
2815 3065 3189 3126 remorsum,
3243 3051 3454 3110 cordis
3500 3051 3762 3110 domino
3809 3071 3968 3121 meo,

885 3152 1056 3234 quod
1088 3152 1140 3214 si
1160 3149 1354 3215 David
1385 3148 1723 3213 occidisset
1752 3147 1965 3229 ipsum
1996 3143 2215 3219 Nabal,
2242 3143 2376 3204 nul-

886 3251 946 3315 lo
975 3251 1421 3327 intercedente,
1446 3254 1818 3311 occurrente
1846 3251 1906 3307 et
1938 3240 2374 3305 satisfaciente

886 3367 1002 3433 pro
1050 3349 1183 3425 illo,
1231 3348 1540 3430 potuisset
1589 3346 1709 3408 hoc
1759 3341 2036 3408 adscribi
2085 3341 2369 3422 passioni

886 3447 995 3512 irae
1034 3447 1246 3531 potius
1276 3466 1469 3529 quam
1512 3443 1795 3508 malitiae.
1831 3441 1952 3504 Sed
1984 3440 2039 3501 si
2068 3448 2213 3521 post
2245 3450 2370 3503 tam

884 3546 1304 3611 affectuosam
1334 3565 1409 3609 ac
1428 3543 1737 3607 humilem
1770 3558 2021 3623 precem
2043 3548 2106 3601 et
2128 3537 2373 3600 satisfa-

883 3645 1157 3710 ctionem
1193 3644 1395 3727 ipsius
1432 3642 1700 3723 Abigail,
1744 3642 1808 3703 id
1839 3639 2115 3713 fecisset,
2146 3636 2374 3699 fuisset

883 3744 1141 3809 malitiae
1173 3742 1685 3805 adscribendum.
1724 3740 1891 3802 Hanc
1920 3756 2070 3819 ergo
2100 3737 2375 3800 clemen-

884 3843 1035 3907 tiam
1084 3842 1282 3919 facies
1332 3840 1644 3922 proximo,
1696 3846 2013 3919 quatenus
2064 3835 2368 3898 merearis

884 3943 1179 4025 pietatem
1210 3949 1272 4003 et
1302 3937 1759 4022 protectionem
1798 3935 2136 4015 gratiosam
2171 3933 2372 4015 impe-

882 4050 1047 4104 trare
1080 4058 1117 4103 a
1152 4040 1299 4103 Deo.
1338 4037 1497 4099 Hinc
1536 4034 1831 4098 subditur
1866 4050 1880 4095 :

964 4142 1041 4201 Sa·
1068 4139 1245 4199 enim
1263 4138 1623 4197 surreoeerit
1642 4136 1999 4213 aliquando
2028 4134 2214 4192 homo
2227 4152 2372 4211 per-

2483 3148 2655 3223 quod
2689 3148 2994 3223 effuderis
3029 3150 3416 3225 sanquinem
3466 3151 3812 3209 innocue-'um
3861 3149 3972 3211 do-

2483 3243 2888 3307 mesticorum
2941 3245 3160 3321 Nabal,
3207 3245 3319 3328 qui
3371 3264 3498 3309 non
3543 3255 3970 3328 peccaverunt

2482 3339 2548 3402 in
2597 3349 2681 3419 te,
2727 3354 2844 3404 aut
2889 3346 3022 3423 ipse
3067 3354 3122 3404 te
3163 3349 3342 3406 ultus
3381 3348 3591 3424 fueris
3639 3345 3717 3407 de
3763 3343 3958 3406 Nabal

2482 3440 2742 3522 propria
2759 3460 2952 3504 manu
2973 3450 3082 3504 aut
3103 3450 3406 3525 usurpata
3424 3442 3972 3505 auctoritate.Non·

2481 3538 2632 3600 dum
2683 3539 2856 3601 enim
2904 3542 3002 3619 (ut
3051 3540 3292 3603 dictum
3335 3544 3462 3620 est)
3503 3540 3724 3604 habuit
3767 3541 3964 3603 David

2481 3656 2666 3698 usum
2701 3646 2764 3700 et
2792 3638 3165 3700 exercitium
3197 3638 3388 3719 regiae
3417 3640 3744 3721 potestatis
3773 3659 3844 3705 ac
3875 3641 3970 3721 ju·

2481 3734 2889 3812 risdictioniS,
2925 3737 3036 3799 sed
3069 3746 3298 3799 unctus
3340 3737 3461 3800 fuit
3503 3740 3582 3800 ad
3621 3739 3968 3802 succeden-
4021 3758 4214 3810 ιηιμιι,

2481 3832 2630 3895 dum
2664 3842 2807 3915 post
2829 3834 2974 3896 Saul
2998 3834 3064 3896 in
3089 3853 3282 3916 regno
3304 3854 3319 3897 t
3345 3836 3584 3900 idcirco
3607 3856 3722 3900 nec
3741 3856 3964 3901 verum
3997 3824 4058 3862 ¹³·

2479 3950 2640 4009 reor,
2675 3933 2848 4014 quod
2897 3933 2962 3995 in
3011 3933 3410 4015 expositione
3457 3934 3650 4017 hujus
3695 3936 3966 4017 capituli

2477 4031 2704 4093 asserit
2751 4032 3036 4112 quidam,
3083 4034 3254 4113 quod
3299 4032 3496 4097 David
3542 4035 3624 4097 de
3669 4035 3810 4115 jure
3857 4052 3970 4117 po-

2479 4129 2702 4192 tuisset
2743 4130 3032 4212 accipere
3078 4130 3158 4193 de
3206 4130 3397 4193 rebus
3444 4132 3641 4195 Nabal
3694 4151 3808 4214 pro
3847 4152 3967 4196 sua

876 4256 1139 4317 sequens
1170 4246 1247 4305 te,
1273 4238 1367 4295 vel
1397 4254 1686 4313 quoerens
1716 4233 2036 4298 animam,
2059 4229 2125 4290 id
2156 4237 2254 4291 est
2281 4229 2370 4291 vi·
2399 4228 2448 4289 D
2479 4228 2824 4305 voluntate,
2849 4248 3049 4310 quum
3069 4236 3236 4291 esset
3263 4248 3370 4291 rex
3396 4240 3651 4307 unctuS,
3675 4239 3738 4294 et
3767 4232 3834 4293 in
3857 4252 3966 4295 ne·

878 4344 1007 4397 tam
1031 4345 1234 4403 tuam,
1258 4332 1335 4394 ad
1362 4330 1802 4405 occidendum,
1826 4327 2366 4410 quemadmodum

880 4432 1026 4495 Saul
1074 4431 1185 4493 diu
1230 4438 1295 4493 et
1348 4428 1673 4491 multoties
1734 4426 1904 4503 fecit,
1955 4429 2082 4487 erit
2131 4428 2362 4487 anima

876 4531 1131 4593 domini
1170 4530 1299 4589 mei
1340 4528 1658 4587 custodita
1707 4527 1897 4605 quasi
1942 4528 2011 4584 fn
2056 4527 2370 4601 fasciculo

878 4630 1241 4691 viventium
1280 4628 1461 4704 apud
1499 4626 1851 4686 Dominum
1897 4626 2105 4685 Deum
2154 4634 2360 4684 tuum.

876 4728 1040 4791 Deus
1082 4724 1395 4790 custodiet
1443 4732 1504 4786 et
1547 4720 1845 4785 defendet
1892 4730 1953 4785 te
1994 4740 2033 4783 a
2080 4722 2368 4804 periculo

876 4836 1005 4890 tam
1052 4826 1412 4905 diligenter,
1445 4841 1519 4884 ac
1558 4821 1613 4883 si
1660 4820 1725 4881 in
1764 4830 1934 4883 sorte
1980 4830 2043 4883 et
2092 4838 2362 4883 numero

876 4943 1127 5006 semper
1164 4921 1517 4987 viventium
1560 4918 1945 4983 constitutus
1990 4921 2121 5000 ¹jam
2166 4939 2361 4982 esses,

874 5024 1051 5087 Unde
1074 5020 1369 5091 Hebraeus
1390 5018 1601 5093 habet,
1614 5016 1802 5091 Quasi
1828 5017 1893 5079 in
1916 5016 2175 5080 vinculo
2192 5018 2361 5092 vitae,

874 5123 995 5187 hoc
1026 5130 1120 5184 est
1154 5120 1219 5182 in
1251 5118 1625 5181 Sanctorum
1655 5116 1947 5196 collegio.
1982 5114 2125 5178 Alia
2154 5116 2366 5178 littera

874 5220 1089 5295 habet,
1112 5220 1179 5282 ln
1210 5216 1517 5280 fasciculo
1546 5214 1797 5291 vitium,
1826 5224 2127 5296 tanquam
2146 5215 2360 5280 dicat:

874 5318 963 5382 lta
1006 5316 1321 5383 custodiet
1372 5314 1675 5379 Dominus
1722 5313 1919 5377 vitam
1970 5322 2035 5376 et
2082 5314 2364 5377 animam

2476 4326 2766 4389 cessitate
2799 4328 3064 4409 positus,
3079 4327 3528 4391 Verumtamen
3559 4328 3772 4404 fateor,
3789 4332 3964 4411 quod

2478 4426 2822 4490 necessitas
2861 4434 3242 4503 excusasset,
3291 4428 3343 4489 si
3387 4426 3613 4491 fuisset
3657 4436 3783 4491 tam
3827 4450 3966 4492 ma-

2475 4544 2620 4607 gna.
2671 4528 2754 4586 Et
2792 4546 2996 4605 quum
3037 4527 3412 4603 benefecerit
3461 4529 3776 4589 Dominus
3821 4528 3964 4590 uni-

2475 4642 2804 4687 versorum
2843 4626 3106 4684 domino
3153 4644 3284 4684 meo
3331 4623 3549 4699 David,
3583 4626 3962 4690 collocando

2475 4742 2620 4785 eum
2643 4721 2709 4783 in
2742 4721 2971 4783 throno
3002 4722 3222 4801 regali,
3241 4726 3673 4783 recordaberis
3701 4728 3963 4787 aneilloe

2478 4832 2628 4890 tene,
2669 4831 2729 4881 e!
2779 4830 2850 4880 tu
2887 4823 3240 4897 benefacies
3279 4824 3369 4890 el,
3409 4820 3530 4885 hoc
3565 4832 3682 4897 est,
3717 4842 3963 4887 memor

2473 4919 2600 4982 eris
2647 4917 2772 4981 mei
2821 4917 2888 4979 in
2939 4916 3177 4981 bonum
3227 4926 3294 4981 et
3337 4928 3554 4999 gratus
3615 4920 3959 4985 benefieiis

2473 5016 2932 5079 meiS.Videtur
2963 5015 3098 5078 haec
3121 5016 3350 5079 mulier
3377 5017 3561 5097 quasi
3583 5020 3960 5101 prophetico

2475 5116 2704 5198 spiritu
2751 5132 2890 5177 esse
2941 5113 3170 5177 locuta.
3225 5115 3378 5177 Nam
3427 5125 3492 5178 et
3535 5117 3796 5198 quidam
3849 5120 3960 5182 He*

2477 5213 2628 5277 braei
2653 5213 2942 5290 fatentur,
2960 5214 3136 5294 quod
3155 5232 3270 5296 per
3287 5215 3584 5297 spiritum
3607 5218 3960 5299 prophetia!

2475 5320 2737 5377 noverat
2765 5330 2948 5375 suum
2979 5312 3190 5375 virum
3225 5312 3294 5375 in
3331 5314 3510 5377 brevi
3545 5316 3956 5380 moriturum.
