4359 6250
1020 513 1370 559 mannum
1413 513 1474 558 m
1516 513 1652 560 car.
1700 514 1743 560 u
1785 514 1943 560 unm
1984 513 2152 560 rium
2181 513 2423 560 nacon.
2466 533 2549 544 --
2588 514 2730 562 aar.
2778 517 2816 560 v
3346 497 3465 562 269

1523 914 2171 1002 ARTICULUS
2259 918 2323 999 V

984 1189 1364 1234 baccanum
1415 1188 1690 1235 RESIDUAE
1740 1187 1959 1234 PARTts
2011 1188 2197 1234 umus
2249 1189 2523 1236 currum
2574 1190 2848 1236 SECUNDI.

516 1466 588 1528 lc
642 1466 945 1530 recitatur
989 1466 1350 1549 reprobatio
1390 1467 1526 1530 Heli
1577 1467 1864 1530 sacerdo·
1894 1465 1946 1528 A
1976 1486 2168 1530 manu
2200 1468 2297 1530 sui
2331 1468 2629 1547 ministri,
2674 1479 2737 1534 et
2770 1470 2923 1534 fecit
2958 1472 3081 1535 sibi
3122 1473 3282 1537 illud
3326 1475 3460 1538 lau-

532 1565 640 1643 tis,
681 1565 1010 1647 pontificis
1039 1585 1114 1628 ac
1142 1564 1380 1647 judicis
1411 1565 1857 1642 israelitarum,
1975 1565 2101 1628 tius
2143 1567 2355 1648 coqui.
2390 1571 2504 1630 Sic
2533 1571 2860 1649 faciebant
2900 1575 3201 1634 universo
3232 1577 3465 1636 Israeli

357 1662 788 1746 filiorumque
826 1665 990 1746 ejus,
1027 1668 1112 1726 Et
1140 1667 1304 1727 abiit
1335 1668 1587 1728 E'lcana
1624 1667 1699 1725 in
1735 1668 1864 1726 Ra·
1975 1666 2377 1728 venientium
2408 1669 2481 1728 in
2503 1669 2667 1729 Silo.

355 1764 591 1823 matha
620 1763 696 1822 in
726 1766 992 1824 domum
1013 1785 1228 1834 suam,
1261 1762 1324 1825 id
1356 1772 1472 1840 est,
1507 1782 1655 1826 cum
1681 1763 1864 1824 Anna
2053 1765 2277 1825 Etiam
2326 1776 2673 1846 antequam
2716 1771 3041 1830 adolerent
3078 1773 3364 1848 adipem,
3398 1772 3461 1836 id

356 1859 552 1922 rediit
586 1859 654 1921 in
685 1861 968 1943 propria.
993 1864 1172 1923 Puer
1202 1873 1417 1924 autem
1448 1860 1722 1937 Samuel,
1748 1861 1863 1943 qui
1972 1870 2087 1939 est,
2142 1871 2483 1945 antequam
2532 1863 2882 1929 offerentes
2932 1867 3305 1933 exhiberent
3345 1891 3459 1936 suo

355 1957 436 2020 ab
489 1958 867 2022 innocentia
903 1969 967 2022 et
1013 1961 1310 2042 puritate,
1348 1979 1477 2023 non
1523 1979 1560 2023 a
1609 1978 1857 2023 morum
1973 1962 2160 2025 modo
2204 1963 2455 2045 adipem
2500 1965 2936 2028 sacerdotibus
2987 1967 3065 2029 ad
3112 1971 3460 2033 accenden-

353 2056 730 2135 insolentia,
766 2077 926 2140 puer
956 2067 1221 2122 vocatur
1253 2077 1268 2122 z
1307 2060 1417 2122 sed
1449 2067 1513 2122 et
1543 2066 1726 2122 aetate
1758 2076 1864 2120 ex·
1973 2059 2146 2136 dum,
2201 2060 2300 2124 vel
2348 2069 2687 2143 antequam
2742 2063 2866 2144 ipsi
2919 2067 3277 2130 sacerdotes
3324 2069 3460 2132 hoc

353 2156 524 2218 stitit
555 2175 742 2238 puer,
759 2156 1043 2220 moribus
1077 2165 1284 2220 autem
1309 2164 1371 2220 et
1401 2157 1719 2238 sapientia
1739 2155 1862 2219 tuit
1972 2156 2254 2221 facerent
2289 2176 2303 2222 :
2338 2178 2485 2221 nam
2532 2161 2610 2223 ad
2660 2179 2881 2224 eorum
2930 2164 3256 2245 spectabat
3306 2167 3457 2230 ofri-

355 2255 499 2331 vir3
557 2255 689 2319 imo
729 2264 800 2318 ut
835 2255 1149 2338 Iosephus
1198 2254 1414 2333 refert,
1467 2255 1850 2319 duodecimo
1971 2255 2164 2334 cium,
2207 2276 2489 2321 cremare
2538 2259 2757 2342 adipes
2808 2279 3000 2342 super
3040 2263 3237 2328 altare
3280 2265 3459 2330 holo·
3513 2287 3748 2341 temnas,

353 2373 530 2418 anno
571 2355 722 2419 vitae
762 2374 894 2418 suae
935 2373 1120 2418 orsus
1160 2363 1256 2418 est
1294 2355 1654 2419 vaticinari.
1702 2355 1860 2418 Puer
1971 2363 2355 2433 caustorum,
2392 2364 2463 2419 ut
2501 2365 2673 2439 patet
2704 2359 2769 2420 in
2802 2358 3121 2437 Levitico;
3168 2367 3459 2427 veniebat
3489 2352 3555 2402 ¹¹·
3578 2353 3644 2395 ¹⁶·

353 2460 578 2516 autem
607 2464 748 2514 erat
781 2455 1105 2524 minister,
1122 2453 1486 2516 Levitarum
1515 2453 1848 2534 obsequio,
1964 2474 2134 2531 puer
2164 2457 2531 2527 sacerdotis,
2564 2466 2623 2517 et
2649 2459 2898 2519 dicebat
2932 2461 3325 2535 immolanti,
3371 2463 3458 2528 vi-

355 2555 428 2611 in
461 2561 804 2629 conspectu
841 2553 1134 2620 Domini,
1165 2551 1276 2633 qui
1318 2551 1628 2614 Samuelis
1674 2551 1862 2614 mini—
1970 2552 2201 2616 delicet
2248 2553 2387 2617 viro
2435 2553 2547 2636 qui
2601 2555 2838 2618 animal
2892 2557 3175 2638 adduxit,
3222 2569 3294 2644 ⁴ut
3343 2581 3459 2643 per

353 2650 632 2713 sterium
665 2649 1068 2732 approbavit,
1112 2661 1265 2712 ante
1291 2652 1530 2727 faciem
1571 2653 1728 2712 Heli
1765 2672 1863 2712 sa-
1889 2644 1935 2706 B
1969 2670 2195 2714 manus
2236 2653 2579 2717 sacerdotis
2611 2654 2881 2718 Domino
2922 2656 3271 2722 offerretur
3308 2678 3321 2722 :
3359 2665 3460 2724 Da

353 2751 659 2810 cer-dotis.
1972 2752 2139 2810 mihi
2157 2771 2417 2812 carnem
2446 2752 2525 2814 de
2546 2751 2809 2815 animali
2842 2755 3075 2834 oblato,
3096 2767 3170 2818 ut
3190 2779 3459 2839 coquam

434 2851 653 2910 Porro
681 2849 818 2925 filii
849 2849 1003 2909 Heli
1033 2854 1215 2909 erant
1242 2849 1378 2926 filii
1409 2850 1644 2920 Belial,
1670 2848 1736 2910 id
1764 2855 1860 2910 est
1967 2851 2285 2910 sacerdoti
2320 2868 2605 2913 seorsum
2643 2851 2822 2932 juxta
2858 2853 3248 2928 desiderium
3289 2857 3459 2939 ejuS.

353 2945 662 3010 indomiti
694 2953 757 3008 et
789 2946 1032 3027 absque
1055 2946 1234 3028 jugo,
1269 2948 1614 3008 nescientes
1639 2949 1862 3009 Domi·
1973 2949 2122 3010 Non
2159 2951 2337 3010 enim
2376 2952 2698 3029 accipiam
2728 2973 2769 3013 a
2802 2962 2859 3014 te
2896 2974 3158 3018 carnem
3196 2967 3465 3029 coctam,

353 3066 542 3107 num.
573 3045 710 3108 Non
740 3043 916 3107 enim
947 3043 1233 3108 sciebant
1263 3045 1602 3108 Dominum
1632 3045 1864 3128 practi-
1969 3051 2080 3108 sed
2125 3052 2401 3110 crudam
2431 3069 2455 3109 .·
2493 3051 2663 3131 quod
2710 3049 2836 3113 fuit
2884 3061 3106 3116 contra
3154 3054 3346 3118 ritum
3396 3065 3462 3120 et

353 3153 516 3208 caet
551 3143 826 3208 formata
845 3144 1132 3221 scientia,
1153 3144 1334 3225 juxta
1363 3146 1532 3226 quod
1555 3144 1860 3209 Dominus
1972 3146 2442 3213 observantiam
2488 3148 2667 3229 lcgiS,
2703 3152 3053 3215 secundum
3098 3173 3293 3236 quam
3332 3157 3465 3218 ani-

120 3251 302 3304 ὑπ’-ιω.
355 3243 446 3307 ait
469 3263 592 3326 per
619 3243 958 3305 Ieremiam
994 3263 1008 3307 :
1044 3244 1355 3306 Tenentes
1396 3243 1621 3325 legem,
1661 3243 1864 3307 nesci-
1973 3245 2124 3306 mali
2145 3245 2357 3309 occiso
2378 3254 2441 3309 et
2463 3246 2808 3325 immolatO,
2830 3268 3053 3313 carnes
3072 3252 3213 3332 ejus
3234 3272 3465 3335 coque—

357 3351 554 3406 erunt
573 3362 699 3405 me.
722 3342 1015 3405 Attamen
1047 3342 1388 3406 Dominum
1425 3352 1860 3423 cognoverunt
1974 3342 2205 3406 bantur
2250 3345 2697 3422 communiter,
2734 3354 2863 3409 tam
2908 3350 3221 3413 sacerdoti
3262 3370 3454 3439 quam

359 3441 632 3505 informi
671 3440 960 3517 scientia,
995 3441 1074 3503 de
1116 3460 1244 3523 qua
1287 3441 1366 3503 ad
1404 3442 1718 3505 Romanos
1766 3461 1862 3505 as·
1973 3441 2277 3506 offerenti
2307 3451 2412 3506 :et
2442 3452 2593 3507 tunc
2616 3463 2761 3521 una,
2784 3444 2914 3509 imo
2944 3454 3009 3509 et
3036 3448 3263 3513 melior
3289 3469 3459 3531 pars,

111 3546 333 3599 Rom-¹22¹·
360 3540 604 3603 seritur
649 3560 665 3603 :
713 3538 919 3613 Quum
967 3538 1418 3620 cognovissent
1463 3540 1684 3617 Deum,
1729 3559 1857 3604 non
1971 3541 2160 3603 cessit
2190 3541 2257 3603 in
2294 3561 2480 3603 usum
2512 3561 2585 3605 ac
2616 3562 2797 3605 esum
2828 3546 3195 3625 sacerdotiS,
3234 3549 3361 3613 alia
3390 3550 3456 3613 in

360 3640 530 3703 sicut
551 3639 753 3701 Deum
772 3636 1322 3717 glorificaverunt.
1341 3641 1560 3718 Neque
1579 3640 1859 3715 officium
1972 3659 2158 3702 usum
2190 3639 2549 3703 offerentis.
2588 3642 2967 3706 Holocausta
2995 3664 3147 3709 vero
3177 3648 3459 3713 totaliter

355 3740 770 3799 sacerdotum
789 3740 878 3798 ad
891 3737 1366 3813 poputum‚hoc
1396 3744 1512 3813 est,
1530 3737 1860 3819 proprium
1971 3738 2507 3802 comburebantur
2542 3766 2557 3817 ;
2610 3759 2728 3805 nec
2776 3741 2991 3823 aliqua
3040 3761 3186 3825 pars
3237 3746 3459 3812 hostiae

355 3836 662 3900 officium
709 3853 838 3898 non
881 3834 1189 3897 curabant
1227 3852 1592 3915 agnoscere,
1627 3854 1747 3899 nec
1787 3835 1860 3898 il·
1888 3832 1932 3895 C
1973 3837 2312 3900 immolatae
2360 3857 2476 3919 pro
2522 3848 2800 3921 peccato,
2836 3841 3027 3904 cessit
3066 3842 3133 3905 in
3173 3843 3462 3909 offeren-

356 3934 464 3997 lud
511 3933 808 3996 sciebant
854 3931 1122 3995 formata
1165 3932 1452 4009 scientia,
1487 3953 1632 4015 quae
1675 3933 1858 3997 bonae
1971 3936 2131 3998 tium
2163 3954 2349 3998 usum
2394 3956 2407 3999 :
2450 3955 2595 4018 quae
2631 3938 2847 4001 omnia
2878 3948 3097 4022 patent
3128 3941 3193 4004 in
3227 3943 3462 4009 Leviti-

353 4030 599 4095 actioni
630 4038 728 4092 est
754 4030 996 4111 juncta.
1041 4032 1172 4091 Sed
1199 4032 1588 4112 quicumque
1629 4032 1857 4093 immo-
1969 4042 2144 4112 co,et
2164 4034 2254 4096 ibi
2274 4053 2419 4097 cum
2444 4035 2794 4099 rationibus
2817 4039 2949 4099 suis
2970 4042 3255 4122 exposita
3285 4053 3455 4109 sunt.

355 4136 548 4191 lasset
593 4129 949 4198 victimam,
982 4126 1047 4189 id
1089 4135 1186 4189 est
1227 4128 1463 4191 animal
1517 4130 1856 4193 immolati-
1969 4135 2353 4213 Dicebatque
2374 4136 2482 4193 illi
2501 4136 2883 4197 immolans:
2898 4141 3299 4203 Incendatur
3320 4146 3459 4221 pri-

355 4228 530 4291 cium
571 4226 637 4289 in
677 4226 952 4289 hostiam
983 4224 1345 4307 pacificam,
1377 4228 1456 4289 de
1487 4247 1615 4309 qua
1641 4230 1857 4311 praeci-
1969 4252 2149 4292 mum
2192 4232 2402 4309 juoeta
2462 4252 2700 4293 morem
2747 4236 2960 4305 hodie,
3011 4236 3075 4299 id
3138 4246 3234 4301 est
3295 4241 3453 4322 legis

357 4344 484 4409 pue
514 4344 753 4401 sermo,
773 4326 1065 4385 veniebat
1087 4345 1256 4403 puer
1273 4329 1645 4397 sacerdotis,
1663 4327 1727 4391 id
1759 4337 1857 4391 est
1967 4329 2342 4410 jussionem,
2368 4334 2583 4408 adeps,
2617 4330 2794 4412 juxta
2821 4332 2980 4396 illud
3012 4334 3297 4416 Levitici,
3318 4339 3459 4403 Om-
3485 4362 3749 4416 masam.

357 4424 660 4488 minister
704 4422 978 4504 alicujus
1027 4422 1316 4486 filiorum
1365 4424 1502 4487 Heli
1555 4444 1632 4488 ex
1681 4445 1852 4490 com-
1970 4428 2068 4489 nis
2099 4429 2293 4511 adeps
2330 4428 2581 4492 Domini
2613 4430 2734 4493 erit
2770 4430 2913 4512 jure
2945 4443 3273 4516 perpetuo.
3308 4438 3454 4504 Ideo

359 4524 672 4586 missione
725 4520 974 4585 domini
1033 4521 1163 4599 sui,
1213 4526 1374 4584 dum
1423 4536 1854 4604 coquerentur
1968 4527 2046 4588 ad
2068 4527 2175 4589 Dei
2201 4528 2507 4591 honorem
2526 4529 2747 4592 debuit
2767 4530 2959 4613 adeps
2982 4532 3189 4613 primo
3218 4554 3458 4600 crema-

359 4644 610 4695 carnes,
629 4632 692 4683 et
732 4622 997 4683 habebat
1035 4622 1444 4709 fuscinulam
1485 4624 1852 4698 tridentem,
1969 4625 2044 4687 ri.
2079 4626 2257 4688 Unde
2289 4626 2355 4688 in
2386 4627 2762 4690 animalium
2802 4630 3227 4695 excoriatione
3256 4636 3455 4718 adeps

361 4720 422 4783 id
460 4728 560 4783 est
602 4719 883 4783 ferreum
929 4718 1424 4781 instrumentum
1464 4720 1656 4783 'trium
1705 4723 1855 4785 den·
1967 4723 2399 4805 separabatur,
2452 4736 2516 4788 et
2564 4726 2772 4808 primo
2820 4730 3311 4795 accendebatur.
3375 4737 3457 4796 Et

361 4820 545 4897 tium,
579 4837 712 4901 quo
740 4836 962 4881 carnes
994 4837 1070 4880 ex
1100 4818 1379 4881 caldaria
1407 4820 1848 4899 extrahuntur,
1968 4826 2116 4884 tolle
2155 4824 2275 4883 tibi
2314 4835 2906 4905 quantumcumque
2946 4829 3274 4890 desiderat
3312 4834 3459 4892 ani-

359 4920 432 4978 in
463 4939 674 4981 manu
699 4938 850 4987 sua,
876 4927 938 4978 et
967 4919 1257 4979 mittebat
1285 4939 1429 4979 eam
1461 4920 1531 4979 in
1566 4922 1850 4992 lebetem,
1966 4942 2072 4982 ma
2107 4931 2248 4991 tua,
2280 4921 2345 4983 id
2376 4931 2491 4999 est,
2528 4924 2605 4985 de
2638 4923 2884 5004 reliquo
2915 4942 3179 5006 corpore
3212 4927 3455 4992 anima-

359 5020 460 5077 vel
501 5022 576 5077 in
628 5017 1024 5087 caldariam,
1071 5026 1188 5077 aut
1237 5019 1310 5077 in
1360 5021 1558 5078 ollam
1603 5020 1738 5079 sive
1782 5022 1855 5080 in
1886 5022 1935 5084 D
1967 5018 2068 5097 lis,
2101 5020 2452 5101 praesertim
2485 5029 2685 5097 coct0,
2722 5021 2939 5104 accipe
2978 5033 3291 5104 quantum
3324 5028 3449 5107 viS,

359 5117 670 5176 cacabum
691 5138 718 5185 ,·
757 5124 816 5175 et
845 5134 1034 5175 omne
1071 5118 1242 5192 quod
1269 5118 1518 5177 levabat
1558 5118 1858 5193 fuscinu-
1967 5117 2159 5181 etiam
2200 5119 2345 5201 plus
2382 5138 2574 5200 quam
2614 5120 2965 5182 secundum
3014 5120 3219 5203 legem
3256 5144 3459 5190 sacer-

365 5219 456 5285 la,
485 5214 552 5277 id
584 5222 684 5278 est
721 5231 1195 5295 quamcumque
1230 5222 1474 5296 partem
1507 5215 1720 5278 carnis
1753 5236 1860 5278 ex·
1966 5217 2099 5280 doti
2130 5217 2417 5293 debetur,
2452 5217 2796 5279 dummodo
2836 5236 2963 5280 non
3000 5217 3117 5281 fiat
3154 5232 3456 5304 proetacta

365 5312 654 5377 sistentia
693 5311 760 5373 in
805 5310 953 5389 olla,
990 5314 1240 5373 tollebat
1282 5316 1570 5374 sacerdos
1613 5316 1740 5375 sibi
1780 5315 1856 5378 de
1969 5314 2208 5396 injuria
2246 5315 2392 5379 Deo.
2430 5318 2557 5386 Qut
2594 5318 2999 5395 responden-5,
3033 5320 3243 5401 aiebat
3278 5343 3301 5383 .·
3335 5326 3459 5389 Ne.
