4359 6250
1141 512 1490 567 EN'ARRATIO
1533 519 1594 563 m
1638 518 1773 564 CAP.
1821 517 1966 564 XXIV
2009 515 2209 565 Josue.
2258 540 2339 549 —
2378 520 2520 567 ΛΒΤ.
2568 521 2741 569 xxxii
3408 504 3488 569 99

375 688 960 753 considerationem
981 689 1236 753 illorum
1259 692 1758 754 accenderentur
1771 688 1882 751 Dei
1916 686 1967 749 A
1999 699 2091 754 tes
2117 716 2130 765 ;
2167 695 2285 773 qui
2306 695 2525 772 posuit
2559 696 2841 754 tenebras
2870 696 3041 755 incer
3072 712 3178 754 vos
3206 698 3486 775 etAE'yy-

373 806 615 865 amore,
651 797 716 853 et
759 789 924 871 grati
965 809 1104 853 esse
1150 798 1530 871 satagerent,
1567 797 1757 870 atque
1798 786 1879 848 ad
1987 792 2159 867 ptios
2180 812 2205 851 .·
2237 810 2383 853 nam
2412 791 2679 872 angelus
2710 791 2925 874 posuit
2956 791 3191 854 nubem
3222 793 3485 855 densam

375 888 647 952 meliora
678 898 1196 970 provocarentur.

457 992 616 1050 Hoec
641 989 807 1047 dicit
825 989 1146 1050 Dominus
1167 1010 1189 1049 .·
1221 993 1424 1049 Trans
1453 991 1736 1065 fluvium
1769 992 1878 1049 Iza-

373 1089 748 1148 bt‘taverunt
781 1098 998 1164 patres
1039 1091 1233 1149 vest-ri
1273 1090 1354 1149 ab
1390 1090 1583 1149 initio
1622 1106 1879 1168 genera-

73 1188 340 1241 (ἕω-κώ·
377 1184 572 1248 tionis
622 1204 863 1263 eorum,
925 1190 1130 1248 Thare
1168 1180 1360 1265 pater
1408 1188 1765 1258 Abraham,
1818 1196 1878 1246 et

59 1254 127 1295 ’δ’
373 1288 639 1349 ΝαοῘιον
669 1294 848 1367 pater
889 1284 1090 1368 ipsius
1131 1286 1358 1363 Thare,
1390 1288 1877 1365 servieruntque

367 1386 506 1444 diis
524 1387 784 1446 alienis.
807 1384 1349 1459 Quemadmodum
1383 1385 1448 1446 in
1469 1384 1695 1447 Genesi
1729 1383 1878 1464 legi-

59 1485 332 1539 mannas,
371 1490 498 1558 tur,
533 1482 737 1545 Thare
781 1491 962 1565 pater
998 1481 1267 1546 Abrahoe
1313 1482 1520 1565 primo
1561 1481 1872 1545 habitavit

369 1580 440 1642 in
459 1581 775 1659 Chaldaea,
800 1581 1033 1644 deinde
1063 1600 1210 1644 cum
1245 1580 1384 1645 filio
1417 1600 1532 1645 suo
1555 1581 1869 1643 Abraham

364 1688 432 1743 et
461 1680 601 1758 Lot,
619 1699 698 1744 ex
717 1680 1008 1744 Chaldaea
1039 1680 1305 1744 venitin
1325 1680 1863 1762 Mesopotamiam,

361 1778 660 1861 obiitque
683 1778 943 1843 ibidem.
969 1779 1184 1861 ltaque
1217 1779 1410 1843 verba
1441 1779 1564 1841 ista
1594 1777 1868 1860 duplici-

3540 711 3675 755 &aa
3678 726 3777 765 ,,,,,

3517 776 3581 829 ω,
3602 777 3669 819 20.

1993 896 2056 949 et
2089 890 2486 952 tenebrosam
2508 908 2584 952 ex
2607 909 2733 952 una
2764 898 2943 971 parte
2974 889 3140 952 inter
3162 891 3482 974 AEgyptios

1991 995 2055 1047 et
2102 987 2416 1063 Hebrum,
2453 987 2541 1049 ita
2588 988 2759 1069 quod
2790 989 3065 1071 AEgyptii
3119 996 3249 1052 tota
3301 998 3484 1053 nocte

1993 1086 2344 1166 nequibant
2386 1086 2679 1149 Hebraeos
2730 1087 3051 1163 accedere,
3104 1096 3173 1149 ut
3216 1088 3282 1149 in
3326 1088 3484 1152 Exo-

1988 1186 2069 1247 do
2111 1184 2379 1265 legitur3
2416 1196 2475 1247 et
2516 1188 2799 1247 adduoez't
2831 1206 3022 1263 super
3055 1208 3154 1247 eos
3188 1209 3387 1260 mare,
3422 1198 3480 1249 et
3508 1209 3776 1261 Ibida-138.

1985 1286 2239 1361 operuit
2276 1305 2397 1345 eos,
2441 1287 2753 1345 Viderunt
2798 1287 2971 1345 oculi
3010 1288 3205 1346 vestri
3247 1297 3482 1347 cuncta

1984 1403 2126 1461 quoe
2157 1384 2231 1443 in
2252 1386 2537 1460 AEyypto
2567 1384 2831 1460 fecerim
2853 1405 2875 1443 .·
2897 1402 3026 1447 non
3057 1385 3230 1464 quod
3260 1402 3481 1448 omnes

1982 1479 2217 1561 quibus
2248 1482 2435 1544 Josue
2464 1481 2587 1543 ista
2618 1482 2867 1545 locutus
2898 1491 3015 1559 est,
3049 1482 3328 1546 viderint
3366 1483 3483 1546 mi-

1982 1578 2209 1641 rabilia
2237 1578 2346 1642 Dei
2389 1578 2454 1641 in
2487 1579 2777 1662 AEgypto‚
2816 1581 2925 1643 sed
2957 1580 3233 1658 Eleazar,
3267 1581 3477 1659 Josue,

1979 1676 2167 1739 Caleb
2220 1686 2283 1740 et
2334 1678 2518 1740 multi
2570 1678 2648 1741 de
2699 1678 2871 1741 tribu
2921 1680 3093 1757 Levi,
3134 1688 3198 1743 et
3246 1680 3356 1762 qui
3412 1680 3479 1743 in

1979 1776 2255 1857 pueritia
2294 1796 2405 1839 sua
2445 1777 2735 1840 exierunt
2774 1777 3141 1860 AEgyptum‚
3178 1778 3267 1841 ita
3308 1780 3480 1861 quod

361 1886 461 1941 ter
493 1887 764 1961 possunt
793 1878 1048 1961 exponi.
1085 1879 1293 1942 Primo
1333 1879 1426 1941 sic
1453 1896 1467 1940 :
1506 1878 1704 1940 Trans
1745 1874 1868 1940 ssu-
1896 1866 1944 1928 Β
1980 1872 2044 1935 in
2068 1873 2274 1955 prima
2296 1876 2741 1939 numeratione
2766 1876 2987 1958 populi
3013 1874 3328 1939 numerati
3352 1893 3479 1938 non

357 1978 564 2055 vium,
621 1978 686 2041 id
745 1986 843 2042 est
891 1978 1060 2041 ultra
1107 1978 1473 2060 Euphraten
1525 1977 1637 2059 qui
1700 1976 1866 2039 inter
1975 1980 2178 2049 erant,
2216 1973 2525 2036 tamenin
2556 1974 2732 2037 exitu
2766 1992 2882 2037 suo
2916 1974 3188 2037 rationis
3223 1991 3483 2055 compo-

355 2076 690 2141 Chaldaeos
720 2086 786 2139 et
817 2086 1049 2141 terram
1082 2076 1526 2160 promissionis
1558 2076 1858 2153 decurrit,

353 2176 815 2241 habitaverunt
861 2186 1075 2258 patres
1125 2176 1343 2239 vestri.
1381 2176 1674 2239 Secundo
1728 2175 1860 2237 sic:

354 2275 560 2338 Trans
607 2275 884 2338 fluvium
927 2276 1042 2356 qui
1083 2275 1251 2337 inter
1304 2284 1533 2337 terram
1563 2274 1861 2338 Chanaan

1979 2078 2072 2132 tes
2091 2080 2294 2134 erant.
2323 2072 2441 2135 Sed
2474 2073 2796 2153 quomodo
2822 2078 3117 2155 poterant
3138 2072 3244 2133 isti
3266 2070 3481 2135 omnia

1979 2168 2091 2231 illa
2138 2169 2320 2249 signa
2368 2180 2431 2233 et
2480 2171 2696 2253 plagas
2741 2170 3181 2253 AEgyptiorum
3232 2169 3475 2245 videre,

1976 2285 2176 2348 quum
2208 2268 2569 2331 habitarent
2589 2288 2876 2333 seorsum
2905 2268 2973 2330 in
3006 2277 3173 2331 terra
3191 2268 3476 2331 Gessen?

353 2383 422 2437 ct
452 2374 622 2437 inter
653 2373 1172 2456 Mesopotamiam
1205 2372 1376 2450 fluit,
1411 2373 1864 2437 habitaverunt
1975 2368 2068 2429 Ad
2118 2368 2289 2448 quod
2338 2367 2539 2449 aliqui
2591 2367 2897 2445 dicerent,
2936 2368 3109 2449 quod
3160 2368 3356 2431 etiam
3407 2366 3475 2428 in

354 2482 573 2555 patres
604 2472 821 2536 vestri.
856 2472 947 2535 lbi
991 2480 1204 2536 tamen
1239 2491 1366 2536 non
1417 2472 1867 2536 habitaverunt

354 2573 441 2635 ab
483 2572 693 2650 initio,
730 2591 849 2635 nec
896 2571 984 2634 ibi
1025 2580 1309 2635 moratus
1353 2572 1586 2653 legitur
1617 2572 1861 2635 Nachor

356 2680 543 2753 pater
593 2671 848 2745 'l'hare3
903 2690 1021 2734 nec
1069 2670 1390 2733 Abraham
1450 2671 1678 2734 alienis
1739 2670 1864 2732 diis

354 2770 650 2847 servivit,
685 2771 796 2832 sed
838 2768 1087 2833 Nachor
1133 2776 1312 2852 pater
1356 2768 1495 2850 ejus
1539 2778 1603 2832 et
1632 2770 1857 2845 Thare,

353 2876 430 2930 ut
459 2868 688 2932 dicunt
715 2867 986 2943 Hebraei,
1020 2867 1246 2930 saltem
1279 2868 1357 2929 ad
1395 2875 1666 2949 tempus,
1708 2870 1860 2929 Tuli

350 2988 532 3044 eryO,
565 2967 630 3030 id
671 2974 790 3043 est,
823 2966 998 3029 exire
1039 2964 1185 3043 feci,
1222 2974 1286 3029 et
1325 2966 1597 3029 exeundi
1640 2965 1863 3029 volun-

1979 2472 2146 2528 terra
2188 2466 2423 2529 Gessen
2469 2465 2919 2530 habitaverunt
2968 2466 3155 2528 multi
3196 2465 3473 2549 AEgyptii

1979 2563 2067 2626 ibi
2118 2566 2377 2647 plagati.
2414 2566 2624 2629 Potest
2673 2564 2864 2628 etiam
2914 2566 3065 2643 dici,
3104 2566 3277 2647 quod
3324 2566 3481 2628 inte-

1980 2664 2131 2727 riori
2163 2664 2305 2727 visu
2339 2683 2414 2727 ea
2444 2663 2763 2727 viderunt.
2792 2666 2876 2725 Et
2905 2666 3248 2725 habitastis
3278 2666 3353 2725 in
3382 2685 3477 2725 so-

1979 2766 2263 2826 litudine
2293 2769 2495 2826 multo
2534 2774 2833 2842 tempore.

2061 2867 2143 2926 Ec
2174 2864 2421 2924 indua-i
2440 2884 2547 2923 vos
2576 2865 2651 2925 in
2677 2873 2916 2924 terram
2938 2863 3337 2933 Amorrhoei,
3360 2864 3479 2942 qui
3534 2874 3611 2918 Nu
3612 2888 3672 2918 m·
3686 2888 3753 2919 ιιι
3741 2890 3769 2927 ι,

1978 2964 2307 3025 habitabat
2341 2972 2520 3023 trans
2538 2965 2919 3032 Iordanem,
2953 2960 3018 3023 id
3050 2968 3147 3024 est
3176 2961 3245 3023 in
3278 2962 3484 3041 regio-
3508 2940 3582 2979 ²¹·
3587 2940 3656 2984 ³⁵·

355 3074 556 3130 tatem
586 3064 837 3140 infudi3
871 3064 1036 3141 Tuli,
1072 3064 1356 3147 inquam,
1383 3066 1716 3128 Abraham
1737 3084 1860 3142 pa-
1897 3057 1942 3120 C
1983 3080 2093 3124 nes
2116 3060 2325 3124 Sehon
2358 3061 2525 3143 regis
2546 3059 3172 3137 Amorrhaeorum,-et
3190 3059 3282 3142 Og
3313 3060 3478 3140 regis

358 3177 527 3228 trem
567 3177 854 3227 vestrum
895 3167 974 3224 de
1008 3167 1483 3242 Mesopotamioe
1510 3167 1785 3243 finibuS,
1807 3175 1866 3226 ec

357 3266 627 3326 adduxi
668 3285 820 3326 eum
848 3266 922 3325 in
968 3273 1209 3324 terram
1245 3265 1582 3333 Chanaan,
1615 3272 1700 3325 ut'
1728 3282 1866 3326 eam

360 3363 588 3425 darem
633 3361 906 3444 posteris
950 3362 1112 3442 ejuS.
1163 3362 1734 3442 Multiplieavique
1779 3382 1868 3421 se-

69 3473 328 3524 cen.m.¹⁵.
362 3481 517 3521 men
545 3462 688 3538 ejus
719 3481 742 3520 .·
773 3459 925 3540 quia
953 3478 1032 3522 ex
1062 3457 1226 3538 Agar
1253 3459 1475 3540 genuit
1513 3458 1863 3536 Ismaelem,

71 3563 276 3672 ¹¹2⁸&ss
283 3567 430 3622 et
457 3559 624 3622 alios
654 3577 731 3621 ex
761 3557 1008 3634 Cetura,
1033 3575 1178 3638 quae
1208 3556 1410 3620 fertur
1445 3556 1646 3620 fuisse
1677 3558 1861 3637 Agar.

85 3689 218 3730 Ibat:
195 3691 310 3736 ,ῃ
314 3661 452 3729 Ec
493 3659 652 3718 dedi
687 3659 751 3716 ei
792 3659 998 3729 Isaac,
1034 3656 1604 3738 supernaturaliter
1647 3655 1867 3720 fecun-

360 3757 580 3819 dando
620 3755 859 3832 Saram,
896 3773 1027 3818 non
1064 3753 1356 3817 obstante
1395 3755 1640 3836 duplici
1679 3773 1869 3818 causa

361 3873 500 3918 suae
529 3853 903 3925 sterilitatiS,
925 3852 1226 3915 videlicet
1251 3860 1578 3916 senectute
1603 3861 1665 3916 et
1695 3862 1872 3916 natu-

363 3954 486 4017 rali
519 3952 988 4016 infecunditate
1019 3951 1160 4031 ejus
1183 3951 1376 4016 etiam
1411 3952 1478 4013 in
1507 3953 1865 4034 juveutute.

105 4061 208 4103 ’δι’ἀ-
227 4075 327 4111 xxv.
363 4057 512 4123 Illi,
544 4051 847 4116 videlicet
881 4051 1070 4126 Isaac,
1103 4071 1370 4112 rursum
1402 4052 1556 4111 dedi
1586 4053 1776 4111 Jacob
1808 4061 1867 4111 et

362 4154 548 4214 Esau
583 4169 660 4212 ex
695 4148 997 4225 Rebecca,
1032 4167 1176 4229 quae
1220 4147 1592 4211 naturaliter
1630 4147 1870 4211 exstitit

1980 3161 2203 3223 Basan.
2262 3163 2595 3240 Quumque
2636 3170 3013 3238 puynarent
3061 3170 3283 3221 eontra
3346 3181 3478 3230 voa,

1984 3261 2236 3321 tradidi
2265 3280 2365 3319 eos
2411 3261 2483 3320 in
2516 3279 2747 3320 manus
2788 3269 3025 3320 vestras
3046 3280 3070 3318 .·
3101 3259 3221 3322 hoc
3262 3259 3474 3340 ipsum

1981 3366 2271 3440 apertum
2310 3365 2701 3420 monstratur
2731 3356 2794 3419 in
2829 3357 2993 3420 libro
3023 3357 3471 3420 Numerorum.

1984 3459 2290 3518 Surrexit
2337 3468 2557 3518 autem
2586 3460 2792 3518 Balac
2843 3458 3027 3534 filiu-s
3067 3459 3313 3535 Sepkor
3360 3477 3479 3516 rem

1982 3558 2197 3625 Moab,
2240 3564 2300 3616 et
2341 3556 2666 3632 puqnavit
2707 3563 2933 3614 contra
2977 3557 3303 3616 Israelem.
3339 3553 3475 3617 Non

1984 3653 2217 3734 legitur
2246 3652 2422 3728 alibi,
2449 3652 2619 3734 quod
2650 3651 2837 3713 Balac
2866 3650 3011 3712 iniit
3041 3669 3321 3733 pugnam
3343 3671 3481 3716 cor-

1984 3751 2267 3834 poralem
2298 3759 2518 3814 contra
2550 3749 2724 3812 filios
2755 3749 2963 3826 lsrael,
2991 3749 3101 3812 sed
3134 3749 3473 3813 insidiatus

1985 3859 2082 3913 est
2112 3851 2205 3913 eis
2236 3869 2310 3913 ac
2342 3848 2592 3925 restitit,
2621 3847 2982 3911 inducendo
3003 3866 3111 3911 eos
3143 3849 3221 3911 ad
3254 3867 3483 3930 magna

1989 3949 2273 4012 facinora
2317 3967 2393 4010 ex
2437 3947 2842 4027 suggestione
2880 3946 3153 4025 Balaam,
3181 3966 3257 4010 ex
3294 3949 3481 4029 cujus
3536 3973 3769 4026 maun,

1986 4046 2257 4111 consilio
2317 4045 2493 4108 misit
2540 4047 2620 4108 ad
2678 4045 2853 4108 filios
2913 4045 3100 4108 lsrael
3150 4046 3480 4128 ‘speciosas'
3511 4040 3575 4080 ¹⁶·

1988 4146 2255 4229 puellaS.
2290 4145 2448 4208 Hinc
2490 4144 2783 4206 subditur
2819 4161 2832 4206 :
2871 4146 3179 4225 Misicque
3216 4155 3277 4206 et
3308 4166 3484 4207 voca·
3535 4172 3649 4216 ma,
3674 4185 3771 4224 m,

362 4249 738 4312 infecunda.
773 4248 964 4311 Porro
994 4247 1164 4328 quod
1215 4245 1325 4323 ait,
1361 4247 1659 4323 Rursum,
1709 4246 1871 4310 refe·
1905 4247 1953 4309 D
1989 4247 2083 4306 vit
2132 4248 2413 4306 Balaam
2459 4245 2679 4322 filium
2724 4247 2913 4314 Beor,
2954 4253 3026 4304 ut
3076 4246 3481 4306 malediceret
3509 4239 3611 4287 ⁵¹⁶·

361 4349 643 4412 rendum
665 4347 812 4429 [est]
834 4347 912 4409 ad
935 4347 1214 4419 verbum,
1235 4346 1404 4420 Dedi,
1430 4355 1558 4409 non
1581 4347 1658 4408 ad
1681 4346 1869 4424 Isaac,

363 4449 480 4530 qui
541 4463 676 4510 nno
734 4445 1080 4509 concubitu
1137 4445 1358 4524 genuit
1416 4445 1638 4508 ambos
1700 4444 1872 4511 filios

71 4561 168 4604 ma
171 4575 330 4613 xxxxxxx
365 4566 535 4610 suos.
569 4549 639 4609 E
660 4547 895 4625 quibus
923 4546 1104 4605 Esau
1133 4547 1289 4604 dedi
1311 4555 1587 4606 monte-m
1617 4548 1767 4607 Seir
1787 4549 1878 4607 acb

71 4628 108 4668 ⁸·
357 4645 858 4724 possidendum,
892 4641 955 4704 id
1006 4649 1124 4718 est,
1171 4649 1403 4703 terram
1452 4641 1872 4706 Idumaeorum

361 4751 778 4808 montuosam
817 4741 1049 4804 donavi
1085 4740 1247 4802 Esau
1285 4748 1349 4803 et
1385 4741 1659 4822 posteris
1703 4741 1864 4823 ejus,

299 4865 328 4902 ι,
359 4843 562 4903 Jacob
613 4861 762 4902 vero
808 4851 869 4901 et
917 4841 1053 4919 filii
1099 4860 1238 4916 elus
1286 4841 1750 4900 descenderunt
1803 4843 1876 4902 in

363 4942 738 5018 AEyyptum
759 4938 1139 5003 necessitate
1170 4937 1358 5000 famis
1391 4936 1592 5002 coacti
1620 4947 1682 5001 et
1709 4957 1878 5002 amo·

366 5057 440 5101 re
468 5038 733 5121 Joseph.

450 5140 922 5198 Clamaverunt
959 5146 1176 5198 autem
1220 5137 1354 5214 filii
1383 5139 1594 5198 Israel
1637 5141 1726 5198 ad
1754 5141 1878 5200 Do-

365 5238 632 5297 minum
660 5254 740 5299 ex
786 5235 1034 5312 timore,
1067 5253 1264 5316 quum
1319 5243 1463 5317 post
1505 5234 1744 5298 exitum
1798 5236 1876 5299 de

363 5335 644 5418 AEgypto
693 5334 1006 5398 vidissent
1044 5333 1369 5416 AEgyptios
1422 5353 1489 5397 se
1537 5333 1874 5416 insequen-

96 4851 294 4894 nidmu

71 4925 110 4964 6.

75 5143 232 5248 ¹8:011.
244 5159 328 5194 ιη’,

97 5216 135 5251 0.

1987 4346 2180 4416 vobis,
2216 4343 2383 4406 mala
2432 4341 2615 4405 vobis
2658 4341 3065 4424 imprecando
3106 4360 3221 4424 per
3260 4343 3482 4406 incanss

1988 4441 2258 4505 tationes
2290 4460 2437 4503 suas
2468 4448 2531 4503 et
2559 4440 2843 4502 carmina
2871 4459 2945 4503 ac
2985 4440 3328 4518 maleficia,
3366 4460 3477 4504 seu

1987 4540 2263 4620 magicas
2294 4548 2484 4617 arteS,
2510 4559 2585 4602 ex
2607 4538 2861 4620 quibuS,
2886 4539 3013 4603 Deo
3044 4540 3475 4621 permittente,

1990 4637 2160 4700 fiunt
2201 4637 2607 4701 alterationes
2658 4645 2722 4700 et
2770 4637 3354 4718 obstupefactiones
3406 4657 3480 4700 ac

1990 4737 2461 4801 debilitationes
2505 4737 2574 4798 in
2604 4735 2975 4798 hominibus
3006 4759 3021 4810 3
3054 4746 3113 4797 et
3142 4755 3251 4813 eqo
3290 4740 3479 4798 nolui

1986 4839 2221 4898 audire
2250 4858 2421 4907 eum,
2447 4835 2517 4897 id·
2544 4844 2661 4911 est,
2696 4853 2731 4896 a
2760 4832 3211 4898 maledictione
3242 4843 3306 4898 et
3335 4836 3479 4918 ejus
3506 4861 3769 4914 naama,

1988 4936 2228 5000 effectu
2259 4934 2559 5018 prohibui
2594 4933 2989 4996 immutando
3022 4951 3133 4996 cor
3165 4934 3305 5016 ejus
3333 4951 3347 4996 :
3389 4935 3481 4998 id-

1988 5055 2062 5100 eo
2104 5035 2419 5112 subditur,
2452 5037 2562 5095 sed
2590 5035 2948 5094 econtrario
2988 5052 3109 5110 per
3148 5035 3340 5094 illum
3387 5037 3479 5093 be-

1987 5138 2217 5200 nedioei
2247 5137 2419 5196 vobis
2452 5133 2654 5196 tribus
2694 5131 2965 5209 vicibuS‚
3023 5133 3211 5216 prout
3253 5133 3321 5195 in
3352 5133 3475 5197 Nu-
3518 5155 3763 5209 mansu,

1988 5253 2307 5299 merorum
2354 5232 2619 5295 historia
2662 5239 3013 5294 enarratur.
3064 5231 3478 5315 Omnipotens
3507 5232 3619 5264 ¹¹¹⁹·

1989 5333 2227 5398 etenim
2278 5333 2438 5396 Deus
2485 5331 2566 5395 ad
2616 5328 2873 5392 libitum
2932 5347 3119 5393 suum
3182 5329 3479 5396 immutat
