4359 6250
624 1395 754 1439 Rom.
771 1408 809 1445 x,
825 1398 863 1437 3.

633 4345 810 4388 Deul.x

891 486 1007 555 102
1639 511 1986 557 manuario
2031 511 2092 556 ns
2135 509 2271 557 car.

2318 508 2465 555 xxlv
2507 509 2709 556 Josmz.
2755 527 2836 538 —-
2879 504 3021 555 ΛΒΤ.

3066 509 3239 556 xxxu

894 680 1002 742 nia
1047 688 1174 742 tua.
1218 684 1532 761 Dixitque
1565 686 1844 759 populus
1874 702 1896 740 .·
1927 682 2206 743 Domino
2252 683 2380 741 Deo
2410 678 2461 741 A
2491 678 2679 741 lsrael
2718 698 2846 742 non
2894 678 3207 762 plantavit
3247 679 3411 741 hanc
3453 694 3759 759 quercum
3801 676 3989 757 juxta

891 790 1103 841 nostro
1124 782 1493 851 servieram,
1511 790 1570 840 et
1589 784 1832 841 erimus
1850 782 2207 840 obedientes
2218 800 2383 857 prce-

892 881 1089 955 ceptis
1119 879 1280 957 ejuS.
1308 877 1371 940 Si
1403 878 1524 942 hoc
1556 879 1852 942 dixerunt
1885 877 2220 941 innitendo
2249 896 2385 958 gra-

890 976 996 1039 tiae
1023 975 1155 1053 Dei,
1191 985 1254 1039 et
1283 978 1362 1039 (16
1393 972 1532 1056 ej'us
1562 976 1799 1040 auxilio
1830 975 2253 1053 considente5‚
2278 976 2385 1039 bo-

893 1094 976 1137 na
1009 1073 1132 1137 fuit
1173 1076 1545 1158 responsi03
1581 1076 1634 1138 si
1675 1084 1890 1139 autem
1939 1075 2383 1158 praesumendo

893 1174 972 1235 de
1016 1173 1258 1237 viribus
1305 1174 1458 1253 suiS‚
1496 1175 1750 1239 incauta
1784 1184 1848 1238 et
1880 1183 2385 1257 praesumptuosa

896 1272 1018 1334 fuit
1068 1273 1352 1336 locutio:
1403 1274 1624 1355 sicque
1669 1274 1912 1355 incepit
1961 1273 2026 1335 in
2077 1272 2170 1336 eis
2222 1273 2381 1335 illud

898 1372 1206 1454 Apostoli,
1231 1371 1596 1453 Ignorantes
1617 1374 1726 1435 Dei
1757 1372 2094 1454 justitiam,
2119 1380 2182 1435 61
2202 1391 2381 1434 suam

899 1471 1186 1536 volentes
1237 1478 1533 1549 statuere,
1581 1471 1847 1553 justitiae
1897 1470 2006 1535 Dei
2057 1489 2184 1534 non
2236 1478 2384 1533 sunt

899 1569 1193 1652 subjecti.
1238 1568 1427 1648 Magis
1481 1578 1690 1633 tamen
1743 1578 2026 1653 apparet,
2070 1570 2244 1651 quod
2294 1587 2385 1632 se-

896 1669 1176 1732 cundum
1220 1668 1494 1749 primum
1539 1687 1795 1731 sensum
1838 1668 2031 1731 locuti
2069 1668 2200 1730 sint
2238 1668 2379 1731 1106.

977 1768 1304 1830 Percussit
1331 1786 1476 1843 erqo
1519 1770 1707 1827 Josue
1737 1770 1810 1827 in
1853 1768 1962 1827 die
2000 1770 2115 1827 illo
2146 1770 2383 1847 foeduS,

2493 778 2603 841 Dei
2635 778 3065 841 sanctuarium
3098 797 3208 841 5611
3238 778 3458 853 altare,
3493 776 3603 839 sed
3634 775 3985 857 plantatam

2493 876 2731 959 reperit
2762 877 2879 939 ibi.
2905 876 3079 951 Quod
3112 876 3166 938 si
3197 875 3559 957 objiciatur,
3579 892 3705 937 non
3726 871 3991 935 licuisse

2500 982 2575 1036 ut
2630 975 2821 1039 arbor
2871 975 3155 1058 plantata
3204 974 3672 1055 relinqueretur
3719 970 3985 1047 ibidem,

2494 1072 2647 1156 quia
2676 1075 2755 1136 ad
2788 1074 2908 1137 hoc
2939 1075 3157 1137 datum
3192 1072 3314 1135 fuit
3341 1092 3378 1134 a
3408 1072 3534 1135 Deo
3565 1071 3723 1133 illud
3754 1088 3991 1153 1111666-

2497 1180 2701 1255 ptum,
2739 1192 2819 1235 ne
2851 1172 2976 1235 filii
3011 1172 3200 1235 lsrael
3242 1170 3751 1234 assimilarentur
3794 1168 3990 1231 idolo-

2498 1271 2697 1349 latris,
2736 1271 2850 1354 qui
2896 1273 3075 1353 juxta
3124 1289 3385 1334 suorum
3433 1268 3671 1351 templa
3716 1268 3985 1331 deorum

2496 1370 2817 1433 habebant
2847 1370 3025 1433 lucos
3056 1378 3119 1433 61
3162 1368 3421 1432 arbores
3458 1367 3539 1430 ad
3568 1366 3985 1430 exercendam

2498 1468 2831 1531 libidinem
2861 1486 2875 1530 :
2912 1467 3039 1531 dici
3072 1475 3299 1551 potest,
3326 1467 3496 1548 quod
3525 1464 3711 1528 arbor
3737 1464 3863 1525 ista
3890 1462 3988 1526 516

2498 1569 2621 1630 sita
2672 1565 2814 1644 fuit,
2852 1568 3025 1649 quod
3068 1565 3228 1629 ratio
3272 1564 3575 1648 praecepti
3627 1561 3803 1626 illius
3851 1580 3983 1625 11011

2499 1662 2772 1726 habebat
2802 1665 3009 1728 locum
3044 1665 3109 1727 in
3141 1684 3236 1742 ea,
3272 1664 3424 1745 quia
3453 1680 3580 1725 non
3610 1669 3747 1725 erat
3784 1662 3862 1723 ad
3894 1660 3988 1721 in-

2498 1762 2911 1825 citamentum
2974 1763 3298 1841 libidinis,
3352 1761 3603 1844 fuitque
3646 1768 3796 1824 ante
3844 1779 3987 1822 san-

899 1865 1120 1941 idest,
1155 1864 1234 1927 de
1272 1882 1439 1928 novo
1475 1863 1783 1945 obligavit
1815 1864 2124 1948 populum
2158 1864 2238 1927 ad
2275 1865 2383 1927 Dei
2422 1860 2465 1923 B
2496 1860 2835 1923 ctuarium.
2871 1862 3322 1926 Verumtamen
3352 1860 3614 1944 quidam
3644 1860 3887 1937 dicunt,
3912 1859 3983 1922 in

896 1960 1299 2044 obsequium,
1345 1961 1625 2045 fecitque
1674 1972 1926 2045 pactum
1981 1962 2148 2025 inter
2186 1964 2383 2026 Deum

893 2069 958 2125 et
988 2061 1320 2144 populum,
1348 2070 1417 2123 ut
1445 2062 1721 2144 populus
1743 2062 1868 2125 Deo
1901 2060 2190 2124 serviret.
2208 2061 2387 2125 Unde

895 2160 1307 2243 Septuaginta
1339 2160 1817 2237 transtulerunt,
1854 2160 2177 2242 Disposuit
2206 2160 2385 2223 165115

894 2265 1338 2322 testamentum
1372 2258 1450 2320 ad
1481 2258 1791 2341 populum
1828 2275 1842 2320 :
1877 2278 2019 2339 quae
2048 2258 2385 2340 dispositio

896 2355 1022 2419 suit
1053 2356 1417 2419 testamenti
1447 2357 1576 2438 jam
1610 2357 1739 2419 dati
1773 2357 2090 2440 repetitio.
2126 2359 2213 2417 Et
2236 2377 2387 2435 pro-

885 2457 1106 2533 posuit
1137 2460 1378 2533 populo
1408 2466 1730 2533 proecepta
1769 2466 1960 2535 atque
1983 2456 2275 2533 judicia,
2321 2456 2383 2517 id

891 2560 1008 2632 est,
1037 2562 1354 2636 praecepta
1383 2552 1492 2617 Dei
1524 2554 1810 2630 moralia,
1839 2554 2294 2617 caerimonialia
2313 2573 2383 2616 ac

892 2650 1219 2733 judicialia
1241 2652 1480 2733 populo
1511 2652 2056 2730 commemoravit,
2083 2660 2145 2715 et
2175 2652 2387 2715 obser-

891 2752 1100 2814 vanda
1149 2752 1501 2829 admonuit,
1555 2754 1628 2812 in
1667 2754 1972 2824 Sickem,·
2007 2755 2387 2833 scripsitque

894 2852 1116 2912 omnia
1145 2852 1335 2910 verba
1364 2854 1496 2911 koec
1529 2854 1600 2911 in
1633 2853 1960 2913 volumine
1990 2853 2146 2928 legis
2168 2854 2388 2913 Domi-

891 2949 995 3019 ni,
1027 2946 1091 3008 id
1121 2954 1216 3010 est
1248 2946 1314 3009 in
1347 2948 1511 3011 libro
1541 2948 1682 3025 hoc,
1710 2949 1777 3011 in
1808 2968 1932 3031 quo
1961 2950 2062 3013 lex
2082 2949 2193 3013 Dei
2223 2968 2388 3013 com-

2496 1960 2756 2024 Hebraeo
2780 1960 3019 2038 haberi,
3048 1961 3273 2024 Subter
3304 1961 3523 2038 limen,
3549 1979 3623 2023 eo
3652 1960 3821 2042 quod
3840 1978 3987 2023 ver-

2496 2059 2649 2121 bum
2694 2060 2852 2123 illud
2884 2060 3261 2123 Hebraicum
3310 2068 3511 2123 exstet
3558 2058 3979 2141 aequivocum.

2497 2157 2711 2239 Aliqui
2762 2176 3019 2240 quoque
3060 2158 3363 2235 fatentur,
3401 2177 3516 2240 per
3552 2156 3981 2219 sanctuarium

2496 2255 2601 2319 hic
2653 2256 2951 2339 intelligi,
3006 2274 3135 2319 non
3200 2255 3674 2319 tabernaculum
3730 2254 3981 2337 Moysis,

2496 2356 2607 2419 sed
2640 2372 3045 2438 synagogam,
3074 2357 3142 2418 in
3171 2374 3299 2437 qua
3328 2354 3711 2417 habitatores
3732 2352 3981 2416 Sichem

2496 2464 2933 2519 convenerunt
2980 2456 3059 2517 ad
3108 2454 3495 2518 audiendum
3539 2452 3805 2515 verbum
3842 2452 3977 2527 Dei,

2494 2563 2687 2637 atque
2723 2554 2800 2616 ad
2846 2553 3181 2617 Dominum
3224 2553 3613 2617 exorandum
3648 2569 3663 2613 :
3697 2560 3760 2615 et
3804 2552 3985 2634 juxta

2494 2655 2639 2731 hoc,
2673 2662 2918 2736 pateret
2950 2654 3027 2715 ad
3060 2654 3411 2717 secundum
3444 2651 3697 2716 solutio.
3732 2651 3853 2714 Alii
3874 2672 3987 2715 ve—

2496 2772 2565 2817 ro
2598 2754 2842 2831 dicunt,
2877 2753 3047 2835 quod
3092 2761 3431 2835 postquam
3457 2751 3643 2815 105116
3671 2752 3985 2833 percussit

2498 2853 2727 2930 foeduS,
2749 2872 2823 2915 ac
2843 2853 3085 2935 populo
3114 2852 3354 2934 judicia
3373 2860 3438 2915 et
3467 2858 3779 2933 praecepta
3799 2850 3865 2913 in
3888 2850 3985 2913 Si-

2495 2953 2677 3017 chem
2710 2952 3065 3034 proposuit,
3091 2950 3543 3015 ascenditcum
3575 2950 3811 3033 populo
3840 2949 3981 3031 ipso

893 3053 1304 3109 memoratur.
1339 3047 1476 3124 Vel,
1508 3047 1576 3109 ln
1606 3047 1932 3111 volumine
1963 3049 2120 3131 legis
2152 3050 2285 3127 Dei,
2320 3049 2383 3113 id
2418 3054 2461 3117 C
2496 3051 2563 3114 in
2596 3051 2747 3128 Silo,
2776 3058 2844 3113 ut
2875 3050 3065 3112 simul
3097 3068 3310 3113 coram
3339 3046 3605 3112 Domino
3636 3056 3895 3124 starent,
3918 3056 3982 3109 et

893 3154 990 3210 est
1010 3146 1077 3208 in
1096 3146 1419 3228 Scriptura
1439 3147 1760 3224 canonica,
1774 3166 1919 3230 quae
1939 3157 2068 3213 tota
2089 3157 2185 3212 est
2204 3151 2385 3231 quasi

894 3264 1092 3307 unum
1125 3245 1361 3309 divinae
1391 3245 1548 3327 legis
1581 3246 1902 3324 volumen,
1937 3249 2016 3310 ad
2047 3248 2218 3331 quod
2252 3268 2388 3331 per-

893 3343 1056 3406 tinet
1086 3343 1249 3407 liber
1270 3343 1412 3421 iste,
1448 3346 1983 3425 quemadmodum
2006 3366 2152 3429 pars
2184 3349 2263 3410 ad
2296 3349 2387 3410 10-

893 3450 1052 3504 tum.
1077 3444 1164 3504 Ec
1198 3445 1349 3504 tulit
1380 3445 1667 3520 lapidem
1679 3450 2162 3521 prceqrandem,
2196 3447 2259 3509 id
2291 3456 2387 3510 est

880 3541 1078 3604 ¹valde
1107 3558 1432 3621 magnum,
1458 3559 1648 3623 quem
1681 3541 1761 3604 ab
1791 3542 1938 3606 aliis
1967 3544 2170 3627 accipi
2206 3545 2381 3623 fecit,

892 3639 996 3702 vel
1045 3659 1192 3702 cum
1235 3639 1505 3703 aliorum
1558 3641 1875 3723 adjutorio
1920 3644 2232 3727 sumpsit3
2279 3665 2386 3722 po-

893 3741 1148 3818 suitque
1177 3760 1324 3800 eum
1351 3742 1563 3800 subter
1590 3741 2237 3820 quercum,videlicet
2268 3743 2385 3806 sub

894 3835 1090 3898 ramis
1122 3845 1185 3899 et
1227 3836 1564 3900 frondibus
1617 3857 1907 3919 quercus,
1942 3862 2085 3920 quoe
2125 3853 2264 3902 erac
2312 3844 2385 3902 in

892 3937 1270 3997 sanctuario
1301 3938 1592 3998 Domini.

975 4033 1155 4097 Circa
1176 4033 1296 4097 hoc
1317 4043 1658 4098 occurrunt
1679 4035 1873 4099 dubia
1905 4038 2052 4100 duo.
2078 4037 2381 4117 Primum,

899 4132 1270 4213 quomodo
1253 4151 1318 4194 111
1350 4133 1710 4196 sanctuario
1729 4135 1979 4198 Domini
2011 4137 2221 4248 potuit
2250 4157 2388 4200 esse

2499 3160 2647 3212 tunc
2682 3148 2771 3212 ibi
2795 3149 2860 3210 in
2886 3148 3293 3212 tabernaculo
3319 3148 3534 3230 posuit
3560 3147 3833 3230 lapidem
3862 3165 3981 3228 pro

2496 3249 2679 3329 signo
2712 3249 2936 3311 horum
2971 3247 3036 3309 in
3072 3247 3358 3310 futurum
3386 3265 3401 3309 :
3428 3247 3593 3311 sicut
3624 3256 3687 3310 et
3716 3246 3981 3310 transito

2492 3347 2784 3423 Jordane‚
2823 3346 2972 3409 fecit
3005 3346 3337 3408 duodecim
3376 3365 3525 3408 saxa
3554 3345 3695 3409 tolli
3728 3346 3807 3408 de
3841 3342 3984 3406 sun·
4014 3374 4239 3418 Jmff,
4259 3377 4291 3412 ⁵,

2497 3446 2577 3508 do
2619 3445 2932 3522 sot-danis,
2980 3453 3045 3508 61
3095 3445 3244 3527 poni
3292 3445 3359 3506 in
3408 3445 3815 3507 tabernaculo
3862 3461 3981 3524 pro

2496 3543 2852 3606 memoriali
2884 3544 3281 3607 miraculosae
3325 3542 3767 3607 desiccationis
3794 3541 3979 3603 fundi

2492 3642 2806 3719 Jordanis,
2842 3650 2911 3704 ut
2949 3642 3190 3705 dictum
3232 3651 3349 3705 est.
3386 3642 3574 3705 Porro
3615 3641 3984 3724 Septuagin-

2498 3750 2560 3803 ta
2591 3741 2683 3804 sic
2712 3742 3215 3804 transtulerunt:
3252 3741 3571 3824 Disposuit
3594 3740 3773 3804 Jesus
3802 3749 3985 3803 testa-

2496 3849 2781 3903 mentum
2820 3841 2899 3902 ad
2943 3840 3251 3923 populum
3302 3839 3365 3902 in
3406 3840 3512 3903 die
3542 3839 3677 3918 illo,
3709 3847 3772 3902 et
3810 3839 3983 3902 dedit

2498 3938 2594 4002 illi
2627 3939 2829 4018 legem
2853 3948 2915 4003 et
2935 3939 3249 4023 judicium
3283 3939 3349 4002 in
3382 3937 3512 4002 Silo
3543 3957 3755 4002 coram
3785 3937 3985 4001 taber-

2499 4039 2725 4101 naculo
2749 4039 2855 4102 Dei
2879 4039 3089 4102 Israel.
3115 4039 3291 4102 Unde
3317 4058 3395 4102 ex
3422 4039 3541 4102 hac
3574 4037 3985 4102 translatione

2497 4144 2907 4216 monstratur,
2949 4139 3120 4220 quod
3166 4157 3277 4221 pcr
3320 4137 3749 4200 sanctuarium
3800 4138 3988 4200 intel-

900 4249 1173 4312 quercus
1203 4239 1311 4293 aut
1329 4231 1543 4313 aliqua
1569 4232 1768 4308 arbor,
1788 4253 1984 4316 quum
2009 4235 2076 4298 in
2098 4236 2390 4300 Deutero-
2418 4239 2467 4301 D
2501 4236 2823 4318 ligendum
2867 4237 2951 4298 sit
2993 4236 3121 4314 1116,
3172 4255 3297 4300 11011
3341 4252 3659 4318 synagoga
3700 4233 3982 4318 praefata,

858 4329 1116 4397 ‚nomio
1139 4329 1443 4393 Dominus
1473 4331 1744 4394 dixerit:
1778 4333 1912 4395 Non
1945 4335 2263 4416 plantabis
2297 4336 2389 4399 lu-

901 4447 1044 4491 cum
1069 4435 1131 4491 et
1148 4446 1405 4491 omnem
1436 4429 1727 4494 arborem
1757 4431 1934 4512 juxta
1966 4434 2164 4498 altare
2185 4435 2390 4499 Domi-

902 4526 969 4588 ni
993 4525 1100 4588 Dei
1124 4525 1241 4588 tui.
1263 4525 1565 4606 SecundO,
1587 4531 1905 4610 quomodo
1937 4531 2185 4594 dicatur
2202 4532 2389 4596 Josue

899 4623 1190 4707 posuisse
1249 4625 1420 4688 hunc
1470 4625 1746 4708 lapidem
1806 4629 2025 4691 subter
2081 4649 2385 4711 quercum

897 4741 1043 4805 quae
1073 4731 1224 4786 erat·
1251 4723 1318 4786 in
1352 4726 1712 4789 sanctuario
1743 4727 1874 4804 Dei,
1910 4746 2112 4809 quum
2143 4749 2220 4792 ex
2260 4738 2390 4793 tex-

899 4831 1004 4884 tus
1033 4822 1198 4884 serie
1228 4831 1292 4886 et
1321 4831 1540 4886 tenore
1571 4823 1861 4888 videatur
1899 4826 2021 4888 ista
2054 4826 2285 4891 secisse
2320 4829 2387 4890 in

899 4920 1172 4998 Sichem‚
1210 4920 1323 4983 ubi
1355 4922 1669 5004 percussit
1699 4922 1907 4986 l'oedus
1938 4924 2299 5006 praefatum‚
2320 4928 2386 4990 in

898 5020 1086 5101 cujus
1115 5019 1424 5083 memoria
1451 5020 1652 5082 erexit
1673 5021 1792 5085 hoc
1823 5041 2063 5084 saxum.
2092 5023 2388 5088 Sanctua-

899 5118 1068 5180 rium
1099 5125 1314 5180 autem
1340 5116 1587 5180 Domini
1621 5117 1745 5181 fuit
1777 5119 1843 5181 in
1867 5119 2018 5198 Silo,
2047 5122 2207 5186 urbe
2230 5125 2388 5186 mul-

899 5224 1036 5278 tum
1068 5235 1104 5278 a
1133 5214 1384 5278 Sichem
1416 5214 1711 5280 distante.
1738 5217 1830 5280 Ad
1860 5219 2138 5300 primum
2173 5232 2387 5303 posset

899 5313 1045 5395 quis
1085 5313 1496 5394 respondere,
1529 5315 1699 5396 quod
1743 5317 1930 5379 105116
1956 5334 2072 5380 5611
2109 5320 2385 5401 populus

2498 4338 2609 4401 sed
2648 4335 3127 4399 tabernaculum
3163 4336 3409 4418 Moysis.

2582 4441 2664 4499 Et
2686 4438 2863 4496 diam
2882 4440 3071 4497 Joszoe
3090 4439 3177 4496 ad
3195 4447 3447 4497 omnem
3459 4441 3777 4514 populum
3795 4437 3984 4502 lsrael

2498 4534 2590 4596 ihi
2620 4535 2976 4597 adstantem
3014 4551 3027 4595 ε
3065 4537 3169 4596 En
3202 4535 3371 4612 lapis
3410 4535 3528 4596 iste
3554 4537 3681 4596 eric
3712 4539 3880 4597 vobis
3910 4539 3985 4597 in.

2501 4635 2963 4703 testimonium,
2995 4633 3057 4696 id
3090 4641 3187 4696 651
3215 4633 3545 4697 materiale
3584 4633 3837 4714 signum
3868 4655 3986 4699 suo

2498 4732 2687 4795 modo
2750 4731 2924 4794 testis
2928 4731 3257 4808 icativum,
3322 4733 3855 4812 quemadmodum
3916 4733 3985 4797 in

2497 4849 2793 4911 agrorum
2825 4839 2887 4893 et
2917 4830 3393 4913 provinciarum
3426 4830 3714 4894 confinio
3744 4833 3986 4915 lapides

2497 4937 2884 5005 statuuntur,
2920 4929 2985 4990 in
3016 4929 3270 5008 signum
3302 4938 3367 4992 et
3396 4930 3833 4994 testimonium
3864 4940 3988 4994 ter-

2496 5026 2866 5091 minationis
2888 5047 2960 5091 ac
2982 5027 3413 5092 distinctionis
3443 5028 3698 5092 illorum
3720 5055 3736 5105 ;
3760 5051 3839 5091 ne
3856 5032 3989 5108 for-

2500 5137 2555 5186 te
2577 5134 2794 5203 postea
2826 5135 3061 5204 necare
3084 5128 3211 5186 veli
3215 5129 3295 5187 cis
3314 5126 3637 5190 audivisse
3656 5145 3773 5192 vos
3792 5129 3989 5194 verba

2497 5223 2628 5301 Dei,
2662 5232 2727 5285 et
2756 5224 2926 5306 quod
2957 5222 3303 5286 Dominum·
3340 5215 3623 5305 elegistis
3666 5225 3731 5288 111
3760 5226 3984 5304 Deum,

2495 5329 2685 5402 atque
2716 5321 2793 5383 ad
2825 5321 2966 5403 ejus
3006 5320 3251 5384 cultum
3284 5340 3397 5385 vos
3440 5323 3893 5402 adstrinxistis,
3926 5339 3991 5388 et
