4359 6250
106 2857 259 2902 Gen.
288 2871 411 2901 xlv.

1123 504 1472 552 mannam)
1515 505 1577 550 ΙΝ
1619 504 1755 550 (ΞΔΡ.
1802 503 1929 550 XXX
1972 505 2129 550 unm
2170 505 2341 552 Palm
2381 505 2604 554 amun.
2649 526 2730 538 ·—
2770 508 2912 554 ΛΒΤ.
2961 509 2993 552 1,

3480 493 3600 556 417

486 685 737 750 perant
779 679 1123 739 adversum
1164 699 1302 749 nos,
1337 681 1409 738 in
1449 697 1683 738 manus
1721 685 1997 745 nostras,
2028 671 2081 735 A
2108 676 2466 754 domorum,
2516 679 2797 763 exceptis
2846 679 2947 742 his
2997 697 3138 760 quae
3185 680 3596 742 comederunt

494 791 617 831 nec
662 777 893 835 audiet
942 796 1048 836 vos
1091 777 1438 856 quisquam
1483 795 1675 853 super
1714 794 1998 834 sermone

494 871 636 930 hoc.
690 871 853 935 Eece
909 892 1102 955 quam
1163 881 1495 937 mansuete
1548 881 1609 936 et
1666 872 1997 934 humiliter

493 978 760 1032 sanctus
806 971 1006 1034 David
1054 972 1385 1055 respondit
1427 972 1635 1036 avaris
1679 979 1743 1036 et
1786 971 1996 1033 immi-

492 1067 931 1132 sericordibus
980 1069 1132 1132 illis.
1176 1074 1399 1150 AEqua
1448 1073 1620 1132 enim
1664 1090 1824 1148 pars
1868 1070 1993 1130 eric

488 1167 939 1229 descendentis
982 1172 1073 1228 ad
1113 1173 1455 1246 proelium,
1490 1179 1551 1230 et
1598 1169 1995 1230 remanentis

486 1267 586 1324 ad
624 1269 947 1337 sarcinas,
986 1267 1052 1329 id
1101 1276 1197 1330 est
1242 1283 1393 1330 vasa
1440 1276 1505 1330 et
1552 1286 1747 1331 onera
1789 1274 1995 1330 custo-

486 1361 751 1440 dienda,
774 1374 834 1426 ec
862 1367 1173 1428 similiter
1198 1367 1521 1438 divident,
1553 1366 1709 1448 quia
1738 1375 1801 1428 et
1835 1364 1991 1449 ipsis

484 1469 706 1542 potest
751 1462 818 1525 in
863 1463 976 1526 tali
1021 1465 1439 1547 occupatione
1478 1465 1835 1547 perieulum
1876 1465 1994 1526 im-

2104 775 2396 855 juvene8‚
2432 777 2542 858 qui
2575 787 2756 842 erant
2789 778 2887 841 sui
2921 777 3250 842 vernaculi
3282 785 3346 840 et
3377 796 3591 841 secum

2106 875 2452 954 congressi,
2489 875 2908 958 partibusque
2945 877 3230 939 virorum
3261 875 3373 956 qui
3403 893 3593 938 vene-

2106 981 2254 1033 runt
2291 992 2528 1036 seeum.
2563 974 2757 1037 Erant
2794 993 3050 1057 quoque
3089 973 3378 1056 quinque
3414 991 3592 1054 reges

2103 1089 2262 1151 quos
2294 1070 2669 1149 debellavit3
2694 1082 2758 1136 et
2788 1072 2879 1135 ibi
2911 1072 3135 1136 asserit
3165 1071 3592 1152 Glossa,quod

2102 1168 2416 1232 militibus
2448 1170 2663 1234 debita
2694 1171 2871 1234 dedit
2911 1171 3251 1253 stipendia.

2201 1269 2385 1330 Venit
2425 1287 2573 1346 erqo
2616 1272 2835 1331 David
2884 1273 2958 1332 in
3003 1271 3271 1346 Siceleq,
3305 1279 3364 1328 ec
3411 1269 3592 1328 misit

2100 1367 2271 1427 dona
2309 1369 2390 1427 de
2419 1369 2650 1446 proeda
2687 1369 3044 1428 senioribus
3071 1369 3248 1428 Juda
3275 1375 3335 1427 et
3365 1366 3592 1443 proavi-

2100 1467 2227 1524 mis
2253 1467 2414 1535 suis,
2433 1468 2652 1527 dicens
2683 1484 2706 1526 .·
2737 1468 3028 1544 Accipite
3061 1466 3585 1533 benedictionem,

484 1559 764 1639 minere,
798 1571 863 1626 et
904 1563 1091 1644 quasi
1134 1572 1424 1646 pugnant
1469 1582 1618 1627 cum
1668 1563 1789 1640 his,
1826 1582 1989 1645 quos
2103 1561 2166 1624 id
2197 1571 2294 1626 est
2319 1564 2663 1643 gratiosam
2693 1564 3121 1640 collationem,
3145 1567 3226 1624 de
3238 1567 3467 1641 praeda
3491 1565 3592 1622 Ιιο-

482 1658 773 1721 reddunt
800 1660 1128 1742 expeditos
1158 1662 1239 1723 ad
1272 1680 1575 1743 pugnam,
1596 1662 1749 1724 dum
1770 1679 1989 1724 eorum
2098 1664 2298 1723 stium
2327 1665 2618 1734 Domini,
2655 1662 2717 1725 id
2763 1671 2860 1726 est
2895 1663 2973 1726 de
3013 1661 3236 1744 spoliis
3275 1679 3420 1743 quae
3446 1662 3590 1743 ,inre

481 1757 867 1819 custodiunt
903 1759 1208 1822 sarcinas,
1242 1762 1330 1821 Et
1356 1760 1609 1836 factum
1646 1770 1737 1821 est
1768 1761 1883 1820 hoc
1910 1781 1991 1820 eae
2096 1760 2294 1839 gladii
2313 1759 2694 1823 abstulimus
2728 1759 3078 1824 idololatris
3098 1759 3465 1822 Amalecitis
3489 1759 3589 1821 ad-

478 1854 603 1914 die
632 1856 755 1916 illa
783 1867 845 1917 et
879 1860 1177 1936 deinceps
1218 1859 1643 1919 constitutum
1680 1868 1740 1919 et
1771 1863 1989 1936 proefi-
2026 1855 2073 1916 B
2100 1858 2397 1922 versariis
2442 1859 2576 1924 veri
2623 1859 2754 1922 Dei.
2791 1861 2914 1920 His
2959 1861 3077 1939 qui
3118 1868 3307 1920 erant
3351 1861 3424 1918 in
3466 1861 3587 1918 Be-

478 1955 735 2026 nitum,
770 1953 835 2016 id
870 1963 967 2018 est
1002 1963 1311 2018 statutum
1344 1975 1455 2018 seu
1491 1955 1754 2018 firmum
1784 1957 1990 2020 decre-

476 2059 655 2130 tum,
672 2063 733 2114 ec
750 2057 943 2134 quasi
962 2059 1066 2115 leoe
1086 2057 1160 2116 in
1179 2058 1407 2128 Israel,
1433 2055 1496 2117 id
1518 2063 1615 2118 est
1644 2054 1988 2119 israelitica

476 2149 703 2232 plebe,
738 2173 939 2233 usque
968 2155 1042 2213 in
1074 2155 1249 2214 diem
1278 2157 1469 2215 hanc.
1505 2152 1734 2235 Sicque
1772 2152 1983 2230 Quasi,

472 2247 647 2311 dicit
675 2249 781 2312 hic
804 2248 1162 2327 veritatem,
1178 2269 1309 2314 non
1330 2251 1819 2315 similitudinem
1861 2260 1989 2315 tan-

474 2355 652 2410 tum.
686 2348 815 2411 Lex
844 2355 943 2412 est
970 2349 1143 2412 enim
1173 2349 1343 2413 idem
1366 2350 1537 2431 quod
1564 2357 1975 2432 praeceptum.

570 2446 881 2528 Denique,
934 2455 1005 2509 ut
1052 2447 1316 2530 quidam
1366 2447 1613 2526 scribit,
1665 2449 1862 2512 David
1916 2449 1984 2510 in

472 2542 663 2607 facto
701 2544 825 2608 hoc
860 2544 1291 2610 conformavit
1318 2565 1387 2610 se
1417 2546 1684 2610 Abrabae
1723 2546 1987 2628 patriar-

474 2642 651 2720 ehae,
684 2643 798 2725 qui
840 2642 1141 2710 similiter
1180 2642 1333 2707 fecit
1371 2645 1563 2707 sociis
1594 2644 1671 2707 ad
1704 2644 1984 2708 sarcinas

474 2740 997 2820 remanentibuS,
1034 2743 1290 2824 quando
1333 2751 1607 2824 quatuor
1658 2761 1838 2824 reges
1880 2745 1988 2807 de-

2102 1960 2254 2028 thel,
2283 1967 2344 2018 et
2389 1960 2508 2038 qui
2556 1960 2624 2018 in
2671 1961 2952 2020 Ramoih,
2998 1960 3087 2018 ad
3139 1958 3495 2025 meridiem,
3527 1965 3588 2016 et

2098 2058 2217 2134 qui
2259 2057 2332 2117 in
2368 2058 2609 2126 lether,
2645 2065 2707 2116 et
2745 2057 2863 2134 qui
2905 2058 2980 2116 in
3017 2058 3244 2126 Aroer,
3277 2064 3338 2114 et
3367 2053 3482 2133 qui
3512 2055 3586 2113 in

2101 2153 2516 2229 Sephamoth,
2544 2161 2605 2212 ec
2643 2153 2759 2232 qui
2795 2153 2871 2213 in
2911 2153 3240 2222 Estbamo,
3273 2159 3334 2212 ec
3363 2149 3483 2229 qui
3513 2152 3586 2210 in

2096 2253 2372 2320 Rachal,
2392 2259 2452 2311 et
2480 2253 2598 2330 qui
2627 2252 2702 2312 in
2732 2251 3000 2311 urbibus
3025 2251 3357 2321 Jerameel,
3380 2258 3440 2309 et
3470 2249 3589 2327 qui

2098 2351 2171 2410 in
2217 2349 2482 2409 urbibus
2515 2350 2695 2418 Ceni,
2723 2358 2783 2409 et
2811 2351 2930 2427 qui
2961 2351 3032 2408 in
3063 2350 3340 2418 Arama,
3369 2356 3429 2407 et
3471 2348 3589 2426 qui

2097 2449 2170 2507 in
2203 2451 2350 2507 lacu
2383 2451 2590 2516 Asan,
2617 2457 2676 2508 et
2703 2449 2822 2527 qui
2853 2449 2924 2508 in
2954 2449 3237 2515 Athaeh,
3264 2455 3325 2508 et
3357 2447 3475 2525 qui
3505 2447 3579 2504 in

2094 2547 2380 2615 Hebron,
2407 2555 2466 2606 ec
2496 2547 2766 2624 reliquis
2794 2547 2912 2626 qui
2938 2554 3126 2606 erant
3155 2545 3229 2605 in
3270 2545 3373 2605 Itis
3406 2545 3600 2615 locis,

2095 2647 2166 2705 in
2199 2647 2432 2724 quibus
2459 2654 2883 2705 commoratus
2900 2645 3122 2721 fuerat
3141 2645 3386 2713 David,
3413 2652 3473 2705 et
3493 2643 3584 2702 vi-

2092 2743 2159 2802 ri
2184 2743 2346 2820 ejus.
2380 2741 2609 2805 Dicunt
2637 2741 2861 2822 aliqui,
2885 2741 3058 2822 quod
3088 2741 3232 2804 ideo
3261 2739 3440 2802 misit
3470 2740 3581 2803 do-

2094 2859 2177 2902 na
2231 2840 2363 2902 suis
2409 2839 2717 2921 cognatiS,
2769 2848 2841 2902 ut
2889 2840 3238 2903 amicitiam
3295 2858 3440 2902 cum
3490 2837 3582 2902 eis

2093 2939 2514 3016 contraheret,
2549 2946 2612 3002 et
2649 2957 2764 3002 suo
2805 2946 3090 3021 tempore
3120 2938 3404 3001 facerent
3433 2957 3582 3000 eum

474 2839 779 2917 bellavit,
815 2849 886 2903 ut
916 2841 1159 2907 dietum
1191 2840 1319 2903 fuit
1352 2841 1419 2903 in
1446 2841 1697 2904 Genesi.
1730 2839 1987 2915 Quocir-

472 2956 567 3001 ca
594 2939 1020 3020 pensandum,
1045 2939 1219 3021 quod
1249 2939 1317 3001 in
1347 2938 1575 3002 Genesi
1608 2957 1733 3002 non
1768 2938 1987 3018 legun-

469 3045 595 3098 tur
637 3036 840 3119 aliqui
889 3057 966 3101 ex
1013 3037 1414 3119 adjutoribus
1464 3045 1572 3100 aut
1622 3037 1983 3101 vernaculis
2018 3040 2061 3104 C
2095 3056 2328 3119 regem.
2357 3036 2571 3100 Potius
2601 3045 2816 3100 tamen
2846 3038 3214 3119 puto,quod
3245 3035 3581 3129 ideoque-

464 3136 759 3200 Abrahae
778 3138 856 3200 ad
888 3138 1172 3201 sarcinas
1204 3138 1607 3215 remansisse,
1627 3138 1737 3201 sed
1770 3138 1980 3219 potius
2092 3136 2264 3198 niam
2304 3136 2665 3200 Amalecitae
2704 3134 2951 3218 praefati
2995 3153 3290 3216 magnam
3328 3144 3575 3218 partem

464 3254 708 3299 secum
752 3236 820 3298 in
866 3236 1160 3319 praelium
1202 3254 1423 3300 omnes
1463 3236 1737 3301 venisse.
1770 3237 1848 3299 Et
1885 3236 1981 3299 in-
2087 3234 2272 3316 quasi
2314 3234 2716 3298 abstulerunt
2749 3236 2830 3298 de
2870 3243 3038 3299 terra
3075 3242 3140 3296 et
3187 3241 3355 3298 sorte
3391 3234 3571 3311 Juda,

464 3332 913 3417 superfertur
941 3334 1203 3412 ibidem,
1229 3336 1400 3417 quod
1420 3334 1739 3407 Abrabam
1773 3335 1979 3399 noluit
2086 3342 2158 3396 ut
2190 3334 2256 3395 in
2287 3342 2461 3397 textu
2490 3334 2782 3398 habetur.
2815 3332 2940 3397 Nec
2971 3334 3243 3409 videtur,
3263 3331 3438 3413 quod
3465 3332 3576 3395 Da-

460 3432 767 3515 aliquem
804 3452 1128 3497 reservare
1160 3434 1239 3498 de
1273 3434 1631 3497 substantia
1664 3434 1829 3514 regis
1868 3434 1976 3497 So-
2086 3432 2194 3497 vid
2224 3452 2338 3515 per
2367 3433 2748 3497 munuscula
2785 3431 3136 3514 adspiravit
3169 3431 3247 3493 ad
3286 3448 3574 3512 regnum.

1638 3862 2290 3951 ARTICULUS
2373 3861 2434 3948 L

1202 4138 1285 4183 DE
1334 4137 1672 4185 summam
1722 4137 1905 4184 nulus
1954 4136 2233 4183 carnum
2281 4136 2583 4183 ‘rmcsssuss
2638 4137 2846 4184 suNsU.

606 4414 715 4479 ER
744 4416 945 4480 David
974 4425 1039 4479 et
1069 4415 1241 4480 viros
1270 4416 1434 4497 ejus,
1462 4416 1641 4496 juxta
1668 4413 1978 4497 praehabi-
2011 4414 2059 4477 D
2089 4415 2155 4477 in
2178 4414 2442 4496 Siceleg,
2463 4434 2732 4499 eamque
2761 4418 3256 4497 succenderunt3
3290 4418 3385 4483 sic
3403 4419 3578 4483 Chri-

608 4524 697 4593 ta‚
734 4514 1182 4597 intelliguntur
1210 4513 1497 4577 Christus
1541 4522 1605 4577 et
1642 4514 1781 4596 ejus
1812 4512 1980 4577 vica-
2088 4522 2187 4577 sto
2234 4514 2542 4597 populum
2591 4533 2779 4577 suum
2825 4515 2994 4597 juste
3041 4516 3445 4599 relinquente
3493 4519 3572 4581 ad

458 4612 599 4688 rii3
642 4632 760 4696 per
802 4613 1049 4695 Siceleg
1084 4632 1259 4690 vero,
1293 4612 1609 4687 Ecclesia3
1652 4631 1767 4695 per
1796 4611 1980 4675 Ama·
2084 4620 2359 4694 tempuS,
2391 4619 2502 4675 aut
2541 4612 2974 4696 dispensative
3015 4616 3350 4680 recedente
3386 4617 3467 4679 ab
3500 4617 3575 4679 il-

458 4714 703 4775 lecitas
758 4730 1040 4795 quoque,
1093 4711 1455 4776 invisibiles
1513 4731 1626 4776 seu
1683 4709 1977 4774 visibiles
2086 4710 2168 4788 lo,
2202 4731 2312 4774 seu
2343 4711 2599 4776 vicariis
2629 4713 2770 4794 ejus
2799 4713 3195 4791 absentibuS,
3231 4714 3447 4778 hostes
3474 4716 3576 4796 ju·-

450 4813 695 4875 hostes
740 4812 1083 4893 justorum.
1122 4809 1483 4873 Amalecitae
1531 4828 1829 4891 namque,
1866 4827 1977 4891 po-
2082 4817 2326 4872 storum
2355 4818 2604 4874 vastant
2633 4810 3259 4889 Ecclesiam,animas
3279 4812 3565 4891 vincunt,

446 4909 671 4995 pulus
693 4908 983 4973 lambens
1005 4910 1520 4991 interpretantur.
1536 4906 1720 4991 Impii
1742 4916 1975 4984 autem,
2080 4907 2512 4989 vitiorumque
2567 4908 2713 4987 igne
2777 4906 3184 4971 inflammant
3244 4909 3562 4975 bonorum

446 5006 801 5089 cupiendo
830 5016 1100 5085 terrena,
1137 5007 1299 5071 etin
1331 5005 1633 5071 vitiorum
1664 5004 1965 5089 operibus
2080 5006 2448 5088 praeeordia,
2499 5007 2598 5070 vel
2649 5006 2840 5069 etiam
2888 5008 3304 5090 corporaliter
3351 5010 3568 5074 demo-

445 5106 877 5182 delectando,
927 5105 1112 5187 quasi
1171 5104 1465 5167 lambunt
1520 5104 1656 5167 haee
1714 5102 1966 5166 infima.
2079 5104 2326 5167 liuntur
2373 5104 2512 5168 loca
2563 5104 2879 5184 fidelium,
2931 5115 2994 5169 et
3043 5106 3214 5190 ipsos
3265 5109 3571 5172 occidunt

444 5205 1022 5282 Quemadmodum
1070 5222 1223 5287 ergo
1272 5204 1469 5268 David
1518 5212 1581 5266 et
1628 5204 1785 5268 viris
1832 5205 1971 5285 ejus
2078 5223 2192 5267 seu
2235 5204 2543 5285 capiunt:
2577 5204 2813 5286 quibus
2855 5204 3030 5282 visiS,
3066 5206 3356 5270 Christus
3396 5227 3570 5273 com-

442 5302 875 5380 absentibus,
908 5302 1273 5366 Amalecitae
1322 5302 1631 5385 impetum
1683 5301 1973 5365 fecerunt
2078 5302 2316 5385 patitur
2355 5302 2509 5379 suis,
2544 5310 2610 5365 et
2638 5302 2778 5384 ejus
2808 5302 3033 5367 vicarii
3069 5304 3316 5368 deflent
3353 5306 3600 5369 subdi--

733 5438 797 5488 T.
832 5438 879 5488 3.
3263 5438 3324 5489 27
