4359 6250
903 477 1026 542 686

1475 497 1821 544 malumno
1863 497 1924 542 IN
1967 497 2104 543 CAP.
2150 497 2263 543 xm
2302 496 2461 542 unm
2500 497 2699 544 ‘raum
2741 497 2963 546 REGUU.
3010 517 3091 529 -
3130 499 3272 546 ΛΒΤ.
3318 498 3425 546 xxl

901 670 1232 730 Jeroboam
1261 673 1342 732 de
1370 671 1482 731 via
1499 691 1620 731 sua
1639 671 1943 747 pessima,
1968 687 2169 752 quum
2201 667 2394 733 vidis·
2419 667 2472 730 A
2502 671 2671 751 quod
2707 670 2815 734 Dei
2853 679 3241 754 praeceptum
3274 669 3398 734 fuit
3430 680 3860 752 transgressus
3889 689 3991 734 co-

901 774 997 829 set
1026 766 1292 849 praefata
1347 768 1657 831 miracula
1701 769 1781 830 de
1811 767 2122 831 scissione
2168 766 2389 830 altaris

899 872 962 928 et
991 866 1320 930 curatione
1352 867 1627 949 propriae
1655 886 1882 928 manus
1912 890 1928 942 ς
1969 885 2087 929 nec
2116 866 2387 929 dubium

895 964 1055 1046 quin
1087 974 1150 1028 et
1179 966 1464 1048 percepit
1493 985 1636 1048 quae
1663 974 1841 1046 gesta
1871 973 2053 1028 erant
2079 966 2252 1029 circa
2278 962 2388 1029 bo-

895 1081 1048 1126 num
1081 1063 1264 1127 illum
1298 1064 1710 1147 Prophetam3
1748 1069 1858 1126 sed
1895 1066 2254 1126 econtrario
2292 1065 2387 1141 fe-

891 1165 980 1224 cit
1017 1167 1096 1222 de
1144 1165 1512 1224 novissimi-5
1533 1165 1787 1240 populi,
1823 1162 1887 1225 id
1931 1171 2028 1226 est
2069 1162 2264 1226 etiam
2306 1162 2385 1224 de

888 1259 1226 1324 vilioribus
1264 1261 1636 1325 hominibus
1677 1261 1896 1325 decem
1930 1261 2243 1336 tribuum,
2285 1282 2387 1322 sa-

888 1364 1165 1421 cerdotes
1206 1364 1621 1434 eoecelsorum,
1675 1360 1737 1422 id
1765 1361 1772 1383 ”
1799 1367 1895 1423 est
1951 1361 2267 1424 idolorum
2318 1368 2381 1422 et

891 1457 1188 1521 fanorum
1245 1479 1388 1541 quae
1445 1467 1626 1522 erant
1677 1459 1740 1520 in
1792 1458 1948 1522 locis
1995 1458 2382 1521 sublimibus

887 1556 1252 1620 constituta.
1309 1561 1707 1638 Quicumque
1768 1562 2035 1629 volebat,
2077 1560 2385 1636 implebat

888 1677 1160 1718 manum
1205 1677 1420 1724 suam,
1449 1657 1520 1739 e(
1551 1659 1742 1734 fiebat
1779 1660 2068 1716 sacerdos
2114 1661 2383 1717 excelso-

887 1775 1060 1822 rum.
1095 1754 1157 1816 id
1189 1763 1306 1831 est,
1331 1755 1687 1819 consecrari
1722 1775 1790 1818 se
1822 1752 1978 1817 fecit
2007 1762 2071 1817 et
2102 1755 2379 1817 hostiam

2499 770 2813 832 medendo
2844 769 2908 832 in
2943 771 3082 834 loco
3113 770 3455 852 prohibito.
3488 770 3725 834 Deinde
3752 770 3991 852 quaeri-

2500 876 2622 944 tur,
2656 887 2737 930 an
2771 869 2977 932 bonus
3008 869 3117 932 ille
3154 869 3465 952 Propheta
3496 870 3785 952 peccavit
3822 886 3991 932 mor-

2500 967 2706 1030 taliter
2762 968 3152 1033 comedendo
3210 968 3276 1030 in
3338 969 3475 1032 loco
3535 969 3669 1031 illo.
3718 969 3989 1032 Videtur

2493 1067 2664 1147 quod
2722 1066 2837 1142 sic,
2898 1067 3051 1148 quia
3105 1067 3395 1130 divinum
3443 1067 3709 1131 violavit
3754 1086 3989 1150 praece-

2494 1173 2697 1245 ptum,
2728 1173 2793 1228 et
2824 1164 2950 1227 ruit
2979 1165 3354 1230 inobediens
3386 1166 3533 1242 Deo,
3559 1175 3624 1229 et
3671 1165 3829 1248 quia
3860 1165 3989 1228 fuit

2493 1263 2705 1327 statim
2726 1255 2995 1326 occisus.
3018 1263 3109 1327 Ad
3142 1264 3311 1327 istud
3344 1283 3470 1327 non
3498 1265 3703 1328 audeo
3734 1263 3981 1346 aliquid

2490 1361 2842 1434 affirmare,
2882 1363 3021 1446 nisiJ
3055 1365 3228 1446 quod
3278 1372 3605 1447 peccatum
3654 1363 3817 1426 illud
3857 1362 3985 1426 fuit

2490 1469 2599 1524 aut
2657 1461 2797 1526 leve
2845 1463 3132 1539 mortale,
3176 1471 3284 1526 aut
3330 1479 3619 1542 grossum
3668 1462 3925 1526 veniale
3962 1487 3979 1535 ;

2490 1567 2553 1621 et
2579 1561 2875 1642 quamvis
2914 1561 3327 1625 materialiter
3366 1561 3813 1643 praevaricatus
3861 1559 3989 1623 fuit

2492 1668 2879 1741 praeceptum
2924 1659 3238 1736 divinum,
3274 1678 3401 1723 non
3456 1667 3665 1722 tamen
3697 1658 3989 1722 formali-

2492 1763 2608 1834 ter,
2639 1766 2710 1819 ut
2758 1766 3040 1839 apparet,
3075 1758 3229 1840 quia
3274 1757 3519 1841 putavit
3574 1758 3775 1820 Deum
3820 1757 3987 1819 inte-

887 1852 1139 1930 obtulit,
1173 1873 1316 1936 quae
1355 1853 1422 1916 in
1453 1854 1930 1918 consecratione
1970 1855 2371 1918 sacerdotum
2418 1855 2463 1916 B
2494 1855 2613 1918 rim
2643 1864 2924 1919 mutasse
2953 1864 3366 1939 praeceptum.

887 1953 1218 2017 consuevit
1277 1952 1537 2029 offerri3
1582 1953 1706 2030 vel,
1761 1953 2056 2035 Implevit
2117 1973 2379 2018 manum

889 2071 1090 2128 suam,
1127 2055 1436 2135 portando
1481 2055 1548 2116 in
1594 2053 1890 2116 manibus
1933 2051 2064 2115 suis
2115 2072 2384 2116 munera

887 2151 1044 2232 regi,
1083 2171 1197 2233 per
1225 2173 1367 2234 quae
1398 2153 1678 2217 obtinuit
1711 2152 2134 2217 sacerdotium
2169 2152 2327 2215 illud
2358 2176 2373 2228 3

885 2250 1010 2326 vel,
1045 2250 1338 2333 Implevit
1379 2272 1639 2316 manum
1687 2252 1888 2335 ipsius
1935 2252 2122 2332 regiS,
2167 2252 2377 2315 dando

885 2349 944 2412 ei
991 2350 1267 2431 pretium
1297 2351 1433 2416 sive
1477 2351 1814 2434 pecuniam
1862 2369 1976 2434 pro
2024 2351 2378 2415 sacerdotio

883 2449 1255 2514 obtinendo.
1280 2453 1366 2512 Ec
1390 2462 1655 2530 propter
1683 2455 1852 2512 hanc
1879 2471 2142 2512 causam
2156 2470 2381 2528 pecca-

885 2551 980 2609 vit
1016 2551 1244 2610 domus
1281 2552 1640 2620 Jeroboam‚
1673 2549 1737 2611 id
1781 2557 1879 2612 est
1922 2549 2218 2630 cognatio
2264 2569 2377 2612 seu

885 2646 1136 2711 soboles
1193 2657 1255 2711 et
1309 2647 1551 2712 familia
1599 2649 1739 2730 ejus
1796 2657 1988 2731 atque
2045 2649 2376 2712 domestici

885 2755 1226 2827 sequentes
1273 2747 1514 2811 scelera
1572 2747 1758 2826 regiS,
1805 2758 1866 2809 et
1907 2769 2122 2808 eversa
2171 2758 2265 2810 est
2319 2758 2379 2809 et

882 2848 1089 2906 deleta
1115 2849 1195 2906 de
1222 2849 1561 2926 superficie
1594 2857 1799 2908 terroe.

963 2943 1143 3006 Circa
1175 2944 1306 3007 haec
1333 2945 1661 3026 quaeritur,
1699 2945 1926 3027 primo,
1962 2944 2240 3026 qualiter
2270 2963 2377 3026 po-

2570 1954 2660 2016 Ex
2701 1953 2803 2016 his
2842 1952 3038 2018 infert
3066 1955 3372 2018 Henricus
3416 1956 3495 2018 de
3531 1954 3773 2032 Hassia,
3808 1956 3983 2036 quod

2490 2051 2679 2116 homo
2717 2052 3075 2117 difficulter
3119 2060 3451 2116 excusetur
3478 2073 3515 2116 a
3544 2053 3750 2117 divini
3786 2062 3987 2116 trans-

2486 2151 2813 2231 gressione
2859 2152 3181 2234 praecepti,
3218 2151 3345 2214 imo
3388 2161 3451 2216 et
3496 2151 3775 2216 faciliter
3820 2153 3984 2215 inci-

2486 2250 2595 2311 dat
2628 2269 2789 2329 eam,
2814 2250 2967 2332 quia
2996 2251 3307 2334 Propheta
3338 2252 3477 2328 iste,
3514 2270 3642 2314 non
3673 2251 3983 2314 obstante

2488 2349 2657 2428 quod
2688 2349 2957 2412 credidit
2987 2350 3329 2413 Dominum
3370 2350 3771 2433 praecepisse,
3805 2350 3981 2432 quod

2490 2445 2689 2510 falsus
2722 2447 2831 2510 ille
2860 2449 3151 2526 asseruit,
3178 2448 3381 2512 nihilo
3416 2449 3629 2511 minus
3658 2449 3983 2530 judicatus

2488 2553 2581 2606 est
2627 2545 3002 2610 inobediens
3053 2546 3251 2610 fuisse
3284 2566 3299 2610 ε
3334 2547 3491 2629 quid
3530 2565 3681 2628 ergo
3725 2549 3807 2612 de
3850 2549 3979 2624 his,

2487 2643 2599 2725 qui
2630 2662 2705 2707 ex
2738 2654 2907 2708 certa
2939 2645 3226 2722 scientia,
3256 2665 3332 2708 ex
3362 2646 3710 2729 proposito,
3745 2667 3823 2710 ex
3852 2667 3983 2710 me-

2488 2761 2557 2804 ra
2586 2743 2831 2806 malitia
2860 2747 3168 2827 peccanti
3198 2745 3275 2806 Et
3305 2745 3358 2806 si
3388 2744 3596 2826 justus
3625 2753 3821 2828 atque
3850 2733 3985 2808 om-

2485 2841 2782 2924 nipotens
2822 2844 2982 2906 Deus
3022 2851 3150 2906 tam
3196 2843 3321 2906 cito
3362 2863 3434 2907 ac
3474 2843 3613 2906 dire
3655 2843 3833 2907 ultus
3882 2852 3983 2906 αεὶ

2486 2940 2743 3021 culpam
2776 2940 2973 3017 illam,
3007 2960 3150 3023 quae
3184 2950 3421 3005 tantam
3467 2941 3691 3006 habuit
3722 2961 3985 3006 excusa·

884 3040 1008 3103 tuit
1049 3059 1186 3104 esse
1238 3043 1410 3125 quod
1439 3043 1772 3106 Jeroboam
1804 3051 1948 3127 post
1993 3043 2176 3125 signa
2220 3063 2379 3126 prae-
2414 3031 2457 3095 C
2487 3037 2727 3100 'tionem
2758 3048 2821 3102 et
2856 3039 3327 3104 alleviationem
3363 3057 3378 3102 ε
3410 3039 3689 3122 qualiter
3720 3041 3981 3124 punitu-

883 3148 1048 3203 tacta
1087 3142 1320 3211 mansit
1355 3150 1479 3205 tam
1523 3142 1900 3206 obstinatuS.
1936 3143 2031 3206 Ad
2076 3144 2251 3224 quod
2280 3144 2378 3205 Jo-

883 3240 1142 3321 sephuS‚
1177 3241 1415 3322 aliique
1459 3242 1848 3324 expositores
1893 3250 1955 3305 et
1985 3241 2277 3323 Magister
2308 3241 2371 3303 in

882 3338 1166 3401 historiis
1229 3339 1438 3421 ipsum
1495 3347 1856 3421 sequenteS‚
1914 3340 2138 3403 dicunt
2201 3341 2372 3422 quod

881 3439 1435 3521 pseudopropheta
1457 3439 1567 3503 ille
1589 3440 1906 3521 persuasit
1927 3438 2262 3503 Jeroboam
2286 3461 2376 3504 re-

880 3536 967 3617 gi,
995 3555 1121 3600 non
1155 3536 1354 3599 fuisse
1376 3556 1596 3600 verum
1627 3538 2025 3621 prophetam,
2051 3558 2243 3620 quem
2266 3540 2377 3602 Do-

881 3635 1094 3697 minus
1145 3654 1257 3717 per
1307 3636 1556 3699 leonem
1607 3636 1874 3711 occidit3
1920 3638 2372 3719 dexteramque

884 3733 1087 3815 ipsius
1121 3733 1443 3801 eit-,labore
1475 3734 1889 3797 thurificandi
1911 3743 1976 3799 et
1997 3736 2375 3799 immolandi

883 3832 1292 3914 obstupuisse
1311 3852 1423 3895 seu
1445 3833 1709 3909 aruisse,
1733 3842 1796 3896 et
1816 3853 2015 3916 quum
2038 3834 2189 3897 inde
2206 3834 2379 3916 quie-

884 3929 1101 4008 visset,
1135 3931 1214 3993 ad
1258 3930 1602 4012 pristinum
1648 3932 1887 3995 redisse
1929 3932 2252 4014 vigorem3
2287 3940 2379 3995 at-

881 4048 1008 4110 que
1047 4028 1244 4092 altare
1284 4028 1482 4092 fuisse
1525 4030 1794 4093 scissum
1825 4049 1903 4093 ex
1931 4048 2124 4093 onere
2175 4030 2377 4113 impo-

881 4127 1148 4189 sitarum
1178 4128 1552 4192 hostiarum.
1580 4128 1700 4191 Sed
1731 4136 1937 4191 textus
1969 4147 2098 4192 non
2123 4129 2375 4193 videtur

2490 3157 2595 3199 rus
2618 3147 2713 3200 est
2732 3158 2861 3217 θος,
2882 3140 3155 3222 quisine
3186 3140 3369 3203 freno
3393 3140 3635 3221 absque
3657 3140 3883 3203 timore
3901 3160 3979 3205 ac

2488 3256 2755 3300 numero
2794 3240 3378 3319 transgrediuntur?
3410 3240 3695 3321 Denique
3724 3248 3979 3303 constat

2486 3354 2563 3397 ex
2602 3335 2735 3413 illo,
2778 3337 3054 3419 qualiter
3090 3338 3253 3400 Deus
3292 3338 3526 3401 electos
3568 3338 3635 3401 in
3673 3340 3975 3420 praesenti

2486 3435 2767 3515 castigat,
2790 3436 3093 3517 reprobos
3120 3455 3271 3500 vero
3300 3444 3550 3500 aeternae
3576 3438 3973 3500 damnationi

2488 3542 2788 3597 reservat.
2830 3534 2983 3598 Nam
3029 3544 3319 3598 sanctum
3365 3534 3548 3597 illum
3590 3535 3967 3618 Prophetam

2488 3650 2603 3713 pro
2632 3632 2821 3715 culpa
2852 3652 2965 3695 sua
2998 3652 3141 3697 mox
3181 3634 3524 3713 interemit,
3558 3636 3669 3697 sed
3708 3636 3982 3717 pseudo-

2486 3730 2861 3813 prophetam
2900 3732 3086 3794 illum
3124 3733 3387 3815 reliquit
3418 3733 3522 3796 hic
3557 3734 3976 3816 impunitum.

2485 3828 2828 3892 Innotescit
2862 3830 3015 3893 item
3053 3850 3129 3893 ex
3168 3831 3290 3908 his,
3325 3832 3601 3914 qualiter
3638 3832 3977 3895 dominan-

2486 3926 2551 3988 di
2591 3927 2801 3991 libido·
2823 3928 3197 3993 obtenebret
3240 3930 3624 4012 induretque
3658 3932 3969 4007 animum,

2486 4032 2547 4086 et
2576 4024 3076 4106 incorrigibilem
3110 4024 3360 4091 efficiat
3397 4028 3748 4105 hominem,
3784 4030 3875 4091 ita
3904 4038 3975 4091 ut

2486 4142 2603 4186 nec
2634 4123 2855 4204 signis,
2878 4144 2993 4188 nec
3024 4124 3384 4202 beneficiiS‚
3412 4144 3526 4189 nec
3558 4125 3829 4203 ratione,
3856 4146 3973 4190 nec

881 4226 983 4287 his
1026 4244 1394 4301 consonare,
1431 4227 1732 4307 quoniam
1777 4228 1941 4290 sicut
1982 4226 2113 4308 jam
2145 4227 2370 4309 patuit,
2405 4219 2454 4281 D
2484 4223 2977 4287 comminatione
3017 4224 3372 4287 retrahatur
3412 4245 3451 4287 a
3489 4226 3688 4289 vitiis.
3729 4226 3968 4308 ltaque,

882 4321 1081 4386 falsus
1143 4324 1252 4387 ille
1297 4326 1626 4388 evidenter
1682 4325 1844 4387 dixit
1895 4346 1967 4389 ac
2031 4325 2368 4402 fatebatur,

881 4424 1054 4506 quod
1083 4424 1393 4505 Propheta
1422 4423 1534 4487 ille
1566 4422 1794 4487 fuisset
1822 4424 1921 4488 vir
1953 4424 2083 4500 Dei,
2109 4433 2174 4487 et
2203 4425 2372 4506 quod

883 4522 950 4584 in
995 4521 1253 4585 nomine
1297 4521 1406 4585 Dei
1451 4531 1617 4585 esset
1661 4524 1950 4597 locutus3
1998 4522 2170 4606 quod
2219 4523 2370 4586 item

883 4620 1093 4684 omnia
1120 4639 1264 4702 quae
1306 4621 1618 4703 praedixit,
1653 4621 2006 4685 certissime
2035 4622 2377 4704 impleren-

885 4725 1021 4793 tur;
1053 4716 1224 4799 quod
1255 4716 1448 4779 etiam
1489 4725 1657 4781 esset
1701 4736 1738 4783 a
1772 4717 1957 4780 leone
1987 4717 2258 4795 occisus,
2296 4736 2370 4780 eo

2482 4322 2740 4401 quando
2776 4321 2845 4384 in
2878 4323 3009 4385 vita
3040 4320 3159 4386 hac
3198 4332 3539 4386 occurrunt
3577 4324 3763 4387 nobis
3802 4326 3971 4388 mala

2484 4425 2686 4481 morte
2724 4420 2993 4494 minora,
3029 4438 3368 4501 pensemus
3409 4421 3685 4502 qualiter
3727 4421 3837 4485 ille
3874 4422 3972 4485 vir

2484 4516 2594 4578 Dei
2614 4536 2728 4598 pro
2748 4517 2997 4581 modica
3014 4520 3111 4595 (ut
3130 4522 3417 4603 apparet)
3440 4520 3627 4601 culpa
3648 4521 3967 4602 patienter

2488 4615 2631 4677 tulit
2674 4618 2895 4680 mortis
2942 4616 3115 4680 illius
3157 4625 3491 4697 tormenta,
3534 4620 3755 4701 sicque
3808 4638 3969 4681 scm-

2484 4732 2598 4795 per
2626 4714 2941 4795 patientes
2969 4734 3041 4779 ac
3072 4716 3346 4781 humiles
3378 4736 3884 4799 permaneamus.
