4359 6250
869 479 990 544 780

1095 685 1450 734 nummo
1489 686 1556 734 m
1597 687 1820 734 unnim
1857 688 2133 735 iunicum

867 850 1220 906 Prooemium
1273 893 2213 907 ...........
2259 852 2363 907 109

869 939 1162 996 Articulus
1206 941 1246 996 I.
1305 941 1601 1012 Expositio
1655 941 1921 998 litteralis
1977 941 2216 1014 capituli

941 1030 1115 1101 primi
1151 1047 1163 1085 :
1205 1031 1338 1086 Post
1385 1036 1634 1088 mortem
1681 1033 1869 1097 Josue,
1912 1031 2218 1090 consulue-

940 1122 1080 1176 runt
1107 1119 1210 1174 filii
1241 1120 1414 1176 Israel
1447 1121 1762 1177 Dominum
1823 1165 2214 1177 .....
2259 1122 2355 1177 111

867 1213 906 1264 Λ
919 1209 1164 1266 rticulus
1195 1211 1260 1266 II.
1289 1211 1510 1266 Solutio
1529 1212 1920 1282 quaestionum
1943 1213 2215 1276 duarum,

939 1303 994 1356 et
1023 1302 1094 1356 de
1113 1300 1402 1373 spirituali
1424 1301 1600 1374 hujus
1627 1301 1865 1373 capituli
1901 1301 2216 1358 intellectu.
2262 1303 2363 1358 116

871 1388 1166 1444 Articulus
1195 1389 1286 1444 III.
1319 1389 1614 1461 Expositio
1653 1389 1891 1462 capituli
1929 1391 2168 1446 secundi
2203 1407 2217 1445 ε

940 1477 1325 1550 Ascenditque
1381 1477 1626 1551 angelus
1683 1478 1914 1534 Domini
1967 1482 2036 1536 de
2089 1479 2218 1535 Gal-

941 1565 1090 1638 gaiis
1094 1609 2216 1623 .............
2260 1569 2363 1624 117

869 1655 1164 1712 Articulus
1185 1656 1274 1711 lv.
1301 1657 1376 1712 De
1403 1655 1690 1728 spirituali
1721 1657 1984 1731 ejusdem
2014 1673 2221 1714 secun-

943 1744 1002 1800 di
1035 1744 1269 1816 capituli
1303 1744 1686 1818 intelligentia
1735 1789 2215 1802 ......
2261 1748 2359 1803 121

871 1833 1164 1890 Articulus
1192 1835 1256 1889 V.
1297 1834 1620 1890 Elucidatio
1669 1835 1934 1892 litteralis
1981 1835 2219 1908 capituli

942 1923 1092 1981 tertii
1128 1941 1142 1978 :
1175 1925 1272 1980 Hae
1317 1928 1454 1980 sunt
1499 1929 1697 1998 gentes
1743 1942 1890 1997 quas
1937 1926 2221 1982 Dominus

942 2013 1254 2086 dereliquit
1271 2057 2217 2070 ...........
2263 2016 2364 2070 122

870 2103 1164 2160 Articulus
1193 2104 1282 2159 VI.
1318 2105 1395 2161 De
1435 2103 1821 2177 intelligentia
1857 2105 2034 2178 hujus
2067 2105 2222 2177 capi-

943 2193 1048 2250 tuli
1079 2191 1365 2265 spirituali
1461 2235 2218 2250 .........
2264 2196 2367 2251 125

870 2282 1172 2340 Articulus
1211 2284 1328 2341 VII.
1361 2282 1684 2340 Elucidatio
1713 2284 1950 2356 capituli
1982 2283 2173 2357 quarti
2208 2301 2221 2341 :

947 2372 1314 2429 Addiderunt
1339 2377 1536 2430 autem
1563 2373 1665 2428 filii
1692 2373 1866 2430 Israel
1889 2373 2074 2431 facere
2107 2389 2225 2429 ma-

947 2463 1068 2518 lum
1103 2461 1162 2517 in
1191 2465 1504 2534 conspectu
1533 2461 1764 2518 Domini
1833 2505 2219 2518 .....
2265 2464 2367 2519 126

873 2551 1168 2608 Articulus
1195 2551 1338 2607 VIII.
1375 2552 1449 2608 De
1481 2569 1656 2608 sensu
1692 2551 1954 2624 ejusdem
1983 2552 2221 2624 capituli

945 2640 1188 2714 mystico
1273 2683 2220 2698 ...........
2266 2645 2369 2699 133

853 2730 1166 2792 ,Articulus
1199 2731 1285 2786 IX.
1319 2731 1642 2788 Declaratio
1689 2731 1927 2803 capituli
1976 2731 2164 2803 quinti
2208 2749 2222 2788 ε

944 2819 1404 2892 cecineruntque
1463 2820 1684 2877 Debora
1735 2824 1791 2876 et
1842 2821 2024 2878 Barac
2068 2821 2225 2878 filius

945 2909 1228 2966 Abinoem
1273 2951 2221 2966 ...........
2267 2913 2369 2968 135

874 2999 1170 3056 Articulus
1199 2999 1261 3054 X.
1293 2999 1530 3070 Mystica
1572 2999 1834 3072 ejusdem
1883 2999 2094 3056 cantici
2133 3017 2227 3057 ex-

946 3088 1155 3163 positio
1179 3132 2221 3146 ............
2266 3091 2365 3148 141

873 3180 1174 3236 Articulus
1201 3180 1292 3234 XI.
1325 3179 1667 3251 Explanatio
1693 3179 1956 3235 litteralis
1986 3180 2223 3252 capituli

945 3269 1089 3325 sexti
1123 3286 1136 3324 :
1181 3268 1460 3325 Fecerunt
1503 3271 1698 3325 autem
1747 3268 1846 3324 filii
1889 3270 2060 3327 lsrael
2101 3288 2227 3326 ma-

947 3358 1070 3414 lum
1103 3358 1160 3413 in
1192 3360 1504 3429 conspectu
1536 3358 1768 3413 Domini
1837 3398 2222 3416 .....
2270 3361 2370 3416 143

876 3448 1170 3505 Articulus
1199 3447 1315 3503 XII.
1349 3448 1428 3505 De
1456 3446 1742 3519 spirituali
1777 3448 2040 3520 ejusdem
2072 3448 2226 3521 capi-

942 3538 1050 3593 tuli
1092 3538 1387 3595 intellectu
1465 3580 2221 3593 .........
2269 3539 2371 3595 148

875 3628 1170 3684 Articulus
1199 3627 1339 3681 XIII.
1383 3626 1724 3699 Explanatio
1775 3626 2038 3683 litteralis
2071 3627 2227 3699 capi-

947 3717 1052 3773 tuli
1085 3715 1317 3789 septimi
1351 3734 1364 3771 :
1394 3717 1576 3789 Igitur
1602 3716 1882 3779 Jerohaal,
1916 3718 2016 3787 qui
2047 3721 2101 3773 et
2121 3718 2226 3774 Ge-

949 3808 1121 3874 deon,
1153 3808 1224 3862 de
1255 3810 1422 3862 nocte
1453 3822 1811 3879 consurgens
1835 3848 2223 3861 .....
2270 3808 2364 3863 151

877 3897 1172 3955 Articulus
1202 3898 1338 3951 XIV.
1371 3896 1645 3969 Ejusdem
1674 3896 1912 3969 capituli
1941 3896 2227 3968 expositio

947 3985 1268 4059 spiritualis
1274 4028 2221 4042 ...........
2268 3988 2369 4043 154

877 4075 1172 4133 Articulus
1201 4075 1310 4129 XV.
1364 4074 1657 4147 Expositio
1706 4076 1942 4147 capituli
1991 4075 2223 4133 octavi:

950 4166 1344 4235 Dixeruntque
1374 4166 1448 4220 ad
1475 4180 1611 4220 eum
1642 4164 1750 4219 viri
1781 4165 2061 4236 Ephraim
2114 4208 2127 4220 .
2208 4210 2220 4222 .
2266 4168 2368 4224 156

877 4254 1170 4311 Articulus
1207 4254 1345 4308 XVI.
1388 4253 1712 4309 Declaratio
1761 4254 2025 4310 litteralis
2070 4256 2226 4329 capi-

946 4341 1052 4399 tuli
1080 4342 1219 4399 noni
1251 4358 1266 4398 t
1299 4342 1456 4398 Abiit
1483 4345 1679 4399 autem
1707 4341 2041 4400 Abimelech
2072 4344 2227 4402 iilius

944 4430 1203 4489 Jerobaal
1276 4474 2219 4489 ...........
2268 4436 2364 4491 161

875 4522 1169 4579 Articulus
1215 4522 1377 4577 XVII.
1417 4521 1712 4593 Expositio
1759 4522 2020 4595 ejusdem
2070 4525 2225 4596 capi-

944 4611 1050 4668 tuli
1082 4611 1402 4683 spiritualis
1460 4654 2220 4669 .........
2266 4614 2368 4671 166

875 4700 1170 4758 Articulus
1199 4701 1387 4756 XVIII.
1429 4701 1774 4774 Explanatio
1803 4702 2041 4774 capituli
2073 4702 2227 4760 deci-

946 4790 1027 4845 mi
1071 4807 1084 4847 :
1131 4791 1264 4846 Post
1309 4790 1644 4847 Abimelech
1693 4791 1946 4847 surrexit
1991 4792 2111 4849 dux
2160 4792 2220 4848 in

948 4878 1139 4943 lsrael,
1171 4878 1346 4934 Thola
1369 4922 2223 4939 ..........
2268 4884 2370 4939 168

877 4967 1170 5024 Articulus
1207 4968 1346 5024 XIX.
1391 4968 1716 5025 Elucidatio
1763 4969 2026 5026 litteralis
2073 4972 2228 5044 capi-

947 5056 1051 5113 tuli
1088 5057 1384 5114 undecimi
1419 5076 1431 5113 :
1464 5057 1596 5113 Fuit.
1633 5057 1824 5129 itaque
1866 5058 1964 5114 illo
1993 5059 2050 5115 In
2081 5064 2227 5117 tem-

948 5162 1084 5218 pore
1109 5146 1348 5218 Iephthe
1379 5146 1704 5203 Galaadites
1746 5190 2223 5206 ......
2269 5151 2371 5208 170

877 5233 1172 5291 Articulus
1197 5236 1308 5291 XX.
1353 5236 1429 5293 De
1479 5235 1724 5308 mystico
1771 5238 1944 5310 huJus
1990 5239 2226 5312 capituli

945 5340 1124 5381 sensu
1183 5367 2225 5383 ............
2269 5330 2372 5387 177

2137 501 2325 548 mnu
2368 501 2703 548 (imus

2470 671 2767 728 Articulus
2794 673 2931 729 XXI.
2962 671 3257 745 Expositio
3282 671 3549 729 litteralis
3574 671 3811 744 capituli

2542 764 2873 820 duodecimi
2926 782 2939 819 ε
2988 765 3131 820 Ecce
3176 767 3373 819 autem
3424 763 3485 818 in
3536 763 3809 835 Ephraim

2540 857 2667 908 orta
2698 853 2905 910 seditio
2932 856 3019 910 est
3058 896 3807 908 .........
3850 853 3959 908 178

2472 942 2767 998 Articulus
2804 943 2967 998 XXII.
3004 942 3323 998 Declaratio
3362 942 3627 999 litteralis
3658 941 3809 1013 capi-

2542 1031 2647 1086 tuli
2680 1031 3087 1089 tertiidecimi:
3112 1033 3477 1103 Rursumque
3506 1031 3610 1086 filii
3641 1031 3811 1087 Israel

2544 1119 2801 1178 fecerunt
2834 1121 3057 1177 malum
3100 1121 3159 1176 in
3206 1123 3517 1192 conspectu
3560 1120 3807 1175 Domini.
3850 1119 3959 1174 180

2472 1210 2767 1266 Articulus
2802 1211 2989 1266 XXIII.
3022 1211 3101 1266 De
3138 1210 3382 1282 mystico
3420 1211 3681 1282 ejusdem
3718 1226 3810 1265 ca-

2544 1299 2711 1371 pituli
2744 1299 3059 1356 intellectu.
3150 1340 3807 1353 ........
3850 1299 3959 1353 185

2472 1389 2766 1446 Articulus
2794 1389 2981 1443 XXIV.
3012 1387 3305 1460 Expositio
3332 1388 3571 1460 capituli
3600 1388 3814 1459 quarti·

2544 1478 2755 1536 decimi
2812 1495 2828 1534 :
2888 1478 3193 1534 Descendit
3248 1495 3385 1551 ergo
3440 1479 3687 1534 Samson
3750 1477 3809 1533 in

2539 1568 2911 1624 Thamnatha
2966 1609 3809 1623 ..........
3853 1567 3959 1621 186

2470 1657 2768 1715 Articulus
2815 1658 2972 1712 XXV.
3024 1657 3101 1713 De
3144 1657 3387 1728 mystica
3434 1656 3811 1729 intelligentia

2544 1747 2808 1820 ejusdem
2836 1745 3073 1819 capituli
3150 1788 3806 1800 ........
3853 1746 3961 1801 190

2472 1837 2768 1894 Articulus
2796 1837 2980 1892 XXVI.
3013 1836 3307 1908 Expositio
3336 1836 3572 1908 capituli
3598 1835 3811 1908 quinti-

2545 1926 2757 1983 decimi
2782 1943 2794 1980 ε
2818 1928 2954 1982 Post
2972 1925 3338 1998 aIIquantum
3361 1930 3559 1982 autem
3580 1929 3799 1997 tempo-

2544 2017 2625 2072 ris
2647 2033 2830 2089 quum
2854 2017 2978 2072 dies
3008 2015 3247 2072 triticea}
3278 2015 3482 2072 messis
3510 2016 3807 2072 instarent.
3852 2017 3957 2070 192

2475 2105 2771 2162 Articulus
2800 2106 3010 2160 XXVII.
3043 2105 3121 2161 De
3158 2122 3331 2162 sensu
3368 2105 3631 2178 ejusdem
3660 2105 3813 2176 capi-

2544 2195 2651 2252 tuli
2684 2195 2929 2268 mystico
2960 2237 3805 2251 ..........
3852 2195 3959 2250 195

2474 2285 2769 2341 Articulus
2812 2284 3048 2340 XXVIII.
3094 2284 3385 2356 Expositio
3424 2283 3689 2340 litteralis
3722 2301 3815 2338 ca·

2546 2373 2715 2446 pituli
2742 2373 3107 2430 sextidecimi
3140 2393 3153 2430 :
3186 2374 3341 2430 Abiit
3372 2391 3601 2446 quoque
3630 2375 3689 2430 iu
3710 2374 3817 2430 Ga-

2545 2481 2691 2528 zam,
2718 2466 2775 2521 et
2801 2463 2946 2519 vidit
2973 2463 3051 2519 ibi
3084 2463 3388 2521 mulierem
3430 2505 3813 2518 .....
3856 2464 3961 2518 196

2476 2554 2770 2610 Articulus
2792 2553 2973 2609 XXIX.
3000 2553 3327 2625 Spiritualis
3354 2552 3635 2625 expositio
3664 2553 3819 2626 ejus-

2550 2645 2683 2700 dem
2726 2643 2965 2715 capituli
2974 2684 3814 2698 ..........
3852 2642 3963 2697 200

2478 2732 2771 2788 Articulus
2799 2733 2957 2787 XXX.
2998 2731 3319 2790 Elucidatio
3364 2731 3601 2804 capituli
3646 2731 3821 2804 septi-

2550 2821 2849 2878 midecimi
2900 2839 2913 2876 ε
2962 2822 3095 2877 Fuit
3138 2838 3205 2878 eo
3253 2825 3513 2894 tempore
3564 2821 3655 2877 vir
3696 2821 3821 2893 qui-

2550 2913 2687 2967 dam
2736 2913 2807 2968 de
2857 2914 3055 2968 monte
3100 2911 3400 2983 Ephraim,
3448 2909 3686 2967 nomine
3721 2911 3819 2966 Mi-

2546 3001 2687 3057 chas
2690 3043 3815 3056 .............
3852 2999 3960 3055 202

2477 3089 2773 3147 Articulus
2812 3091 2997 3147 XXXI.
3030 3090 3371 3163 Explanatio
3398 3090 3635 3163 capituli
3666 3093 3821 3147 octa-

2548 3180 2821 3237 videcimi
2854 3198 2866 3236 :
2902 3182 2965 3236 In
3006 3180 3209 3237 diebus
3248 3180 3363 3235 illis
3401 3197 3517 3236 non
3558 3185 3685 3236 erat
3718 3197 3816 3237 rex

2548 3270 2607 3325 in
2639 3270 2813 3327 Israel
2877 3312 3816 3325 ...........
3854 3270 3960 3325 204

2476 3359 2769 3415 Articulus
2789 3360 2999 3415 XXXII.
3018 3359 3311 3431 Expositio
3331 3359 3566 3431 capituli
3588 3358 3823 3414 nonide-

2550 3448 2690 3504 cimi
2723 3467 2735 3504 :
2767 3448 2900 3506 Fuit
2928 3449 3169 3520 quidam
3188 3447 3277 3504 vir
3296 3448 3531 3511 Levites,
3552 3448 3821 3504 habitans

2548 3538 2606 3594 in
2640 3538 2816 3595 latere
2845 3537 3063 3594 montis
3088 3538 3367 3611 Ephraim
3433 3580 3817 3593 .....
3854 3538 3960 3593 208

2476 3628 2772 3685 Articulus
2808 3628 3043 3683 XXXIII.
3076 3627 3371 3701 Expositio
3398 3627 3635 3700 capituli
3674 3626 3821 3683 vice-

2548 3718 2681 3774 simi
2724 3736 2737 3774 :
2782 3717 3006 3790 Egressi
3048 3718 3239 3790 itaque
3288 3720 3425 3775 sunt
3470 3734 3676 3774 omnes
3718 3716 3819 3771 tilii

2547 3808 2721 3864 Israel
2789 3848 3725 3862 ...........
3724 3826 3730 3831 ·
3804 3848 3816 3860 .
3855 3806 3961 3861 212

2476 3896 2768 3953 Articulus
2797 3897 3028 3952 XXXIV.
3050 3896 3392 3968 Explanatio
3417 3896 3654 3968 capituli
3672 3896 3821 3953 vice-

2546 3985 2679 4041 simi
2712 3985 2888 4057 primi
2924 4002 2935 4039 :
2969 3986 3316 4041 Juraverunt
3343 4002 3577 4057 quoque
3608 3984 3711 4040 filii
3743 3986 3821 4041 Is·

2546 4074 2665 4131 rael
2707 4073 2765 4129 in
2797 4074 3031 4146 Maspha
3061 4116 3816 4131 .........
3856 4075 3959 4130 216

2746 4318 3097 4364 ENARRATIO
3142 4316 3206 4362 IN
3249 4316 3469 4362 unum!
3511 4316 3694 4363 num.

2475 4524 2741 4580 Praefatio
2784 4565 3817 4579 ............
3856 4524 3953 4578 221

2476 4613 2770 4669 Articulus
2799 4614 2839 4669 I.
2882 4612 3204 4669 Elucidatio
3236 4612 3472 4684 capituli
3502 4611 3677 4684 primi
3710 4629 3725 4669 :
3758 4613 3820 4668 In

2546 4702 2751 4759 diebus
2782 4702 2957 4759 unius
2976 4701 3196 4774 judicis
3250 4745 3262 4757 .
3318 4722 3321 4727 ·
3342 4743 3818 4757 ......
3856 4702 3957 4756 223

2478 4792 2769 4848 Articulus
2809 4792 2874 4847 II.
2924 4790 3253 4864 Spiritualis
3296 4790 3625 4864 explanatio
3672 4792 3823 4864 ejus-

2547 4883 2679 4938 dem
2712 4881 2950 4954 capituli
2972 4922 3820 4935 ..........
3858 4881 3959 4936 228

2478 4970 2770 5027 Articulus
2799 4972 2892 5027 III.
2925 4969 3247 5026 Elucidatio
3285 4969 3549 5026 litteralis
3585 4970 3823 5042 capituli

2550 5060 2791 5117 secundi
2816 5078 2829 5115 :
2854 5062 2990 5116 Erat
3008 5062 3202 5115 autem
3222 5058 3345 5115 viro
3362 5059 3675 5117 Elimeleeh
3694 5076 3827 5116 con·

2547 5149 2907 5222 sanguineus
2974 5191 3819 5205 ..........
3858 5148 3959 5205 230

2477 5239 2772 5296 Articulus
2803 5239 2889 5294 IV.
2914 5239 3011 5296 ·De
3052 5237 3337 5311 spirituali
3376 5239 3637 5311 ejusdem
3668 5238 3823 5311 capi-

2544 5328 2656 5387 tuli
2692 5328 2989 5387 intellectu
3066 5370 3821 5385 .........
3856 5328 3957 5383 232
