4359 6250
127 5016 284 5071 roem.
329 5052 340 5065 .

963 491 1314 540 mannum
1357 491 1418 536 m
1463 491 1598 538 car.
1647 490 1751 536 xvi
1793 489 1950 536 unm
1992 489 2160 539 rann
2204 492 2427 541 aucun.
2476 515 2557 526 —
2596 495 2737 543 aar.
2785 497 2937 546 xxxt
3376 481 3496 546 353

377 661 584 742 paulo
635 671 780 744 post
829 663 898 724 in
948 662 1068 726 isto
1120 661 1326 725 fertur
1369 660 1672 742 capitulo,
1717 659 1888 742 quod
1919 659 1970 722 A
1998 661 2327 739 debemus,
2360 683 2557 746 quum
2607 663 2823 728 fumus
2866 666 3199 748 cujusdam
3243 667 3490 732 arboris

377 756 536 820 Saul
570 759 798 822 dilexit
831 761 1044 843 ipsum
1089 760 1283 822 David
1327 759 1542 836 nimis,
1580 767 1644 821 et
1684 757 1888 821 factus

375 866 484 920 est
530 859 809 940 armiger
849 860 1011 941 ejuS.
1057 859 1396 922 Dicebatur
1436 866 1652 921 autem
1695 857 1888 919 David

375 957 489 1020 vir
528 956 897 1035 bellicosuS‚
935 957 1256 1038 loquendo
1286 957 1366 1019 de
1396 956 1636 1038 praeliis
1672 955 1883 1037 justiS,

371 1074 532 1136 quae
554 1056 878 1139 praecipue
898 1056 1275 1120 ordinantur
1296 1056 1374 1118 ad
1402 1055 1642 1118 bonum
1669 1054 1758 1116 rei
1781 1073 1888 1136 pu-

373 1155 574 1218 blicae
609 1173 624 1216 ε
657 1157 736 1219 ad
768 1175 914 1238 quae
943 1156 1081 1218 zelo
1108 1154 1375 1236 justitiae
1406 1152 1532 1215 fuit
1561 1153 1788 1230 bonuS,
1825 1162 1888 1215 et

373 1263 689 1319 strenuus
736 1255 802 1317 in
847 1255 1112 1318 eisdem.
1147 1254 1601 1317 Verumtamen
1641 1253 1720 1315 de
1765 1252 1887 1316 isto

373 1354 478 1415 nil
527 1372 764 1430 assero,
799 1353 957 1435 quia
999 1362 1062 1416 et
1107 1352 1168 1415 S.
1203 1351 1624 1433 Hieronymus
1669 1358 1888 1432 praeta-

372 1461 554 1516 ctam
585 1453 960 1536 opinionem
989 1452 1395 1515 Hebraeorum
1426 1449 1780 1532 approbare
1802 1450 1888 1514 vi-

369 1553 594 1630 detur,
632 1552 758 1615 nisi
793 1552 1012 1615 forsan
1057 1550 1386 1614 recitative
1421 1548 1740 1630 loquatur.
1776 1548 1886 1611 Po-

373 1652 516 1714 tius
547 1661 764 1715 tamen
791 1669 956 1728 reor,
971 1651 1142 1732 quod
1173 1669 1333 1732 puer
1353 1649 1472 1711 iste
1495 1646 1619 1710 fuit
1642 1655 1885 1711 amator

373 1751 594 1833 ipsius
624 1750 848 1828 David,
873 1758 937 1814 et
968 1757 1295 1832 promotor
1325 1748 1529 1830 ipsius
1561 1766 1636 1809 ex
1665 1748 1878 1810 corde.

1997 760 2258 838 adustae,
2292 764 2580 826 eamdem
2610 764 2742 827 vim
2780 765 3014 828 habere
3048 765 3483 848 perhibeatur.

1998 858 2304 923 Praeterea
2352 862 2417 923 in
2464 862 2628 926 libro
2671 862 3158 927 confessionum
3204 865 3490 947 loquitur

2000 955 2388 1037 Augustinus
2440 977 2452 1020 τ
2498 960 2718 1023 Omnis
2765 960 3062 1040 affcctuS,
3116 963 3377 1045 spiritus
3425 971 3489 1026 et

1998 1064 2247 1134 natura,
2280 1059 2571 1140 proprios
2604 1059 2840 1124 habent
2871 1071 3081 1124 motus
3120 1082 3232 1126 seu
3265 1064 3486 1127 modos

1998 1153 2066 1215 in
2093 1164 2307 1233 cantu,
2333 1174 2607 1237 quorum
2638 1158 2887 1222 occulta
2919 1158 3351 1223 familiaritate
3382 1181 3486 1224 ex-

1995 1254 2297 1344 citantur.
2329 1253 2594 1317 Melodia
2626 1255 2841 1337 igitur,
2877 1277 3021 1338 quae
3050 1260 3325 1322 naturali
3358 1259 3485 1325 vir-

1997 1358 2128 1414 tute
2149 1351 2373 1414 alterat
2403 1352 2732 1434 passiones
2761 1354 3011 1432 animae,
3029 1355 3121 1418 sic
3147 1356 3484 1420 immutare

1993 1457 2203 1529 potest
2230 1449 2511 1512 hominis
2539 1449 3051 1532 dispositionem,
3076 1454 3245 1534 quod
3278 1454 3485 1536 dispo-

1995 1548 2141 1610 sitio
2186 1547 2298 1610 illa
2341 1549 2615 1630 passiva,
2649 1569 2777 1631 qua
2814 1551 3177 1634 disponitur
3214 1553 3293 1614 ad
3327 1553 3484 1615 reci-

1993 1646 2290 1727 piendam
2351 1648 2659 1711 daemonis
2712 1650 3135 1728 vexationem,
3198 1651 3475 1731 tolletur,

1991 1744 2213 1826 sicque
2252 1747 2529 1809 cessabit
2571 1746 2638 1809 in
2682 1748 2944 1812 homine
2990 1748 3136 1812 talis
3176 1748 3474 1814 afflictio.

475 1851 666 1912 Misit
715 1869 863 1927 eryo
910 1851 1078 1910 Saul
1125 1849 1392 1908 nuncios
1439 1849 1528 1908 ad
1573 1848 1738 1914 lsai,
1769 1847 1883 1937 ⁸di-
1918 1844 1965 1905 B
1990 1843 2302 1925 Amplius,
2336 1845 2645 1928 Iosephus
2690 1846 2855 1910 libro
2896 1848 2975 1910 de
3011 1848 3272 1911 Judaico
3308 1848 3477 1912 bello

372 1968 528 2008 cens
549 1967 574 2009 .·
599 1949 786 2010 illicce
814 1950 904 2007 ad
933 1953 1031 2008 me
1051 1947 1270 2008 David
1297 1935 1518 2024 filium
1550 1940 1736 2004 tuum
1765 1945 1884 2023 qui

369 2057 474 2106 esc
513 2049 586 2108 in
621 2046 910 2124 pascuis,
954 2047 1133 2106 Tulit-
1177 2045 1396 2124 itaque
1437 2045 1578 2104 lsai
1619 2044 1882 2102 asinum

361 2149 676 2222 plenum,
712 2143 776 2205 id
829 2151 926 2206 est
974 2142 1139 2205 bene
1188 2151 1542 2218 oneratum,
1569 2142 1878 2219 panibus,

371 2242 621 2324 quibus
667 2241 822 2304 fecit
871 2240 1053 2303 illum
1095 2240 1348 2303 asinum
1388 2237 1660 2314 onerari,
1695 2247 1755 2298 ec
1793 2242 1882 2298 la-

361 2361 618 2419 genam
649 2343 826 2412 vini,
854 2350 914 2401 et
939 2343 1201 2401 Izoedum
1230 2342 1311 2400 de
1339 2340 1582 2416 capri-3,
1611 2347 1670 2397 ec
1703 2337 1882 2398 misit

360 2462 496 2518 per
533 2461 812 2502 manum
855 2439 1075 2501 David
1111 2439 1247 2516 filii
1282 2438 1390 2497 sui
1418 2439 1615 2498 Sauli
1645 2453 1670 2496 .·
1700 2453 1782 2497 ne
1813 2433 1880 2495 in

373 2544 736 2620 conspectu
782 2537 948 2617 regis
989 2555 1228 2598 vacuus
1272 2542 1626 2618 appareret,
1659 2541 1722 2596 et
1769 2532 1884 2594 illa

373 2645 570 2699 erant
597 2635 784 2717 quasi
811 2635 1046 2717 jocalia
1079 2635 1216 2697 sive
1247 2631 1552 2697 encaenia.
1585 2634 1672 2693 Ec
1705 2633 1881 2692 venit

373 2735 608 2798 David
639 2737 727 2794 ad
757 2737 948 2804 Saul,
981 2733 1244 2793 et'stetit
1271 2751 1489 2792 coram
1517 2751 1608 2791 eo,
1643 2732 1732 2792 At
1769 2731 1880 2788 ille

373 2834 626 2894 dileoeic
665 2853 816 2892 eum
859 2832 1083 2902 nimis,
1115 2839 1176 2891 ec
1215 2832 1431 2906 factus
1468 2837 1557 2888 est
1595 2829 1882 2904 armiyer

372 2934 548 3010 eju-3.
585 2932 898 3010 Misitque
929 2932 1098 2990 Saul
1134 2931 1223 2988 ad
1249 2930 1414 2996 lsai,
1441 2929 1660 2986 dicens
1689 2948 1711 2986 :
1744 2930 1882 2987 Stet

1991 1950 2205 2004 narrat
2252 1941 2453 2006 fuisse
2499 1945 2567 2006 in
2614 1945 2893 2008 exercitu
2940 1946 3086 2022 Titi,
3121 1946 3475 2010 obsidentis

1990 2040 2213 2103 urbem
2261 2042 2627 2120 Jerusalem,
2683 2043 2891 2108 virum
2944 2046 3307 2126 quemdam,
3362 2045 3473 2127 qui

1990 2157 2103 2219 per
2143 2138 2420 2220 lapidem
2464 2141 2701 2204 annulo
2742 2141 3083 2220 inclusum,
3118 2142 3480 2225 expellebat

1988 2236 2304 2300 daemonia
2344 2237 2423 2300 ab
2465 2238 2763 2302 obsessis,
2797 2240 3140 2318 Postremo,
3182 2242 3260 2304 ad
3306 2242 3475 2305 idem

1991 2335 2242 2398 videtur
2272 2355 2450 2398 sacra
2479 2337 2801 2418 Scriptura
2832 2337 3147 2416 conferre,
3185 2339 3305 2404 hoc
3337 2340 3477 2404 loco

1989 2452 2277 2496 asserens
2325 2433 2682 2512 manifeste,
2718 2437 2889 2517 quod
2936 2437 3014 2500 ad
3062 2439 3343 2502 sonitum
3390 2439 3479 2502 ci-

1988 2533 2187 2595 tharae
2216 2531 2477 2596 recessit
2504 2533 2751 2596 daemon
2783 2553 2821 2596 a
2850 2534 3057 2598 Saule.

2056 2632 2123 2693 In
2144 2631 2509 2715 oppositum
2540 2639 2749 2695 tamen
2782 2634 3080 2712 arguitur,
3101 2635 3258 2717 quia
3274 2655 3475 2717 quum

1988 2729 2307 2792 daemones
2358 2729 2488 2792 sint
2533 2729 2960 2812 incorporales
3002 2740 3067 2794 et
3108 2732 3475 2814 spirituales

1989 2826 2383 2903 substantiae,
2416 2846 2545 2890 non
2584 2836 2731 2890 sunt
2769 2828 3148 2911 susceptivae
3180 2829 3477 2894 immuta-

1989 2924 2182 2987 tionis
2224 2924 2305 2987 ab
2347 2924 2616 3006 objectis
2660 2925 3073 2990 sensibilibus
3111 2937 3307 3010 atque
3338 2949 3478 2993 cor-

373 3032 607 3092 David
631 3031 706 3089 in
725 3036 1060 3106 conspectu
1089 3027 1526 3087 meanvenit
1543 3026 1720 3084 enim
1734 3043 1882 3100 ,φνα-
1915 3029 1958 3093 C
1990 3023 2221 3105 porcis,
2266 3023 2519 3100 Iterum,
2566 3024 2644 3087 de
2689 3024 2943 3088 diabolo
2994 3025 3303 3109 scriptum
3352 3037 3470 3106 est,

373 3134 548 3193 tiam
593 3132 668 3191 in
711 3129 916 3189 oculis
967 3130 1141 3187 mei-5.
1176 3127 1394 3204 Iqitur
1437 3126 1881 3203 quandocum-

367 3250 501 3310 que
540 3229 820 3305 spiritus
866 3227 988 3288 Dei
1029 3227 1242 3285 malus
1281 3225 1640 3301 arripiebat
1679 3224 1871 3294 Saul,

365 3328 490 3410 qui
551 3344 670 3408 per
727 3332 1088 3405 temporum
1146 3322 1482 3385 intervalla
1529 3319 1880 3383 vexabatur

365 3426 557 3491 velut
585 3422 1000 3505 phreniticuS,
1017 3423 1238 3483 David
1257 3423 1509 3481 tollebat
1525 3422 1873 3498 citharam,

367 3527 442 3588 id
483 3531 606 3600 est,
644 3521 711 3583 in
753 3539 948 3583 manu
989 3538 1129 3581 eam
1170 3518 1434 3599 accepit,
1467 3527 1525 3578 et
1557 3520 1878 3595 percutie-

369 3627 486 3685 bat
516 3642 726 3682 manu
755 3640 879 3681 sua
911 3618 1173 3681 citharae
1203 3616 1502 3689 chordas;
1536 3625 1595 3676 et
1624 3617 1879 3694 refocil-

373 3724 648 3785 labatur
686 3722 881 3787 Saul,
911 3726 969 3777 ec
1000 3718 1205 3776 levius
1233 3715 1494 3793 ferebat.
1527 3716 1875 3775 Recedebat

369 3823 558 3882 enim
588 3820 672 3880 ab
697 3837 766 3877 eo
792 3817 1068 3893 spiritus
1097 3816 1332 3875 malus,

457 3918 644 3982 Circa
685 3916 808 3977 hoc
848 3911 1176 3995 quaeritur,
1219 3928 1300 3972 an
1341 3909 1575 3973 virtute
1619 3909 1876 3972 cithari-

368 4016 648 4081 zationis
695 4022 807 4077 aut
851 4009 1248 4095 symphoniae
1298 4008 1600 4089 fugentur
1645 4010 1876 4073 daemo-

373 4117 509 4192 nia,
545 4124 612 4178 et
640 4110 884 4177 obsessi
917 4108 1376 4173 refocillentur.
1405 4107 1669 4170 Videtur
1700 4107 1870 4188 quod

1988 3120 2157 3202 quod
2206 3140 2333 3185 uon
2382 3120 2467 3184 sit
2506 3131 2782 3203 potestas
2828 3144 3018 3207 super
3063 3134 3299 3189 terram
3330 3146 3474 3209 quae
3502 3154 3766 3206 :canusa

1987 3229 2389 3302 comparetur
2428 3223 2511 3285 ei.
2544 3221 2679 3285 Non
2716 3241 2865 3303 ergo
2910 3232 3117 3305 potest
3162 3224 3474 3290 refrenari

1988 3327 2095 3380 aut
2133 3318 2367 3401 expelli
2407 3319 2641 3383 virtute
2680 3340 2980 3385 sonorum
3023 3331 3131 3385 aut
3174 3324 3476 3387 consimi-

1990 3415 2148 3478 lium
2179 3417 2566 3481 naturalium
2598 3438 2830 3482 rerum.
2862 3420 3082 3484 Glossa
3111 3440 3369 3504 quoque
3398 3442 3475 3487 ex

1987 3514 2200 3579 verbis
2230 3516 2451 3579 lsidori
2481 3517 2571 3579 ait
2596 3517 2768 3581 :Non
2799 3527 3057 3600 propter
3085 3520 3345 3584 citharae
3375 3540 3475 3586 so-

1986 3632 2138 3677 num
2171 3613 2435 3679 recessit
2458 3614 2771 3692 diaboluS,
2793 3617 2903 3679 sed
2936 3627 3195 3700 propter
3214 3619 3474 3683 citharae

1985 3713 2381 3793 mysterium,
2402 3713 2705 3795 quoniam
2736 3733 2989 3778 crucem
3020 3716 3252 3780 Christi
3282 3718 3475 3797 signi-

1986 3810 2249 3874 ficat.1n
2280 3811 2523 3875 cithara
2541 3812 2782 3894 quippe
2812 3820 2908 3875 est
2938 3814 3477 3894 lignum,etchor·

1983 3910 2064 3973 da
2107 3918 2594 3992 superextensa3
2636 3918 2700 3973 et
2730 3910 2975 3991 lignum
3004 3914 3307 3996 exprimit
3336 3934 3475 3977 cru-

1983 4029 2142 4085 cem,
2187 4009 2425 4073 chorda
2471 4028 2725 4072 carnem
2776 4009 3115 4074 Salvatoris
3168 4012 3232 4074 in
3282 4033 3470 4079 cruce

1982 4108 2323 4169 distentam
2349 4124 2363 4169 ε
2386 4107 2570 4189 cujus
2601 4108 2693 4169 rei
2722 4107 3134 4189 significatiO,
3170 4110 3375 4175 virtus
3405 4122 3469 4176 et

372 4216 527 4291 imo,
549 4212 704 4295 quia
726 4212 827 4291 (ut
854 4210 1142 4290 apparet)
1165 4205 1388 4269 Glossa
1413 4206 1535 4268 hoc
1561 4206 1766 4281 sentit,
1792 4205 1873 4267 al·
1901 4216 1952 4279 D
1981 4206 2405 4289 apprehensio
2444 4215 2805 4279 terruerunt
2842 4207 3191 4271 diabolum.
3226 4211 3333 4273 His
3372 4231 3471 4273 ra·

371 4312 654 4394 legando
679 4308 989 4383 Boetium,
1007 4304 1378 4368 recitantem
1408 4304 1578 4385 quod
1607 4304 1871 4385 quidam

371 4407 802 4494 philosophus
845 4413 1013 4468 tactu
1052 4403 1312 4467 citharae
1357 4400 1602 4481 fugavit
1637 4403 1719 4464 ab
1761 4404 1872 4466 oh-

369 4528 552 4573 sesso
582 4506 862 4589 quodam
884 4502 1294 4566 daemonium.
1309 4500 1596 4579 Magister
1615 4518 1871 4582 quoque

371 4609 442 4670 in
472 4604 762 4669 historiis
794 4604 884 4666 ait
913 4601 1020 4665 hic
1056 4618 1071 4663 ε
1105 4600 1386 4663 Tradunt
1415 4599 1867 4678 mathematici,

369 4706 549 4789 quod
575 4702 764 4765 multi
784 4702 1106 4765 daemones
1131 4698 1528 4762 harmoniam
1549 4697 1716 4761 ferre
1744 4717 1873 4762 non

371 4810 670 4888 possunt,
713 4809 778 4865 et
824 4799 1208 4881 quandoque
1257 4796 1442 4859 nulli.
1487 4797 1752 4879 Insuper
1804 4797 1871 4859 in

372 4904 547 4966 libro
576 4900 790 4964 'robiae
817 4896 1098 4979 Raphael
1133 4904 1540 4978 protestatur,
1575 4896 1748 4977 quod
1779 4896 1872 4977 je-

369 5024 490 5069 cur
519 5021 636 5065 seu
665 5018 776 5065 cor
804 4998 1000 5081 piscis
1031 5015 1223 5079 quem
1253 4996 1484 5079 dejecit
1503 4996 1756 5072 TobiaS,
1779 4994 1871 5059 fu·

371 5121 480 5165 mo
523 5118 642 5163 suo
681 5097 948 5180 expellit
982 5114 1172 5159 omne
1209 5095 1569 5157 daemonum
1598 5112 1801 5174 genus
1835 5113 1873 5155 a

369 5202 516 5266 vino
547 5218 662 5262 seu
695 5196 958 5261 femina.
983 5194 1060 5256 Et
1088 5194 1258 5258 circa
1286 5194 1406 5257 hoc
1439 5194 1505 5255 in
1537 5192 1873 5256 Scholasti-

368 5318 446 5363 ca
490 5299 700 5361 fertur
741 5293 1009 5358 historia
1043 5292 1210 5357 :Nec
1252 5310 1446 5375 super
1483 5291 1603 5355 hoc
1645 5292 1865 5355 mirari

627 5430 694 5485 T.
729 5430 778 5481 3.

1980 4304 2263 4368 tionibus
2293 4305 2702 4368 consentiunt
2731 4306 2939 4383 multi,
2964 4307 3270 4385 dicenteS‚
3295 4311 3467 4391 quod

1978 4404 2032 4466 si
2083 4404 2403 4466 daemones
2448 4413 2660 4467 essent
2703 4404 3026 4484 animalia,
3060 4426 3325 4489 corpore
3366 4427 3469 4471 ae·

1977 4521 2106 4578 rea,
2140 4501 2357 4565 animo
2384 4502 2657 4583 passiva,
2691 4512 2903 4566 mente
2934 4503 3289 4582 rationalia,
3318 4515 3465 4569 tem-

1979 4619 2132 4682 pore
2174 4608 2500 4683 pcrpetua‚
2537 4609 2607 4662 ut
2645 4601 2944 4665 dixerunt
2979 4602 3305 4681 Platonici,
3336 4604 3464 4667 dici

1979 4708 2194 4781 posset
2239 4700 2410 4781 quod
2460 4720 2537 4763 ex
2584 4700 2877 4779 melodia,
2926 4699 3102 4765 fumo
3150 4710 3213 4765 et
3260 4703 3469 4766 consi-

1978 4796 2242 4861 milibus
2286 4798 2773 4861 immutarentur
2802 4809 2866 4863 et
2896 4798 3304 4881 fugarentur3
3348 4802 3459 4865 sed

1978 4915 2178 4978 quum
2209 4897 2338 4958 sint
2369 4897 2839 4976 immateriales,
2875 4898 3206 4962 sensibilia
3236 4908 3301 4962 et
3330 4919 3467 4964 cor-

1978 4994 2227 5078 poralia
2254 5014 2381 5058 non
2414 5003 2679 5077 possunt
2708 4998 2777 5059 in
2807 5016 2915 5060 eos
2950 4998 3338 5080 imprimere.

2061 5094 2179 5157 Sed
2219 5093 2413 5174 objici
2454 5102 2682 5175 potest,
2717 5096 2887 5177 quod
2920 5096 2986 5158 in
3016 5097 3285 5177 gemmis
3316 5105 3467 5160 sunt

1980 5193 2158 5256 mirae
2176 5201 2241 5255 et
2262 5191 2709 5255 occultissimae
2727 5193 2895 5257 vires
2928 5194 3365 5277 imprimentes
3396 5197 3465 5259 in

1981 5291 2259 5355 animam
2311 5289 2706 5367 rationalem,
2757 5299 2822 5355 et
2866 5292 3277 5375 disponentes
3324 5314 3467 5358 eam

3157 5426 3218 5478 23
