4359 6250
119 4053 272 4095 Jomoe
295 4063 400 4101 ιη,

95 4120 164 4158 ¹⁰.

1250 505 1598 551 amanum
1642 506 1700 551 m
1745 504 1881 551 cu.
1928 504 2054 552 xvn
2096 506 2298 552 iosus.
2344 524 2425 537 -
2465 506 2606 553 Αιιτ.
2654 506 2778 553 xxv
3469 488 3549 555 83

449 675 516 736 id
548 684 646 737 cst
679 678 1040 759 progressio
1069 679 1236 754 ejus,
1259 680 1476 755 perqit
1506 681 1594 737 ad
1625 698 1802 739 mare
1835 677 1949 739 Me-
1983 678 2030 739 A
2062 679 2253 741 modo
2304 678 2709 759 singulariter
2760 679 3004 755 dicunt,
3056 678 3257 752 Quare
3313 677 3549 740 dedisti

447 772 888 837 diterrancum
918 794 933 837 :
968 778 1064 836 ita
1095 785 1166 836 ut
1195 778 1276 835 ab
1307 786 1556 845 austro,
1593 775 1654 837 id
1685 784 1782 837 est
1813 794 1951 839 ver-

448 888 564 930 sus
601 879 846 952 partem
876 874 1219 935 australem
1262 880 1446 935 terrae
1477 872 1943 955 promissioniS,

448 966 516 1029 in
561 988 692 1050 qua
736 980 916 1052 parte
961 970 1084 1034 l'uit
1129 991 1264 1035 sors
1306 969 1502 1047 Judae,
1536 974 1621 1031 sit
1645 974 1948 1049 possessio

449 1071 807 1145 Ephraim,
848 1090 994 1151 quae
1037 1070 1160 1133 fuit
1203 1070 1629 1153 propinquior
1678 1070 1830 1133 sorti
1875 1089 1946 1132 ac

443 1166 648 1229 tribui
669 1167 851 1245 Juda,
884 1188 1078 1250 quam
1109 1188 1246 1232 sors
1276 1169 1556 1232 Manasse
1583 1185 1596 1229 :
1623 1167 1766 1230 ideo
1800 1166 1949 1229 sub-

443 1264 646 1341 ditur,
677 1276 740 1327 et
781 1268 864 1327 ab
900 1268 1206 1347 aquilone
1237 1271 1566 1337 Marta-sse,
1599 1266 1664 1329 id
1715 1274 1830 1343 est,
1867 1267 1946 1329 ad

440 1363 702 1444 plagam
743 1365 1208 1446 aquilonarem,
1243 1365 1326 1427 sit
1367 1365 1686 1447 possessio
1717 1364 1944 1427 mediae

445 1461 658 1523 tribus
689 1462 992 1527 Manasse.
1030 1466 1499 1544 Et‚utramque
1527 1466 1778 1524 claudit
1815 1485 1946 1524 ma-

437 1581 539 1637 re,
576 1560 640 1623 id
692 1570 810 1637 est,
857 1562 1080 1624 ambas
1128 1562 1240 1625 has
1287 1570 1488 1625 sortes
1539 1581 1650 1625 seu
1700 1580 1946 1643 posses-

441 1660 666 1723 siones
705 1661 1008 1741 Ephraim
1058 1670 1122 1723 et
1161 1661 1463 1737 Manasse,
1515 1661 1814 1723 terminat
1861 1660 1943 1723 ab

443 1778 582 1822 una
611 1768 790 1842 parte
818 1759 1346 1823 Mediterraneum
1383 1780 1578 1823 mare.

2061 775 2265 838 mihi?
2304 778 2762 859 Respondetur,
2799 778 2966 857 quod
2998 776 3298 859 quaelibet
3329 794 3546 839 earum

2059 883 2407 956 conquesta
2428 884 2525 937 est
2545 876 2625 938 de
2645 883 2772 938 tam
2804 874 3029 955 exigua
3052 874 3175 937 sibi
3200 874 3548 937 hereditate

2058 973 2308 1050 collata,
2365 983 2655 1056 respectu
2708 973 3139 1036 multitudinis
3191 972 3548 1056 supposito-

2059 1091 2199 1134 rum
2232 1091 2491 1135 suorum
2510 1092 2585 1136 ac
2603 1073 3035 1153 jumentorum
3060 1082 3122 1135 et
3143 1072 3543 1145 divitiarum3

2057 1189 2169 1252 per
2195 1190 2389 1233 unum
2414 1190 2670 1252 quoque
2693 1169 3075 1248 funiculum,
3096 1170 3547 1233 intellexerunt

2058 1269 2314 1331 totalem
2348 1269 2762 1333 hereditatem
2793 1270 2888 1333 eis
2908 1289 3296 1334 concessam.
3325 1268 3543 1333 Locuti

2055 1376 2205 1429 sunt
2244 1386 2497 1450 quoque
2544 1369 2624 1431 de
2672 1387 2739 1431 se
2780 1368 3055 1432 invicem
3106 1367 3538 1449 singulariter,

2053 1465 2208 1547 quia
2247 1484 2321 1529 ex
2367 1484 2495 1529 uno
2537 1466 2899 1529 Patriarcha
2952 1465 3090 1529 l'ilio
3131 1466 3344 1543 Jacob,
3390 1475 3545 1548 puta

2054 1582 2132 1626 ex
2170 1565 2425 1647 Joseph,
2464 1565 2592 1627 nati
2641 1564 2923 1627 fuerunt.
2966 1565 3289 1628 Petierunt
3332 1565 3545 1646 itaque

2059 1662 2363 1724 terminos
2395 1680 2543 1725 suos
2574 1661 2850 1739 dilatari,
2873 1681 2999 1725 non
3022 1682 3137 1744 per
3168 1662 3547 1725 subtractio-

2055 1779 2203 1822 nem
2248 1759 2447 1842 partis
2480 1762 2557 1823 de
2598 1760 2876 1823 sortibus
2922 1761 3201 1823 tribuum
3248 1761 3541 1838 aliarum,

530 1860 817 1939 Fuitque
845 1861 1168 1919 hereditas
1191 1862 1487 1921 Manes-se
1516 1861 1588 1919 in
1622 1862 1944 1929 Issaclzar,
1981 1864 2027 1925 B
2056 1860 2166 1921 sed
2199 1858 2326 1923 alio
2362 1861 2575 1923 modo'.
2599 1859 2864 1922 Videtur
2893 1869 3105 1922 autem
3138 1878 3359 1923 eorum
3390 1879 3547 1941 que-

433 1968 506 2019 et
545 1961 620 2018 in
649 1962 837 2028 Aser,
873 1957 936 2020 id
981 1965 1078 2019 est
1109 1958 1472 2039 propinqua
1514 1967 1706 2039 atque
1751 1958 1946 2021 conti-

431 2074 572 2137 gua
602 2056 886 2120 sortibus
927 2056 1214 2120 tribuum
1245 2055 1402 2118 Aser
1430 2076 1503 2118 ac
1535 2056 1836 2134 lssachar,
1881 2065 1945 2119 et

433 2156 688 2220 alicubi
737 2154 1130 2238 angulariter
1170 2173 1277 2218 eas
1328 2154 1722 2232 subintrans,
1758 2158 1946 2217 Beth-

431 2277 596 2327 san,
639 2254 702 2317 id
747 2263 845 2318 est
883 2254 1111 2317 civitas
1158 2253 1290 2330 illa,
1324 2264 1383 2315 et
1430 2256 1635 2315 viculi
1675 2256 1838 2332 ejus,
1885 2264 1944 2315 et

429 2356 740 2415 Jeblaam
782 2374 934 2415 cum
981 2354 1214 2414 vic-ulis
1256 2356 1419 2423 suis,
1460 2362 1520 2413 et
1560 2354 1944 2414 habitatores

433 2436 584 2514 Dor
612 2474 760 2513 cum
790 2454 1050 2530 oppidis
1075 2454 1240 2521 sais,
1283 2451 1346 2513 id
1377 2459 1475 2514 est
1518 2450 1944 2513 habitationes

435 2570 562 2614 seu
593 2549 960 2613 habitacula
989 2558 1179 2631 atque
1222 2548 1461 2612 divitiae
1503 2548 1678 2610 urbis
1721 2549 1842 2611 Dor
1882 2556 1944 2611 et

433 2648 836 2732 oppidorum
867 2648 926 2711 ei
957 2647 1360 2710 subditorum
1393 2656 1500 2709 aut
1529 2666 1939 2723 annexorum,

433 2750 842 2809 habitatores
861 2766 1110 2827 quoque
1122 2748 1351 2807 Endor
1363 2766 1511 2806 cum
1537 2747 1768 2807 viculis
1789 2746 1941 2813 suis,

433 2850 887 2926 similiterque
913 2847 1303 2907 habitatores
1325 2847 1574 2907 Thenac
1596 2866 1744 2905 cum
1776 2847 1948 2905 vicu-

435 2949 532 3007 lis
569 2948 732 3017 suiS,
775 2956 836 3006 et
875 2944 1262 3005 habitatores
1304 2946 1620 3021 dlayeddo
1661 2964 1808 3005 cum
1854 2946 1947 3004 vi-

2056 1955 2188 2018 rela
2246 1955 2447 2019 fuisse
2506 1956 2774 2037 injusta,
2830 1957 3134 2038 quoniam
3189 1956 3547 2020 debuerunt

2053 2073 2194 2118 esse
2221 2055 2501 2118 contenti
2533 2055 3005 2132 distributione,
3041 2074 3231 2137 quam
3273 2056 3366 2117 eis
3409 2074 3544 2119 sors

2053 2172 2090 2215 a
2112 2154 2236 2216 Deo
2268 2152 2509 2216 directa
2528 2172 2600 2216 ac
2624 2154 2949 2217 moderata
2968 2153 3249 2216 donavit.
3266 2157 3373 2215 Ad
3392 2176 3545 2233 quos

2050 2256 2239 2313 Josue
2265 2254 2362 2313 ait
2394 2271 2416 2311 .·
2448 2254 2528 2313 Si
2562 2256 2841 2330 populus
2888 2256 3131 2313 multus
3160 2272 3247 2323 οε,
3278 2256 3545 2313 ascende

2055 2352 2124 2411 in
2165 2354 2425 2422 silvam,
2468 2362 2529 2411 et
2564 2354 2819 2411 succide
2852 2353 2971 2411 tibi
3008 2355 3221 2430 spatia
3256 2354 3327 2412 in
3373 2362 3545 2413 terra

2053 2450 2386 2511 Pleerezoei
2411 2460 2470 2509 et
2500 2452 2829 2527 Rapkaim
2841 2449 3063 2530 :quasi
3095 2449 3287 2526 dicat,
3323 2449 3387 2512 Si
3419 2449 3545 2529 glo-

2055 2548 2241 2610 riaris
2288 2550 2367 2611 de
2416 2548 2830 2610 multitudine
2878 2556 2942 2611 et
2992 2546 3371 2611 fortitudine
3411 2558 3539 2624 tua,

2055 2647 2317 2710 ostende
2352 2655 2521 2709 tuam
2552 2646 2941 2723 virilitatem,
2978 2655 3041 2709 et
3070 2647 3411 2729 pugnando
3443 2665 3546 2708 ac-

2054 2744 2239 2826 quire
2275 2745 2599 2809 residuum
2643 2744 2833 2807 sortis
2880 2753 3001 2808 tuae
3043 2746 3212 2826 quod
3260 2745 3543 2807 nondum

2054 2844 2408 2908 obtinuisti.
2426 2844 2493 2906 ln
2515 2843 2672 2906 locis
2692 2861 2948 2925 quoque
2970 2842 3372 2907 silvestribus
3394 2862 3545 2925 prae-

2055 2962 2209 3025 para
2241 2930 2357 3004 t‘ibi
2389 2943 2526 3005 loca
2546 2942 2626 3003 ad
2646 2942 3166 3004 commorandum
3194 2965 3209 3016 3
3242 2944 3401 3020 quia
3433 2962 3548 3003 an—

433 3047 618 3105 culis
658 3046 816 3115 suis,
855 3053 915 3104 et
963 3043 1151 3102 tertia
1189 3062 1350 3119 pars
1399 3044 1578 3102 urbis
1625 3044 1941 3120 Noplteth.
1977 3040 2020 3104 C
2048 3052 2240 3119 qus-ta
2260 3052 2350 3101 est
2384 3042 2502 3103 tibi
2522 3042 2824 3118 possessio
2858 3042 3093 3100 montis
3115 3043 3461 3119 Ephraim,
3482 3040 3545 3101 id

435 3147 586 3208 Nec
624 3151 983 3223 potuerunt
1027 3143 1165 3219 filii
1207 3145 1504 3204 Manasse
1554 3145 1670 3204 has
1717 3145 1948 3204 eivita-

439 3252 536 3303 tes
574 3244 942 3302 subvertere
969 3260 992 3299 .·
1028 3238 1196 3320 quod
1239 3256 1368 3301 non
1410 3239 1532 3301 ruit
1571 3258 1648 3303 cx
1691 3239 1946 3302 defectu

433 3338 934 3422 omnipotentiae
967 3337 1100 3414 Dei,
1137 3338 1246 3400 sed
1287 3356 1362 3400 ex
1400 3335 1654 3400 defectu
1698 3337 1854 3402 fidei
1885 3348 1948 3402 et

435 3439 764 3501 virtutum
795 3455 1040 3512 eorum,
1075 3436 1158 3499 ob
1189 3454 1380 3516 quem
1413 3454 1540 3499 non
1577 3445 1950 3500 meruerunt

433 3547 580 3600 tam
611 3536 946 3618 copiosum
977 3554 1015 3596 a
1053 3535 1181 3597 Deo
1211 3533 1592 3611 subsidium,
1627 3536 1798 3617 quod
1841 3555 1948 3618 po-

437 3635 728 3698 tuissent
776 3634 988 3697 delere
1027 3632 1142 3695 has
1180 3631 1392 3695 urbes
1433 3635 1784 3713 Postquam
1831 3657 1950 3696 au-

439 3747 580 3798 tem
607 3738 1081 3796 convaluerunt
1109 3733 1246 3810 filii
1276 3735 1503 3802 Israel,
1535 3734 1946 3808 subjecerunt

443 3839 881 3900 Chananoeos,
926 3841 986 3891 et
1032 3832 1326 3907 fecerunt
1373 3833 1498 3890 sibi
1545 3833 1945 3905 tributarios,

437 3955 569 3998 nec
599 3932 1066 4007 interfecerunt
1097 3950 1198 3990 eos
1237 3951 1260 3990 .·
1299 3946 1460 4010 quos
1507 3948 1582 3992 ex
1627 3948 1875 4014 praecep
1888 3941 1947 3997 to

443 4033 564 4098 Dei
610 4032 974 4094 debuerunt
1020 4028 1330 4104 occidere,
1380 4027 1600 4109 sicque
1650 4048 1952 4111 peccave-

443 4140 610 4198 runt
640 4130 707 4192 in
740 4130 888 4205 isto,
923 4135 992 4190 ut
1019 4127 1349 4192 dicebatur
1379 4128 1759 4209 praecedenti
1801 4130 1954 4192 arti-

445 4231 630 4296 culo.

453 4371 460 4374 -
535 4327 892 4407 Lot-utique
911 4337 1062 4388 sunt
1091 4326 1226 4404 filii
1242 4328 1497 4402 Ioseph,
1524 4325 1592 4389 id
1614 4333 1710 4388 est
1741 4327 1952 4391 tribus

441 4429 740 4492 manasse
783 4433 848 4488 et
896 4424 1221 4506 Ephraim,
1274 4427 1362 4484 act
1407 4428 1616 4496 Ios-ue,
1663 4435 1724 4486 et
1769 4429 1954 4487 dime-

439 4537 618 4588 runt
646 4546 670 4584 .·
704 4528 919 4594 Quare
955 4523 1193 4583 dedisti
1232 4525 1398 4583 milti
1439 4533 1677 4584 terram
1713 4526 1786 4585 in
1807 4546 1954 4603 pos-

439 4625 794 4687 sessionem
833 4624 1026 4682 sortis
1066 4630 1124 4681 et
1168 4622 1465 4698 funiculi
1495 4623 1718 4694 unius,
1751 4645 1953 4704 quum

441 4727 574 4784 sim
614 4731 816 4783 tantoe
843 4721 1390 4788 multitudinis-,et
1421 4722 1816 4781 benedioeerit
1837 4723 1954 4782 mi-

443 4824 526 4882 ln·
577 4822 896 4881 Dominus
925 4821 956 4879 ἐ
999 4817 1103 4880 Hae
1141 4817 1282 4880 duae
1335 4817 1535 4880 tribus
1587 4817 1950 4881 habuerunt

445 4919 686 5000 utique
712 4917 872 4979 duas
903 4925 1127 4991 sorteS‚
1161 4923 1380 4997 utpote
1408 4915 1710 4996 quaelibet
1741 4936 1943 4995 suam,

445 5025 518 5081 et
551 5035 726 5078 nunc
766 5015 1010 5077 dictum
1041 5021 1158 5090 est,
1192 5014 1364 5095 quod
1404 5012 1563 5075 filiis
1591 5013 1826 5097 Ioseph
1859 5033 1953 5078 ce-

449 5116 760 5179 ciderunt
798 5115 1020 5176 decem
1062 5100 1333 5174 funiculi
1369 5129 1384 5175 :
1428 5114 1748 5194 quomodo
1800 5131 1950 5194 ergo

447 5216 590 5297 iam
629 5218 1138 5294 conqueruntur,
1173 5211 1344 5291 quod
1374 5210 1466 5274 eis
1505 5212 1651 5274 data
1696 5213 1778 5274 sit
1817 5220 1957 5275 tan-

450 5321 600 5376 tum
631 5329 772 5374 sors
810 5329 940 5372 una
969 5318 1034 5371 et
1067 5325 1232 5370 unus
1275 5308 1643 5372 funiculus?
1687 5310 1762 5372 Et
1792 5328 1955 5392 quo-

2055 3150 2151 3204 est
2198 3139 2387 3203 urbes
2426 3138 2561 3202 sitae
2608 3139 2672 3200 in
2715 3146 2930 3200 monte
2974 3138 3275 3220 Ephraim
3316 3147 3381 3202 et
3426 3139 3550 3202 cir-

2055 3257 2460 3319 cumquaque
2479 3254 2493 3299 :
2512 3237 2625 3318 qui
2655 3255 2840 3299 mons
2871 3236 2951 3298 ab
2978 3236 3280 3318 Ephraim
3314 3256 3549 3303 novum

2056 3355 2289 3401 nomen
2313 3344 2463 3398 tunc
2492 3333 2787 3416 sumpsit.

2140 3438 2262 3497 Gai
2300 3437 2763 3511 responderunt
2792 3435 2927 3511 filii
2943 3436 3166 3510 Ioseph
3200 3455 3223 3493 .·
3256 3436 3403 3498 Non
3436 3454 3551 3512 po-

2059 3537 2325 3597 terimus
2368 3536 2455 3592 ad
2503 3541 2815 3592 montana
2861 3535 3293 3605 conscendere,
3344 3554 3547 3612 quum

2053 3635 2284 3710 ferreis
2334 3632 2635 3691 curribus
2683 3639 2959 3690 utantur
3018 3632 3373 3692 Chanancei
3430 3634 3548 3712 qui

2056 3733 2353 3792 habitant
2390 3732 2465 3790 in
2512 3739 2684 3789 terra
2722 3731 3089 3805 campestri,
3120 3731 3190 3789 in
3233 3751 3365 3810 qua
3404 3734 3549 3793 sitoe

2056 3839 2209 3892 sunt
2240 3831 2521 3889 Betltscm
2550 3847 2697 3887 cum
2730 3828 2964 3886 vicu-lis
2990 3828 3151 3898 sui-3,
3181 3838 3240 3888 et
3270 3832 3545 3890 Laaser*
3613 3845 3829 3888 wan-ael

2060 3933 2341 3991 mediam
2367 3927 2693 4004 possidens
2725 3928 2959 3986 vallem
2990 3946 3013 3985 .·
3044 3926 3124 3989 ad
3152 3943 3313 4007 quos
3360 3928 3547 4008 perti-

2060 4026 2297 4090 nebant
2336 4032 2651 4099 montana‚
2688 4023 2831 4085 ideo
2875 4023 3279 4087 restitissent.
3316 4025 3381 4087 ln
3426 4025 3547 4088 hoc

2063 4141 2368 4206 responso
2404 4121 2555 4184 fassi
2596 4129 2746 4183 sunt
2789 4119 2912 4182 l'ilii
2946 4122 3178 4204 Joseph
3234 4142 3413 4185 suam
3457 4123 3552 4186 in-

1983 4225 2029 4286 1]
2065 4223 2459 4297 firmitatem,
2494 4228 2557 4282 et
2597 4218 2751 4282 fidei
2782 4237 2913 4281 suae
2942 4219 3493 4302 imperfectionem
3532 4242 3547 4286 t

2060 4322 2213 4404 quia
2244 4319 2297 4384 si
2330 4320 2517 4402 plene
2537 4318 2958 4381 credidissent
2988 4337 3061 4381 ac
3094 4329 3453 4401 sperassent
3484 4322 3549 4384 in

2060 4421 2211 4497 Deo,
2261 4418 2597 4482 scivissent
2649 4417 2819 4498 quod
2870 4416 2979 4478 Dei
3027 4417 3267 4480 auxilio
3314 4420 3553 4501 potuis·

2062 4527 2205 4582 sent
2244 4516 2519 4580 faciliter
2560 4515 2926 4598 praevalere,
2978 4533 3105 4578 non
3149 4515 3549 4582 obstantibus

2063 4617 2286 4680 ferreis
2314 4614 2631 4690 curribuS,
2666 4613 2777 4694 qui
2809 4613 2874 4673 in
2904 4613 3195 4676 Judicum
3220 4615 3551 4678 volumine

2062 4715 2365 4778 dicuntur
2412 4731 2636 4775 currus
2685 4710 2922 4788 falcati,
2970 4711 3275 4792 quoniam
3326 4713 3549 4776 ferreis
3594 4729 3843 4834 ‘'‘gfffssw‘

3580 4807 3634 4843 iv,
3680 4825 3691 4842 ‚
3762 4825 3773 4835 .

2064 4815 2247 4877 uncis
2290 4813 2489 4875 instar
2530 4809 2717 4872 falcis
2766 4807 2951 4872 factis
2992 4818 3170 4872 erant
3210 4811 3434 4873 muniti
3482 4813 3549 4874 in

2065 4913 2199 4977 suis
2230 4910 2556 4974 lateribus.
2590 4909 2744 4971 Nam
2792 4908 3023 4970 talibus
3063 4908 3355 4971 curribus
3395 4911 3553 4974 sole-

2065 5012 2220 5074 bant
2258 5008 2613 5090 antiquitus
2655 5007 2749 5068 uti
2801 5006 2866 5068 in
2918 5006 3108 5069 bello.
3162 5005 3321 5069 Hinc
3360 5005 3547 5071 Josue

2067 5129 2285 5174 rursus
2316 5127 2425 5171 eos
2464 5107 2750 5169 hortatur
2790 5113 2859 5167 ut
2902 5113 3071 5182 ante,
3106 5113 3177 5166 ut
3206 5102 3453 5168 scilicet
3484 5106 3553 5169 in

2066 5211 2193 5274 Deo
2242 5213 2592 5289 speranteS,
2637 5211 2963 5266 transeant
3012 5203 3091 5266 ad
3134 5211 3437 5281 montem,
3489 5205 3556 5268 id

2067 5316 2162 5371 est
2190 5307 2269 5369 ad
2300 5310 2622 5366 montana.
2658 5304 2742 5362 Et
2781 5303 2877 5362 ait
2906 5304 2994 5362 ad
3019 5304 3284 5362 domum
3325 5305 3556 5383 ,Ioseph
