4359 6250
855 459 932 524 72
1733 479 2080 526 emnam-10
2121 478 2186 524 ιΝ
2226 478 2363 523 cu.
2412 478 2521 525 xm
2561 479 2763 527 Josue.
2805 500 2885 509 —
2927 482 3069 528 aar.
3116 482 3223 527 xxi

857 650 1326 723 Amahanaim,
1376 651 1444 713 id
1493 661 1587 713 est
1639 652 1816 714 loeus
1867 649 1958 713 sic
2010 649 2241 724 dictuS,
2287 659 2345 707 et
2372 648 2423 709 A
2458 650 2523 711 ni
2557 650 2728 712 enim
2764 659 2910 713 sunt
2950 671 3173 715 sensus
3203 650 3505 729 hominiS,
3539 658 3603 714 et
3648 658 3939 714 senectus

857 750 1232 810 universam
1259 754 1506 821 Basan,
1529 750 1591 813 id
1622 759 1718 813 est
1754 749 2076 830 regionem
2111 748 2203 810 sic
2241 764 2346 809 no-
2457 749 2689 810 mentis
2738 749 2869 811 vita
2909 749 3333 814 immaculata.
3368 750 3478 813 Hic
3526 769 3713 813 verus
3759 749 3938 813 Jcsus

795 864 802 869 ·
853 847 1183 923 minatam,
1208 858 1268 908 ec
1296 859 1526 909 cuncta
1555 868 1754 926 reyna
1780 854 1869 926 09
1899 849 2067 923 reqis
2099 850 2339 908 Basan.
2455 856 2519 909 et
2550 866 2835 910 summus
2858 848 3160 925 Salvator,
3180 848 3247 910 in
3280 848 3488 930 primo
3519 866 3633 912 suo
3663 849 3938 911 adventu

855 946 942 1008 Ex
973 964 1100 1026 quo
1132 946 1404 1025 videtur,
1441 948 1611 1028 quod
1651 947 1816 1009 ultra
1857 945 2214 1028 principale
2246 964 2343 1008 re·
2458 954 2700 1027 partem
2729 947 2959 1009 Judaeae
2990 947 3290 1025 obtinuit,
3312 948 3671 1010 Judaeorum
3691 946 3939 1029 aliquos

853 1064 1050 1126 gnum
1094 1044 1184 1124 Og
1228 1045 1415 1125 regis,
1453 1046 1588 1129 ipse
1637 1046 1844 1108 adbuc
1885 1044 1947 1106 vi
1988 1044 2193 1127 praelii
2236 1044 2347 1105 ob-
2454 1046 2925 1119 convertend03
2960 1047 3069 1108 sed
3118 1045 3303 1108 latior
3340 1063 3486 1127 pars
3514 1045 3743 1107 Judaeae
3772 1064 3943 1108 man-

849 1142 1118 1205 -tinuerit
1165 1142 1380 1224 aliqua
1429 1162 1623 1225 regna
1671 1144 1958 1218 minora3
2007 1143 2107 1206 vel
2153 1160 2347 1222 regna
2458 1142 2539 1203 sit
2562 1141 2905 1220 incredula,
2924 1162 3111 1225 quam
3137 1151 3355 1225 postea
3385 1162 3499 1225 per
3524 1151 3775 1207 sanctos
3794 1143 3944 1225 Apo

854 1240 1176 1317 dicuntur,
1211 1248 1422 1323 partes
1471 1242 1651 1323 regni
1701 1242 1988 1306 diversae.
2025 1242 2345 1303 Interdum
2457 1241 2673 1318 stolos,
2694 1240 2981 1323 aliosque
3011 1241 3359 1325 discipulos
3392 1250 3583 1305 totam
3606 1242 3938 1305 convertit.

855 1340 1045 1403 etiam
1080 1340 1339 1421 ponitur
1369 1340 1616 1422 plurale
1658 1359 1774 1423 pro
1815 1340 2145 1422 singulari,
2184 1339 2348 1401 sicut
2456 1340 2905 1403 Verumtamen
2938 1342 3222 1405 nondum
3246 1348 3413 1404 totus
3433 1340 3607 1404 orbis
3636 1348 3942 1403 terrarum

855 1446 920 1501 et
947 1456 1312 1501 econverso.
1338 1438 1403 1500 In
1426 1439 1856 1521 descriptione
1883 1457 2137 1520 quoque
2167 1438 2348 1500 herc·
2460 1436 2658 1500 fidem
2690 1438 2934 1520 accepit
2964 1438 3342 1501 catholicam
3370 1463 3385 1514 3
3422 1439 3530 1502 sed
3562 1447 3710 1501 ante
3741 1438 3941 1501 finem

857 1536 1074 1599 ditatis
1117 1536 1360 1599 collatae
1400 1536 1596 1599 tribui
1635 1537 1789 1613 Gad,
1827 1537 1992 1600 inter
2031 1536 2155 1598 alia
2187 1536 2345 1599 dici·
2458 1535 2671 1598 saeculi
2703 1537 2823 1599 hoe
2853 1538 3133 1599 creditur
3164 1538 3666 1620 adimplendum,
3692 1556 3942 1619 praeser-

857 1642 980 1710 tur,
1015 1636 1185 1716 quod
1217 1634 1453 1716 Moyses
1495 1634 1668 1698 dedit
1710 1636 1802 1699 eis
1848 1635 2178 1697 dimidiam
2209 1654 2347 1718 par·
2460 1635 2571 1695 tim
2594 1634 2983 1699 Antichristo
3001 1636 3437 1718 occisozcujus
3460 1645 3663 1699 tamen
3683 1635 3939 1716 quidam

861 1742 986 1797 tem
1036 1741 1220 1796 terrae
1259 1734 1547 1796 filiorum
1576 1736 1870 1799 Ammon.
1905 1733 2137 1798 Contra
2175 1735 2344 1815 quod
2458 1732 2761 1796 satellites
2813 1734 2878 1795 in
2928 1733 3358 1798 obstinatione
3406 1754 3522 1796 sua
3576 1733 3935 1816 persistent.

859 1831 1054 1914 objici
1088 1839 1316 1913 potest,
1342 1834 1513 1913 quod
1545 1832 1611 1895 in
1634 1833 2119 1897 Deuteronomio
2140 1833 2347 1896 Domi·
2382 1835 2430 1897 B
2457 1831 2695 1905 Quibus
2739 1851 2940 1913 quum
2989 1833 3288 1911 dixerint,
3339 1833 3461 1895 Pax
3504 1841 3567 1896 et
3610 1832 3936 1909 securitaS,
3994 1848 4251 1894 inam.

567 1946 828 1995 venando.
862 1951 981 1994 nus
1012 1930 1102 1993 ait
1129 1930 1210 1993 ad
1239 1930 1490 2013 Moysen
1517 1950 1530 1993 :
1565 1932 1840 1995 Accedes
1870 1932 1947 1994 ad
1980 1931 2193 1994 vicina
2225 1930 2347 1992 fili·
2458 1929 2833 2011 repentinus
2877 1931 3284 2013 superveniet
3334 1930 3627 1993 interitus
3670 1947 3685 1991 ε
3737 1938 3802 1993 et
3848 1928 3941 1992 sic
3966 1917 4014 1957 ³·

859 2048 1042 2093 orum
1073 2030 1364 2092 Ammon.
1386 2029 1545 2093 Cave
1575 2049 1658 2093 ne
1689 2050 1934 2112 pugnes
1961 2040 2181 2092 contra
2212 2049 2342 2107 eOS,
2455 2027 2742 2089 Christus
2772 2028 2939 2090 veris
2969 2028 3267 2091 Israelitis
3298 2036 3497 2091 totum
3530 2028 3831 2091 concedet
3850 2046 3946 2089 or-

862 2148 977 2191 nec
1009 2128 1322 2191 movearis
1353 2130 1430 2190 ad
1463 2129 1788 2211 praelium3
1819 2147 1947 2191 non
1979 2129 2150 2191 enim
2181 2129 2346 2193 dabo
2457 2126 2602 2188 bem
2636 2126 2700 2188 in
2733 2125 3170 2189 hereditatem.
3194 2126 3386 2189 Porro
3418 2126 3621 2208 prima
3640 2134 3704 2187 et
3733 2125 3942 2188 minor

859 2226 976 2289 tibi
1009 2226 1088 2289 de
1119 2235 1287 2288 terra
1313 2245 1555 2289 eorum.
1584 2228 1648 2289 ln
1670 2226 1963 2291 Judicum
1997 2245 2251 2309 quoque
2273 2227 2347 2289 Ii-
2456 2222 2711 2301 divisio,
2748 2223 2914 2286 facta
2945 2244 3057 2306 per
3086 2226 3337 2306 Moysen
3369 2225 3615 2287 duabus
3647 2223 3942 2286 tribubus

605 2340 830 2392 audian,
859 2325 973 2389 bro
1006 2324 1238 2404 legitur
1264 2324 1467 2387 :Misit
1494 2327 1716 2408 Jephte
1741 2328 1999 2389 nuntios
2021 2328 2098 2388 ad
2134 2345 2347 2406 regem
2456 2342 2527 2385 ac
2572 2322 2818 2400 mediae,
2853 2323 3144 2404 designat
3187 2322 3457 2405 primam
3502 2322 3676 2385 illam
3720 2322 3942 2384 mundi

567 2406 776 2455 ¹²³¹³·¹⁵·
863 2422 1147 2486 filiorum
1179 2422 1471 2501 Ammon,
1509 2424 1728 2487 dicens
1755 2442 1768 2486 :
1796 2423 1958 2498 Quid
1991 2424 2151 2486 mihi
2181 2433 2241 2487 et
2279 2426 2348 2486 ti·
2456 2422 2935 2486 conversionem
2978 2423 3057 2485 ad
3088 2422 3422 2485 Dominum
3465 2421 3937 2504 incompletam.

860 2521 925 2583 bi
957 2528 1071 2597 est,
1106 2521 1254 2602 quia
1285 2521 1518 2583 venisti
1549 2530 1770 2584 contra
1803 2525 1940 2585 me?
1962 2521 2203 2595 Quibus
2238 2522 2347 2586 ille
2458 2520 2745 2582 Secunda
2774 2529 2985 2582 autem
3027 2528 3090 2583 ct
3120 2522 3321 2601 major
3363 2521 3595 2584 divisio
3635 2520 3800 2582 facta
3830 2540 3944 2602 per

859 2619 1192 2702 respondit
1225 2637 1239 2681 :
1275 2619 1430 2693 Quia
1463 2620 1608 2681 tulit
1637 2621 1823 2683 Israel
1867 2630 2099 2683 terram
2140 2640 2346 2684 meam
2455 2619 2663 2694 Josue,
2701 2616 3138 2699 praefiguravit
3178 2617 3441 2682 finalem
3480 2618 3673 2681 totius
3719 2618 3942 2681 mundi

859 2718 1113 2799 quando
1144 2717 1431 2780 ascendit
1474 2719 1552 2780 de
1581 2718 1871 2800 AEgypto.
1916 2719 2008 2780 Ad
2047 2719 2219 2800 quod
2257 2721 2347 2782 Je-
2456 2716 2535 2777 ad
2565 2716 2883 2778 Christum
2914 2716 3420 2793 conversionem,
3446 2736 3557 2779 seu
3586 2715 3775 2779 etiam
3804 2716 3947 2778 uni-

860 2818 1055 2899 phte:
1089 2816 1226 2880 Non
1259 2816 1404 2878 tulit
1434 2816 1620 2878 Israel
1645 2825 1870 2879 terram
1899 2816 2185 2881 filiorum
2208 2819 2349 2880 Am·
2460 2832 2788 2875 versorum
2821 2814 2939 2876 sub
2972 2814 3244 2896 pedibus
3275 2815 3413 2897 ejus
3445 2814 3939 2897 subjectionem:
4000 2836 4251 2885 hams.

861 2933 1034 2978 mon.
1082 2914 1177 2977 Ad
1229 2914 1398 2977 istud
1459 2923 1631 2996 patet
1682 2916 2011 2997 responsio
2060 2937 2136 2979 ex
2187 2917 2350 2981 Scri·
2459 2912 2628 2993 quod
2664 2912 2778 2974 fiet
2810 2912 3128 2994 praecipue
3149 2914 3215 2975 in
3240 2915 3521 2977 secundo
3542 2913 3679 2994 ejus
3710 2914 3947 2975 adven-

861 3020 1068 3096 ptura.
1113 3012 1370 3093 Legitur
1410 3032 1682 3094 namque
1723 3012 1788 3075 in
1829 3013 2141 3092 Numeris‚
2175 3017 2348 3097 quod
2379 3015 2424 3078 C
2462 3018 2529 3072 tu
2558 3018 2621 3073 et
2649 3011 2930 3089 generali
2960 3010 3221 3093 judicio.

593 3122 832 3175 Num-1¹1,
863 3110 1072 3175 Sehon
1105 3131 1213 3175 rex
1244 3110 1530 3174 Hesebon
1555 3111 1864 3193 pugnavit
1885 3122 2106 3176 contra
2136 3132 2350 3194 regem
2538 3108 2618 3170 At
2647 3128 2797 3173 vero
2828 3129 2941 3192 per
2962 3108 3233 3188 LevitaS,
3260 3110 3495 3192 quibus
3527 3129 3653 3173 non
3676 3118 3774 3172 est
3802 3110 3950 3173 data

569 3189 636 3229 ²⁶·
861 3210 1060 3288 Moab,
1097 3219 1160 3273 et
1192 3209 1337 3271 tulit
1374 3228 1627 3273 omnem
1669 3219 1902 3273 terram
1944 3211 2118 3274 illius
2149 3232 2353 3293 usquc
2462 3215 2711 3271 terrena
2732 3209 3069 3290 possessio,
3091 3210 3199 3272 sed
3222 3209 3525 3273 Dominus
3544 3210 3709 3272 Deus
3728 3227 3951 3272 eorum

861 3309 941 3372 ad
972 3310 1210 3372 Arnon.
1245 3307 1404 3370 Hinc
1435 3308 1850 3389 probabiliter
1893 3309 2146 3386 dicitur,
2181 3310 2353 3390 quod
2464 3304 2584 3367 fuit
2614 3305 2951 3382 hereditaS‚
2987 3307 3533 3389 praesignabantur
3578 3307 3858 3388 religiosi
3888 3317 3955 3370 ct

862 3407 1055 3470 etiam
1107 3414 1351 3489 partem
1392 3407 1567 3486 regni
1600 3407 2106 3470 Ammonitarum
2155 3417 2356 3470 vasta-
2460 3404 2581 3466 viri
2615 3404 2882 3486 perfecti
2914 3404 2979 3468 in
3020 3407 3387 3486 evangelica
3417 3407 3576 3488 lege,
3602 3406 3712 3487 qui
3742 3406 3954 3488 despi-

864 3503 977 3582 vit,
1013 3513 1076 3566 et
1118 3511 1286 3567 terra
1326 3502 1436 3566 illa
1476 3505 1556 3567 ab
1595 3523 1670 3568 co
1709 3506 1989 3582 obtenta,
2025 3525 2167 3587 quae
2208 3515 2355 3569 ante
2462 3503 2640 3566 ciunt
2668 3504 3034 3567 transitoria
3076 3513 3138 3568 et
3166 3506 3425 3582 caduca,
3461 3514 3525 3567 et
3560 3505 3779 3568 omnia
3807 3525 3955 3586 pro-

863 3602 1224 3685 pertinebat
1250 3603 1328 3664 ad
1362 3601 1537 3666 filios
1566 3601 1858 3680 Ammon,
1887 3623 2056 3666 nunc
2077 3604 2356 3686 appella·
2465 3608 2602 3682 pter
2634 3601 2825 3663 Deum
2871 3602 3259 3684 relinquunt,
3294 3613 3632 3685 sequentes
3673 3603 3954 3667 Salvato-

862 3709 986 3778 tur,
1040 3701 1239 3764 Media
1286 3720 1434 3783 pars
1485 3709 1666 3764 terrae
1718 3699 2004 3765 filiorum
2054 3702 2349 3781 Ammon,
2466 3718 2597 3762 rem
2620 3700 2687 3762 in
2718 3720 2868 3763 vcra
2900 3709 3291 3783 paupertate,
3312 3709 3530 3765 saneta
3560 3701 3945 3780 obedientia,

862 3818 1053 3880 quam
1100 3798 1223 3861 filii
1269 3799 1457 3862 lsrael
1498 3799 1931 3876 obtinuerunt,
1969 3801 2106 3883 ipso
2143 3801 2351 3864 Sehon
2462 3807 2652 3879 atque
2702 3798 3069 3863 omnimoda
3119 3799 3432 3880 puritate3
3470 3809 3531 3862 et
3574 3799 3688 3881 qui
3736 3801 3948 3864 studio

861 3896 1072 3960 occiso
1103 3896 1182 3958 ab
1227 3895 1340 3959 eis.
1383 3899 1612 3958 Trz‘bui
1639 3908 1856 3959 autem
1885 3902 2046 3959 Levi
2088 3920 2218 3960 non
2250 3905 2352 3960 de·
2462 3895 2790 3979 sapientiae
2820 3916 2893 3959 ac
2924 3897 3253 3974 virtutum,
3294 3898 3615 3978 verboque
3647 3898 3949 3980 praedica-

860 3997 961 4055 dit
992 3993 1230 4076 Moyses
1262 3997 1734 4072 possessionem,
1781 3999 2091 4076 quoniam
2130 4001 2351 4059 Domi-
2463 3995 2656 4059 tionis
2706 4003 2835 4059 tota
2886 3995 3118 4059 mentis
3169 3995 3502 4077 diligentia
3546 4005 3695 4058 sunt
3747 3997 3950 4060 inten-

863 4115 988 4154 ηαδ
1017 4096 1188 4154 Deus
1219 4095 1423 4154 Israel
1452 4096 1585 4171 ipse
1615 4106 1701 4156 est
1724 4098 2028 4172 possessio
2059 4099 2201 4174 ejus
2230 4119 2253 4156 .·
2286 4097 2349 4160 id
2462 4094 2511 4155 ti
2548 4111 2562 4154 z
2597 4112 2871 4175 quorum
2914 4103 3043 4157 tota
3074 4093 3336 4158 affectio
3377 4103 3475 4158 est
3515 4095 3849 4159 recollecta
3882 4097 3947 4158 in

863 4200 979 4268 est,
1033 4191 1349 4254 sacrificia
1396 4192 1507 4254 Dei
1557 4192 1701 4255 data
1751 4201 1814 4254 et
1863 4202 2153 4275 reputata
2204 4203 2353 4256 sunt
2381 4197 2431 4260 D
2461 4194 2611 4268 Dec,
2646 4193 3387 4276 cujuscontemplationi
3431 4202 3496 4256 et
3527 4193 3761 4257 actuali
3792 4193 3949 4257 dile-

863 4289 1100 4354 Levitis
1129 4309 1244 4372 pro
1275 4290 1656 4353 hereditaria
1686 4291 2087 4373 possessione
2113 4316 2127 4367 ;
2166 4305 2236 4355 uc
2270 4299 2353 4354 lo·
2462 4291 2659 4354 ctioni
2683 4299 2809 4354 tam
2846 4291 3089 4355 fervide
3116 4301 3307 4374 atque
3336 4291 3857 4370 assiduevacant,
3878 4301 3948 4354 ut
4329 4353 4330 4368 ,

862 4399 1048 4449 cutus
1077 4399 1166 4450 est
1195 4392 1344 4450 illi:
1375 4390 1526 4471 quia
1559 4390 1926 4470 frequenter
1957 4410 2070 4473 per
2099 4391 2349 4473 Moysen
2462 4411 2538 4452 ex
2571 4391 2882 4454 sententia
2924 4391 3135 4454 dicere
3172 4400 3429 4472 queant,
3466 4391 3767 4454 Dominus
3800 4411 3946 4474 pars
3988 4409 4067 4450 με.
4094 4415 4231 4454 ms.
4328 4457 4330 4472 ⁴

585 4505 834 4556 Deut.x‚a.
863 4486 1044 4564 dixit,
1079 4487 1208 4569 Ego
1239 4487 1555 4569 possessio
1586 4506 1829 4551 eorum.
2461 4489 2830 4552 hereditatis
2881 4509 3037 4552 meae
3080 4498 3144 4552 et
3190 4489 3407 4552 calicis
3458 4489 3607 4554 mei.
3642 4491 3942 4571 Itemque,

633 4603 795 4647 smus
939 4586 1122 4647 Juxta
1170 4584 1507 4667 mysticum
1559 4604 1838 4662 sensum,
1875 4605 1988 4668 per
2024 4587 2211 4650 Josue
2262 4607 2353 4651 se-
2460 4587 2606 4648 Pars
2657 4607 2797 4650 mea
2843 4588 3171 4664 DominuS,
3207 4588 3366 4651 dixit
3413 4589 3627 4652 anima
3676 4607 3837 4651 mea.
3872 4588 3947 4649 Et
4004 4605 4251 4650 ruram.

582 4667 804 4722 mmm·
862 4702 1008 4747 nem
1040 4691 1103 4746 et
1131 4691 1311 4747 aetate
1337 4692 1732 4766 provectum,
1771 4683 2148 4764 intelligitur
2179 4685 2351 4748 Chri·
2460 4686 2693 4763 denuo,
2728 4687 2889 4748 Deus
2920 4686 3130 4749 cordis
3152 4687 3301 4764 mei,
3336 4695 3399 4750 ct
3428 4706 3574 4769 pars
3614 4707 3756 4750 mea
3783 4688 3947 4749 Deus
3972 4670 4250 4776 '‘haum-

861 4790 1017 4859 stuS,
1053 4782 1238 4864 cujus
1279 4801 1582 4845 numerus
1615 4801 1952 4858 annorum,
2000 4784 2349 4846 secundum
2462 4784 2527 4844 in
2549 4785 2989 4846 aeternumlsti
3014 4785 3488 4866 comparatione
3507 4785 3779 4848 aliorum
3800 4793 3949 4848 sunt
3974 4795 4042 4834 9-6-

861 4879 1182 4957 deitatem,
1219 4889 1315 4943 est
1355 4879 1841 4957 inaestimabiliS,
1892 4880 2144 4944 dicente
2185 4882 2351 4963 Apo-
2461 4883 2669 4965 pauci,
2696 4891 2760 4946 et
2791 4881 3159 4964 frequenter
3190 4891 3627 4946 sustentantur
3654 4884 3947 4948 fide-lium

565 4987 830 5094 8Heln-anu.
862 4978 1025 5041 stolo
1052 4996 1066 5040 t
1098 4977 1273 5041 Jesus
1304 4977 1441 5041 heri
1475 4987 1536 5041 et
1568 4978 1776 5054 hodie,
1804 4979 1941 5060 ipse
1963 4989 2026 5042 et
2062 4979 2128 5041 iu
2161 5000 2350 5043 saecu-
2460 4981 2879 5062 eleemosynis
2903 4982 3027 5044 Deo
3049 4982 3301 5058 oblatis,
3330 4981 3495 5044 sicut
3515 4983 3608 5045 eis
3630 4983 3943 5064 praedixit.

576 5083 831 5164 jwmm,
863 5076 938 5138 la.
959 5075 1075 5150 Qui
1099 5083 1394 5139 testatur:
1420 5076 1774 5157 Antequam
1796 5077 2111 5139 Abraham
2136 5077 2342 5156 fieret,
2460 5079 2689 5142 Statuit
2718 5078 2889 5142 enim
2916 5081 3239 5158 DominuS,
3275 5089 3347 5142 ut
3374 5081 3485 5162 qui
3517 5081 3701 5143 altari
3734 5083 3947 5145 deser-
4004 5101 4021 5144 1
4048 5102 4163 5145 eor.
4192 5117 4248 5148 ιι,

562 5177 830 5293 apansa.
860 5192 978 5254 ego
1028 5193 1192 5236 sum.
1244 5173 1557 5255 Denique,
1613 5174 1912 5238 Senectus
1961 5175 2345 5239 venerabilis
2458 5165 2661 5254 viunt,
2710 5179 2788 5242 de
2836 5179 3020 5241 altari
3064 5179 3319 5254 vivant3
3369 5189 3433 5242 et
3482 5180 3949 5244 seminantibus
3980 5167 4137 5269 ’Ἀπ’
4172 5230 4244 5269 Η.

859 5281 976 5350 cst,
1012 5292 1139 5336 non
1169 5292 1480 5337 annorum
1513 5292 1778 5336 numero
1818 5283 2201 5356 computata.
2238 5276 2345 5338 Ca·
2458 5277 2834 5358 spiritualia,
2862 5277 2998 5339 vult
3032 5278 3404 5358 temporalia
3435 5278 3807 5342 ministrari.
3833 5280 3951 5343 Per
3976 5262 4246 5339 amavi
