4359 6250
127 1087 181 1130 1⁸.
196 1101 252 1134 m.
273 1089 333 1129 10.

170 1365 300 1408 Εεεὶἰ.

109 1432 210 1462 xxxv.
225 1421 284 1460 ΞΟ.

138 1484 153 1499 ·
176 1481 308 1523 adorat

999 468 1370 552 manuario*
1391 504 1452 550 m
1495 505 1634 552 car.
1679 505 1725 552 ιι
1764 504 1923 551 unm
1965 503 2136 550 emm
2175 503 2399 550 aucun.
2447 521 2528 532 —
2552 502 2711 550 aar.
2756 501 2817 546 iv

3334 475 3451 540 ‘267

355 675 562 739 sarios
582 675 892 754 veritatiS,
915 676 1268 759 praesertim
1295 675 1654 740 invisibiles
1672 693 1859 738 aemu·
1886 673 1936 738 A
1967 673 2126 737 lium
2173 675 2677 756 perscrutatione
2714 682 2811 736 est
2844 669 3351 754 temperandum,
3378 676 3457 729 ,ιιι

357 774 456 837 los
487 775 844 857 superavit3
867 774 979 856 qui
1005 774 1296 838 hostibus
1321 773 1475 837 boni
1496 773 1858 838 communis

358 871 724 937 efficaciter
773 872 968 936 fuerit
1017 873 1386 937 reluctatus.
1426 875 1592 942 Quia
1642 877 1860 936 laetaca

359 993 538 1042 sum,
570 989 610 1034 o
638 971 930 1050 Domine,
963 990 1082 1053 ego
1113 979 1400 1034 creatura
1429 979 1562 1047 tua,
1585 973 1658 1032 in
1687 974 1861 1031 salu-

363 1073 502 1134 tari
542 1083 672 1142 tuo,
705 1071 786 1133 de
823 1089 952 1152 quo
997 1069 1230 1133 cecinit
1268 1069 1456 1132 isaias
1496 1087 1510 1131 ε
1542 1068 1862 1132 Videbunt

363 1187 592 1233 omnes
638 1168 806 1232 fines
849 1177 1033 1231 terrae
1073 1169 1350 1232 salutare
1389 1168 1498 1231 Dei
1535 1167 1759 1231 nostri.
1792 1167 1860 1229 In

362 1287 498 1352 quo
538 1267 651 1350 qui
695 1267 1028 1330 sinceriter
1067 1266 1438 1344 delectatur,
1475 1265 1758 1329 exaudiri
1789 1285 1860 1329 ac

363 1367 770 1450 triumphare
813 1375 1118 1441 meretur,
1153 1365 1318 1429 sicut
1359 1365 1450 1428 ait
1493 1364 1856 1446 Scriptura:

363 1466 484 1540 Qui
515 1474 657 1530 orat
689 1469 711 1491 '¹
742 1465 1085 1528 Dominum
1117 1464 1183 1526 in
1214 1463 1662 1540 oblectatione,
1681 1481 1864 1526 exau-

161 1598 228 1626 ..ι
283 1599 338 1634 u,
365 1564 602 1628 dietur.
629 1565 706 1626 Et
735 1583 956 1628 rursus
985 1581 1000 1625 ε
1034 1563 1358 1626 Delectare
1386 1561 1453 1624 in
1487 1561 1775 1640 Domino,
1801 1571 1864 1625 et

125 1882 216 1924 Luc.
235 1896 260 1930 t,
276 1885 338 1924 75.

121 1981 200 2024 Jer.
212 1995 282 2022 xu-

117 2049 168 2088 10.

117 2239 167 2278 to.

146 3459 244 3502 md.
265 3464 324 3504 ¹2.

133 4139 358 4191 Romanii).

137 4240 290 4285 Prouu

135 4304 166 4342 Ξ.

366 1663 548 1726 dabit
600 1661 718 1725 tibi
769 1661 1113 1744 petitiones
1161 1660 1374 1724 cordis
1425 1660 1540 1723 tui.
1577 1663 1726 1724 Non
1775 1672 1864 1722 esc

363 1772 632 1823 sanctus
675 1771 752 1822 ut
791 1771 881 1820 est
918 1762 1238 1822 Dominus
1269 1781 1292 1819 .·
1325 1758 1468 1823 ideo
1512 1767 1762 1841 oportet
1803 1759 1861 1824 ei

1969 791 2097 836 non
2157 773 2503 836 audeamus
2553 774 2631 836 de
2681 767 3276 854 supersubstantiali
3330 767 3457 832 Deo

1968 871 2211 952 aliquid
2235 870 2357 934 fari
2390 880 2617 954 praeter
2651 870 2879 934 tradita
2908 864 3091 932 nobis
3122 868 3191 932 in
3222 866 3459 930 divinis

1972 969 2339 1052 ScripturiS,
2375 978 2445 1033 ut
2474 969 2731 1034 divinus
2760 968 3099 1050 Dionysius
3143 974 3207 1030 et
3241 967 3459 1028 Dama-

1971 1087 2203 1132 scenus
2262 1069 2675 1152 scripserunt.
2729 1068 2986 1151 Nempe,
3039 1075 3112 1129 ut
3161 1065 3457 1129 Salomon

1973 1175 2359 1248 protestatur
2394 1187 2407 1231 ε
2444 1167 2619 1232 Sicut
2656 1167 2769 1250 qui
2814 1166 3092 1230 comedit
3128 1165 3256 1228 mel
3302 1163 3459 1228 mul·
3507 1184 3751 1236 emam,

1974 1274 2132 1344 tum,
2169 1285 2297 1330 non
2328 1275 2425 1330 est
2459 1267 2517 1330 ei
2557 1267 2841 1340 bonum;
2884 1265 2977 1328 sic
3014 1264 3129 1346 qui
3171 1282 3461 1347 perscru-
3488 1249 3555 1290 ²⁷·

1973 1371 2138 1427 tator
2181 1373 2279 1428 est
2320 1366 2692 1447 majestatiS,
2726 1365 3130 1448 opprimetur
3158 1385 3195 1428 a
3232 1363 3455 1446 gloria.

1972 1462 2132 1524 Hinc
2162 1461 2466 1544 Origenes
2494 1463 2795 1527 disseruit
2828 1481 2843 1526 :
2879 1464 3015 1528 Non
3046 1463 3228 1542 dixit,
3257 1463 3461 1528 Nolite

1974 1560 2150 1641 loqui
2181 1562 2451 1624 excelsa.
2476 1561 2640 1644 Ergo
2672 1562 2819 1626 licet
2848 1562 3008 1624 mihi
3038 1561 3255 1644 aliqua
3285 1562 3461 1644 loqui

1975 1659 2245 1722 excelsa.
2279 1659 2695 1742 Multiplicare
2736 1670 2951 1724 autem
2996 1661 3173 1742 loqui
3214 1661 3463 1724 excelsa

1974 1765 2038 1821 et
2083 1759 2301 1836 ardua,
2338 1758 2498 1821 mihi
2542 1778 2670 1822 non
2715 1758 2886 1837 licet,
2920 1778 3119 1841 quum
3152 1760 3461 1842 scriptum

368 1861 434 1924 in
483 1859 822 1923 sanctitate
863 1867 928 1920 et
963 1858 1212 1940 justitia
1250 1858 1488 1941 jugiter
1517 1859 1858 1923 deservire.
1897 1859 1945 1921 B
1975 1857 2058 1918 sit
2094 1873 2108 1918 :
2142 1856 2384 1921 Altiora
2416 1866 2476 1920 te
2507 1876 2587 1920 ne
2617 1858 2968 1939 quaesieriS,
3004 1867 3066 1922 et
3090 1858 3369 1922 fortiora
3402 1868 3463 1922 te
3527 1873 3676 1918 Εοοιε.
3697 1887 3755 1925 m,

283 1995 338 2028 m,
367 1959 868 2040 Maledictusque
893 1965 992 2021 est
1021 1957 1132 2039 qui
1163 1976 1324 2040 opus
1356 1958 1496 2039 ejus
1526 1956 1738 2022 efficit
1766 1978 1867 2022 ne-

365 2059 709 2139 gligenter.
749 2059 970 2136 Neque
1010 2057 1189 2118 enim
1224 2067 1315 2118 est
1353 2058 1528 2117 alius
1565 2069 1750 2120 θαι-ινα
1785 2069 1861 2120 ιε.

267 2187 340 2222 nv.
368 2159 526 2220 Nam
548 2157 732 2219 Pater
764 2155 830 2216 in
855 2153 1039 2231 Filio,
1059 2162 1122 2217 et
1142 2153 1340 2216 Filius
1373 2153 1440 2217 in
1470 2155 1670 2234 Patre,
1689 2157 1867 2220 Pater

368 2275 634 2339 quoque
665 2273 738 2317 ac
759 2253 962 2315 Filius
993 2253 1060 2314 in
1092 2251 1332 2335 Spiritu
1366 2252 1614 2332 Sancto,
1640 2265 1705 2318 et
1735 2255 1868 2338 Spi-

373 2356 534 2418 ritus
557 2354 829 2417 Sanctus
861 2352 926 2413 in
957 2351 1138 2414 Patre
1166 2371 1240 2414 ac
1270 2351 1453 2415 Filio.
1473 2353 1627 2415 Nam
1658 2353 1871 2435 singu-

371 2455 450 2518 lae
477 2453 776 2516 Personae
809 2449 876 2512 in
911 2448 1182 2528 singulis
1212 2469 1361 2514 vere
1391 2459 1454 2514 et
1489 2451 1869 2534 imperscru-

369 2550 660 2615 tabiliter
708 2569 782 2612 ac
830 2547 1525 2612 circuminsessibiliter
1575 2559 1744 2612 sunt.
1781 2553 1869 2612 Ει

371 2672 502 2714 non
532 2659 626 2711 est
656 2649 850 2729 fortis
876 2649 1046 2708 sicut
1075 2651 1246 2709 Deus
1284 2657 1519 2718 noster,
1550 2649 1663 2730 qui
1695 2649 1868 2712 solus

370 2757 586 2833 potest
613 2747 912 2809 humanae
941 2764 1013 2808 ac
1043 2744 1257 2826 fragili
1290 2755 1592 2810 creaturae
1622 2755 1866 2810 tantum

369 2847 672 2913 conferre
722 2845 941 2927 gratiae
992 2845 1207 2922 robur,
1241 2853 1314 2906 ut
1355 2844 1688 2927 spiritibus
1738 2845 1867 2908 illis

369 2943 812 3011 callidissimis
841 2952 1035 3025 atque
1066 2943 1500 3024 nequissimis,
1533 2953 1597 3007 et
1638 2963 1869 3008 concu-

1979 1975 2059 2018 ne
2091 1963 2407 2019 scrutatus
2442 1955 2673 2031 fueris;
2702 1957 2811 2019 sed
2841 1975 2982 2038 quae
3012 1959 3317 2040 praecepit
3347 1957 3465 2020 tibi
3491 1940 3559 1980 ²²·

1978 2055 2162 2130 Deus,
2200 2053 2488 2136 intellige
2528 2073 2799 2138 semper.
2834 2054 2981 2128 Quae
3020 2066 3169 2118 sunt
3208 2073 3359 2136 ergo
3396 2056 3465 2118 in

1977 2153 2211 2234 quibus
2242 2154 2490 2216 excelsa
2524 2172 2627 2217 me
2666 2153 2843 2235 loqui
2884 2158 3174 2236 oportet?
3205 2155 3466 2230 Quando

1979 2251 2058 2314 de
2101 2252 2567 2334 omnipotentia
2612 2253 2745 2330 Dei,
2781 2253 2861 2316 de
2910 2253 3357 2317 invisibilitate
3404 2261 3468 2317 et

1979 2351 2484 2432 sempiternitate
2504 2352 2644 2433 ejus
2671 2352 2921 2433 loquor,
2936 2353 3183 2416 excelsa
3205 2354 3463 2435 loquor3

1979 2450 2235 2531 quando
2256 2450 2335 2512 de
2348 2449 2667 2530 Unigeniti
2691 2450 2829 2531 ejus
2851 2453 3297 2529 coaeternitate‚
3312 2460 3470 2516 cete-

1980 2548 2197 2629 risque
2218 2547 2536 2630 mysteriis
2558 2548 2926 2630 pronuntiO,
2942 2549 3187 2613 excelsa
3205 2551 3466 2631 loquor;

1979 2647 2240 2729 quando
2283 2647 2361 2709 de
2403 2647 2677 2729 Spiritus
2722 2648 2936 2712 Sancti
2986 2647 3471 2729 magnificentia

1980 2744 2245 2822 dissero,
2282 2745 2531 2808 excelsa
2560 2745 2808 2828 loquor.
2834 2746 2980 2810 Post
3010 2747 3174 2810 hanc
3206 2746 3471 2810 Trinita-

1979 2851 2109 2907 tem
2155 2844 2562 2907 omniasunt
2602 2844 2873 2908 humilia
2911 2853 2973 2908 et
3004 2845 3269 2927 dejecta,
3304 2863 3473 2909 com-

1981 2943 2311 3025 paratione
2342 2943 2740 3006 celsitudinis
2771 2944 2933 3026 ejus.
2968 2945 3110 3009 Haec
3142 2944 3466 3027 Origenes,

371 3042 710 3129 piscentiis
741 3041 1022 3125 propriis
1051 3061 1126 3104 ac
1156 3041 1330 3104 vitiis
1363 3041 1679 3108 universis
1711 3063 1870 3127 prae-
1899 3038 1943 3101 C
1981 3045 2303 3104 Rea-edant
2334 3052 2542 3104 vetera
2562 3046 2642 3103 de
2660 3063 2768 3104 ore
2790 3054 3011 3113 vestro,
3028 3042 3092 3106 id
3114 3052 3232 3121 est,
3256 3044 3474 3108 omnia

371 3145 605 3221 valeat,
624 3151 688 3206 et
718 3141 786 3203 in
811 3141 941 3204 Deo
969 3141 1054 3203 sit
1084 3139 1394 3216 stabilita3
1422 3142 1552 3205 imo
1583 3151 1646 3206 et
1676 3143 1729 3205 si
1752 3161 1868 3226 pro

374 3243 532 3307 fidei
583 3240 1070 3305 conservatione
1117 3241 1398 3320 exegerit
1449 3241 1631 3318 ratio,
1679 3244 1869 3307 etiam

373 3341 688 3405 miracula
715 3347 1030 3422 operetur,
1049 3338 1216 3402 sicut
1241 3339 1534 3421 praedixit
1555 3340 1870 3405 Salvator:

361 3440 490 3515 -Qui
523 3439 734 3503 eredit
771 3438 839 3500 in
880 3454 1006 3515 me,
1039 3456 1234 3519 opera
1263 3457 1408 3521 quae
1435 3456 1554 3521 ego
1588 3437 1776 3517 facio,
1809 3449 1873 3505 et

377 3539 516 3622 ipse
552 3538 766 3602 faciet.

458 3640 683 3701 Nolite
713 3638 1156 3714 multiplicare
1189 3638 1366 3717 loqui
1390 3639 1726 3707 sublimia,
1741 3643 1874 3717 ylo-

377 3740 649 3798 riantes.
684 3736 815 3799 Hoc
845 3733 1393 3817 praesumptuosiS,
1427 3735 1744 3822 superbis,
1769 3756 1876 3800 va-

381 3834 689 3915 niloquiS,
723 3853 802 3897 ex
845 3833 1108 3896 caritate
1157 3841 1254 3895 est
1297 3834 1770 3916 opponendum,
1806 3845 1877 3897 ut

379 3941 636 3997 cessent
665 3952 702 3994 a
732 3931 964 3995 verbis
976 3931 1318 4012 jactantias,
1340 3950 1457 3995 nec
1487 3932 1746 3996 laudent
1779 3932 1878 3997 ne-

381 4050 506 4113 que
535 4029 846 4093 extollant
875 4048 945 4092 se
977 4029 1173 4111 ipsos,
1206 4048 1403 4112 quum
1445 4039 1508 4093 et
1538 4031 1876 4113 Apostolus

383 4130 558 4192 dieat
577 4145 592 4190 ε
609 4128 752 4192 Noli
771 4127 972 4191 altum
995 4146 1238 4209 sapere,
1255 4128 1365 4190 sed
1397 4128 1563 4191 time.
1583 4128 1878 4194 Salomon

383 4333 746 4401 extraneus,
771 4332 835 4386 et
865 4342 993 4388 non
1025 4322 1193 4386 labia
1223 4332 1352 4386 tua.
1373 4325 1658 4407 Denique
1688 4346 1883 4389 unus-

381 4424 658 4505 quisque
676 4422 846 4485 dicat
861 4422 1104 4485 viribus
1125 4422 1356 4487 animae
1377 4442 1516 4499 suae,
1536 4424 1880 4488 intellectui

385 4520 706 4597 videlicet,
729 4520 1091 4602 cogitativae
1121 4528 1186 4583 et
1218 4520 1685 4601 imaginativae:
1722 4523 1883 4586 Noli-

384 4627 444 4682 te
473 4617 910 4700 multiplicare
941 4617 1120 4700 loqui
1157 4618 1480 4696 sublimia,
1510 4606 1877 4701 gloriantes,

387 4716 448 4779 id
477 4726 599 4795 est,
618 4717 702 4780 ab
731 4716 910 4780 omni
943 4716 1328 4798 cogitatione
1361 4719 1655 4801 superba,
1682 4720 1763 4783 ab
1783 4720 1884 4782 ad-

389 4814 874 4879 inventionibus
906 4816 1110 4893 vaniS,
1147 4815 1227 4877 ab
1261 4817 1882 4898 apprehensionibus

387 4914 830 4994 phantasticis,
849 4933 886 4975 a
917 4914 1438 4994 magnificatione
1467 4915 1711 4997 proprii
1743 4917 1884 4979 sub-

384 5010 529 5092 jecti
563 5021 808 5089 cavete,
845 5031 961 5075 nec
993 5012 1162 5074 intra
1191 5031 1305 5076 vos
1337 5031 1548 5077 coram
1580 5014 1704 5077 Deo
1736 5033 1881 5097 pro—

392 5110 556 5175 ferre
587 5130 702 5174 seu
736 5111 914 5193 loqui
945 5112 1192 5189 audete,
1227 5112 1396 5193 quod
1429 5131 1640 5175 coram
1682 5113 1882 5176 homi-

389 5210 575 5273 nibus
635 5209 815 5291 loqui
865 5217 963 5272 est
1011 5209 1537 5292 reprehensibile.
1593 5211 1686 5274 Ab
1733 5211 1878 5274 altis

388 5326 644 5391 quoque
689 5307 995 5385 materiis,
1031 5316 1094 5371 et
1133 5307 1214 5370 ab
1264 5308 1881 5393 incomprehensibi-

1979 3140 2174 3203 verba
2205 3140 2587 3217 inordinata,
2623 3140 2875 3217 vitiosa,
2911 3139 3138 3205 illicita
3167 3142 3470 3225 deinceps

1980 3238 2198 3301 vitate.
2249 3238 2311 3302 Si
2364 3239 2509 3321 quis
2559 3239 2865 3321 loquitur,
2913 3239 3095 3321 quasi
3145 3259 3469 3304 sermones
3528 3256 3761 3307 ιη’-ην,

1981 3336 2114 3399 Dei.
2137 3337 2355 3400 Sermo
2378 3345 2585 3401 vester
2614 3356 2868 3419 semper
2900 3336 2966 3399 in
2996 3338 3199 3417 gratia
3227 3338 3311 3401 sit
3340 3338 3472 3402 sale
3502 3322 3763 3433 gamm&

1983 3436 2302 3499 conditus.
2336 3436 2495 3500 Hinc
2526 3437 2606 3500 ad
2636 3436 2945 3519 Ephesios
2984 3438 3245 3500 docetur
3282 3455 3295 3499 :
3330 3438 3472 3501 Om—
3534 3450 3762 3521 apiesjw,

1984 3534 2086 3597 nis
2117 3553 2324 3599 sermo
2355 3536 2559 3598 malus
2592 3554 2668 3598 ex
2696 3553 2807 3599 ore
2838 3544 3047 3599 vestro
3090 3555 3217 3600 non
3258 3556 3473 3619 proce·
3500 3529 3568 3569 ²⁹·

1985 3634 2134 3711 dat;
2177 3634 2290 3697 sed
2317 3634 2430 3716 qui
2462 3634 2667 3697 bonus
2698 3642 2797 3696 est
2834 3635 2913 3697 ad
2954 3634 3469 3713 aedificationem,

1986 3741 2058 3796 ut
2088 3734 2195 3795 det
2222 3733 2491 3813 gratiam
2522 3732 2828 3795 audienti.

2067 3836 2279 3893 Arcus
2305 3833 2583 3909 fortium
2612 3842 2952 3911 superatus
2980 3842 3091 3894 εει.
3110 3832 3184 3894 Ηί
3207 3832 3318 3914 qui
3353 3832 3479 3896 for-

1989 3941 2083 3996 tes
2135 3938 2197 3994 et
2244 3949 2509 4013 magnos
2564 3950 2633 3994 se
2680 3930 3092 4008 arbitrantur,
3145 3933 3317 4013 justo
3366 3933 3476 3995 Dei

1989 4029 2231 4112 judicio
2276 4030 2733 4111 permittuntur
2777 4028 3053 4093 faciliter
3091 4029 3263 4094 vinci
3302 4030 3477 4093 omni

1991 4138 2182 4191 vento
2216 4127 2640 4191 tentationum
2682 4146 2755 4191 ac
2798 4128 3041 4211 impetu
3084 4128 3479 4211 passionum,

293 4258 356 4294 m,
383 4245 644 4308 quoque
663 4242 680 4286 :
699 4226 942 4289 Laude't
961 4232 1024 4287 te
1043 4225 1315 4302 alienus,
1335 4235 1399 4288 et
1423 4245 1552 4290 non
1577 4246 1647 4291 os
1670 4234 1879 4304 tuum3
1914 4226 1963 4286 D
1992 4236 2056 4290 et
2086 4225 2531 4308 multipliciter
2564 4225 2717 4304 labi,
2751 4226 2887 4290 sive
2916 4227 3067 4288 dum
3097 4227 3178 4290 ab
3208 4226 3353 4289 aliis
3383 4245 3483 4309 pa-

1993 4326 2239 4387 tiuntur
2290 4325 2577 4403 adversa,
2631 4322 2768 4388 sive
2815 4325 2966 4387 dum
3027 4324 3369 4387 laudantur
3418 4335 3481 4389 et

1993 4424 2389 4488 honorantur
2429 4443 2466 4485 a
2510 4423 2839 4506 proximiS,
2874 4422 3027 4505 quia
3076 4424 3319 4487 radices
3367 4425 3483 4488 hu-

1993 4521 2287 4585 militatis
2320 4530 2381 4585 et
2413 4521 2904 4585 fundamentum
2939 4522 3185 4586 timoris
3212 4522 3320 4586 Dei
3352 4541 3481 4586 non

1994 4620 2252 4684 habent.
2287 4620 2610 4683 Interdum
2644 4639 2901 4703 quoque
2939 4622 3255 4703 contingit
3294 4622 3484 4685 devo—

1995 4726 2090 4782 tos
2122 4728 2187 4781 et
2206 4719 2523 4782 virtuosos
2556 4738 2632 4782 ex
2663 4738 2777 4782 sua
2808 4720 3201 4802 negligent-ia
3233 4719 3484 4801 pericu-

1996 4817 2209 4880 losave
2239 4817 2577 4881 securitate
2607 4825 2715 4879 aut
2745 4818 3167 4881 tentationum
3199 4816 3483 4898 impulsu

1993 4916 2301 4997 paulatim
2332 4915 2622 4978 evacuari
2652 4924 2715 4978 et
2743 4916 2987 4978 cadere.
3009 4918 3093 4977 Ει
3114 4916 3371 4991 infirmi
3388 4936 3484 4975 ac-

1992 5016 2192 5076 cincti
2219 5026 2373 5076 sunt
2402 5018 2644 5082 robore,
2676 5013 2951 5077 humiles
2990 5013 3237 5076 scilicet
3266 5022 3331 5075 et
3368 5014 3481 5095 qui

1993 5132 2062 5176 se
2098 5113 2336 5194 jugiter
2378 5112 2697 5189 infirmOS,
2732 5111 3158 5188 defectuOSOS,
3194 5111 3483 5195 vilesque

1991 5210 2303 5292 judicant.
2339 5211 2491 5273 Nam
2525 5218 2587 5273 et
2619 5209 2884 5271 infirma
2912 5228 2987 5271 ac
3021 5209 3218 5272 stulta
3254 5210 3479 5272 mundi
3513 5224 3772 5274 icas-...az

1991 5308 2185 5389 elegit
2204 5310 2389 5371 Deus,
2417 5310 2667 5387 Repleti
2678 5309 2897 5386 prius,
2920 5306 2985 5370 id
3014 5317 3134 5385 est,
3154 5308 3263 5390 qui
3296 5308 3479 5371 donis
