4359 6250
854 475 934 540 98

1603 492 1950 541 ENARRA'rlo
1995 493 2054 537 m
2097 492 2236 537 cAP.
2285 491 2431 537 xxn·
2472 492 2674 539 Josuss.
2720 510 2801 521 —-
2842 493 2985 537 ΛΒΤ.
3030 490 3203 539 xxxu

855 680 1020 725 cere.
1045 662 1179 725 Non
1210 671 1422 729 autem
1446 662 1774 745 prohibuit
1791 662 1955 725 Deus
1979 662 2136 723 filiis
2157 660 2345 724 lsrael
2377 659 2428 722 A
2460 667 2781 723 malorum
2812 660 3159 744 poenalium
3180 661 3607 721 comminatus
3636 656 3965 721 esc-vobis.

855 759 1254 841 spiritualem
1299 760 1532 823 habere
1569 760 1981 823 dilectionem
2021 760 2098 823 ad
2147 760 2292 823 illos
2327 778 2341 823 ε

857 857 986 921 imo
1008 857 1221 940 pot-ius
1243 858 1362 923 hoc
1395 860 1717 941 praecepit.
1739 862 1888 920 Jam
1909 880 2087 919 neme
2105 860 2348 927 scitote,

857 960 1028 1036 quod
1057 960 1375 1019 Dominus
1407 978 1534 1017 non
1561 960 1769 1017 deleat
1798 979 1904 1017 cas
1933 968 2082 1018 ante
2109 960 2349 1033 facicm

859 1066 1157 1129 vestram,
1179 1059 1289 1115 sed
1317 1064 1536 1136 gentes
1557 1055 1935 1119 adversariae
1963 1066 2156 1117 erunt
2177 1057 2350 1116 vobis

859 1156 932 1215 in
963 1156 1218 1231 foveam
1247 1164 1307 1215 et
1338 1159 1638 1235 laqueum
1671 1176 1748 1215 ac
1776 1157 2264 1232 offendiculum,
2288 1163 2347 1214 ec
2464 1155 2949 1219 Deuteronomio
2978 1154 3219 1217 diffuse
3248 1154 3537 1216 habetur.
3560 1150 3707 1225 Quae
3736 1146 3963 1211 omnia
4070 1166 4201 1207 oeae.
4227 1232 4239 1239 -

858 1256 1045 1313 sudes
1067 1255 1139 1313 in
1169 1256 1372 1314 oculis
1394 1256 1645 1323 vestris,
1669 1253 1733 1314 id
1765 1262 1880 1329 est,
1907 1252 2351 1334 multipliciter
2462 1274 2654 1336 quam
2700 1274 2849 1317 vere
2892 1255 2957 1315 in
2990 1252 3329 1336 perversiS‚
3367 1249 3713 1315 rebellibus
3758 1257 3961 1329 atque
4014 1242 4167 1334 ἔξω·
4202 1234 4261 1269 ¹⁴·
4332 1262 4334 1279 ¹

861 1369 976 1414 vos
1013 1349 1332 1433 affligent,
1366 1353 1706 1415 detrudent
1747 1361 1808 1415 et
1849 1352 2122 1434 capient,
2157 1360 2350 1433 atque
2464 1353 2817 1416 idololatris
2864 1352 3019 1415 filiis
3056 1351 3244 1414 lsrael
3289 1350 3419 1413 sint
3468 1348 3750 1432 impleta,
3786 1346 3957 1409 liber

861 1448 1196 1514 arctabunt
1243 1458 1306 1513 et
1363 1458 1670 1533 pungent,
1722 1451 1798 1513 ad
1849 1449 2103 1514 diversa
2159 1450 2352 1512 etiam
2461 1452 2778 1528 Judicum,
2830 1451 3105 1532 librique
3154 1451 3392 1529 Regum
3452 1445 3805 1511 clarissime
3865 1462 3959 1507 re-

863 1548 1020 1610 vitia
1051 1549 1322 1625 trahent,
1345 1552 1544 1609 donec
1574 1570 1678 1609 vos
1716 1549 1977 1624 auferat
2007 1560 2199 1629 atque
2226 1551 2355 1610 dis·
2468 1550 2704 1613 ferunt.

855 1650 1090 1723 perdat
1119 1650 1198 1707 de
1233 1656 1407 1708 terra
1435 1650 1558 1708 lzac
1583 1648 1850 1724 optima.
1874 1650 1980 1708 En
2009 1668 2119 1724 eqo
2163 1649 2353 1707 hodie
2540 1650 2725 1712 Juxta
2753 1650 3089 1733 mysticum
3122 1666 3398 1724 sensum,
3429 1646 3677 1709 discant
3707 1641 3952 1726 praelati
4070 1656 4235 1727 squas

863 1746 1198 1821 ingredior
1241 1747 1418 1805 viam
1461 1747 1780 1807 univers-ce
1825 1756 2010 1807 terroe
2054 1764 2077 1806 .·
2121 1745 2185 1807 id
2230 1754 2349 1821 est,
2464 1757 2530 1811 et
2560 1748 3002 1830 praedicatores
3031 1748 3213 1811 verbi
3242 1746 3353 1810 Dei
3384 1766 3459 1809 ex
3491 1746 3615 1809 isto
3646 1742 3947 1826 capitale,
4010 1724 4244 1773 'mmm'

865 1843 992 1905 cito
1023 1843 1251 1907 subibo
1282 1851 1549 1906 mortem
1579 1843 1998 1927 corporalem,
2025 1862 2167 1925 quae
2200 1863 2356 1907 cun-
2388 1852 2435 1913 Β
2467 1846 2789 1927 propriam
2822 1844 3227 1927 fragilitatem
3249 1853 3313 1908 et
3332 1852 3601 1907 mortem
3625 1840 3955 1904 humiliter

864 1941 984 2003 ctis
1015 1940 1082 2003 in
1115 1950 1281 2004 terra
1309 1941 1685 2021 degentibus
1717 1942 2085 2005 hominibus
2115 1951 2215 2005 est
2245 1942 2348 2006 via
2465 1944 2722 2020 intueri,
2757 1945 3151 2025 doceantque
3191 1942 3480 2007 subditos
3520 1960 3668 2005 suos
3710 1936 3957 2002 benefi-

864 2040 944 2101 ad
974 2049 1482 2117 monumentum,
1519 2041 1649 2103 imo
1686 2041 1767 2102 ad
1803 2040 1999 2103 vitam
2042 2040 2347 2119 futuram,
2465 2043 2563 2106 cia
2609 2043 2718 2105 Dei
2770 2043 3068 2118 recolere,
3112 2062 3186 2105 ac
3234 2042 3479 2123 maj0ra
3528 2042 3694 2105 bona
3740 2038 3834 2102 eis
3886 2038 3953 2099 in

863 2157 976 2201 seu
1006 2139 1087 2201 ad
1115 2146 1416 2201 aeternam
1446 2139 1714 2202 salutem
1739 2147 1851 2201 aut
1879 2139 2355 2203 condemnatio-
2466 2140 2725 2204 nomine
2754 2141 2865 2203 Dei
2896 2142 2963 2203 in
2996 2140 3213 2204 futuro
3244 2140 3635 2222 promittere,
3661 2156 3805 2220 quie
3834 2154 3957 2199 nee
4016 2150 4267 2193 [conns.

865 2255 1010 2301 nem
1033 2245 1426 2319 perpetuam.
1457 2240 1537 2299 Ec
1560 2246 1682 2297 toto
1707 2239 1928 2298 animo
1950 2240 2349 2315 coquos-cecis,

865 2338 1035 2413 quod
1064 2338 1145 2395 de
1181 2337 1478 2396 omnibus
1519 2336 1721 2395 verbis
1760 2356 1904 2415 quoe
1941 2357 2004 2396 se
2035 2340 2353 2397 Dominus

863 2434 1310 2510 praestiturum
1323 2434 1657 2511 pollicitus
1676 2444 1786 2504 est,
1811 2454 2018 2496 unum
2039 2456 2168 2496 non
2186 2456 2353 2513 prce-

867 2532 1115 2593 ferierit
1143 2534 1489 2593 incassum.
1519 2534 1702 2594 Sicut
1731 2552 1878 2609 erqo
1909 2535 2204 2610 implevit
2223 2554 2357 2611 ope-

865 2649 935 2689 re
977 2634 1149 2709 quod
1183 2632 1511 2709 promisit,
1544 2640 1604 2690 et
1637 2649 1948 2707 prospera
1991 2642 2221 2692 cuncta
2268 2652 2359 2693 ve-

867 2739 1130 2800 nerunt,
1173 2731 1267 2789 sic
1314 2732 1589 2789 adducet
1635 2748 1830 2807 super
1877 2750 1983 2791 vos
2028 2732 2356 2811 quidquid

2458 764 2653 822 cloncc
2684 782 2789 822 vos
2818 765 3101 842 auferat,
3128 768 3249 823 etc.
3278 762 3413 820 Cito
3434 768 3624 837 atque
3657 755 3967 815 velociter

2457 871 2789 937 (εοηεανρσι
2835 862 2908 921 in
2954 880 3057 920 vos
3100 860 3292 936 furor
3320 856 3616 925 Domini,
3650 854 3705 916 si
3752 852 3965 915 viola-

2459 958 2679 1021 veritis
2723 960 2863 1039 ejus
2918 966 3251 1039 praecepta‚
3288 953 3639 1039 praesertim
3682 952 3733 1013 si
3782 950 3964 1013 idola

2461 1057 2826 1120 colueritis:
2860 1057 2939 1119 de
2968 1055 3205 1138 quibus
3244 1050 3854 1118 comminationibus
3886 1048 3961 1109 in

2464 2240 2687 2303 oculus
2727 2239 2909 2317 vidit,
2944 2257 3061 2303 nec
3102 2238 3275 2301 auris
3304 2238 3576 2314 audivit,
3611 2256 3729 2302 nec
3772 2254 3953 2299 mens

2464 2335 2778 2418 concepit.
2820 2336 3059 2398 Deinde
3102 2353 3211 2398 eos
3248 2334 3333 2397 'ad
3381 2335 3647 2397 virtutes
3698 2334 3955 2401 horten-

2468 2444 2579 2509 tur,
2598 2433 2803 2497 divini
2835 2434 3108 2514 rigorem
3137 2434 3364 2514 judicii
3400 2432 3759 2515 praediceut,
3782 2441 3959 2495 aeter·

2466 2551 2611 2595 nam
2641 2532 3113 2595 damnationem
3154 2530 3502 2607 minentur,
3539 2540 3603 2593 et
3640 2529 3957 2612 quidquid

2464 2632 2543 2693 ad
2574 2630 2843 2693 salutem
2877 2630 3151 2711 pertinet
3178 2629 3561 2705 animarum,
3584 2628 3865 2692 fideliter
3894 2636 3960 2691 et

2464 2737 2849 2805 constant-er,
2866 2728 3101 2810 jugiter
3131 2736 3195 2791 et
3221 2728 3518 2791 ardenter
3547 2728 3955 2793 denuntient.

1886 3189 2532 3275 ARTICULUS
2611 3189 2949 3274 XXXII

961 3497 1343 3546 EXPLANA'rlo
1386 3495 1658 3543 capl'rutl
1705 3498 1960 3544 vlcsssml
2004 3499 2229 3553 QUAR'rt
2273 3499 2287 3543 1
2335 3497 2872 3552 coxont-:oavt'roue
2912 3498 3093 3544 JosUE
3135 3498 3332 3544 OMNES
3374 3499 3587 3544 TRIBUS
3631 3499 3867 3544 ISRAEL.

1013 3814 1120 3878 ΟΝ
1151 3813 1410 3876 suffecit
1441 3812 1622 3875 fideli
1645 3811 1792 3875 duci
1820 3812 2030 3888 Josue,
2055 3812 2367 3894 populum
2396 3812 2439 3876 C
2474 3813 2644 3875 bono
2695 3813 3023 3892 regimine,
3060 3813 3470 3896 prosperitaS‚
3508 3834 3629 3897 pax
3675 3825 3741 3878 et
3788 3816 3965 3879 salus

1035 3913 1159 3976 sibi
1212 3911 1625 3975 commissum
1676 3911 1869 3973 semel
1932 3910 2361 3986 admonuisse,

875 4015 984 4078 sed
1017 4031 1216 4094 quum
1247 4010 1490 4072 videret
1520 4009 1642 4071 sibi
1691 4008 1836 4071 vitae
1867 4009 2209 4072 terminum
2251 4008 2369 4070 im-

877 4113 1144 4184 minere,
1179 4127 1400 4169 rursus
1439 4106 1726 4169 hortatus
1763 4115 1858 4169 est
1897 4126 2027 4182 θος,
2064 4115 2256 4188 prout
2299 4105 2365 4168 in

878 4209 1000 4272 isto
1031 4213 1322 4270 narratur
1353 4205 1655 4286 capitulo.
1694 4208 2241 4284 Conqreyavitque
2268 4209 2368 4265 Jo-

875 4328 1010 4376 sue,
1036 4305 1100 4367 id
1131 4312 1250 4380 est,
1274 4303 1352 4368 ad
1387 4321 1453 4366 se
1474 4303 1692 4366 venire
1727 4301 1900 4379 fecit,
1924 4323 2140 4363 omnes
2163 4305 2369 4363 tribus

877 4407 1109 4472 Israel,
1140 4401 1330 4465 etiam
1363 4421 1468 4463 eas
1498 4420 1641 4482 quae
1673 4409 1847 4462 trans
1874 4401 2212 4464 Jordanem
2244 4421 2371 4464 ma·

881 4502 1141 4577 nebant,
1167 4503 1238 4561 in
1261 4502 1544 4568 Sic-hem,
1567 4499 1630 4561 id
1652 4507 1748 4561 est
1778 4498 1999 4560 urbem
2022 4519 2134 4561 seu
2159 4500 2368 4563 locum

879 4602 972 4664 sic
1019 4598 1432 4682 appellatum,
1466 4597 1576 4678 qui
1629 4597 1976 4659 secundum
2025 4597 2371 4679 Josephum

878 4701 957 4763 ad
1005 4699 1195 4762 Josue
1242 4695 1621 4779 pertinebat.
1667 4699 1751 4756 Ec
1802 4697 2050 4756 vocavit
2099 4697 2373 4772 majores

878 4808 1042 4860 natu
1086 4816 1163 4857 ac
1198 4797 1530 4873 principes
1573 4794 1878 4868 tribuum,
1913 4813 1988 4853 ac
2010 4795 2273 4869 judices
2313 4805 2373 4855 et

879 4897 1242 4973 maqistrOS,
1285 4901 1721 4969 steteruntque.
1765 4893 1836 4950 in
1878 4901 2211 4968 conspectu
2253 4895 2374 4952 Do-

2476 3910 2697 3992 populi
2728 3911 3086 3973 communis
3123 3930 3351 3992 magna
3387 3931 3465 3975 ex
3508 3922 3687 3994 parte
3726 3915 3967 3996 pende—

2474 4009 2603 4086 bat,
2638 4029 2832 4091 quum
2878 4009 2941 4070 in
2982 4011 3427 4075 Ecclesiastico
3474 4012 3783 4095 scriptum
3826 4014 3911 4075 sit
3946 4033 3963 4076 ε

2474 4107 2831 4170 Secundum
2864 4108 3142 4188 judicem
3174 4110 3419 4191 populi,
3456 4110 3550 4174 sic
3580 4119 3644 4174 et
3686 4112 3965 4174 ministri
4012 4127 4281 4177 exli-,xa

2474 4207 2655 4286 ejus3
2696 4205 3125 4288 Jeremiasque
3168 4208 3338 4270 dicat
3372 4226 3386 4270 :
3422 4208 3732 4283 Quoniam
3772 4212 3967 4274 stulte

2475 4313 2740 4384 egerunt
2777 4313 3085 4386 pastoreS‚
3121 4305 3263 4368 ideo
3302 4307 3513 4368 omnis
3551 4325 3705 4388 grex
3746 4328 3965 4372 eorum

2476 4401 2821 4483 dissipatus
2864 4410 2981 4464 est.
3016 4402 3131 4466 Per
3170 4404 3347 4484 quod
3376 4405 3653 4486 maiores
3696 4408 3965 4489 praelati,

2479 4499 2929 4582 principesque
2960 4501 3257 4564 Ecclesiae
3300 4501 3705 4566 instruuntur
3732 4507 3973 4588 specim,

2480 4598 2602 4661 lem
2634 4617 2707 4660 ac
2739 4596 3210 4678 diligentiorem
3242 4599 3477 4664 habere
3508 4613 3867 4685 respectum
3890 4607 3971 4668 ad

2480 4712 2626 4756 suos
2658 4693 3001 4772 officiatOS‚
3037 4696 3313 4777 qualiter
3353 4717 3421 4761 se
3447 4699 3765 4780 babeant,
3800 4712 3973 4765 etan

2481 4811 2595 4853 sua
2624 4791 2846 4854 officia
2876 4793 3066 4870 digne
3096 4803 3156 4856 et
3197 4793 3554 4860 efficaciter
3584 4817 3977 4882 prosequan-

2482 4899 2622 4952 tur:
2658 4908 2818 4971 quos
2850 4899 2913 4952 et
2952 4892 3313 4972 specialiter
3356 4896 3677 4959 exhortari
3710 4898 3972 4976 debent,

4020 4227 4129 4269 Jer.
4150 4242 4199 4276 ι,
4218 4231 4275 4268 21.

879 4996 1072 5064 mini,
1123 4993 1186 5054 id
1233 4999 1352 5067 est,
1386 4986 1623 5052 divinae
1666 4986 1985 5068 majestati
2030 4988 2257 5051 devote
2308 5009 2374 5052 se
2402 4995 2451 5054 D
2482 4996 2543 5050 et
2582 4988 2637 5049 si
2678 5006 2838 5069 opus
2879 4988 3095 5066 fuerit,
3130 4990 3485 5074 increpare.
3521 4997 3607 5056 Et
3652 4999 3741 5056 ad
3770 5016 3982 5076 popu-

880 5094 1446 5174 praesentaverunt,
1473 5086 1674 5167 parati
1697 5085 1918 5147 audire
1951 5085 2213 5148 verbum
2236 5087 2368 5150 Dei.
2482 5092 2644 5157 lum,
2677 5095 2829 5169 puta
2877 5088 2954 5150 ad
3005 5107 3227 5153 omnes
3277 5092 3469 5155 simul
3522 5102 3649 5156 tam
3702 5098 3981 5178 majores

880 5191 1005 5254 Hos
1037 5186 1399 5270 superiores
1421 5183 1783 5266 specialiter
1803 5184 2199 5262 convocavit,
2225 5204 2375 5266 quo·
2482 5203 2674 5266 quam
2713 5185 3015 5262 minoreS‚
3047 5191 3140 5247 sic
3173 5193 3417 5251 locutus
3446 5203 3562 5263 est,
3592 5211 3985 5258 commemo-

885 5289 1056 5350 niam
1088 5305 1165 5348 ex
1201 5302 1420 5348 eorum
1462 5281 1744 5347 virtuosa
1775 5282 2258 5348 conversatione
2301 5303 2372 5348 ac
2485 5283 2680 5346 rando
2728 5283 2821 5346 eis
2881 5284 3129 5348 diversa
3179 5287 3497 5352 beneficia
3545 5291 3679 5370 Dei,
3734 5302 3805 5356 ut
3864 5314 3983 5376 per
