4359 6250
875 459 994 524 782

873 647 1168 706 Articulus
1195 649 1480 705 XXXVIII.
1507 649 1850 722 Explanatio
1880 649 2118 724 capituli
2145 651 2225 705 vi-

945 737 1148 794 cesImi
1195 737 1370 810 primi
1418 756 1431 794 :
1469 738 1640 796 Venit
1685 742 1882 796 autem
1936 739 2134 796 David.
2206 783 2219 794 .
2259 739 2365 796 376

871 827 1166 882 Articulus
1194 828 1426 883 XXXIX.
1461 828 1780 884 Declaratio
1809 828 2046 902 capituli
2073 828 2223 886 vice-

941 916 1076 972 simi
1107 917 1350 975 secundi
1383 935 1396 974 :
1427 918 1582 974 Abiit
1612 935 1750 992 ergo
1784 919 1920 976 inde
1947 919 2125 976 David
2206 961 2218 973 .
2261 919 2362 975 381

869 1006 1164 1063 Articulus
1191 1008 1300 1062 XL.
1323 999 1666 1079 Explanatio
1693 1007 1929 1080 capituli
1959 1007 2221 1064 vicesimi

939 1096 1094 1152 tertii
1126 1113 1139 1151 :
1167 1097 1236 1151 Et
1264 1097 1682 1154 nuntiaverunt
1711 1096 1908 1160 David,
1939 1097 2216 1154 dicentes.
2261 1097 2367 1154 384

869 1185 1164 1244 Articulus
1192 1186 1323 1241 XLI.
1355 1186 1651 1258 Expositio
1687 1185 1925 1259 capituli
1958 1186 2221 1244 vicesimi

941 1274 1134 1348 quarti
1167 1291 1180 1330 :
1209 1275 1484 1332 Ascendit
1511 1291 1650 1349 ergo
1677 1275 1860 1332 David
1897 1275 2032 1333 inde
2111 1319 2124 1332 .
2206 1319 2219 1331 .
2260 1277 2367 1334 388

869 1363 1164 1422 Articulus
1191 1365 1350 1420 XLII.
1404 1365 1482 1422 De
1523 1365 1812 1438 spirituali
1860 1365 2221 1438 expositione

940 1455 1204 1526 ejusdem
1237 1453 1474 1526 capituli
1540 1496 2122 1511 .......
2201 1481 2217 1511 ·.
2258 1455 2365 1512 392

869 1543 1164 1599 Articulus
1191 1543 1376 1600 XLIII.
1402 1544 1724 1602 Declaratio
1753 1544 1992 1618 capituli
2019 1544 2223 1603 vicesi-

943 1632 1026 1688 mi
1056 1633 1247 1706 quinti
1272 1635 1567 1691 :Mortuus
1595 1638 1683 1692 est
1711 1638 1906 1692 autem
1933 1635 2168 1692 Samuel
2206 1679 2217 1690 .
2258 1636 2367 1692 394

869 1722 1164 1780 Articulus
1193 1723 1372 1779 XLIV.
1416 1724 1494 1780 De
1534 1724 1794 1797 mysticis
1833 1723 2224 1782 intellectibus

942 1811 1178 1884 capituli
1208 1812 1384 1886 huJus
1459 1856 2220 1870 .........
2260 1814 2362 1871 401

869 1902 1163 1960 Articulus
1191 1903 1344 1958 XLV.
1370 1903 1665 1976 Expositio
1695 1904 1930 1978 capituli
1961 1903 2224 1962 vicesimi

943 1991 1088 2050 sexti
1123 2010 1135 2048 :
1171 1995 1236 2048 Et
1269 1996 1555 2051 venerunt
1589 1993 1811 2066 Ziphaei
1859 1995 1933 2050 ad
1981 1993 2136 2050 Saul.
2206 2035 2221 2050 .
2261 1994 2367 2050 402

870 2080 1165 2138 Articulus
1191 2082 1372 2138 XLVI.
1413 2081 1756 2155 Explanatio
1797 2082 2036 2156 capituli
2073 2081 2226 2140 vice-

941 2170 1077 2226 simi
1106 2171 1337 2244 septimi
1363 2172 1467 2227 :Et
1493 2171 1575 2229 ait
1598 2172 1777 2228 David
1807 2172 1867 2229 in
1899 2173 2072 2230 corde
2093 2189 2219 2228 suo.
2259 2171 2367 2230 ⁴05

869 2259 1165 2318 Articulus
1191 2261 1400 2317 XLVII.
1447 2262 1744 2334 Expositio
1789 2261 2026 2335 capituli
2073 2261 2225 2320 vice-

940 2350 1076 2406 simi
1106 2350 1290 2408 octavi
1324 2367 1338 2407 :
1367 2351 1608 2408 Factum
1649 2354 1738 2410 est
1772 2354 1970 2410 autem
2011 2351 2069 2408 in
2100 2351 2221 2408 die-

942 2440 1050 2496 bus
1079 2439 1194 2496 illis
1253 2480 2217 2497 ...........
2258 2440 2366 2496 406

870 2529 1164 2587 Articulus
1200 2529 1433 2586 XLVIII.
1473 2529 1816 2603 Explanatio
1863 2530 2101 2603 capituli
2144 2529 2226 2586 vi-

940 2619 1142 2676 cesimi
1173 2621 1312 2677 noni
1345 2637 1358 2676 ε
1391 2621 1753 2694 Congregata
1779 2625 1936 2687 sunt,
1966 2623 2056 2678 etc
2106 2663 2118 2676 .
2204 2662 2217 2674 .
2258 2619 2365 2680 413

868 2709 1164 2766 Articulus
1191 2709 1372 2766 XLIX.
1415 2711 1736 2768 Declaratio
1773 2709 2010 2782 capituli
2059 2710 2223 2766 trice·

939 2797 1074 2855 simi
1107 2816 1120 2854 :
1153 2798 1462 2872 Quumque
1489 2798 1784 2857 venissent
1811 2799 1992 2857 David
2021 2803 2080 2857 et
2105 2798 2217 2855 viri

939 2888 1066 2961 ejus
1095 2887 1156 2945 in
1186 2886 1406 2962 Siceleg
1440 2929 2217 2946 .........
2256 2889 2365 2946 415

870 2976 1165 3033 Articulus
1193 2977 1252 3032 L.
1303 2977 1381 3035 De
1417 2976 1706 3050 spirituali
1755 2978 1931 3052 hujus
1977 2977 2218 3049 capituli

942 3084 1116 3126 sensu
1161 3107 2215 3127 ............
2256 3068 2363 3126 417

869 3157 1164 3215 Articulus
1192 3160 1277 3214 LI.
1319 3159 1612 3231 Expositio
1659 3158 1898 3232 capituli
1935 3158 2217 3216 tricesimi

943 3247 1117 3320 primi
1143 3264 1155 3303 :
1185 3247 1496 3305 philistiim
1526 3252 1722 3306 autem
1755 3250 2097 3322 pugnabant
2123 3251 2221 3306 ad-

939 3353 1171 3394 versum
1205 3338 1378 3395 Israel
1443 3378 2213 3395 .........
2255 3338 2363 3395 418

941 3579 1290 3627 ΕΝΑΒΒΑΤῙΟ
1333 3579 1398 3625 IN
1441 3578 1758 3626 ssctmnuu
1801 3579 2024 3627 unium
2067 3580 2294 3627 REGUH.

869 3787 1222 3846 Prooemium
1251 3826 2213 3846 ...........
2254 3787 2362 3844 425

869 3876 1162 3934 Articulus
1210 3877 1253 3931 Ι.
1307 3875 1600 3949 Expositio
1655 3874 1922 3933 litteralis
1977 3875 2217 3948 capituli

941 3966 1118 4038 primi
1169 3984 1181 4023 :
1231 3966 1471 4022 Factum
1528 3967 1616 4022 est
1660 3969 1857 4022 autem
1905 3968 2221 4038 postquam·

941 4059 1212 4113 mortuus
1239 4058 1324 4112 est
1352 4054 1487 4113 Saul
1529 4094 2213 4112 ........
2254 4058 2361 4113 427

869 4145 1164 4202 Articulus
1193 4145 1259 4200 II.
1301 4144 1378 4202 De
1417 4144 1703 4218 spirituali
1751 4143 2014 4218 ejusdem
2063 4145 2218 4217 capi·

937 4232 1046 4290 tuli
1076 4233 1373 4313 intellectu
1441 4273 2214 4290 .........
2254 4236 2363 4293 434

869 4322 1162 4380 Articulus
1209 4323 1302 4379 111.
1341 4321 1634 4395 Expositio
1679 4321 1943 4379 litteralis
1980 4322 2219 4395 capituli

939 4411 1180 4469 secundi
1213 4428 1226 4467 :
1261 4410 1442 4483 Igitur
1470 4414 1598 4483 post
1632 4411 1758 4467 hoec
1789 4410 2082 4468 consuluit
2111 4412 2219 4469 Da-

938 4500 1036 4557 vid
1067 4500 1383 4558 Dominum
1439 4540 2215 4557 .........
2254 4502 2363 4560 438

869 4590 1163 4648 Articulus
1201 4590 1290 4645 1v.
1332 4590 1409 4647 De
1457 4589 1706 4662 mystico
1752 4589 1930 4664 hujus
1978 4590 2217 4663 capituli

940 4694 1115 4737 sensu
1159 4718 2213 4739 ............
2253 4681 2359 4738 443

870 4768 1163 4827 Articulus
1205 4770 1271 4824 V.
1317 4768 1612 4841 Expositio
1659 4767 1926 4826 litteralis
1978 4768 2214 4841 capituli

941 4858 1094 4916 tertii
1127 4876 1141 4915 ε
1170 4859 1343 4915 Facta
1367 4861 1454 4915 est
1487 4875 1626 4931 ergo
1664 4859 1838 4931 longa
1868 4858 2219 4915 concertatio

941 4947 1094 5006 inter
1130 4949 1375 5004 domum
1410 4946 1590 5003 David
1632 4988 2215 5004 .......
2255 4950 2363 5007 445

869 5037 1164 5095 Articulus
1191 5037 1282 5092 VI.
1324 5037 1401 5094 De
1439 5037 1684 5111 mystica
1719 5036 2077 5109 expositione
2111 5037 2220 5094 hu·

932 5129 1032 5201 jus
1059 5126 1296 5199 capituli
1357 5168 2215 5183 ..........
2255 5128 2361 5184 453

869 5216 1163 5274 Articulus
1199 5216 1315 5271 VII.
1353 5215 1647 5287 Expositio
1695 5215 1934 5288 capituli
1979 5214 2172 5289 quarti
2202 5234 2215 5273 :

939 5304 1176 5364 Audivit
1201 5307 1396 5363 autem
1427 5303 1683 5363 Ishoseth
1711 5304 1866 5363 filius
1893 5305 2032 5363 Saul
2109 5348 2121 5361 .
2202 5346 2215 5361 .
2254 5306 2363 5363 450

2139 478 2327 526 mnu
2368 478 2703 527 summus

2473 650 2766 708 Articulus
2794 651 2935 707 VIII.
2956 651 3258 708 EnarratIo
3284 651 3549 709 IItteralis
3578 651 3812 726 capituli
3850 675 3855 678 ·

2545 740 2733 813 quinti
2757 758 2770 796 :
2800 741 2870 796 Et
2898 746 3180 798 venerunt
3208 741 3491 800 universoe
3518 741 3722 800 tribus,
3797 785 3811 797 .
3848 743 3959 799 457

2472 829 2767 887 Articulus
2814 829 2901 884 lx.
2942 831 3021 888 De
3062 830 3307 904 mystico
3353 830 3528 904 hujus
3576 830 3811 904 capituli

2544 917 2860 976 intellectu.
2950 959 3811 975 ..........
3849 920 3959 976 463

2471 1008 2765 1065 Articulus
2811 1011 2875 1065 X.
2925 1008 3221 1082 Expositio
3268 1008 3533 1066 litteralis
3576 1008 3814 1082 capituli

2542 1099 2723 1154 sexti:
2746 1098 3127 1172 Congregavit
3152 1101 3347 1156 autem
3378 1115 3581 1156 rursus
3610 1099 3809 1156 David.
3849 1099 3959 1154 465

2471 1185 2764 1244 Articulus
2792 1187 2883 1243 XI.
2907 1188 2986 1245 De
3016 1189 3257 1262 mystico
3280 1189 3541 1261 ejusdem
3570 1188 3806 1261 capituli

2544 1275 2842 1333 intellectu
2849 1318 3814 1335 ...........
3850 1278 3954 1336 471

2472 1365 2767 1423 Articulus
2794 1366 2911 1423 XII.
2942 1365 3234 1440 Expositio
3273 1366 3537 1424 litteralis
3578 1367 3815 1440 capituli

2543 1455 2775 1527 septimi
2808 1473 2822 1511 ε
2862 1456 3102 1513 Factum
3146 1459 3233 1514 est
3268 1460 3463 1514 autem
3502 1473 3685 1529 quum
3728 1475 3817 1514 se-

2542 1544 2721 1602 disset
2746 1562 2848 1602 rex
2856 1587 3813 1602 ...........
3850 1549 3959 1605 473
4056 1565 4073 1578 ·

2471 1633 2765 1693 Articulus
2810 1634 2953 1690 XIII.
3004 1636 3083 1692 De
3130 1635 3421 1708 spirituali
3464 1640 3521 1693 et
3572 1637 3817 1710 mystica

2542 1724 2807 1797 ejusdem
2836 1724 3072 1797 capituli
3102 1724 3531 1798 intelligentia.
3614 1769 3626 1781 .
3708 1769 3720 1782 .
3800 1769 3811 1780 .
3851 1727 3958 1784 484

2473 1811 2765 1870 Articulus
2792 1813 2930 1869 XIV.
2962 1812 3305 1886 Explanatio
3332 1812 3571 1885 capItuli
3598 1814 3815 1870 octavi:

2542 1902 2784 1959 Factum
2814 1905 2901 1960 est
2926 1905 3123 1960 autem
3153 1906 3282 1975 post
3313 1902 3437 1958 haec
3512 1944 3525 1957 .
3609 1945 3623 1958 .

2472 1989 2767 2048 Articulus
2797 1993 2907 2046 XV.
2943 1992 3018 2048 De
3046 1991 3335 2064 spirituali
3363 1991 3541 2066 hujus
3578 1993 3815 2065 capituli

3799 1905 3959 1960 ,487

2543 2079 2841 2137 intellectu
2856 2121 3813 2138 ...........
3851 2083 3960 2138 490

2473 2169 2767 2228 Articulus
2802 2170 2940 2225 XVI.
2975 2169 3297 2226 Declaratio
3344 2171 3581 2242 capituli
3630 2171 3815 2227 noni·
3800 2214 3815 2228 .

2542 2260 2612 2316 Et
2638 2259 2787 2316 dixit
2814 2259 2994 2317 David
3049 2299 3815 2317 .........
3852 2262 3961 2316 492

2471 2350 2766 2407 Articulus
2790 2350 2954 2405 XVII.
2976 2349 3271 2423 Expositio
3300 2350 3536 2423 capituli
3567 2350 3815 2408 decimi:

2542 2441 2781 2498 Factum
2811 2443 2899 2498 est
2925 2443 3121 2498 autem
3153 2445 3283 2513 post
3310 2442 3452 2508 haec,
3480 2445 3544 2498 ut
3574 2458 3820 2500 morere-

2542 2532 2639 2587 tur
2664 2547 2767 2587 rex
2796 2529 3051 2588 filiorum
3090 2531 3345 2587 Ammon
3426 2572 3816 2588 .....
3852 2532 3961 2588 494

2471 2619 2765 2677 Articulus
2794 2620 2983 2675 XVIII.
3018 2618 3340 2676 Elucidatio
3369 2620 3608 2693 capituli
3639 2622 3819 2678 unde-

2541 2709 2678 2766 cimi
2713 2710 2989 2766 :Factum
3020 2712 3108 2766 est
3134 2713 3329 2767 autem
3357 2713 3613 2768 vertente
3640 2727 3815 2767 ann0.
3851 2711 3961 2766 497

2468 2798 2764 2856 Articulus
2793 2800 2929 2855 XIX.
2963 2799 3040 2856 De
3080 2799 3287 2856 morali
3325 2815 3392 2855 ac
3432 2800 3675 2872 mystico
3710 2800 3818 2856 hu·

2530 2889 2633 2962 jus
2662 2888 2899 2961 capituli
2929 2888 3226 2947 intellectu
3233 2928 3813 2946 .......
3850 2889 3955 2946 501

2470 2978 2762 3036 Articulus
2796 2979 2908 3034 XX.
2940 2978 3282 3051 Explanatio
3319 2977 3556 3050 capituli
3594 2980 3809 3036 duode-

2542 3067 2679 3125 cimi
2713 3085 2727 3125 :
2756 3067 2908 3124 Misit
2922 3082 3060 3140 ergo
3092 3066 3375 3125 Dominus
3403 3067 3632 3125 Nathan
3664 3109 3679 3125 .
3762 3109 3779 3125 .
3850 3068 3958 3127 503

2468 3158 2763 3217 Articulus
2792 3158 2929 3213 XXI.
2963 3158 3041 3215 De
3076 3158 3339 3232 ejusdem
3380 3158 3619 3231 capituli
3649 3158 3818 3216 intel-

2542 3246 2782 3321 ligentia
2808 3246 3098 3319 spirituali
3134 3286 3811 3305 ........
3848 3248 3959 3305 509

2467 3336 2762 3393 Articulus
2781 3335 2943 3391 XXII.
2964 3334 3258 3408 Expositio
3286 3335 3552 3393 litteralis
3580 3336 3819 3409 capituli

2538 3424 2907 3485 tertiidecimi
2924 3442 2937 3481 :
2954 3426 3194 3482 Factum
3210 3428 3297 3481 est
3311 3428 3503 3483 autem
3526 3427 3657 3498 post
3670 3426 3811 3483 haec.
3852 3427 3954 3483 511

2472 3514 2765 3573 Articulus
2794 3515 2982 3571 XXIII.
3014 3513 3309 3587 Expositio
3336 3514 3573 3587 capituli
3604 3516 3819 3588 quarti-

2539 3604 2753 3661 decImi
2786 3622 2799 3661 :
2831 3603 3165 3678 Intelligens
3202 3607 3397 3662 autem
3436 3605 3577 3661 Ioab
3608 3648 3621 3662 .
3704 3646 3719 3661 .
3799 3646 3815 3660 .
3852 3605 3956 3662 517

2468 3695 2764 3752 Articulus
2792 3694 2977 3749 XXIV.
3010 3693 3306 3766 Expositio
3332 3693 3569 3766 capituli
3599 3694 3819 3766 quinti-

2542 3783 2799 3842 decimi:
2831 3782 3017 3856 Igitur
3064 3786 3193 3855 post
3238 3782 3363 3839 haec
3398 3783 3651 3839 Absalon
3696 3826 3711 3839 .
3789 3828 3801 3838 .
3838 3785 3942 3840 523

2471 3874 2765 3933 Articulus
2793 3874 2951 3929 XXV.
2990 3872 3313 3929 Elucidatio
3360 3872 3598 3945 capituli
3644 3873 3819 3931 sexti-

2544 3962 2755 4021 decimi
2780 3979 2793 4019 ε
2817 3963 3125 4034 Quumque
3149 3960 3327 4018 David
3354 3961 3657 4019 transisset
3684 3980 3821 4035 pau-

2542 4052 2733 4110 lulum
2760 4051 3035 4108 verticem
3066 4050 3285 4106 montis
3328 4090 3816 4107 ......
3850 4053 3951 4108 529

2472 4142 2767 4201 Atticulus
2796 4141 2981 4197 XXVI.
3012 4140 3358 4212 ExplanatIo
3386 4139 3622 4212 capituli
3648 4142 3820 4213 septi·

2542 4230 2840 4288 midecimi
2883 4245 2897 4285 :
2938 4228 3095 4284 Dixit
3129 4245 3267 4302 ergo
3306 4229 3647 4301 Achitophel
3703 4272 3716 4287 .
3801 4274 3815 4287 .
3851 4232 3949 4287 534

2471 4320 2764 4379 Articulus
2792 4319 3005 4375 XXVII.
3046 4317 3341 4390 Expositio
3385 4318 3625 4390 capituli
3662 4322 3819 4377 octa-

2540 4408 2813 4467 videcimi
2846 4424 2859 4465 z
2892 4407 3075 4480 Igitur
3103 4407 3468 4465 considerato
3498 4408 3678 4465 David
3716 4426 3817 4481 po·

2542 4500 2680 4574 pulo
2708 4515 2814 4555 suo
2858 4538 3815 4555 ...........
3852 4500 3951 4555 538

2471 4588 2764 4649 Articulus
2791 4586 3027 4643 XXVIII.
3060 4588 3138 4644 De
3180 4586 3425 4661 mystico
3461 4586 3637 4661 hujus
3664 4588 3819 4661 capi-

2539 4678 2647 4735 tuli
2674 4694 2849 4735 sensu
2856 4719 3815 4735 ...........
3850 4680 3948 4735 5⁴2

2470 4768 2765 4826 Articulus
2795 4767 2978 4824 XXIX.
3030 4766 3324 4839 Expositio
3371 4766 3609 4839 capituli
3658 4768 3820 4825 noni-

2541 4856 2754 4915 decimi
2796 4874 2810 4913 :
2860 4855 3203 4913 Nuntiatum
3264 4859 3351 4913 est
3402 4859 3599 4914 autem
3654 4858 3813 4915 Joab.
3850 4860 3953 4915 543

2470 4947 2765 5005 Articulus
2792 4946 2951 5001 XXX.
2992 4945 3288 5017 Expositio
3334 4945 3571 5018 capituli
3616 4946 3818 5005 vicesi-

2542 5037 2653 5094 mi:
2674 5034 2897 5093 Accidit
2915 5051 3146 5108 quoque
3164 5038 3229 5093 ut
3248 5035 3328 5091 ihi
3348 5040 3498 5093 esset
3513 5036 3602 5093 vir
3614 5036 3813 5094 Belial.
3850 5038 3951 5094 550

2472 5127 2765 5184 Articulus
2801 5125 2987 5182 XXXI.
3029 5124 3351 5182 Eiucidatio
3389 5126 3627 5200 capituli
3671 5126 3819 5183 vice-

2544 5214 2678 5273 simi
2710 5214 2886 5288 primi
2918 5231 2933 5270 :
2962 5214 3137 5271 Facta
3164 5216 3253 5271 est
3282 5231 3515 5287 quoque
3545 5213 3729 5273 fames
3758 5215 3821 5272 in

2544 5304 2749 5362 diebus
2786 5303 2965 5361 David
3043 5344 3813 5363 .........
3852 5306 3951 5363 555
