4359 6250
831 488 911 552 26
1671 511 2019 558 manuario
2059 511 2121 558 m
2163 512 2300 558 car.
2346 513 2386 557 v
2424 511 2626 560 Josnz.
2669 530 2751 542 —
2792 512 2934 559 aar.
2980 513 3087 559 vm

833 678 1191 742 christiani.
1239 680 1573 763 Quumque
1623 683 1924 746 ineruditi
1971 690 2034 746 ct
2075 681 2321 764 simpli·
2350 681 2402 745 A
2432 702 2513 745 ne
2561 683 2833 747 transire
2877 685 3235 747 Jordanem.
3278 682 3411 756 Quo
3461 681 3651 757 facto,
3696 697 3919 741 rursus

833 796 940 839 ces
990 778 1542 859 interrogaverint,
1584 782 1740 863 quid
1786 782 1909 844 sibi
1961 782 2160 846 velint
2208 782 2322 843 hu-

831 877 1114 958 jusmodi
1167 878 1579 960 allegationes
1631 901 1703 944 ac
1754 882 2057 945 doctrinae
2105 902 2182 945 ex
2232 882 2321 945 lc-

832 993 910 1055 ge
960 985 1024 1039 et.
1072 977 1402 1060 Prophetis
1447 989 1762 1062 sumptae:
1811 981 2154 1044 dicendum
2201 991 2317 1058 est,

833 1075 1005 1157 quod
1047 1085 1256 1158 patres
1296 1076 1488 1159 primi
1529 1079 1730 1142 nostri
1775 1080 2161 1142 transierunt
2192 1081 2320 1143 Jor-

833 1174 1084 1250 dancm,
1114 1174 1174 1236 id
1207 1184 1323 1250 est,
1351 1176 1416 1237 in
1449 1177 1698 1241 Christo
1729 1176 2029 1260 baptizati
2064 1187 2233 1255 sunt,
2260 1187 2324 1241 ct

835 1271 1220 1352 evangelicae
1249 1273 1374 1354 legi
1409 1273 1604 1337 fidem
1646 1276 2096 1352 adhibuerunt,
2134 1276 2324 1339 idcir-

833 1387 908 1432 co
954 1389 1072 1452 pro
1116 1370 1608 1437 confirmatione
1653 1384 1715 1438 ct
1757 1375 2178 1439 instructione
2220 1395 2323 1440 co-

839 1487 982 1531 rum
1029 1468 1094 1532 in
1143 1468 1272 1534 fide
1314 1479 1378 1533 et
1418 1472 1727 1552 moribus,
1773 1474 2132 1538 introducta
2175 1483 2324 1538 sunt

837 1566 968 1629 illa.

915 1669 1404 1747 Festinavitque
1413 1674 1700 1748 populu-s·
1717 1681 1776 1731 ct
1799 1675 2128 1734 transivit.
2146 1672 2324 1736 Circa

837 1766 1007 1847 quod
1050 1765 1332 1846 loquitur
1371 1767 1671 1848 Origenes
1707 1787 1720 1832 ε
1757 1770 1890 1834 Non
1922 1771 2123 1834 otiose
2154 1772 2326 1834 addi-

2433 781 2618 845 nobis
2649 782 2999 864 diligentiae
3029 791 3092 846 et
3122 781 3384 845 cautelae
3426 799 3577 843 cura
3607 778 3913 852 succedit,

2433 899 2515 944 ne
2574 881 2923 963 improviso
2981 881 3196 962 aliquo
3257 881 3439 962 lapsu
3498 876 3923 941 effundantur

2430 998 2686 1060 gressus
2728 981 2951 1044 nostri.
2986 981 3120 1044 Non
3167 979 3339 1043 enim
3382 976 3709 1041 remissior
3750 973 3924 1037 solli-

2432 1079 2648 1142 citudo
2693 1080 2875 1143 nobis
2926 1079 3135 1142 inesse
3177 1078 3365 1142 debet
3415 1077 3495 1139 ad
3544 1092 3923 1138 conservan-

2431 1179 2607 1254 dum,
2641 1197 2831 1259 quam
2864 1179 2942 1240 ad
2974 1177 3433 1259 acquirendum
3462 1175 3751 1237 virtutes,
3784 1172 3920 1234 Non

2434 1285 2751 1359 putemuS,
2796 1278 2967 1359 quod
3019 1277 3083 1338 in
3134 1275 3550 1340 hereditatem
3598 1271 3921 1336 coelestem

2434 1394 2547 1457 per
2595 1375 2797 1438 otium
2848 1383 2909 1438 et
2961 1373 3414 1455 negligentiam
3467 1371 3810 1436 oscitantes
3858 1377 3925 1430 ct

2433 1474 2823 1537 dormientes
2854 1473 3091 1536 intrare
3122 1473 3465 1555 possimus
3498 1471 3640 1532 Haec
3670 1476 3925 1530 senten-

2435 1571 2671 1635 tialiter
2700 1572 3021 1654 Origenes,

2515 1670 2825 1753 AmpliuS,
2862 1690 2975 1753 per
3022 1669 3199 1733 filios
3242 1667 3485 1744 Ruben,
3521 1667 3651 1729 Gad
3696 1673 3761 1729 et
3804 1663 3927 1726 Ma-

2436 1789 2642 1847 nasse,
2686 1770 2797 1852 qui
2843 1769 3068 1831 armati
3118 1776 3182 1832 et
3224 1767 3493 1831 accincti
3528 1764 3703 1827 filios
3734 1762 3925 1825 Israel

838 1873 972 1926 tum
1004 1864 1163 1927 mihi
1197 1866 1448 1930 videtur
1495 1887 1531 1929 a
1575 1868 1812 1950 Spiritu
1855 1869 2107 1947 Sancto,
2151 1872 2322 1952 quod
2362 1870 2407 1930 B
2436 1877 2911 1951 praecesserunt,
2948 1866 3393 1947 intelliguntur
3424 1863 3627 1927 sancti
3657 1861 3929 1943 Prophe-

839 1962 1078 2025 dictum
1124 1971 1240 2041 est,
1275 1964 1747 2048 Festinavitque
1786 1968 2061 2050 populus
2097 1985 2112 2030 :
2147 1969 2320 2051 quia,

839 2071 910 2125 ut
939 2063 1234 2141 arbitror,
1256 2063 1440 2127 nobis
1460 2085 1718 2148 quoque
1749 2065 2181 2130 festinandum
2206 2078 2324 2146 est,

837 2171 908 2223 ut
950 2161 1170 2224 omnia
1213 2162 1504 2226 celeriter
1552 2172 1968 2228 transeamus,
2006 2166 2321 2244 Transire,

837 2268 934 2322 cst
970 2269 1282 2342 praecepta
1315 2261 1603 2343 implere.
1639 2263 1972 2346 Quumque
2001 2265 2217 2328 omnia
2247 2267 2326 2328 ad

838 2359 1108 2422 salutem
1160 2360 1512 2441 spectantia
1562 2380 1688 2423 non
1741 2363 2020 2443 segniter
2071 2383 2188 2426 nec
2238 2383 2329 2426 re-

838 2457 1044 2534 misse,
1064 2459 1176 2520 sed
1207 2478 1352 2521 cum
1385 2459 1558 2522 omni
1594 2460 1896 2524 instantia
1914 2470 1977 2524 ct
2007 2461 2330 2525 celeritate

838 2557 1117 2620 exsecuti
1153 2556 1488 2635 fuerimuS,
1524 2558 1646 2622 hoc
1675 2567 1772 2622 est
1800 2579 1946 2623 cum
1980 2559 2331 2622 festinatio-

2437 1976 2515 2030 tae
2557 1967 2791 2030 veteris
2821 1965 3229 2041 Testamenti,
3265 1964 3375 2046 qui
3425 1962 3558 2026 suis
3602 1958 3927 2026 vaticiniis

2436 2076 2627 2148 atquc
2658 2065 3005 2130 virtutibus
3044 2073 3109 2128 et
3149 2062 3461 2128 doctrinis
3492 2067 3779 2144 pugnant
3810 2077 3928 2142 pro

2439 2165 2647 2243 nobiS,
2682 2173 2746 2228 et
2790 2165 3089 2228 roborant
3134 2179 3248 2225 nos
3295 2163 3361 2223 in
3404 2160 3556 2237 fide,
3590 2180 3662 2222 ac
3691 2167 3929 2222 nostrae

2440 2264 2663 2328 salutis
2700 2263 2965 2326 aemulos
3002 2269 3306 2344 superant
3348 2269 3412 2322 et
3452 2264 3839 2341 expugnant.
3882 2256 3933 2320 Ο

2439 2382 2631 2446 quam
2662 2370 2941 2424 armatus
2972 2367 3407 2443 propugnator
3447 2365 3511 2421 ct
3551 2356 3934 2440 praecinctus

2442 2461 2618 2544 pugil
2669 2468 2885 2523 noster
2928 2467 3025 2522 est
3067 2457 3279 2534 IsaiaS,
3330 2457 3531 2520 David
3572 2473 3831 2537 quoque
3870 2460 3935 2516 et

2442 2559 2685 2638 Daniel,
2720 2579 2793 2622 ac
2824 2557 3019 2621 ceteri
3049 2565 3223 2620 vates
3256 2555 3483 2618 electi!

1925 2941 2575 3029 ARTICULUS
2648 2946 2861 3030 VIII

898 3192 1282 3241 DECLARATIO
1326 3191 1601 3237 CAPITULI
1645 3190 1846 3245 QUINTI
1891 3191 1903 3235 :
1951 3190 2270 3244 POSTQUAM
2314 3191 2468 3236 ERGO
2510 3192 2857 3238 AUDIERUNT
2899 3192 3096 3239 OMNES
3139 3192 3332 3238 REGES
3375 3190 3879 3238 AmoRmiAEoRun.

965 3442 1576 3517 ONSEQUENTER
1619 3440 2020 3518 describitur,
2062 3441 2337 3523 qualiter
2373 3442 2417 3505 C
2525 3446 2621 3505 Eo
2656 3454 2929 3523 tempore
2958 3446 3057 3505 ait
3098 3445 3415 3505 Dominus
3456 3446 3544 3503 ad
3571 3447 3784 3516 Josue,
3819 3444 3944 3507 sci-

991 3542 1270 3625 populus
1300 3541 1488 3604 Israel
1527 3548 1780 3622 aptatus
1819 3547 1916 3602 est
1944 3540 2020 3601 ad
2052 3538 2339 3603 obtinen-

843 3643 1000 3704 dum
1043 3650 1276 3704 terram
1321 3639 1442 3702 sibi
1485 3639 1862 3721 promissam
1897 3657 2009 3721 per
2039 3656 2340 3719 quorum-

843 3743 990 3804 dam
1049 3740 1413 3803 divinorum
1465 3738 1933 3801 observantiam
1996 3746 2341 3820 praecepto-

845 3858 1014 3915 rum,
1051 3836 1355 3901 videlicet
1397 3836 1908 3900 circumcisionis
1958 3844 2020 3899 et
2062 3836 2335 3899 Paschae.

843 3940 1202 4017 Postquam
1269 3954 1414 4012 erqo
1475 3938 1838 3995 audierunt
1896 3955 2110 3997 omnes
2167 3956 2341 4011 reyes

843 4038 1406 4102 Amorrhaeorum,
1435 4035 1554 4111 qui
1584 4034 1964 4093 habitabant
1998 4043 2180 4093 trans
2208 4036 2343 4093 Jor-

843 4139 1083 4194 danem
1122 4135 1210 4193 ad
1247 4133 1702 4192 occidentalem
1727 4135 2072 4209 plemam...
2109 4130 2339 4192 Textus

845 4230 1301 4295 difficultatem
1337 4248 1463 4292 non
1505 4229 1718 4291 habet.
1751 4228 1954 4302 Quum
1995 4227 2235 4290 ctenim
2274 4228 2341 4290 hi

848 4348 1027 4411 reges
1059 4328 1526 4407 cognovissent,
1542 4327 1817 4408 qualiter
1848 4327 2009 4389 Deus
2043 4327 2343 4388 siccasset

850 4428 1120 4490 fundum
1152 4426 1465 4501 Jordanis‚
1501 4434 1565 4488 et
1605 4424 1925 4487 mirabilia
1966 4424 2033 4485 in
2072 4425 2342 4486 Iordane

850 4526 1016 4589 facta
1045 4525 1397 4600 audissent,
1431 4526 1819 4584 dissolutum
1851 4532 1937 4582 est
1977 4542 2084 4582 cor
2121 4542 2343 4583 eorum

2448 3542 2599 3604 licet
2647 3550 2790 3624 post
2840 3542 3179 3604 transitum
3226 3540 3518 3604 Iordanis
3567 3558 3581 3603 z
3638 3544 3771 3603 Fac
3822 3544 3945 3603 tibi

2446 3645 2684 3701 cultros
2736 3642 3043 3718 lapidem,
3097 3652 3157 3702 et
3214 3642 3606 3700 circumcide
3664 3644 3945 3717 secundo

2445 3740 2618 3816 filios
2655 3741 2882 3799 Israel.
2932 3738 3065 3802 Non
3111 3736 3390 3820 propriis
3441 3736 3741 3800 manibus
3792 3736 3950 3799 fecit

2444 3837 2631 3899 Josue
2662 3836 2835 3898 illam
2869 3834 3444 3911 circumcisionem,
3470 3834 3637 3897 sicut
3668 3854 3786 3897 nec
3818 3836 3953 3897 cul-

2448 3943 2601 4011 troS,
2636 3936 2747 3997 sed
2778 3953 2889 4016 per
2919 3952 3149 3995 manus
3175 3933 3448 3995 aliorum
3482 3940 3848 4014 utrumque,
3876 3941 3950 3995 ut

2450 4052 2612 4109 reor,
2662 4031 2810 4095 fieri
2852 4032 3082 4114 jussit3
3136 4040 3199 4094 et
3251 4031 3420 4112 quod
3472 4031 3781 4093 Dominus
3832 4032 3945 4109 ait,

2449 4133 2569 4194 Fac
2610 4131 2749 4208 tibi,
2795 4130 3154 4213 exponitur,
3191 4130 3285 4192 Ad
3333 4138 3511 4191 tuum
3559 4127 3949 4210 profectum.

2446 4229 2635 4293 Josue
2668 4248 2961 4310 namque,
2995 4228 3353 4293 obediendo
3385 4229 3511 4290 Deo
3547 4228 3611 4289 in
3647 4228 3771 4306 his,
3808 4247 3954 4309 pro-

2453 4325 2607 4390 fecit
2636 4328 2701 4389 in
2732 4326 2935 4407 gratia
2966 4336 3029 4389 et
3060 4326 3285 4389 salute.
3321 4325 3501 4388 Circa
3542 4326 3676 4389 haec
3722 4326 3955 4407 quaeri-

2454 4436 2569 4499 tur,
2589 4445 2669 4487 an
2692 4425 2881 4489 cultri
2905 4425 2999 4486 illi
3028 4424 3285 4487 fuerunt
3304 4444 3451 4487 vere
3478 4424 3711 4506 lapidei
3736 4441 3750 4485 :
3779 4425 3958 4505 quod

2454 4524 2547 4586 sic
2578 4525 2882 4606 probatur
2912 4543 2988 4585 ex
3030 4531 3225 4585 textu.
3260 4522 3635 4605 Oppositum
3669 4522 3953 4599 videtur,

848 4644 978 4708 prae
1011 4624 1262 4702 timore,
1297 4634 1356 4684 ct
1387 4644 1516 4683 non
1550 4624 1863 4683 remansit
1908 4625 1979 4683 in
2023 4624 2116 4681 eis
2153 4623 2345 4697 spiri·
2374 4628 2425 4688 D
2455 4622 2607 4703 quia
2637 4630 2708 4683 ut
2739 4622 2803 4683 in
2839 4620 3226 4684 Scholastica
3269 4619 3470 4683 fertur
3511 4619 3805 4697 historia,
3844 4620 3961 4682 He-

852 4736 975 4796 tuS,
1012 4723 1076 4785 id
1117 4730 1213 4786 est
1252 4721 1434 4801 vigor
1475 4720 1696 4795 animi,
1735 4722 2108 4780 timentium
2143 4721 2347 4779 intro-

850 4825 1018 4884 itum
1037 4823 1334 4899 filiorum
1357 4822 1574 4879 Israel.
1600 4816 1777 4891 Quod
1807 4817 1920 4893 ait,
1941 4816 2343 4893 Timentium,

2456 4720 2663 4781 braeus
2685 4719 2888 4795 habet,
2909 4736 3025 4800 pro
3046 4718 3272 4780 cultris
3296 4717 3581 4800 lapideiS,
3598 4717 3961 4781 Novaculas

2458 4825 2695 4880 acutas.
2720 4817 2879 4898 Lyra
2908 4816 3171 4878 asserit:
3198 4816 3441 4878 Hebraei
3475 4816 3721 4892 dicunt,
3758 4816 3965 4879 Nova-

853 4919 1128 4983 refertur
1173 4920 1252 4980 ad
1302 4935 1654 4999 pronomcn
1695 4916 1950 4977 Eorum.
1987 4915 2202 4995 ltaque
2241 4934 2350 4979 cor
2458 4916 2634 4979 culas
2667 4923 2903 4977 acutas,
2928 4914 3016 4976 Ad
3050 4913 3217 4975 istud
3254 4916 3629 4995 respondeO,
3656 4914 3832 4995 quod
3858 4934 3963 4977 res

853 5036 1074 5081 corum
1117 5016 1205 5077 ita
1251 5013 1634 5089 timentium,
1671 5012 2050 5075 dissolutum
2085 5021 2202 5075 est.
2237 5013 2351 5075 Pcr
2462 5014 2584 5075 ista
2630 5012 2781 5075 facit
2825 5030 2927 5073 me
2969 5011 3291 5073 admirari.
3328 5012 3464 5074 Non
3510 5012 3683 5075 enim
3730 5031 3967 5094 capere

857 5116 1148 5194 Magnum
1181 5131 1439 5193 quoque
1471 5131 1642 5174 marc
1676 5110 2055 5192 intelligitur
2088 5112 2192 5173 hic
2224 5132 2349 5174 non

577 5239 760 5287 :mut-1,
783 5239 825 5280 4.
859 5233 1035 5276 mare
1065 5212 1408 5283 Oceanum,
1445 5211 1554 5272 scd
1585 5211 2132 5288 Mediterraneum,
2166 5211 2353 5291 cujus

863 5331 1057 5393 supra
1085 5311 1216 5392 jam
1251 5309 1661 5373 meminimus
1693 5308 1970 5390 plenius.

2466 5112 2666 5184 valeo,
2702 5111 2871 5190 quod
2917 5108 2977 5169 S.
3014 5109 3434 5189 Hieronymus
3484 5110 3548 5169 in
3598 5130 3793 5191 passu
3839 5109 3968 5173 isto

2470 5220 2593 5271 tam
2643 5209 3019 5291 ponderose,
3068 5208 3147 5271 ab
3191 5208 3499 5271 Hebraica
3546 5208 3816 5271 veritate
3870 5229 3971 5271 re-

2468 5307 2751 5384 cesserit,
2788 5313 2897 5369 aut
2936 5305 3121 5368 aliter
3154 5324 3345 5386 quam
3380 5306 3690 5369 Hebraica
3724 5307 3971 5371 veritas
