4359 6250
105 1792 295 1897 igphes.

126 2088 314 2130 ΙΙοωυι.

171 2279 342 2322 natm.

105 2357 182 2393 ιιι,
201 2345 270 2394 2¹,
293 2346 376 2394 22;

107 2407 250 2450 Mare.
283 2422 346 2460 ιι,

135 3061 210 3103 1³⁸.
229 3075 293 3110 xc,
314 3065 357 3105 7.

118 3858 200 3900 lob
213 3872 292 3907 ιιι,
307 3860 380 3903 25.

1235 528 1583 574 ENARRATIO
1625 529 1686 573 m
1729 528 1864 573 CAP-
1915 527 2020 573 vlu
2059 525 2262 574 JOSUE.
2306 546 2387 556 -
2429 527 2569 572 ART.
2616 527 2697 572 XV

3425 506 3504 571 53

510 698 704 756 Dioeit
753 699 1072 760 Dominus
1118 703 1206 759 ad
1249 703 1438 761 Josue
1481 721 1504 758 .·
1554 703 1725 760 Leva
1775 702 1906 775 ely·
1933 696 1984 758 A
2017 696 2332 760 ritualiter
2380 694 2723 772 crucifixit,
2772 695 3023 759 dicente
3072 695 3374 777 Apostolo
3421 694 3500 756 ad

395 813 600 870 peum
631 798 752 875 qui
781 799 854 857 in
884 818 1088 858 manu
1123 809 1238 859 tua
1271 810 1386 869 esc,
1417 809 1640 859 contra
1683 799 1905 858 urbem

404 896 569 954 Hai.
607 893 710 956 Sic
747 894 1048 958 Dominus
1096 896 1379 979 praefatis
1421 895 1902 960 dimicatoribus

403 993 564 1069 suiS‚
602 993 953 1075 praesertim
988 995 1301 1077 superiori
1341 1014 1562 1059 eorum
1595 994 1798 1077 jubet,
1834 1003 1903 1056 ut

403 1090 706 1172 clypeum
729 1111 920 1172 quem
941 1102 1162 1155 tenent
1182 1094 1248 1156 in
1271 1113 1479 1170 manu,
1498 1095 1561 1156 id
1583 1102 1679 1156 est
1702 1093 1730 1154 s
1733 1093 1898 1156 idem

403 1209 605 1271 quam
651 1190 892 1254 habent
931 1192 998 1254 in
1043 1193 1178 1256 suis
1222 1194 1544 1275 operibus,
1581 1194 1794 1257 levent
1820 1195 1900 1255 ad

401 1287 770 1365 Dominum,
815 1290 1280 1355 considerando
1310 1311 1500 1374 quam
1533 1299 1788 1373 paratus
1821 1290 1904 1353 sit

402 1383 828 1467 Omnipotens
869 1388 961 1450 eis
992 1388 1310 1466 auxiliari,
1345 1399 1408 1452 et
1449 1397 1702 1470 quantae
1745 1408 1905 1452 mer-

403 1483 585 1545 cedis
617 1503 691 1546 ac
719 1485 939 1564 gloriae
971 1486 1076 1562 sit,
1094 1495 1315 1550 contra
1344 1487 1646 1550 vitiorum
1678 1505 1750 1548 ac
1782 1487 1904 1548 dae-

405 1598 677 1643 monum
707 1582 910 1645 aciem
949 1585 1327 1666 praevalere3
1363 1584 1582 1666 sicque
1613 1592 1905 1666 potenter

405 1689 474 1742 ot
504 1679 992 1758 infatigabiliter
1022 1683 1413 1765 praelientur.
1447 1683 1606 1746 Hinc
1635 1682 1900 1747 Paulus:

309 1806 371 1842 vt,
405 1779 478 1840 ln
529 1778 854 1856 omnibuS,
898 1779 1130 1863 inquit,
1165 1791 1488 1845 sumentes
1532 1790 1778 1844 scutum
1832 1781 1908 1842 fi-

2012 795 2417 858 Colossenses
2452 812 2465 856 :
2500 794 2784 857 Christus
2825 794 3045 872 delens
3074 794 3248 875 quod
3290 794 3504 954 αόνθῐᾶ
3534 809 3795 922 ίξοιιὲῗω..

2013 913 2120 955 sus
2165 912 2281 956 nos
2324 902 2460 956 erat
2499 893 2991 974 chirographum
3036 891 3295 969 decreti,
3330 910 3459 974 quo

2013 1001 2146 1055 erat
2188 992 2575 1056 contrarium
2622 992 2829 1069 nobiS,
2866 1001 2929 1055 et
2973 992 3183 1074 ipsum
3228 991 3376 1053 tulit
3423 992 3503 1054 de

2013 1090 2244 1168 medie,
2298 1090 2575 1171 affigens
2631 1091 2791 1154 illud
2841 1091 3014 1154 cruci
3074 1111 3087 1156 ε
3142 1090 3501 1172 exspolians

2012 1198 2355 1273 potestates
2405 1200 2467 1253 et
2506 1191 2924 1274 principatus,
2974 1191 3249 1253 traduxit
3300 1189 3505 1254 confi-

2011 1292 2257 1368 denter,
2302 1291 2509 1372 palam
2557 1290 2955 1372 triumphans
2987 1290 3133 1353 illos
3177 1289 3246 1351 in
3278 1298 3505 1352 semet-

2013 1390 2174 1472 ips0‚
2201 1390 2325 1467 vel,
2366 1399 2435 1451 ut
2479 1389 2544 1451 in
2576 1389 2789 1452 Graeco
2831 1385 3120 1467 habetur,
3152 1389 3503 1453 secundum

2011 1488 2368 1569 Origenem,
2423 1489 2488 1550 In
2540 1488 2714 1568 ligno
2766 1489 2997 1552 cruciS.
3048 1492 3239 1550 Josue
3286 1498 3503 1549 autem

2011 1607 2144 1648 non
2175 1589 2504 1648 contraoeic
2536 1590 3043 1658 manum,donec
3073 1589 3505 1662 interficeren-

2016 1695 2123 1746 tur
2159 1705 2370 1746 omnes
2402 1687 2787 1746 habitatores
2817 1687 2975 1747 Hai.
3011 1684 3114 1747 Sic
3151 1683 3505 1769 spiritualis

2013 1791 2329 1866 pugnator
2376 1802 2625 1846 cessare
2676 1801 2803 1846 non
2853 1782 3044 1846 debet
3090 1784 3171 1846 ab
3219 1781 3505 1846 oratione

406 1876 540 1954 dei,
568 1875 634 1938 in
665 1896 796 1958 quo
830 1879 1088 1959 possitis
1118 1880 1332 1943 omnia
1372 1881 1500 1944 tela
1529 1879 1906 1962 nequissimi
1943 1883 1988 1946 B
2015 1890 2077 1944 et
2108 1881 2262 1944 fidei
2304 1881 2660 1946 elevatione
2691 1881 3137 1963 exercitiisque
3168 1881 3500 1957 virtutum,

411 1974 604 2056 ignea
635 1975 1062 2058 exstinguere.
1104 1979 1376 2042 loannes
1406 1998 1664 2062 quoque
1696 1979 1761 2040 in
1793 1999 1909 2041 sua

327 2102 374 2138 v,
411 2073 625 2156 prima
644 2075 963 2139 Canonica
989 2077 1165 2140 :Haec
1195 2086 1314 2154 est,
1333 2078 1444 2154 ait,
1469 2077 1737 2141 victoria
1764 2096 1908 2159 quae

409 2171 618 2234 vincit
649 2173 983 2251 mundum,
1023 2173 1186 2237 sides
1219 2183 1433 2238 nostra
1460 2193 1474 2237 :
1500 2174 1630 2238 imo
1658 2174 1908 2238 Christo

411 2277 712 2348 testante,
753 2271 978 2334 Omnia
1027 2272 1359 2354 possibilia
1409 2283 1557 2336 sunt
1599 2273 1906 2336 credenti.

414 2367 622 2442 Quum
671 2386 820 2449 ergo
866 2368 1092 2433 fideles
1137 2389 1280 2434 cum
1315 2371 1446 2432 suis
1491 2370 1786 2452 praelatiS,
1824 2371 1913 2433 ita

411 2467 823 2530 concorditer
881 2468 1190 2530 resistunt
1249 2468 1504 2532 diabolo
1554 2478 1617 2533 et
1665 2469 1909 2549 angelis

410 2566 577 2646 ejuS,
627 2564 754 2648 ipsi
805 2565 1069 2648 maligni
1123 2567 1387 2650 spiritus
1438 2568 1720 2650 undique
1771 2586 1911 2651 pro·

411 2673 811 2741 sternuntur,
847 2672 912 2727 ct
946 2683 1165 2728 eorum
1202 2665 1549 2749 dissipatur
1578 2666 1904 2741 collectim

413 2762 853 2826 incenduntur
902 2782 1157 2845 quoque
1207 2773 1270 2828 et
1315 2764 1689 2845 gravissime
1737 2764 1910 2828 affli-

408 2870 649 2944 guntur
694 2861 946 2926 fervore
989 2863 1293 2941 caritatiS,
1329 2863 1590 2926 flamma
1629 2864 1910 2928 devotio-

410 2960 530 3034 nis,
553 2961 704 3040 igne
736 2959 1046 3024 ferventis
1071 2961 1380 3025 orationis
1405 2981 1734 3026 servorum
1763 2963 1903 3026 Dei:

2015 1998 2351 2062 quousque
2376 1980 2709 2043 universas
2728 1979 2957 2042 vicerit
2978 1979 3381 2042 tentationes,

2091 2083 2270 2141 Tunc
2288 2081 2641 2156 aedificavit
2652 2083 2841 2141 Joaue
2861 2083 3069 2140 altare
3088 2081 3385 2140 Domino,
3405 2077 3507 2141 Sic

2016 2177 2484 2241 Christifideles
2524 2197 2721 2259 quum
2768 2179 2832 2239 in
2883 2177 3232 2240 tentatione
3276 2195 3508 2259 praeva-

2018 2275 2277 2352 luerint,
2314 2274 2707 2338 sacrificium
2740 2275 2947 2338 laudis
2981 2275 3215 2338 debent
3250 2276 3370 2338 Deo
3410 2273 3507 2337 οἰ-

2018 2373 2207 2450 ferre,
2223 2383 2287 2436 et
2305 2392 2561 2437 omnem
2585 2373 2979 2456 triumphum
3012 2391 3199 2437 suum
3220 2374 3363 2455 ejus
3382 2372 3509 2456 pic-

2019 2471 2130 2535 tati
2149 2472 2517 2553 auxilioque
2536 2472 2913 2535 adscribere.
2923 2471 3209 2555 Denique
3224 2471 3509 2536 Christus

2018 2579 2162 2653 post
2207 2590 2386 2633 suam
2433 2571 2795 2652 passionem
2846 2579 2909 2634 et
2953 2571 3507 2648 resurrectionem,

2016 2668 2363 2732 aedificavit
2393 2668 2702 2750 templum
2735 2677 2926 2750 atque
2959 2669 3157 2731 altare
3190 2669 3313 2732 Deo
3345 2668 3510 2731 Patri

2017 2787 2093 2830 ex
2127 2766 2439 2849 impolitis
2470 2766 2817 2848 lapidibus,
2859 2767 3164 2849 quoniam
3202 2786 3282 2831 ex
3312 2765 3511 2831 homi-

2018 2866 2211 2928 nibus
2244 2865 2646 2948 simplicibus
2675 2874 2737 2928 et
2767 2875 2915 2929 ante
2946 2865 3313 2932 carentibus
3334 2866 3510 2930 omni

2017 2967 2247 3029 decore
2276 2965 2609 3043 virtutum,
2656 2965 3067 3046 congregavit
3098 2965 3446 3028 Ecclesiam
3492 2982 3508 3027 ε

408 3059 638 3142 sicque
670 3058 976 3142 impletur
1005 3060 1176 3142 quod
1201 3059 1290 3121 ait
1312 3059 1910 3143 Scriptura,Cadent
1943 3066 1986 3130 C
2020 3065 2086 3128 in
2137 3083 2411 3148 quorum
2453 3064 2751 3129 cordibus
2793 3065 3051 3148 scripsit
3091 3084 3203 3148 per
3243 3064 3512 3147 gratiam

407 3180 448 3221 a
481 3159 683 3222 latere
721 3168 829 3222 tuo
863 3158 1064 3236 mille,
1101 3167 1164 3222 et
1196 3160 1416 3223 decem
1457 3160 1661 3223 millia
1694 3180 1730 3224 a
1764 3162 1911 3224 dex-

409 3258 530 3320 tris
564 3256 715 3319 tuis.

491 3360 733 3433 Reyem
769 3376 1017 3436 quoque
1049 3359 1187 3418 Har:
1219 3360 1783 3435 apprehenderunt
1819 3360 1911 3419 vi-

409 3464 693 3525 ventem,
725 3464 786 3515 el
813 3457 1186 3515 obtulerunt
1213 3459 1422 3517 losue.
1457 3456 1584 3519 Hoc
1615 3456 1911 3539 spiritua-

413 3551 564 3615 liter
593 3550 1008 3633 adimpletur,
1054 3552 1209 3615 dum
1242 3553 1510 3618 virtuosi
1542 3564 1605 3617 et
1634 3554 1908 3618 humiles

413 3649 662 3713 subditi
698 3658 1025 3732 exponunt
1059 3650 1387 3718 humiliter
1418 3670 1535 3715 suo
1567 3653 1904 3733 superiori,

412 3748 742 3830 quomodo
771 3748 1234 3812 tentationibus
1268 3750 1408 3831 ejus
1440 3751 1911 3832 praevaluerunt

411 3847 528 3929 qui
562 3855 659 3909 est
701 3865 812 3909 rex
854 3866 1046 3929 super
1084 3866 1305 3911 omnes
1351 3847 1524 3911 filios
1570 3849 1904 3931 superbia).

409 3947 604 4008 Josue
635 3963 789 4009 vero
821 3946 1155 4029 suspendit
1186 3965 1398 4027 regem
1441 3948 1623 4010 illum
1659 3949 1721 4010 in
1756 3950 1910 4032 pati·

413 4044 592 4119 bulo,
628 4044 694 4106 id
745 4052 862 4119 est,
900 4043 1188 4108 subditos
1228 4046 1434 4121 docet,
1471 4055 1540 4108 ut
1579 4047 1908 4110 victoriam

413 4159 596 4205 suam
643 4141 1010 4205 adscribant
1041 4142 1262 4206 virtuti
1305 4144 1513 4207 crucis
1556 4145 1814 4224 Christi,
1848 4156 1912 4209 et

2020 3165 2292 3249 Spiritus
2352 3165 2565 3229 Sancti
2626 3167 3007 3229 documenta
3065 3174 3129 3228 et
3196 3173 3514 3248 praecepta

2019 3264 2401 3344 evangelicae
2422 3264 2602 3346 legis,
2627 3264 2995 3328 Sacerdotes
3027 3282 3304 3346 quoque,
3320 3263 3385 3326 id
3416 3272 3513 3327 est

2019 3362 2327 3444 Apostoli,
2363 3361 2811 3425 obedientibus
2842 3362 3090 3426 Christo
3120 3362 3511 3425 benedictio-

2019 3479 2156 3538 neS,
2172 3459 2691 3524 inobedientibus
2713 3478 2863 3523 vero
2892 3460 3369 3524 maledictiones
3395 3478 3507 3523 seu

2017 3558 2708 3623 excommunicationes
2758 3558 3350 3640 praenuntiaverunt
3397 3567 3506 3620 aut

2018 3656 2211 3719 etiam
2262 3656 2662 3720 inflixerunt.
2698 3657 2852 3719 Nam
2903 3665 2967 3720 et
3007 3656 3307 3739 princeps
3347 3657 3507 3738 Apo-

2018 3756 2329 3819 stolorum
2381 3754 2622 3819 Simoni
2672 3756 2846 3837 Mago
2897 3755 3271 3820 maledixit:
3321 3756 3797 3830 Pecu-A01.vm,2o.

2019 3854 2146 3931 nia,
2163 3854 2484 3935 inquienS‚
2502 3863 2608 3917 tua
2631 3855 2712 3917 sit
2731 3863 2941 3917 tecum
2966 3854 3030 3916 in
3053 3854 3499 3937 perditionem.

2017 3953 2247 4015 Paulus
2306 3972 2561 4035 quoque
2608 3954 3009 4017 Corinthium
3072 3953 3504 4016 incestuosum

2019 4050 2179 4113 tradi
2242 4052 2519 4115 decrevit
2568 4052 2812 4115 Sa'tanae
2862 4052 2928 4114 in
2990 4052 3315 4115 interitum
3366 4071 3502 4115 car·
3553 4074 3793 4124 icor.v‚.·5.

2018 4148 2119 4211 nis
2160 4167 2173 4210 :
2217 4157 2495 4213 attamen
2548 4169 2691 4213 reus
2737 4151 2867 4226 ille,
2904 4170 3017 4233 per
3062 4150 3501 4233 poenitentiam

412 4241 667 4304 meritis
708 4260 838 4303 suae
887 4240 1196 4305 salvificae
1238 4243 1577 4326 passionis
1627 4245 1910 4327 Denique
1939 4245 1988 4305 D
2019 4266 2200 4309 suam
2230 4249 2907 4312 excommunicationis
2951 4248 3127 4311 illius
3157 4248 3505 4312 exsecutio-

412 4340 706 4403 Christus
738 4339 1069 4403 moriendo
1103 4340 1168 4402 in
1199 4360 1407 4417 cruce,
1431 4342 1756 4407 diabolum
1789 4344 1910 4425 spi-

2021 4364 2166 4408 nem
2210 4346 2539 4428 praevenit.
