4359 6250
931 515 1280 562 ENARRATIO
1322 517 1384 562 IN
1427 517 1562 562 GAP.
1613 515 1696 560 vn
1738 516 1893 561 LIBRI
1938 515 2187 562 SECUND!
2235 515 2457 561 ammi.
2502 535 2582 544 —
2624 516 2765 562 ΛΒΤ.
2814 514 2923 560 xm
3354 495 3470 558 485

365 685 654 749 aliorum
714 693 975 768 peccata
1032 686 1371 767 corrigere.
1425 685 1601 760 Quod
1653 687 1874 767 utique
1905 683 1955 746 Α
1985 704 2131 766 que,
2181 687 2564 748 assumendo
2616 705 2943 768 poenarum
2998 693 3059 746 et
3119 684 3471 746 tribulatio-

58 801 330 848 Lue..v‚2³.
365 785 584 862 decet,
622 804 702 848 ne
747 785 807 848 ei
853 785 1103 848 dicatur
1136 803 1150 847 τ
1185 785 1441 862 Μ611166,
1477 805 1628 848 cura
1674 794 1734 848 te
1783 785 1877 867 ip-
1985 804 2136 847 num
2160 785 2714 849 obscuritatem.1n
2736 783 3114 867 Apocalypsi
3135 791 3345 845 autem
3365 782 3471 845 hic

59 901 328 948 nomam.
365 903 548 946 sum.
585 883 662 944 Et
707 883 868 948 illud
911 883 1196 965 Apostoli
1234 902 1248 946 :
1284 883 1400 958 Qui
1431 884 1628 946 alium
1662 884 1871 959 doceS,
1985 885 2264 946 mundus
2292 885 2594 965 AEgyptus
2635 893 2697 947 et
2736 884 3007 947 Sodoma
3038 889 3465 963 nuncupatur.
3497 895 3761 951 Amo-‚xta

366 991 436 1044 16
487 983 701 1064 ipsum
751 1001 878 1045 non
921 983 1133 1046 110663.
1179 983 1369 1046 Porro
1420 983 1486 1045 in
1538 1001 1704 1045 novo
1742 983 1874 1063 jam
1983 981 2269 1044 Christus
2297 1002 2553 1064 quoque
2584 1003 2621 1046 a
2651 983 2888 1065 populo
2916 1000 3109 1063 quem
3140 979 3468 1060 sanguinis

87 1089 328 1140 ¹Cor·x.⁶.
365 1081 785 1145 Testamento
817 1100 943 1163 quo
974 1082 1270 1144 abierunt
1303 1081 1550 1162 sigum,
1585 1081 1706 1145 viri
1737 1100 1876 1144 san·
1984 1081 2082 1142 sui
2123 1082 2328 1162 pretio
2366 1083 2445 1144 116
2483 1081 2801 1163 spirituali
2832 1081 3097 1162 AEgypto
3137 1099 3248 1142 seu
3286 1078 3470 1141 vitio-

69 1779 172 1832 Ayy.
183 1781 330 1828 1‚9,10.

73 1883 89 1898 ·
102 1878 320 1923 resumi·

109 3160 264 3203 natm.
275 3174 333 3212 m,

93 3226 156 3272 1³2
174 3238 225 3273 ιτ,
243 3227 282 3266 2.

67 1157 126 1194 ¹¹·
363 1179 658 1261 guinarii
688 1180 1051 1242 materiales
1083 1180 1384 1243 ecelesias
1404 1180 1726 1243 aedilicare
1745 1198 1874 1242 non

361 1275 802 1355 prohibentur
837 1294 851 1337 ε
889 1277 1016 1340 imo
1049 1277 1395 1360 plurimum
1427 1279 1875 1341 commendan-

363 1381 498 1450 tur,
534 1374 649 1454 qui
680 1374 851 1438 circa
881 1375 1326 1456 religiosorum
1357 1376 1642 1439 locorum
1683 1384 1747 1438 et
1774 1395 1875 1438 ec-

362 1470 719 1534 clesiarum
759 1480 951 1554 atque
995 1473 1291 1536 altarium
1331 1473 1872 1537 constructionem

363 1567 677 1632 liberales
709 1571 1047 1633 exsistunt.
1068 1571 1144 1632 Et
1172 1571 1285 1653 qui
1317 1572 1487 1636 circa
1515 1572 1651 1635 haec
1681 1590 1874 1654 opera

365 1667 636 1749 pietatis
688 1677 942 1732 tenaces
992 1677 1162 1747 sunt,
1219 1678 1490 1752 pensent
1537 1671 1710 1752 quod
1759 1689 1873 1752 per

363 1765 678 1847 Aggaeum
725 1767 1011 1850 loquitur
1055 1769 1360 1831 Dominus
1403 1789 1416 1832 ε
1451 1767 1610 1842 Quia
1645 1769 1872 1832 domus

1986 1199 2126 1241 rum
2187 1180 2461 1260 caligine
2509 1180 2826 1258 liberavit,
2880 1180 3041 1242 Deus
3088 1177 3471 1241 Christiano-

1983 1297 2124 1340 rum
2155 1287 2435 1341 vocatur.
2456 1277 2603 1352 Quae
2632 1287 2865 1354 autem,
2886 1275 3124 1359 qualia,
3148 1284 3211 1338 et
3232 1283 3471 1356 quanta

1983 1377 2313 1453 miracula,
2348 1377 2551 1457 signa,
2576 1377 2869 1460 prodigia
2899 1385 2961 1438 et
2990 1382 3283 1456 portenta
3313 1372 3471 1436 fece-

1983 1474 2066 1536 rit
2107 1475 2394 1538 Christus
2446 1496 2558 1558 per
2606 1497 2673 1539 se
2723 1476 2955 1558 ipsum,
2999 1493 3113 1557 per
3160 1472 3468 1554 gloriosos

1982 1573 2341 1655 ApostoloS,
2376 1595 2490 1657 per
2518 1583 2823 1658 martyres
2855 1582 3105 1638 sanctos
3134 1582 3198 1636 et
3226 1581 3468 1634 ceteros

1982 1673 2351 1754 praeelectos
2391 1693 2507 1756 pro
2544 1673 2781 1756 populo
2820 1671 3167 1736 christiano
3208 1688 3471 1734 conver-

1983 1773 2196 1848 tendo,
2229 1772 2718 1849 corroborando,
2745 1771 3070 1848 salvando,
3095 1769 3311 1832 nullus
3342 1768 3471 1850 ple-

363 1883 524 1928 mea
559 1866 812 1930 deserta
851 1874 968 1944 est,
1003 1877 1066 1929 et
1107 1886 1218 1931 vos
1259 1867 1657 1930 festinastis*
1689 1886 1874 1930 unus·
1909 1865 1952 1926 B
1985 1888 2064 1932 ne
2096 1878 2307 1952 potest
2334 1871 2689 1953 exprimere
2722 1888 2736 1932 :
2771 1870 2900 1933 imo
2940 1869 3155 1932 omnia
3193 1867 3305 1929 illa
3340 1884 3471 1928 ma-

361 1965 652 2047 quisque
685 1965 751 2028 in
783 1967 1045 2029 domum
1079 1987 1258 2031 suam
1287 1985 1301 2030 :
1336 1976 1596 2049 propter
1627 1967 1746 2030 hoc
1777 1986 1876 2029 su-

365 2081 490 2145 per
519 2082 634 2127 vos
673 2064 985 2147 prohibiti
1028 2075 1180 2127 sunt
1219 2065 1366 2130 coeli
1403 2085 1484 2129 ne
1513 2067 1738 2128 darent
1777 2083 1876 2128 ro-

363 2180 532 2238 rem,
553 2169 620 2225 et
638 2171 808 2226 terra
829 2163 1152 2245 prohibita
1181 2172 1278 2227 est
1307 2183 1388 2227 ne
1416 2165 1594 2227 daret
1612 2182 1872 2245 germen

363 2279 588 2323 suum.
631 2261 810 2325 Unde
851 2262 1128 2340 elicitur,
1163 2265 1332 2344 quod
1377 2262 1672 2326 liberales
1705 2262 1874 2326 circa

362 2362 806 2424 construenda
836 2361 975 2425 loca
1003 2381 1202 2439 sacra,
1221 2370 1549 2426 merentur
1579 2361 1771 2424 etiam
1805 2362 1872 2423 in

363 2457 677 2539 praesenti
721 2458 1130 2522 affluentiam
1171 2460 1586 2542 temporalem
1626 2479 1700 2523 ac
1741 2477 1874 2523 cor-

363 2556 550 2637 poris
583 2557 982 2640 sospitatem,
1003 2565 1066 2620 et
1095 2558 1263 2620 ultra
1295 2557 1450 2634 haec,
1471 2559 1638 2621 dona
1655 2558 1873 2638 gratiae

356 2655 436 2717 -in
473 2655 802 2737 praesenti,
838 2674 911 2718 ac
940 2656 1112 2719 bona
1141 2655 1360 2736 gloriae
1392 2656 1458 2718 in
1491 2655 1728 2718 futuro.

458 2755 607 2830 Eyo
648 2764 704 2814 te
744 2756 873 2814 tali
909 2757 989 2814 de
1029 2756 1306 2832 pascuis,
1344 2753 1541 2818 David
1587 2753 1712 2816 fuit
1743 2755 1874 2818 evi-

366 2853 534 2914 dens
567 2851 803 2916 Christi
835 2851 1066 2934 figura.
1101 2852 1424 2916 Christum
1467 2861 1680 2916 autem
1711 2853 1872 2915 Deus

366 2950 558 3012 Pater
589 2950 924 3013 constituit
954 2969 1192 3032 regem,
1227 2951 1454 3014 ducem
1495 2959 1688 3032 atque
1719 2969 1874 3033 pon-

1981 1968 2198 2049 gnalia
2238 1987 2382 2051 quae
2426 1968 2578 2033 olim
2618 1969 2685 2031 in
2723 1968 2863 2050 1636
2899 1966 3189 2031 exhibuit
3231 1963 3470 2046 populo

1978 2067 2011 2129 J
2013 2067 2353 2141 udaeorum,
2372 2086 2484 2149 per
2502 2067 2903 2130 beatissimos
2924 2064 3257 2147 Apostolos
3278 2071 3473 2125 trans-

1983 2164 2129 2227 tulit
2159 2167 2237 2228 ad
2274 2165 2525 2248 plebem
2555 2164 3079 2238 Christianorum,
3115 2162 3282 2224 inter
3307 2177 3469 2242 quos

1982 2263 2569 2346 incomparabiliter
2599 2264 2784 2345 plura
2822 2270 2886 2326 et
2920 2261 3164 2342 majora
3200 2259 3329 2340 egit
3356 2257 3470 2320 mi-

1983 2362 2219 2440 racula,
2256 2371 2446 2444 atque
2476 2361 2717 2425 effudit
2746 2361 3091 2440 gratiarum
3126 2357 3471 2422 charisma-

1981 2469 2064 2538 ta,
2118 2480 2314 2542 quam
2356 2460 2509 2523 olim
2560 2460 2627 2522 in
2674 2459 2875 2523 veteri
2918 2458 3342 2521 Testamento.
3394 2455 3472 2518 Et

1983 2558 2271 2623 firmavit
2314 2559 2437 2622 sibi
2487 2558 2653 2622 hunc
2696 2557 3004 2640 populum
3051 2557 3116 2620 in
3159 2554 3468 2638 populum

1981 2657 2465 2739 sempiternum,
2508 2657 2691 2734 Ecce,
2733 2655 3053 2738 inquienS‚
3098 2671 3213 2734 ego
3258 2652 3469 2718 vobis·
3542 2673 3711 2716 mun.

1980 2774 2126 2818 cum
2179 2776 2319 2819 sum
2369 2756 2616 2820 cunctis
2666 2756 2893 2818 diebus
2938 2774 3141 2836 usque
3187 2754 3265 2816 ad
3314 2771 3469 2816 con-
3496 2749 3635 2788 '‘¹⁷¹¹''
3664 2739 3730 2780 ²⁰·

1981 2855 2471 2918 summationem
2519 2854 2777 2931 saeculi3
2815 2861 2879 2916 et
2927 2852 3235 2936 populum
3284 2851 3471 2913 illum

1983 2953 2345 3034 antiquum,
2379 2954 2461 3017 ob
2491 2973 2671 3016 suam
2704 2951 3235 3027 incredulitatem,
3269 2969 3473 3031 usque

367 3048 624 3111 tificem
657 3068 852 3132 super
879 3048 1256 3112 universum
1290 3049 1601 3133 populum
1631 3068 1816 3111 suum
1854 3066 1868 3110 t
1909 3046 1953 3110 C
1984 3052 2052 3114 in
2085 3051 2287 3115 finem
2318 3051 2600 3135 reliquit.

367 3148 510 3211 imo
547 3167 750 3230 quum
788 3148 967 3211 Jesus
1008 3148 1294 3211 Christus
1340 3165 1564 3229 greges
1611 3148 1875 3230 populo-

369 3266 520 3309 rum
553 3248 1174 3328 sequeretur‚eundo
1206 3246 1373 3309 inter
1393 3245 1537 3309 illos
1569 3247 1646 3308 ad
1677 3246 1876 3328 bapti-

366 3364 585 3408 smum
619 3344 682 3407 S.
715 3345 999 3421 Ioannis,
1025 3353 1089 3408 et
1120 3344 1188 3407 in
1219 3346 1469 3408 deserto
1495 3344 1868 3426 jejunasset,

366 3462 522 3506 mox
554 3462 592 3505 a
619 3443 800 3505 Patre
828 3443 1062 3505 missus
1099 3452 1196 3505 est
1230 3444 1309 3505 ad
1343 3442 1654 3525 populum
1684 3442 1872 3506 lsrael

365 3542 846 3617 instruendum,
868 3550 931 3605 et
964 3549 1115 3604 tunc
1146 3561 1260 3623 per
1287 3541 1540 3604 diversa
1566 3539 1874 3605 miracula

365 3662 442 3704 ac
487 3639 980 3723 praeclarissima
1024 3640 1208 3720 signa
1253 3647 1348 3702 est
1397 3639 1868 3719 magnificatuS,

365 3750 430 3803 61
475 3756 610 3821 prae
658 3738 906 3801 cunctis
952 3737 1321 3801 hominibus
1366 3737 1733 3821 spectabilis
1782 3737 1874 3800 fa-

365 3847 538 3901 61113.
577 3840 660 3899 Ec
680 3858 929 3915 ponam
961 3841 1169 3897 locum
1204 3841 1444 3915 populo
1477 3856 1610 3896 meo
1640 3838 1868 3909 Israel,

363 3947 426 3997 el
461 3937 778 4013 plantabo
817 3956 988 4007 eum,
1021 3945 1081 3995 et
1119 3937 1415 3995 habitabo
1441 3955 1592 3994 cum
1621 3954 1713 4005 ea,
1747 3943 1866 3997 etc.

365 4034 602 4098 Omnia
631 4033 753 4095 ista
783 4033 986 4095 multo
1016 4032 1430 4096 excellentius
1461 4041 1612 4095 sunt
1649 4032 1874 4115 impless

369 4143 433 4195 ta
467 4132 535 4194 in
567 4131 808 4213 populo
837 4131 1186 4195 christiano
1227 4131 1346 4193 sub
1387 4131 1754 4209 evangelica
1785 4132 1872 4194 lc-

2074 3152 2382 3215 Praeterea
2425 3151 2717 3234 exemplo
2759 3150 2963 3215 sancti
3007 3149 3227 3227 David,
3269 3148 3473 3211 disca-

1983 3269 2125 3311 mus
2173 3250 2475 3313 universa
2522 3248 2845 3313 beneficia
2892 3248 3001 3311 Dei
3044 3246 3368 3329 generalia
3408 3255 3472 3309 et

1983 3348 2309 3430 specialia,
2344 3348 2661 3411 naturalia
2689 3356 2753 3411 et
2784 3344 3315 3430 supernaturalia,
3338 3363 3471 3407 cor-

1982 3445 2229 3529 poralia
2257 3466 2331 3511 ac
2361 3446 2741 3528 spiritualia,
2776 3454 3088 3528 quantum
3120 3443 3305 3507 nobis
3335 3460 3473 3525 pos·

1980 3544 2168 3607 sibile
2199 3552 2315 3621 est,
2350 3544 2689 3623 vigilanter
2718 3543 3067 3619 attendere,
3102 3541 3470 3622 frequenter

1981 3644 2282 3720 recolere,
2317 3662 2389 3705 66
2430 3661 2622 3725 super
2660 3641 2760 3703 his
2801 3641 2926 3704 Deo
2967 3639 3277 3702 altissimo
3319 3639 3468 3702 totis

1980 3740 2247 3817 viribuS,
2282 3739 2695 3804 devotissima
2723 3758 2795 3802 ac
2822 3737 3267 3802 ardentissima
3298 3755 3471 3800 men-

1979 3847 2042 3901 te
2090 3846 2297 3919 grates
2351 3836 2608 3914 relerre‚
2666 3854 2795 3899 non
2844 3835 3063 3915 lingua
3108 3842 3358 3897 tantum
3407 3842 3471 3897 et

1979 3935 2216 4011 verbiS,
2252 3935 2360 3998 sed
2402 3953 2593 4017 opere
2629 3953 2887 4016 quoque
2924 3942 2987 3995 et.
3024 3931 3325 3995 virtuosis
3364 3930 3471 3994 ob-

1980 4033 2243 4114 sequiis.
2277 4032 2365 4094 Ex
2405 4031 2912 4095 consideratione
2951 4032 3206 4093 demum
3247 4038 3477 4112 praete-

1982 4131 2247 4193 ritorum
2295 4129 2759 4193 beneficiorum
2820 4138 3009 4211 atque
3058 4127 3465 4211 praesentium

365 4250 470 4312 ge,
517 4248 716 4312 quam
763 4248 1047 4311 unquam
1097 4230 1163 4292 in
1209 4229 1449 4311 populo
1484 4230 1868 4293 Judaeorum.
1901 4231 1950 4292 D
1980 4248 2341 4305 munerum,
2387 4237 2691 4309 augeatur
2741 4228 2807 4289 in
2856 4227 3041 4292 nobis
3081 4226 3317 4308 jugiter
3351 4226 3469 4287 hu-

366 4330 612 4411 Nempe
653 4327 964 4409 populum
1003 4328 1421 4391 christianum
1462 4328 1675 4411 posuit
1707 4329 1868 4391 Deus

367 4446 502 4490 non
533 4426 744 4491 solum
774 4426 841 4488 in
873 4435 1041 4489 terra
1070 4426 1534 4507 promissionis„
1570 4427 1679 4489 sed
1711 4436 1773 4489 et
1802 4427 1866 4489 in

367 4534 506 4589 toto
553 4525 710 4589 orbe
760 4533 1094 4601 terrarum,
1148 4544 1338 4606 quem
1390 4525 1701 4606 plantavit
1757 4545 1869 4607 per

368 4626 543 4688 dona
571 4624 793 4704 gratiae
824 4623 891 4685 in
918 4642 1072 4705 pace
1102 4632 1166 4687 et
1197 4624 1555 4700 securitate,
1591 4632 1654 4687 61
1691 4624 1870 4686 habi-

369 4723 534 4786 tavit
565 4722 762 4787 variis
794 4721 1001 4785 modis
1034 4722 1102 4784 in
1134 4722 1343 4785 medio
1375 4724 1536 4802 ejuS.

456 4825 613 4891 Quoe
657 4831 748 4882 est
781 4841 940 4898 qens
985 4832 1058 4881 ut
1092 4825 1378 4899 populas
1429 4830 1578 4881 tuus
1614 4822 1871 4881 Israel?

369 4920 498 4983 Ista
535 4918 915 4982 excellentia
953 4918 1192 5000 populo
1231 4918 1580 4981 christiano
1610 4917 1868 5000 praecla-

371 5019 632 5081 rissime
671 5017 996 5099 competit.
1032 5017 1282 5080 Etenim
1328 5024 1588 5098 propter
1627 5017 1872 5079 redem—

373 5116 662 5199 ptionem
691 5125 754 5179 et
784 5116 1056 5179 salutem
1088 5113 1310 5196 populi
1344 5114 1554 5195 hujus,
1573 5115 1737 5177 Deus
1762 5115 1871 5177 Dei

373 5216 578 5277 Filius
628 5215 958 5279 descendit
1007 5214 1074 5275 in
1123 5214 1457 5291 mundum,
1504 5222 1567 5277 ct
1616 5213 1874 5277 intravit

373 5314 742 5396 :Egyptum,
777 5314 858 5376 ad
897 5312 1209 5388 litteram;
1255 5312 1675 5395 spiritualiter
1717 5331 1873 5394 quo—

1977 4328 2150 4392 milis
2195 4348 2267 4391 ac
2317 4327 2539 4392 filialis
2588 4329 2667 4391 ad
2711 4330 2907 4391 Deum
2958 4326 3221 4403 fiducia,
3270 4325 3359 4387 ita
3393 4330 3465 4386 ut

1978 4448 2123 4493 eum
2159 4428 2594 4490 indesinenter
2623 4445 2897 4504 oremuS‚
2934 4426 3001 4489 in
3044 4425 3175 4489 fide
3207 4424 3298 4487 nil
3337 4423 3466 4485 1166-
3489 4449 3647 4495 ]ωοῡ,
3671 4451 3753 4499 ·,⁶.

1977 4526 2264 4601 sitanteS‚
2309 4525 2529 4606 sicque
2574 4525 2975 4588 inveniamus
3020 4543 3129 4588 cor
3178 4530 3463 4586 nostrum

1979 4625 2056 4686 ad
2098 4623 2223 4685 ista
2268 4643 2341 4686 66
2386 4631 2595 4687 cetera
2638 4624 2807 4686 bona
2849 4624 3093 4705 agenda
3137 4639 3151 4683 ε
3194 4622 3346 4704 quia
3397 4628 3465 4682 ut

1979 4722 2205 4785 asserit
2230 4721 2471 4797 Glossa‚
2498 4721 2661 4783 nihil
2696 4720 2983 4801 fugacius
3014 4728 3109 4783 est
3138 4721 3325 4783 corde
3355 4720 3467 4781 hu-

1979 4838 2189 4896 mano,
2211 4840 2326 4883 nec
2350 4818 2713 4882 instabilius
2734 4820 2985 4883 videtur
3003 4819 3158 4900 quid
3184 4836 3275 4894 eo,
3294 4819 3467 4899 quod

1980 4920 2302 5002 peccando
2333 4927 2397 4981 et
2420 4917 2650 4981 stolide
2682 4917 3111 4999 imaginando,
3135 4935 3209 4980 ac
3240 4915 3467 4980 frivole

1979 5017 2418 5093 discurrendo,
2438 5024 2628 5097 atque
2654 5015 2961 5079 indomite
2980 5014 3305 5094 evagando
3324 5033 3468 5077 mox

1983 5116 2345 5199 perdimus3
2380 5116 2489 5178 sed
2533 5115 2891 5178 reducendo
2931 5114 3088 5176 illud
3130 5114 3205 5175 ad
3246 5113 3463 5188 Deum,

1983 5223 2046 5276 et
2084 5233 2120 5276 a
2161 5212 2342 5277 vanis
2382 5211 2890 5294 dispersionibus
2934 5211 3359 5291 recolligendo
3388 5211 3469 5272 ad

1985 5310 2411 5376 necessarium
2444 5328 2667 5388 unum,
2701 5310 2991 5392 protinus
3030 5309 3189 5372 illud
3224 5310 3469 5373 inveni·
3496 5326 3739 5379 masaa
