4359 6250
1207 513 1554 560 ENARRATIO
1597 513 1658 558 ΙΝ
1705 512 1841 558 CAP-
1887 511 1972 556 vn
2013 511 2215 558 Josue.
2261 531 2340 540 —-
2382 513 2523 560 ΛΒΤ.
2572 514 2661 560 xu

3395 496 3475 558 45

375 701 524 744 rum
555 692 792 748 eventu
822 683 1143 747 occultum
1176 683 1421 764 aliquid
1465 681 1820 746 innotescat
1854 698 1868 742 :
1906 683 1957 744 A
1986 691 2341 763 peccatum,
2388 685 2738 746 secundum
2783 685 2952 765 quod
2992 683 3220 746 asserit
3264 683 3477 761 Augu-

375 781 604 863 sicque
652 783 932 845 sortibus
983 783 1100 860 uti,
1150 792 1246 844 est
1295 802 1371 844 ex
1417 781 1592 845 vario
1644 788 1880 844 eventu

373 889 490 942 aut
539 880 962 962 dispositione
1013 881 1102 944 rei
1155 880 1482 944 sensibilis
1537 878 1879 962 propositae

375 979 812 1043 determinare
829 981 1278 1062 quodcumque
1300 979 1614 1042 incertum
1637 986 1746 1040 aut
1775 977 1882 1038 du-

377 1077 585 1154 bium,
623 1079 790 1140 sicut
817 1097 896 1141 ex
928 1087 1132 1140 tractu
1163 1077 1469 1160 longioris
1499 1085 1609 1139 aut
1637 1076 1883 1140 brevio-

377 1176 471 1238 ris
506 1175 791 1240 festueae.
827 1177 936 1239 Est
964 1185 1177 1240 autem
1209 1196 1346 1240 sors
1378 1176 1631 1258 triplex,
1659 1174 1883 1240 videli-

375 1284 480 1338 cet
531 1275 860 1352 divisoria,
909 1274 1303 1339 consultoria
1344 1293 1420 1337 ac
1470 1272 1876 1337 divinatoria.

376 1373 699 1437 Divisoria
746 1373 1003 1452 dicitur,
1038 1375 1297 1455 quando
1349 1393 1463 1455 per
1507 1371 1882 1434 missionem

377 1490 495 1535 seu
528 1481 827 1537 eventum
867 1471 959 1534 rei
1001 1471 1329 1533 sensibilis
1359 1469 1688 1553 quaeritur‚
1725 1468 1882 1551 quid

377 1571 468 1632 sit
495 1571 822 1652 aliquibus
857 1571 1288 1634 exhibendum
1330 1571 1410 1634 de
1453 1589 1522 1632 re
1564 1587 1879 1652 possessa,

375 1670 483 1735 vel
517 1671 598 1733 de
629 1671 892 1747 honore,
927 1670 1241 1752 dignitate
1272 1679 1380 1733 aut
1412 1688 1621 1751 poena,
1659 1667 1885 1730 videli-

377 1777 485 1833 cet
543 1778 612 1831 ut
673 1771 932 1848 sciatur,
986 1771 1140 1852 quid
1191 1769 1335 1849 quis
1395 1778 1506 1832 aut
1563 1775 1880 1849 quantum

1987 781 2215 842 stinuS.
2261 782 2380 844 Sed
2432 791 2639 864 potest
2688 782 2755 845 in
2804 782 2923 846 hoc
2974 780 3477 863 quadrupliciter

1987 878 2176 960 culpa
2220 879 2523 943 incidere.
2558 880 2788 958 Primo,
2825 880 2879 942 si
2926 879 3045 942 fiat
3087 879 3330 961 absque
3375 897 3478 941 ne-

1989 977 2282 1042 cessitate
2304 995 2317 1040 :
2338 979 2431 1042 sic
2452 979 2623 1041 enim
2655 980 2735 1041 ad
2770 978 3181 1043 tentationem
3202 977 3481 1060 pertinet

1990 1075 2122 1139 Dei.
2159 1076 2471 1156 Secundo,
2508 1078 2560 1139 si
2594 1077 2786 1140 etiam
2832 1079 2899 1141 in
2944 1076 3319 1141 necessitate
3364 1073 3483 1137 fiat

1989 1174 2232 1256 absque
2264 1176 2477 1240 debita
2502 1177 2842 1241 devotione
2872 1186 2935 1240 et
2963 1175 3338 1242 reverentia.
3362 1175 3485 1238 Un-

1992 1275 2070 1338 de
2099 1293 2298 1355 quum
2330 1275 2616 1357 Apostoli
2646 1276 2904 1338 missuri
2937 1285 3118 1338 erant
3157 1283 3356 1338 sortes
3387 1273 3481 1335 in-

1991 1380 2088 1435 ter
2137 1373 2456 1437 Matthiam
2511 1383 2573 1438 et
2620 1375 2977 1453 Barsabam,
3023 1374 3311 1438 fecerunt
3360 1373 3479 1436 boc

1992 1479 2161 1535 coetu
2188 1471 2453 1534 fratrum
2486 1473 2774 1550 collecto,
2794 1481 2986 1554 atque
3006 1472 3293 1535 oratione
3324 1489 3484 1552 prae-

1994 1571 2209 1632 missa.
2259 1571 2490 1648 Tertio,
2526 1573 2783 1653 quando
2831 1571 3049 1634 divina
3096 1569 3353 1633 oracula
3401 1569 3480 1630 ad

1993 1669 2248 1750 negotia
2289 1679 2749 1734 convertuntur
2796 1679 3067 1732 terrena.
3119 1668 3372 1744 Quarto,
3428 1666 3483 1728 si

1993 1769 2273 1831 sortibus
2312 1768 2458 1850 quis
2504 1776 2717 1830 utatur
2761 1767 2827 1829 in
2873 1766 3323 1831 ecclesiasticis
3358 1766 3485 1828 ele-

377 1869 678 1951 accipiat.
728 1869 875 1932 Sors
921 1888 1070 1932 vero
1115 1867 1505 1932 consultor-ia
1559 1886 1886 1948 nuncupa·
1913 1868 1958 1928 B
1991 1867 2337 1944 ctionibuS,
2371 1886 2511 1949 quae
2539 1886 2613 1930 ex
2646 1865 3067 1948 inspiratione
3096 1864 3317 1929 divina
3342 1864 3483 1927 fieri

381 1977 512 2044 tur,
548 1968 702 2029 dum
733 1967 822 2029 ita
852 1966 1221 2048 inquiritur,
1255 1967 1411 2048 quid
1453 1966 1534 2028 sit
1565 1967 1884 2047 agendum

377 2065 483 2128 vel
531 2065 978 2129 omittendum.
1021 2064 1198 2139 Quod
1249 2064 1302 2126 si
1347 2073 1690 2146 quaeratur,
1728 2064 1880 2145 quid

377 2165 467 2227 sit
501 2164 811 2242 futurum,
847 2171 1110 2228 vocatur
1141 2182 1278 2227 sors
1307 2163 1712 2227 divinatoria.

461 2259 669 2336 Quum
699 2279 852 2343 ergo
880 2270 1061 2324 actus
1091 2261 1355 2324 humani
1387 2277 1516 2324 non
1543 2260 1670 2322 sint
1697 2261 1881 2323 eoele-

377 2359 579 2422 stium
623 2378 965 2442 corporum
1008 2358 1371 2422 influentiis
1418 2358 1680 2435 subditi,
1726 2376 1882 2440 quo-

381 2457 560 2520 niam
583 2459 840 2541 sapiens
873 2457 1310 2522 dominabitur
1336 2458 1547 2534 astriS,
1573 2473 1702 2520 non
1735 2456 1882 2520 licet

378 2565 689 2638 eventum
723 2557 1284 2637 ostensionemque
1325 2555 1594 2618 sortium
1627 2575 1664 2617 a
1697 2555 1882 2618 coele-

379 2654 594 2716 stibus
618 2655 998 2737 corporibus
1023 2661 1132 2715 aut
1153 2652 1471 2715 sideribus
1495 2660 1882 2734 exspectare,

377 2761 446 2815 et
475 2752 683 2816 multo
711 2753 928 2815 minus
953 2772 990 2814 a
1013 2751 1409 2815 daemonibus
1436 2769 1450 2813 :
1476 2751 1710 2832 quibus
1741 2769 1881 2813 cau-

379 2851 471 2913 sis
525 2852 819 2929 remotiS‚
875 2869 1134 2914 necesse
1185 2858 1283 2913 est
1334 2850 1522 2913 talem
1581 2858 1878 2913 eventum

377 2951 740 3032 praestolari
761 2970 798 3013 a
821 2949 1100 3026 fortuna,
1126 2949 1225 3012 vel
1248 2968 1285 3010 a
1305 2949 1661 3012 substantia
1692 2949 1878 3013 intel-

1991 1966 2247 2029 dcbent.
2281 1966 2541 2046 Propter
2583 1966 2751 2046 quod
2795 1965 2961 2028 Beda
3007 1971 3295 2040 testatur,
3340 1963 3484 2025 Mat-

1992 2063 2189 2125 thiam
2250 2071 2419 2126 sorte
2480 2062 2720 2125 factum
2778 2062 3163 2144 apostolum,
3226 2061 3481 2142 quando

1991 2161 2266 2243 Spiritus
2290 2161 2555 2224 Sanctus
2583 2161 2869 2224 nondum
2902 2159 3108 2223 fuerat
3139 2161 3353 2236 datus;
3372 2160 3484 2222 sed

1990 2279 2067 2324 eo
2110 2259 2329 2336 misso,
2376 2267 2619 2342 septem
2666 2258 2920 2322 diaconi
2965 2278 3093 2323 non
3146 2266 3335 2335 sorte,
3370 2258 3481 2321 sed

1991 2357 2261 2422 fratrum
2291 2357 2601 2422 electione
2632 2364 2782 2419 sunt
2811 2356 3110 2421 ordinati.
3149 2357 3233 2420 De
3264 2356 3383 2420 hac
3415 2375 3483 2420 re

1991 2456 2244 2538 plenius
2288 2454 2510 2518 scribit
2541 2455 2813 2518 Thomas
2843 2454 2910 2516 in
2944 2456 3223 2518 secunda
3264 2473 3483 2518 secuu-

1990 2556 2107 2618 dae.
2142 2555 2211 2618 In
2252 2554 2450 2620 veteri
2487 2561 2701 2617 autem
2733 2554 3135 2617 Testamento
3178 2553 3481 2635 frequens

1989 2654 2231 2718 exstitit
2276 2653 2541 2717 sortium
2592 2673 2765 2729 usuS,
2813 2655 3067 2734 quando
3111 2654 3273 2717 Deus
3313 2654 3486 2718 vole-

1988 2754 2098 2816 bat
2136 2753 2257 2816 boc
2298 2753 2483 2816 modo
2520 2753 2873 2828 ostendere,
2910 2771 2978 2815 se
3018 2751 3305 2815 omnium
3340 2771 3483 2834 pro-

1989 2852 2363 2929 videntiam,
2389 2852 2811 2933 notitiamque
2842 2849 3189 2933 perfectam
3220 2851 3477 2915 habere.

1987 2952 2249 3033 Propter
2288 2951 2460 3032 quod
2503 2950 2571 3012 in
2602 2949 2959 3013 Proverbiis
2990 2950 3298 3032 scriptum
3330 2959 3425 3014 est
3460 2971 3475 3015 :

3545 1491 3648 1535 Act.
3662 1504 3690 1540 ι,
3708 1493 3771 1542 tt,

3514 1555 3579 1605 15,
3606 1555 3673 1596 24.

3538 2378 3775 2432 mamus.

378 3049 641 3112 lectuali
673 3048 1012 3133 superiori,
1035 3047 1345 3112 directiva
1374 3056 1632 3111 actuum
1664 3048 1882 3110 huma·
1909 3053 1952 3116 C
1989 3049 2201 3115 Sortes
2233 3049 2575 3111 mittuntur
2616 3048 2683 3110 in
2724 3047 2960 3125 sinum,
3004 3050 3114 3112 sed
3145 3068 3182 3111 a
3212 3049 3478 3113 Domino
3534 3069 3669 3113 Pron.
3690 3083 3772 3118 xv..

1989 3156 2443 3231 temperantur.
2480 3146 2735 3212 Necnon
2766 3156 2830 3211 et
2860 3148 2927 3209 in
2965 3147 3256 3212 Numeris
3286 3148 3479 3230 jussit
3509 3136 3577 3179 ³³·

376 3248 432 3309 A
463 3247 722 3311 fortuna
745 3256 960 3311 autem
983 3246 1333 3329 exspectari
1357 3265 1486 3310 non
1510 3254 1732 3328 potest,
1754 3247 1880 3310 nisi
1986 3247 2291 3311 Dominus
2320 3256 2556 3310 terram
2586 3246 3033 3329 promissionis
3066 3255 3237 3310 sorte
3257 3246 3480 3325 dividi,
3559 3260 3697 3303 Num.

379 3168 640 3225 norum,
665 3157 730 3213 et
759 3149 946 3225 bona,
977 3148 1096 3211 hoc
1127 3156 1224 3211 est
1251 3165 1289 3209 a
1320 3148 1446 3211 Deo
1477 3147 1577 3211 vel
1608 3148 1874 3229 angelis

375 3346 446 3408 in
479 3356 654 3410 sorte
683 3347 1012 3423 divisoria,
1039 3346 1206 3408 sicut
1233 3346 1383 3407 dum
1417 3345 1616 3427 aliqui
1649 3366 1880 3429 neque—

375 3453 498 3507 unt
520 3464 658 3509 rem
679 3445 1080 3509 concorditer
1100 3443 1388 3507 dividere
1411 3461 1426 3505 ε
1453 3444 1595 3507 ideo
1617 3463 1693 3508 ex
1713 3464 1880 3509 com-

375 3544 561 3606 muni
583 3562 904 3607 consensu
928 3542 1192 3606 mittunt
1223 3549 1445 3621 sorteS,
1462 3551 1666 3605 totum
1695 3561 1881 3606 even-

375 3654 516 3706 tum
547 3644 1023 3707 committentes
1055 3640 1427 3719 fortunae-,et
1461 3650 1612 3705 tunc
1633 3660 1762 3704 non
1785 3651 1881 3704 est

375 3750 752 3826 peccatum3
780 3750 990 3804 tamen
1021 3760 1212 3803 causa
1241 3740 1481 3803 motiva
1512 3747 1880 3821 potestesse

373 3840 748 3924 culpabiliS‚
785 3848 854 3902 ut
884 3840 1038 3901 dum
1071 3858 1147 3903 ex
1185 3838 1536 3921 cupiditate
1581 3839 1682 3903 vel
1723 3858 1874 3903 con-

377 3941 670 4003 tentione
706 3938 894 4001 aliter
932 3937 1216 4000 di‘videre
1263 3944 1615 4019 nequeunt,
1661 3937 1760 4000 vel
1803 3956 1879 4000 ex

375 4038 446 4101 af
451 4038 625 4101 fectu
649 4036 939 4099 lucrandi
971 4036 1064 4098 sic
1096 4033 1360 4098 faciunt.
1381 4035 1700 4097 Interdum
1722 4054 1879 4117 quo-

373 4156 506 4218 que
537 4137 606 4198 in
638 4137 760 4199 boc
789 4134 1103 4214 contingit
1132 4134 1362 4196 vitium
1395 4134 1713 4199 vanitatis
1739 4135 1879 4197 Por-

1987 3346 2152 3409 sicut
2190 3354 2255 3408 et
2297 3345 2467 3407 infra
2509 3345 2576 3408 in
2623 3343 2745 3407 isto
2790 3344 2955 3409 libro
3000 3345 3233 3425 legitur
3281 3345 3478 3408 adim·

1989 3445 2256 3527 pletum.

2066 3543 2301 3606 Ultimo
2321 3542 2519 3624 quaeri
2542 3548 2749 3624 potest
2778 3541 2949 3605 circa
2978 3541 3344 3624 praehabita,
3364 3561 3479 3604 cur

1986 3642 2171 3703 Josue
2205 3641 2384 3703 duxit
2414 3640 2651 3717 Achan,
2671 3648 2732 3703 et
2756 3659 2831 3703 ea
2859 3660 3003 3721 quae
3034 3648 3212 3703 erant
3248 3639 3471 3722 ipsiuS,

1988 3740 2067 3801 ad
2096 3739 2329 3802 vallem
2362 3748 2433 3801 ut
2461 3740 2856 3802 occideretur
2888 3738 3143 3802 ibidem.
3178 3739 3271 3801 Ad
3304 3740 3476 3821 quod

1987 3839 2066 3900 ad
2099 3837 2373 3900 litteram
2405 3838 2530 3900 dici
2563 3846 2791 3919 potest,
2825 3839 2999 3920 quod
3048 3838 3212 3914 ideo,
3251 3857 3327 3901 ne
3368 3837 3479 3901 ali-

1989 3936 2098 4019 qui
2121 3936 2619 3999 Chananaeorum
2652 3954 2727 3999 ex
2756 3936 3290 3999 eminentioribus
3317 3936 3476 4001 locis

1989 4036 2124 4098 suis
2153 4034 2617 4117 conspicerent,
2638 4036 2808 4116 quod
2833 4035 2959 4097 filii
2979 4036 3166 4098 Israel
3199 4036 3480 4117 aliquem

1990 4154 2065 4199 ex
2097 4154 2164 4197 sc
2197 4133 2353 4216 ipsis
2386 4134 2475 4195 ita
2506 4142 2866 4196 tractarent.
2902 4134 3080 4197 Unde
3122 4134 3187 4195 in
3223 4135 3480 4198 Schola-

375 4254 451 4299 ro
480 4236 539 4297 si
578 4242 848 4298 eventus
876 4242 1069 4314 atque
1098 4232 1411 4314 judicium
1439 4232 1629 4295 sortis
1659 4251 1876 4314 exspe-
1910 4238 1959 4299 D
1991 4234 2148 4296 stica
2179 4232 2380 4296 fertur
2412 4231 2697 4310 historia,
2732 4232 2903 4313 quod
2946 4231 3069 4294 fuit
3112 4233 3299 4295 vallis
3342 4252 3482 4316 pro—

373 4344 588 4399 ctetur
635 4354 674 4396 a
721 4333 848 4396 Deo
894 4331 999 4395 vel
1045 4329 1314 4411 angeliS,
1360 4350 1490 4395 non
1543 4340 1639 4393 est
1691 4331 1756 4393 in
1811 4350 1878 4395 se

1993 4332 2214 4395 funda.

3507 3336 3646 3373 xxxiv,
3659 3324 3771 3372 2¹3.

3504 3385 3639 3429 dome
3649 3399 3714 3427 xiv
3730 3388 3771 3428 2.
