4359 6250
1245 504 1608 565 manuario.
1634 505 1697 550 nv
1738 505 1874 552 car.
1923 505 1984 551 ιν
2025 505 2226 552 sesua.
2271 526 2352 537 —
2393 507 2535 554 aar.
2583 508 2668 554 vu
3414 491 3491 554 23

401 683 551 738 runt
593 675 660 738 in
704 696 874 755 eum,
912 695 1104 758 quem
1152 677 1341 759 paulo
1380 685 1528 739 ante
1566 675 1900 752 crucifixe·
1927 676 1980 739 A
2008 696 2235 758 quens.
2264 681 2348 740 Et
2378 701 2579 760 quum
2602 682 2939 758 posuerint
2962 682 3227 757 vestiyia
3250 684 3495 758 pedum

401 783 576 853 runt,
611 777 966 838 seeundum
997 776 1173 858 quod
1211 775 1304 839 eis
1347 785 1493 838 ante
1527 775 1898 857 -passionem
2006 798 2275 838 suoru-m
2294 782 2642 840 sacerdotes
2662 781 2733 840 in
2756 782 2943 860 aquis
2959 781 3295 850 Iordanis,
3313 801 3499 860 aquae

101 885 368 934 leam-nn.
403 894 586 936 suam
619 875 912 956 praedixit
937 895 951 939 ε
978 875 1182 949 Quum
1211 875 1658 952 exaltaveritiS,
1682 875 1745 937 id
1777 883 1895 952 est,
2009 899 2151 957 quw
2202 881 2545 956 inferiores
2586 889 2763 950 sunt,
2811 883 3154 940 decurrent
3183 889 3373 959 atque
3401 882 3501 940 de-

79 951 152 991 ²⁸‘
403 973 473 1035 in
524 993 714 1037 cruce
764 975 1248 1056 suspenderitiS,
1303 974 1535 1036 Filium
1594 974 1894 1050 hominiS‚
2008 979 2251 1053 sicient.
2286 977 2400 1039 Per
2431 977 2607 1040 illam
2654 977 2945 1040 Jordanis
2995 975 3378 1042 divisionem
3422 976 3500 1039 si-

401 1080 558 1135 tunc
590 1073 990 1153 cognoscet-is
1022 1073 1174 1154 quia
1206 1092 1323 1154 ego
1357 1093 1520 1134 sum.
1565 1077 1658 1134 Tu
1686 1084 1901 1135 autem
2009 1083 2271 1152 gnatum
2304 1083 2420 1151 est,
2454 1076 2623 1156 quod
2656 1095 2820 1157 aqua
2859 1075 3261 1158 Baptismatis
3301 1076 3501 1162 omni-

393 1173 681 1249 proecipe
710 1174 1144 1234 sacerdotibus
1175 1193 1197 1230 .·
1233 1175 1448 1242 Quam
1488 1174 1761 1249 inyressi
1794 1173 1903 1249 fu·
2010 1172 2130 1234 bus
2163 1181 2354 1255 patet,
2381 1182 2441 1236 et
2471 1192 2693 1237 omnes
2726 1173 2890 1237 intra
2911 1193 2979 1238 se
3000 1174 3286 1256 suscipit.
3323 1174 3499 1248 Quod

400 1272 590 1330 eritis
620 1281 880 1348 partem
910 1291 1097 1350 aquoe
1125 1273 1456 1343 Iordanis,
1489 1280 1648 1331 state
1679 1273 1748 1331 in
1781 1292 1856 1332 ea
1878 1293 1900 1330 .·
2010 1279 2221 1334 autem
2278 1273 2435 1334 Deus
2482 1271 2820 1335 Iordanem
2872 1272 2961 1335 ita
3010 1271 3249 1350 divisit,
3289 1280 3357 1334 ut
3405 1271 3499 1336 di—

403 1368 471 1429 id
515 1376 632 1445 est,
668 1387 870 1449 quum
916 1367 1219 1430 virtutem
1264 1367 1661 1449 gratiamque
1700 1370 1902 1450 Bapti-
2011 1379 2182 1433 ctum
2235 1379 2352 1448 cst,
2396 1369 2693 1434 videlicet
2744 1373 2915 1454 quod
2966 1391 3147 1454 aquae
3199 1371 3340 1452 ejus
3394 1371 3500 1433 de-

403 1466 528 1528 smi
563 1466 910 1548 praedicare
960 1467 1308 1549 coeperitis,
1342 1465 1654 1531 stabiliter
1685 1467 1751 1529 in
1785 1467 1902 1530 hac
2012 1487 2204 1550 super
2244 1468 2568 1533 venientes
2613 1455 3162 1550 congregabantur
3201 1469 3267 1531 in
3308 1487 3499 1530 unam

126 1588 368 1638 scatens,
406 1573 810 1648 perseverate
842 1565 1155 1643 doctrina,
1183 1584 1312 1629 non
1345 1565 1762 1630 formidantes
1793 1585 1901 1630 eos
2014 1566 2271 1643 molem,
2306 1586 2447 1647 quae
2487 1566 2687 1630 instar
2724 1567 3051 1632 altissimae
3092 1566 3283 1630 turris
3333 1567 3502 1629 intu-

83 1653 155 1692 zs.
400 1663 516 1745 qui
559 1682 794 1746 corpus
833 1664 1155 1727 occidunt.
1196 1668 1276 1726 In
1309 1669 1446 1736 hoc,
1481 1667 1726 1744 inquit,
1754 1668 1904 1726 scie·
2012 1664 2418 1739 mescebant3
2461 1665 2799 1729 inferiores
2831 1685 2981 1730 vero
3019 1684 3201 1747 aquae
3237 1665 3502 1730 omnino

405 1767 488 1824 cis
533 1767 708 1844 quod
751 1765 1078 1824 Dominus
1120 1767 1290 1826 Deus
1333 1766 1406 1826 in
1455 1767 1665 1825 medio
1707 1767 1904 1826 vestri
2011 1763 2467 1828 defluxerunt:
2507 1765 2627 1827 hoc
2664 1764 3123 1847 praefiguravit,
3157 1765 3327 1846 quod
3362 1763 3505 1845 qui-

401 1872 511 1932 esi,
545 1873 606 1923 et
644 1865 973 1942 dispe-rdet
1013 1866 1080 1924 in
1123 1874 1454 1940 conspeetu
1495 1873 1695 1923 vestro
1739 1865 1900 1924 Cha·
1938 1865 1982 1926 B
2011 1863 2155 1925 dam
2211 1862 2673 1945 baptizatorum
2723 1882 2761 1925 a
2806 1863 3010 1942 gratia
3063 1862 3129 1924 in
3184 1863 3502 1945 Baptismo

403 1971 812 2032 nanoeum,ec
837 1964 1557 2032 Hetlzaeum,Hevoeum,
1579 1970 1727 2039 etc.,
1752 1962 1904 2042 quia
2013 1963 2156 2024 data
2190 1961 2505 2024 deficiunt
2543 1969 2734 2043 atque
2767 1961 3187 2044 pereffluunt,
3222 1970 3285 2025 et
3316 1962 3381 2024 in
3416 1961 3503 2024 vi-

400 2077 516 2141 per
547 2059 712 2122 hanc
743 2058 1146 2141 Baptismatis
1177 2059 1444 2141 gratiam
1478 2059 1756 2122 fideliter
1787 2060 1903 2123 sci·
2013 2061 2245 2124 tiorum
2271 2060 2760 2124 amaritudinem
2786 2070 3255 2137 convertuntur,
3274 2079 3347 2123 ac
3370 2078 3503 2123 cor-

399 2178 568 2234 mus,
596 2177 791 2238 quam
819 2157 1096 2239 gratiose
1127 2157 1462 2222 nobiscum
1493 2159 1694 2240 egerit
1713 2159 1898 2237 Deus.
2009 2160 2150 2241 pori
2186 2159 2673 2240 incorporantur
2702 2159 2964 2222 diaboli.
2985 2158 3183 2222 Electi
3206 2177 3356 2223 vero
3376 2158 3501 2222 col-

403 2264 468 2319 et
497 2257 674 2338 quod
723 2257 789 2318 in
839 2256 1053 2321 medio
1101 2257 1400 2320 Ecclesiae
1449 2267 1897 2336 commoretur,
2011 2259 2203 2320 latam
2234 2256 2603 2321 custodiunt
2630 2257 3001 2336 gratiam,et
3030 2275 3145 2338 per
3174 2256 3498 2319 caritatem
3532 2279 3791 2328 ωσι-,σιμ

399 2355 575 2437 quod
639 2355 790 2418 item
853 2355 1214 2419 invisibiles
1273 2355 1485 2419 hostes
1544 2356 1901 2420 animarum
2013 2375 2210 2419 unum
2256 2363 2402 2418 sunt
2443 2355 2779 2437 mysticum
2824 2374 3056 2438 corpus
3093 2354 3347 2432 Christi,
3390 2357 3499 2418 sed

407 2461 869 2517 nostrarum-et
895 2454 1064 2518 acies
1109 2454 1410 2518 vitio-rum
1441 2456 1769 2518 evidenter
1798 2456 1904 2518 de—
2013 2464 2076 2519 et
2115 2474 2227 2537 per
2263 2453 2821 2536 contemplationis
2864 2455 3131 2536 gratiam
3176 2455 3503 2519 elevantur

402 2552 590 2634 jiciat
621 2562 685 2615 ct
715 2553 992 2635 expellat
1021 2573 1058 2615 a
1089 2553 1296 2616 nobiS.
2012 2554 2092 2616 ad
2132 2572 2476 2615 summum.

485 2653 652 2712 Ecce
681 2673 837 2713 arca
864 2653 1129 2729 foederis
1150 2655 1419 2714 Domini
1449 2656 1769 2713 antecedet
1801 2674 1906 2713 vos
2093 2655 2467 2714 Sacerdotes
2501 2660 2712 2716 autem
2753 2655 3008 2714 stabant
3049 2673 3241 2730 super
3268 2654 3505 2714 siccam

393 2771 519 2828 per
543 2752 921 2812 Iordanem.
969 2749 1256 2813 Christus
1305 2751 1604 2832 equidem
1648 2760 1908 2833 propter
2015 2755 2310 2822 humum,
2345 2751 2410 2812 id
2442 2759 2559 2828 est,
2595 2749 2843 2815 Christo
2874 2750 3160 2814 omnium
3204 2751 3505 2816 salvatori

93 2866 371 2915 man-,ia
404 2867 524 2914 nos
559 2848 869 2931 baptizari
898 2848 1197 2929 dignatus
1219 2849 1402 2912 estin
1423 2850 1714 2926 Iordane,
1737 2857 1908 2913 tactu
2017 2859 2080 2913 et
2128 2850 2271 2930 ejus
2323 2849 2927 2913 immaculatissimae
2968 2851 3145 2912 carni
3206 2858 3505 2932 tanquam

405 2967 538 3012 suae
589 2947 1012 3011 sanctissimae
1059 2949 1268 3010 carnis
1311 2967 1708 3027 consecranS,
1746 2968 1912 3029 rege-
2021 2947 2440 3011 fundamento
2463 2947 2837 3012 firmissimo
2859 2947 3311 3012 innitebantur.
3337 2949 3510 3013 Chri·
3533 2973 3796 3024 manhu.

405 3049 892 3131 nerativamque
946 3047 1076 3110 vim
1132 3047 1419 3111 tribuens
1460 3049 1666 3131 aquiS,
1710 3067 1912 3112 exem·
1943 3053 1988 3116 C
2021 3055 2154 3110 stus
2197 3046 2369 3110 enim
2411 3056 2505 3110 est
2542 3047 2656 3131 qui
2700 3056 3165 3110 sacramentum
3206 3047 3509 3131 Baptismi

410 3149 590 3232 plum
635 3166 894 3229 quoque
935 3146 1326 3229 suscipiendi
1368 3147 1686 3229 Baptisma
1725 3148 1913 3211 relin-
2024 3147 2325 3224 instituit,
2364 3146 2929 3229 principaliterque
2969 3146 3262 3230 baptizat.

1633 3534 2285 3620 ARTICULUS
2358 3535 2526 3619 VII

591 3781 982 3829 EXPLANATIO
1027 3780 1375 3826 LITTERALIS
1417 3781 1693 3827 CAPITULI
1731 3780 1957 3835 QUARTI
2001 3781 2014 3826 :
2063 3781 2277 3835 QUIBUS
2321 3782 2791 3841 TRANSGRESSIS,
2839 3782 3005 3827 mxu*
3047 3782 3331 3827 nouimus.

559 4032 726 4096 UNC
776 4032 981 4112 magis
1029 4032 1448 4095 determinate
1507 4030 1908 4107 describitur,
2023 4038 2120 4093 est
2165 4031 2307 4094 ideo
2346 4031 2608 4109 dictum,
2654 4032 2956 4114 quoniam
2998 4032 3375 4096 electionem
3420 4033 3514 4097 fa-

577 4130 857 4213 qualiter
886 4130 1163 4213 populus
1193 4130 1383 4193 Israel
1413 4129 1824 4212 pertransivit
1854 4137 1917 4192 et
2025 4136 2190 4193 ctam
2242 4130 2323 4193 ab
2372 4130 2539 4206 aliis,
2592 4130 2967 4212 acceptavit,
3021 4132 3121 4194 vel
3174 4132 3324 4214 quia
3371 4132 3513 4213 ejus

414 4230 618 4296 exivit
665 4231 1028 4293 Iordanem.
1077 4232 1322 4299 Quibus
1374 4232 1809 4307 cransyressis,
1852 4229 1915 4291 id
1949 4228 1998 4289 D
2024 4228 2398 4293 auctoritate
2435 4248 2506 4291 ac
2543 4228 2830 4310 jussione
2860 4248 2897 4289 a
2930 4229 3169 4311 populo
3208 4237 3357 4291 sunt
3394 4230 3516 4293 ele-

416 4340 538 4407 est,
576 4349 776 4411 quum
812 4330 1154 4412 populares
1185 4328 1678 4410 pertransissent
1705 4328 1919 4391 Jorda-
2027 4328 2134 4391 cti.
2185 4331 2272 4389 Et
2310 4330 2590 4407 praecipe
2632 4328 2749 4397 eis,
2790 4338 2862 4388 ut
2909 4330 3139 4389 tollant
3184 4332 3263 4388 de
3305 4333 3515 4391 medio

419 4449 592 4506 nem,
628 4430 808 4490 dimit
837 4431 1158 4489 Dominus
1189 4431 1277 4488 ad
1302 4432 1490 4489 Josue
1509 4449 1531 4487 .·
1551 4430 1742 4505 Eliye
1770 4432 1921 4487 duo-
2023 4428 2333 4489 Iordanis
2371 4431 2575 4497 alveO,
2607 4427 2721 4487 ubi
2756 4435 3068 4487 steterunt
3092 4430 3281 4503 pedes
3316 4449 3517 4489 sacer-

409 4530 632 4593 decim
681 4529 883 4597 vir-08,
931 4529 1222 4603 sinyulos
1267 4530 1346 4586 de
1389 4528 1668 4603 sinyulis
1720 4528 1920 4587 triba·
2027 4530 2274 4597 dotum,
2316 4528 2655 4586 duodecim
2684 4526 3067 4585 durissimos
3100 4528 3368 4604 lapides,
3401 4526 3515 4607 qui

143 4646 266 4697 ψη
288 4641 385 4682 ein·
416 4630 561 4697 hus,
599 4628 624 4651 *
685 4625 748 4687 id
810 4634 908 4689 est
967 4625 1046 4692 de
1108 4624 1396 4707 qualibet
1467 4623 1634 4686 tribu
1695 4643 1916 4686 unum.
2030 4624 2140 4685 diu
2173 4621 2422 4704 possint
2451 4622 2679 4683 durare
2702 4620 2767 4682 in
2790 4620 3163 4683 memoriam
3184 4622 3377 4701 hujus
3409 4623 3519 4684 mi-

103 4703 387 4756 qumis-ibus
417 4724 813 4789 Praecedenti
864 4732 1076 4786 autem
1138 4723 1421 4805 capitulo
1468 4723 1654 4787 Josue
1703 4722 1794 4785 ait
1843 4724 1922 4785 ad
2031 4721 2269 4797 raculi3
2304 4742 2456 4800 quos
2490 4722 2741 4797 ponetis
2773 4722 2844 4779 in
2878 4724 3008 4779 loco
3036 4729 3421 4791 castrorum,
3453 4720 3518 4783 id

167 4842 385 4885 mae-n.
421 4824 602 4887 filios
653 4822 844 4885 lsrael
901 4840 915 4884 :
970 4823 1190 4884 Parate
1239 4820 1572 4885 duodecim
1624 4822 1796 4885 viros
1847 4822 1924 4884 de
2033 4830 2128 4884 est
2159 4838 2505 4883 cuneorum
2540 4826 2917 4893 vestrorum,
2944 4820 3059 4879 ubi
3088 4821 3371 4896 fi'oeeritis
3400 4824 3522 4881 hae

123 4908 183 4946 ¹²·
423 4922 724 4987 tribubus
756 4920 970 4997 lsrael,
1005 4920 1292 5001 singulos
1345 4938 1458 5001 per
1506 4920 1790 5000 singulas
1825 4919 1927 4980 tri·
2034 4930 2213 4981 noete
2246 4920 2539 4989 tentoria,
2565 4918 2628 4979 id
2660 4923 2775 4993 est,
2803 4914 2912 4977 ubi
2946 4924 3130 4979 nocte
3162 4916 3324 4978 hanc
3355 4917 3523 4980 diem

423 5024 570 5085 buS.
617 5021 708 5081 Ex
749 5038 880 5101 quo
927 5019 1218 5097 habetur,
1253 5019 1424 5102 quod
1473 5017 1648 5083 dedit
1692 5018 1927 5100 populo
2038 5026 2346 5101 sequente
2374 5016 2735 5098 quiescetis,

422 5118 976 5195 commissionem,
1013 5127 1080 5181 ut
1128 5119 1430 5199 quaelibet
1479 5118 1678 5180 tribus
1733 5138 1928 5179 unum
2143 5119 2516 5195 Vos-avitqzw
2547 5119 2735 5175 ‚sesne
2768 5114 3105 5173 duodecim
3150 5115 3339 5184 υἰνοε,
3374 5138 3531 5195 quos

417 5219 697 5297 ,eligeret
727 5236 804 5279 ex
834 5236 924 5279 se.
960 5216 1137 5290 Quod
1170 5235 1319 5295 ergo
1369 5238 1537 5279 nunc
1570 5217 1804 5279 dicitur
1840 5218 1934 5279 ,Ιο-
2039 5223 2311 5293 eloym-ac
2340 5218 2418 5274 de
2448 5214 2609 5290 filiis
2638 5214 2865 5280 Israel,
2891 5209 3014 5286 vcl,
3053 5218 3121 5271 ut
3150 5210 3350 5292 aliqui
3386 5211 3531 5275 libri

429 5335 549 5380 suc
568 5315 747 5379 viros
772 5314 1114 5379 duodecim
1136 5314 1425 5394 elegisse,
1449 5316 1935 5397 intelligendum
2043 5314 2303 5389 habent,
2334 5312 2655 5390 elegerant
2680 5326 2695 5369 ι
2722 5306 2867 5369 illos
2899 5306 3071 5371 enim
3102 5308 3295 5390 elegit
3320 5311 3529 5389 Josuc‚
