4359 6250
989 533 1338 580 ENARRATlo
1381 535 1442 580 IN
1484 535 1620 582 GAP.
1667 535 1734 580 111
1778 507 1934 580 minu
1975 535 2144 580 Pium
2188 535 2411 582 REGmu.
2456 554 2537 563 —
2578 536 2719 581 Aur.
2772 536 2853 581 vn

3340 517 3456 580 277

1458 947 2111 1033 ARTICULUS
2190 949 2354 1032 VII

659 1221 978 1268 Exposrrto
1022 1222 1372 1268 LITTERALIS
1415 1222 1688 1267 CAPrruu
1729 1221 1930 1267 TERTII
1976 1221 1989 1266 :
2037 1223 2195 1269 PUER
2237 1224 2443 1270 AUTEM
2488 1226 2725 1271 SAMUEL
2766 1227 3177 1274 MINISTRABAT

1567 1319 1796 1366 DOMINO
1842 1319 2046 1367 CORAM
2089 1320 2249 1366 HELI-

501 1597 916 1661 ECITATUR
971 1599 1098 1677 hic,
1152 1599 1429 1682 qualiter
1488 1597 1857 1681 praescripta
1888 1595 1939 1657 A
1967 1597 2186 1675 atoris,
2223 1597 2688 1662 invariabiliter
2730 1620 2805 1664 ac
2847 1601 3320 1683 sapientissime
3362 1613 3459 1667 est

516 1694 874 1778 increpatio
917 1706 980 1761 et
1021 1698 1384 1780 reprobatio
1418 1697 1555 1760 Heli
1600 1695 1858 1779 pontifi-

360 1794 472 1871 cis»,
509 1794 706 1856 etiam
739 1794 1148 1860 manifestata
1191 1797 1276 1858 sit
1307 1796 1607 1873 samueli,
1643 1804 1705 1858 et
1746 1813 1860 1876 per

363 1891 723 1955 Samuelem
756 1894 1086 1976 pontifici3
1127 1895 1443 1977 promotio
1475 1911 1730 1976 quoque
1756 1892 1857 1955 Sa-

363 1989 596 2052 muelis
629 1992 710 2054 ad
738 1992 1008 2071 gratiam
1041 1993 1504 2075 prophetalem.
1538 1996 1718 2054 Puer
1743 2011 1858 2050 au-

363 2099 479 2150 tem
538 2093 813 2151 Samuel
863 2092 1276 2152 ministrabat
1320 2092 1593 2153 Domino
1642 2110 1858 2150 coram

363 2188 538 2259 Heli,
572 2197 636 2248 ec
680 2209 886 2249 sermo
931 2191 1203 2250 Domini
1243 2200 1384 2250 erat
1416 2191 1763 2266 pretiosuS,
1792 2187 1858 2250 id

363 2293 476 2361 est,
511 2283 889 2348 difficulter
910 2286 1188 2350 obtineri
1221 2295 1469 2369 poterat
1497 2287 1716 2351 divina
1748 2306 1859 2348 seu

364 2382 766 2465 prophetalis
793 2385 1124 2467 responsio
1146 2386 1224 2449 ad
1249 2385 1634 2466 interrogata
1652 2405 1724 2448 ae
1746 2385 1860 2447 du-

365 2481 488 2543 bia.
507 2482 702 2545 Pauci
735 2502 994 2565 quoque
1025 2493 1177 2547 tune
1207 2491 1389 2546 erant
1410 2484 1520 2565 qui
1550 2483 1858 2566 populum

363 2579 708 2643 salubriter
740 2579 1197 2645 informabant.
1216 2586 1298 2644 In
1321 2584 1543 2642 diebus
1564 2583 1702 2641 illis
1729 2602 1858 2643 non

361 2689 498 2740 erac
529 2681 698 2740 visio
729 2671 1084 2757 manifesta
1115 2703 1138 2740 .·
1169 2681 1322 2762 quia
1357 2680 1476 2743 etsi
1515 2681 1708 2743 alicui
1749 2678 1861 2742 fie-

1969 1695 2292 1759 decretum
2338 1717 2411 1761 ac
2455 1697 2819 1778 definitum,
2857 1702 3112 1780 quando
3152 1710 3214 1764 et
3243 1702 3351 1764 ubi
3384 1723 3457 1766 ac

1967 1794 2243 1874 qualiter
2286 1795 2597 1858 miracula
2633 1805 2697 1859 et
2736 1797 2929 1860 ceteri
2969 1799 3336 1863 miraculosi
3366 1801 3458 1863 ef-

1970 1889 2173 1954 fectus
2219 1894 2615 1974 contingant.
2652 1893 2754 1957 Sic
2793 1913 3049 1976 quoque
3078 1897 3156 1959 de
3186 1893 3457 1980 prophe-

1969 1990 2111 2053 ticis
2143 1990 2501 2054 visionibus
2533 2001 2629 2054 est
2660 1993 3028 2056 tenendum.

2049 2093 2321 2152 Factum
2364 2101 2453 2151 est
2496 2111 2643 2168 erqo
2692 2094 2765 2153 in
2808 2094 2917 2152 die
2964 2097 3277 2172 quadam,
3307 2097 3461 2156 Heli

1953 2190 2215 2266 jacebat
2245 2191 2319 2250 in
2349 2194 2478 2250 loco
2508 2210 2645 2262 suo,
2673 2189 2735 2252 id
2768 2199 2865 2253 est
2896 2191 2962 2252 in
2997 2191 3159 2255 lecto
3190 2213 3302 2256 seu
3335 2194 3463 2255 tha-

1971 2286 2138 2350 lamo
2158 2287 2335 2368 juxta
2359 2287 2863 2366 tabernaculum,
2887 2291 2965 2352 ad
2989 2291 3456 2370 dormiendum,

1968 2394 2027 2444 et
2056 2387 2231 2445 oculi
2268 2387 2409 2463 ejus
2448 2389 2915 2464 caliyavera-nt,
2950 2407 3081 2470 prae
3111 2399 3459 2469 senectute,
3542 2389 3545 2394 ’

1971 2502 2045 2546 ex
2065 2483 2287 2562 organi
2308 2483 2807 2566 indispositione.
2822 2485 3060 2568 Alioqui
3081 2487 3133 2549 si
3156 2498 3457 2569 organum

1971 2581 2145 2644 visus
2178 2581 2245 2644 in
2280 2601 2431 2645 sene
2465 2591 2631 2645 esset
2663 2583 3043 2666 dispositum
3077 2587 3241 2649 sicut
3272 2587 3337 2650 in
3364 2589 3461 2670 ju-

1971 2698 2154 2757 vene,
2193 2688 2319 2741 tam
2366 2680 2535 2745 clare
2573 2681 2819 2744 videret
2858 2701 3050 2746 senex
3083 2692 3153 2746 ut
3180 2685 3455 2766 juveniS,

361 2777 468 2838 bat
516 2777 832 2842 revelatio
879 2779 1273 2861 prophetica,
1309 2779 1474 2842 sicut
1521 2779 1588 2841 in
1636 2799 1862 2861 praece-
1893 2779 1939 2840 B
1971 2787 2040 2840 ut
2069 2778 2156 2841 ait
2188 2779 2632 2861 PhilosophuS.
2670 2783 2804 2843 Nec
2824 2791 3079 2858 poterat
3120 2784 3336 2844 videre
3364 2789 3463 2844 la-

363 2877 538 2939 denti
571 2876 860 2958 capitulo
883 2877 1122 2941 dietum
1151 2887 1247 2942 est
1265 2879 1345 2941 de
1364 2878 1503 2942 viro
1523 2878 1634 2941 Dei
1665 2879 1860 2940 misso

362 2977 438 3038 ad
481 2975 647 3052 Heli,
689 2976 812 3039 hoc
864 2983 1017 3039 'tunc
1062 2996 1204 3040 raro
1251 2985 1314 3039 et
1357 2985 1596 3040 secrete
1637 2975 1856 3040 fiebat.

361 3073 558 3138 Omne
600 3082 821 3138 autem
861 3094 1099 3153 rarum,
1135 3083 1233 3140 est
1272 3076 1647 3159 pretiosum,
1681 3077 1863 3139 dum-

363 3174 552 3236 modo
581 3173 669 3235 sit
699 3172 1078 3255 appetibile.
1115 3174 1294 3238 Circa
1325 3174 1461 3238 haec
1503 3175 1726 3238 scribit
1755 3176 1864 3257 Ly-

366 3292 430 3333 ra
485 3289 500 3333 ε
552 3272 822 3353 Propter
877 3272 1191 3335 malitiam
1243 3273 1528 3337 filiorum
1588 3275 1747 3352 Heli,
1801 3282 1861 3337 et

369 3370 827 3452 negligentiam
861 3372 1060 3453 patris
1101 3391 1320 3435 eorum
1359 3373 1422 3434 in
1459 3372 1858 3454 corrigend0‚

367 3456 780 3533 cessaverunt
833 3469 1256 3535 revelationes
1307 3480 1370 3533 et
1418 3470 1862 3553 responsiones

369 3566 644 3629 Domini.
677 3566 858 3630 Unde
892 3567 957 3629 in
989 3568 1251 3632 Hebraeo
1289 3568 1559 3631 habetur
1594 3586 1608 3631 :
1646 3568 1864 3631 Sermo

368 3665 620 3729 Domini
655 3673 794 3728 erat
823 3665 1187 3747 prohibitus
1221 3675 1284 3729 et
1323 3666 1676 3730 obturatus.
1711 3667 1866 3730 Con—

371 3771 464 3825 tra
489 3782 640 3845 quae
670 3763 868 3845 objici
900 3772 1132 3846 potest,
1157 3765 1310 3845 quia
1340 3768 1437 3843 (ut
1468 3764 1692 3827 dicunt
1711 3765 1864 3828 Tho-

369 3881 502 3925 mas
521 3870 586 3925 et
608 3862 752 3942 alii)
772 3861 1068 3944 quamvis
1101 3862 1423 3925 interdum
1455 3862 1682 3945 puniat
1704 3864 1866 3927 Deus

1969 2897 2231 2938 cernam
2253 2879 2389 2946 Dei,
2406 2867 2752 2957 antequam
2780 2881 3314 2956 eoestinquerecur.
3336 2882 3464 2946 Hoc

1970 2975 2171 3057 aliqui
2202 2976 2295 3040 sic
2314 2983 2653 3057 exponunt,
2668 2977 2841 3058 quod
2875 2995 3000 3040 non
3033 2987 3279 3060 poterat
3298 2980 3467 3045 vide-

1972 3094 2038 3137 re
2071 3074 2139 3136 in
2171 3074 2296 3152 die,
2323 3075 2577 3156 quando
2610 3074 2874 3138 lucerna
2906 3075 3302 3141 tabernaculi
3332 3088 3467 3143 erat

1972 3174 2302 3237 exstincta.
2337 3173 2462 3235 Alii
2493 3172 2586 3236 sic
2621 3192 2635 3235 :
2669 3174 2803 3237 Non
2837 3183 3084 3257 poterat
3114 3178 3331 3240 videre
3360 3198 3467 3241 an-

1972 3282 2035 3335 te
2082 3272 2275 3349 diem,
2312 3272 2569 3354 quando
2614 3272 2877 3335 lucerna
2919 3274 3459 3356 exstinguebatur.

1972 3371 2118 3446 Quae
2148 3370 2577 3453 expositiones
2608 3368 2895 3434 ohscurae
2925 3380 3094 3448 sunt,
3115 3381 3177 3435 et
3207 3382 3465 3439 extortoe

1971 3472 2293 3533 videntur.
2329 3468 2591 3543 Quidam
2638 3486 2789 3549 ergo
2827 3470 3028 3551 magis
3068 3472 3146 3533 ad
3187 3472 3460 3537 litteram

1973 3578 2036 3632 et
2085 3567 2322 3631 clarius
2367 3568 2460 3630 sic
2503 3576 2855 3649 exponunt,
2901 3570 3071 3650 quod
3123 3589 3251 3633 non
3294 3573 3466 3637 vale-

1973 3667 2081 3730 bat
2121 3666 2339 3730 videre
2374 3666 2697 3729 lucernam
2738 3666 2945 3729 adhuc
2984 3668 3311 3732 ardentem
3352 3690 3462 3735 seu

1975 3767 2316 3842 lucentem,
2369 3772 2629 3847 propter
2672 3764 2847 3828 visus
2894 3764 2990 3827 sui
3044 3766 3461 3848 debilitatem,

1963 3863 2509 3947 quemadmodum
2533 3862 2902 3945 vespertilio
2934 3862 3140 3928 lucem
3175 3866 3301 3929 diei
3333 3870 3465 3950 pati

369 3980 568 4023 unum
614 3978 732 4042 pro
775 3968 1038 4042 peccato
1083 3961 1346 4024 alterius
1391 3962 1458 4024 in
1505 3963 1867 4045 temporali·
1897 3966 1940 4029 C
1979 3982 2104 4027 non
2155 3969 2385 4044 potest.
2432 3960 2549 4024 Sed
2595 3960 2745 4023 huic
2788 3960 3171 4043 expositioni
3211 3982 3467 4046 quoque

371 4058 510 4135 bu3‚
547 4076 680 4122 non
715 4067 928 4121 tamen
968 4058 1037 4121 in
1081 4060 1545 4142 spiritualibus
1583 4060 1868 4142 Denique

375 4156 772 4240 temporibus
821 4156 1143 4235 Manassae,
1190 4158 1416 4236 Amon,
1465 4168 1528 4221 et
1579 4157 1865 4223 filiorum

371 4255 573 4332 Josiae,
599 4262 738 4317 erat
767 4255 971 4318 multo
1003 4256 1210 4338 major
1242 4256 1548 4339 iniquitas
1580 4258 1868 4321 sacerdo-

374 4360 527 4431 tum,
575 4353 711 4415 imo
761 4362 825 4416 et
871 4353 1120 4436 populi,
1169 4373 1362 4435 quam
1411 4362 1696 4439 tempore
1745 4356 1866 4421 isto

375 4451 508 4515 Heli
545 4469 559 4513 :
594 4459 662 4514 et
693 4460 907 4513 tamen
939 4460 1090 4514 tunc
1121 4460 1303 4515 erant
1343 4454 1526 4515 multi
1560 4462 1623 4516 et
1651 4454 1865 4536 magni

373 4548 725 4632 Prophetae‚
769 4556 832 4611 et
875 4548 1158 4612 visiones
1208 4558 1461 4631 apertae,
1505 4550 1576 4613 ut
1625 4552 1866 4633 patebit

375 4645 539 4709 infra
589 4646 759 4710 libro
806 4656 1060 4728 quarto,
1111 4656 1174 4710 et
1224 4650 1503 4713 seeundo
1542 4650 1864 4732 Paralipo-

375 4764 630 4821 menon,
663 4752 854 4827 atque
904 4744 1274 4827 frequenter
1317 4747 1383 4808 in
1431 4748 1722 4811 Ieremia.
1757 4750 1870 4811 As-

375 4842 654 4925 seritque
713 4842 915 4905 Rabbi
973 4843 1227 4920 PauluS,
1289 4843 1634 4908 dictionem
1693 4846 1867 4909 illam

377 4940 770 5018 Hebraicam,
814 4958 930 5021 pro
974 4959 1101 5021 qua
1143 4941 1560 5025 Hieronymus
1608 4953 1874 5008 transtu-

380 5038 472 5115 lit,
503 5039 850 5115 PretiosuS,
887 5058 1014 5102 non
1057 5038 1427 5119 significare
1473 5042 1596 5104 nisi
1641 5046 1876 5126 pretio-

1976 4060 2299 4144 objieitur,
2336 4060 2508 4140 quod
2548 4076 2736 4122 nemo
2784 4067 2912 4121 tam
2952 4060 3227 4125 debilem
3276 4063 3469 4126 hahet

1975 4160 2209 4235 visum,
2246 4176 2363 4220 nec
2394 4158 2483 4219 ita
2512 4157 2851 4220 caecutiens
2882 4166 2999 4237 est,
3036 4160 3195 4241 quin
3231 4160 3465 4225 clarius

1975 4258 2189 4321 videat
2238 4257 2561 4319 lucernam
2613 4257 2940 4320 ardentem
2993 4277 3185 4339 quam
3231 4261 3468 4323 exstin-

1975 4365 2164 4419 ctam.
2200 4356 2359 4417 Hinc
2388 4356 2738 4417 secundum
2778 4355 3140 4437 Magistrum
3173 4356 3239 4420 in
3272 4358 3469 4423 histo-

1976 4454 2111 4531 riis,
2147 4453 2389 4517 Hebraei
2422 4452 2828 4533 distinguunt
2855 4463 2917 4516 et
2949 4464 3303 4537 punctuant
3332 4458 3421 4520 ita
3447 4477 3461 4520 τ

1977 4554 2110 4616 Non
2164 4560 2411 4633 poterat
2459 4552 2679 4614 videre
2718 4576 2732 4627 3
2789 4552 3019 4615 deinde
3068 4554 3468 4635 subjungunt

1979 4651 2327 4715 seeundum
2378 4650 2747 4714 Hebraieam
2796 4650 3149 4729 veritatem,
3184 4653 3469 4717 Lucerna

1979 4749 2229 4814 Domini
2284 4749 2567 4812 nondum
2621 4748 3142 4827 exstinguebatur
3187 4767 3200 4811 :
3248 4751 3469 4833 sieque
3538 4800 3543 4806 .

1979 4854 2404 4928 congruenter
2464 4845 2893 4928 subjungitur,
2949 4846 3198 4909 Samuel
3257 4858 3467 4913 autem

1981 4946 2485 5011 dormiebat-Bis
2517 4944 2860 5008 concordat
2879 4944 3049 5026 quod
3082 4944 3246 5009 libro
3268 4948 3346 5011 de
3366 4950 3476 5013 He-

1984 5044 2217 5107 braicis
2248 5042 2710 5125 quaestionibus
2751 5040 3007 5103 dicitur.
3041 5042 3117 5105 Et
3164 5044 3328 5107 idem
3370 5066 3478 5129 ap-

384 5156 542 5198 sum.
578 5138 802 5219 ltaque
831 5138 1009 5218 juxta
1037 5138 1394 5201 doctrinam
1427 5141 1762 5221 Augustini
1806 5144 1876 5206 li·
1905 5156 1956 5217 D
1988 5143 2215 5226 probat
2256 5143 2438 5224 Lyra,
2480 5141 2784 5221 additque
2819 5157 2833 5201 τ
2870 5140 3223 5206 Translatio
3263 5155 3479 5210 nostra

387 5234 500 5299 bro
520 5236 602 5298 de
621 5235 890 5299 Civitate
913 5236 1038 5313 Dei,
1053 5236 1304 5299 videtur
1334 5238 1688 5317 dicendum,
1705 5244 1876 5323 quod

1987 5242 2239 5306 videtur
2270 5242 2391 5304 hoc
2423 5240 2562 5304 loco
2603 5247 2899 5320 corrupta
2937 5258 3051 5321 per
3091 5240 3475 5324 imperitiam

389 5335 548 5416 apud
573 5343 872 5399 aeternam
899 5342 962 5397 et
987 5334 1313 5400 infinitam
1343 5338 1720 5420 sapientiam
1743 5342 1881 5405 Cre-
1990 5346 2443 5415 correctorum,
2498 5338 2608 5419 qui
2658 5338 2816 5401 duos
2868 5356 3088 5401 vcrsus
3138 5341 3481 5422 conjunxe-
