4359 6250
955 526 1302 573 rnanum
1347 527 1407 572 1N
1450 527 1586 573 mr.
1633 527 1740 572 vm
1782 527 1939 573 unm
1981 529 2232 575 sacurem
2274 529 2497 576 nauum.
2543 548 2624 558 —
2663 530 2805 575 Anr.
2852 529 2931 576 xv
3366 510 3479 574 491

385 695 589 757 David
625 696 934 777 populum
967 694 1156 756 Israel
1189 693 1428 777 eripuit
1459 714 1496 756 a
1528 694 1766 758 tributo
1796 701 1888 757 at·
1915 694 1967 756 A
1995 717 2334 759 curruum.
2387 698 2502 760 Per
2548 717 2769 780 equoS‚
2824 699 2935 779 qui
2986 699 3288 762 animalia
3336 706 3483 760 sunt

381 813 518 874 que
555 793 863 876 obsequio
895 792 1398 868 philistinorum,
1443 802 1541 856 est
1581 812 1888 877 praemon-
1996 795 2242 858 velocia
2270 803 2332 858 et
2362 795 2642 873 robusta,
2678 797 3047 877 designatur
3077 816 3342 861 acumen
3374 797 3486 859 hu-

380 901 682 968 stratum,
719 893 890 974 quod
935 911 1042 954 rex
1083 892 1336 955 Messias
1377 893 1687 974 populum
1722 893 1788 954 in
1819 911 1886 956 se
1997 894 2168 955 mani
2203 894 2467 973 ingenii,
2489 895 2901 978 praesumptio
2931 895 3480 977 philosophorum,

376 993 753 1055 credentem
775 1001 1018 1057 erueret
1038 993 1118 1056 de
1139 999 1442 1075 potestate
1464 990 1885 1054 invisibilium
1993 993 2104 1073 qui
2154 1013 2268 1074 per
2316 1013 2493 1056 suam
2555 994 2957 1076 prudentiam
3006 993 3298 1058 homines
3344 1002 3483 1056 tan-

377 1091 692 1168 hostium,
733 1092 865 1156 imo
909 1101 975 1154 et
1023 1091 1390 1154 infidelium
1443 1090 1772 1154 hominum
1824 1099 1888 1154 et
1993 1110 2188 1173 quam
2220 1092 2593 1173 quadrigam
2632 1099 2956 1154 traxerunt
2994 1101 3139 1173 post
3178 1111 3245 1155 se
3278 1110 3292 1154 t
3328 1112 3485 1175 quo-

378 1197 803 1270 tyrannorum
850 1198 1328 1273 persecutorum
1370 1188 1690 1265 Ecclesiae,
1725 1207 1886 1270 quos
1994 1210 2135 1252 rum
2187 1190 2381 1252 robur
2431 1190 2737 1253 Dominus
2787 1190 2964 1267 vicit,
2998 1199 3061 1253 et
3104 1191 3481 1273 sapientiam

380 1287 761 1369 frequenter
791 1289 1068 1371 subjecit
1103 1289 1236 1350 suis
1271 1287 1598 1350 fidelibus,
1633 1286 1884 1350 Etenim
1997 1289 2151 1352 fecit
2182 1288 2542 1366 stultitiam,
2567 1307 2953 1371 omnemque
2982 1288 3384 1354 altitudinem
3416 1310 3483 1353 se

375 1387 534 1448 dum
570 1407 930 1469 peccamus,
966 1387 1224 1450 diabolo
1256 1387 1439 1468 quasi
1483 1387 1603 1448 sub
1650 1385 1885 1449 tributo
1994 1387 2401 1451 extollentem
2443 1396 2664 1451 eontra
2696 1388 2851 1451 l'idei
2886 1388 3216 1452 veritatem
3259 1388 3485 1452 confu-

379 1487 806 1562 servimuS,et
833 1486 913 1549 ab
936 1506 1011 1550 eo
1045 1486 1217 1567 capti
1245 1495 1558 1548 tenemur.
1581 1485 1699 1548 Sed
1733 1486 1884 1547 dum
1993 1487 2108 1563 dit,
2143 1487 2682 1568 quemadmodum
2724 1488 2812 1549 ait
2840 1487 3180 1568 Apostolus
3217 1505 3230 1549 :
3263 1487 3484 1550 Nonne
3510 1510 3523 1553 ι
3546 1511 3775 1562 ου’-...εει

381 1585 514 1647 Deo
543 1585 895 1648 auxiliante
925 1582 1389 1647 tentationibus
1420 1603 1493 1647 ac
1525 1583 1696 1646 vitiis
1729 1603 1886 1666 prae-
1995 1586 2254 1648 stultam
2288 1585 2438 1648 fecit
2468 1586 2633 1648 Deus
2666 1585 3043 1669 sapientiam
3073 1585 3264 1668 hujus
3302 1606 3487 1649 mun-

383 1681 699 1759 valemuS,
736 1682 933 1746 servit
966 1682 1151 1746 nobis
1182 1682 1384 1746 hostis
1417 1682 1528 1744 ille
1557 1681 1880 1763 antiquuS,
1996 1685 2104 1747 dit
2135 1685 2313 1748 Unde
2344 1685 2638 1767 promisit
2669 1684 3003 1767 discipulis
3040 1702 3054 1746 ε
3090 1685 3262 1748 Dabo
3301 1685 3485 1750 vobis
3512 1707 3779 1759 mamas.

99 1795 346 1844 Rom-vm.
383 1782 697 1863 quoniam
740 1781 1246 1845 machinationes
1285 1782 1425 1862 ejus
1466 1787 1887 1862 cooperantur
1994 1803 2064 1846 os
2097 1792 2159 1847 et
2188 1782 2590 1866 sapientiam,
2612 1784 2714 1847 cui
2750 1802 2876 1846 non
2910 1792 3209 1865 poterunt
3240 1783 3488 1847 resiste-

79 1859 142 1898 ᾗ·
387 1880 578 1944 nobis
612 1881 677 1942 in
710 1881 974 1944 bonum.
1920 1888 1967 1949 B
1997 1901 2062 1944 re
2092 1891 2154 1944 et
2184 1883 2619 1945 contradicere
2647 1901 2869 1944 omnes
2896 1882 3243 1945 adversarii
3266 1883 3482 1946 vestri.

469 1983 556 2040 Et
576 1981 897 2057 percussit
927 1981 1139 2042 Moab.
1173 1979 1288 2042 Per
1319 1977 1518 2054 Moab,
1553 1977 1666 2059 qui
1701 1977 1888 2039 inter·
1993 1984 2080 2042 Ec
2114 1984 2267 2042 tulit
2296 1984 2515 2042 David
2544 2002 2733 2042 arma.
2761 2001 2963 2041 aurea
2990 1992 3049 2042 ec
3082 1992 3348 2060 torques.
3386 1982 3487 2045 Sic

386 2085 698 2159 pretatur,
744 2098 820 2140 ex
869 2087 1069 2159 patre,
1119 2077 1535 2157 designantur
1582 2075 1762 2157 impii
1815 2095 1886 2138 ac
1997 2078 2283 2141 Salvator
2311 2079 2528 2142 omnia
2560 2079 2875 2141 naturalia
2905 2080 3091 2156 dona,
3125 2088 3187 2142 et
3218 2079 3487 2161 acquisi-

383 2175 675 2258 superbi‚
697 2177 778 2239 de
809 2176 1046 2259 quibus
1079 2176 1146 2236 in
1181 2175 1524 2256 Evangelio
1555 2175 1645 2236 ait
1676 2173 1888 2236 Salva-
1997 2185 2088 2238 tas
2115 2177 2525 2254 scientiaS,ac
2548 2185 2945 2240 venustatem
2969 2178 3297 2240 rhetoricas
3320 2178 3485 2240 intu-

81 2288 350 2335 Joannmn.
387 2285 488 2338 tor
523 2292 537 2336 ε
573 2275 699 2337 Vos
731 2295 808 2338 ex
837 2283 1015 2356 patre
1046 2274 1302 2338 diabolo
1343 2273 1519 2336 estiS.
1553 2273 1674 2335 Hos
1715 2272 1886 2335 Chri·
1996 2275 2072 2337 lit
2101 2295 2232 2338 suae
2261 2276 2581 2352 Ecclesiae,
2605 2285 2674 2338 ut
2706 2276 2931 2339 fideles
2962 2276 3195 2339 talibus
3229 2285 3485 2339 utantur

81 2355 144 2395 ⁴⁴·
385 2383 522 2436 stus
576 2373 840 2436 metitur
895 2372 1207 2449 funiculo,
1246 2373 1309 2434 id
1355 2378 1472 2448 est,
1507 2371 1676 2452 juste
1724 2370 1887 2451 judi·
1997 2373 2337 2438 salubriter
2368 2383 2591 2438 contra
2621 2375 2973 2451 haereticOS,
3008 2384 3072 2438 et
3110 2375 3373 2437 abstulit
3411 2396 3487 2440 ea

383 2481 510 2548 cat,
540 2473 724 2554 juxta
753 2473 923 2552 quod
961 2480 1427 2554 promerentur.
1452 2469 1628 2532 Unde
1659 2477 1722 2532 et
1751 2468 1839 2530 ait
1865 2487 1879 2530 :
1993 2471 2459 2555 ingratiS,quos
2481 2473 2701 2536 statuit
2723 2474 2785 2536 in
2810 2473 3083 2549 inferno,
3106 2473 3214 2536 ubi
3239 2493 3366 2537 non
3388 2484 3483 2538 est
3552 2500 3775 2550 rectam,

103 2585 348 2638 uanam,
382 2570 519 2645 Qua
567 2589 869 2634 mensura
925 2571 1132 2633 mensi
1191 2569 1464 2644 fueritiS,
1517 2568 1885 2631 remetietur
1993 2571 2327 2653 sapientia,
2356 2591 2472 2634 nec
2504 2573 2791 2650 scientia,
2819 2592 3027 2654 neque
3056 2573 3419 2636 consilium.
3515 2558 3580 2597 ¹⁰·

87 2651 108 2676 ⁴
385 2669 596 2734 vobis,
638 2667 806 2742 Quos
855 2677 1039 2732 terrae
1088 2677 1396 2750 coaequat,
1445 2669 1600 2748 quia
1646 2677 1882 2748 quanto
2091 2674 2276 2732 Venit
2306 2692 2553 2750 quoque
2580 2674 2787 2749 Syria
2817 2674 3124 2733 Damasci
3160 2682 3233 2732 ut
3256 2676 3483 2750 praesi-

381 2768 578 2831 altius
609 2788 678 2830 se
711 2767 1046 2844 extollunt,
1084 2776 1261 2831 tanto
1302 2765 1684 2848 profundius
1729 2767 1885 2847 deji-
1990 2771 2179 2830 dium
2210 2771 2409 2847 ferret
2428 2773 2781 2832 Adarezer.
2808 2770 2909 2833 Sic
2939 2771 3261 2853 principes
3293 2790 3483 2833 saecu-

382 2868 474 2931 cit
503 2887 635 2942 eOS,
659 2867 748 2928 ita
779 2875 850 2928 ut
875 2865 1078 2929 velint
1110 2866 1336 2943 nolint,
1359 2864 1669 2928 vilitatem
1703 2883 1882 2926 suam
1993 2868 2060 2944 li,
2099 2868 2464 2950 philosophi
2514 2877 2704 2950 atque
2754 2869 3055 2946 haeretici,
3101 2869 3484 2951 adjuverunt

91 2979 348 3029 Gemmas.
382 2967 644 3028 tandem
677 2973 1048 3046 agnoscant,
1069 2973 1132 3028 et
1153 2965 1432 3027 cinerem
1457 2981 1530 3026 ac
1553 2963 1881 3044 pulverem
1994 2985 2060 3030 se
2092 2977 2314 3030 mutuo
2346 2975 2566 3031 contra
2587 2967 2957 3045 Ecclesiam,
2976 2970 3087 3031 sed
3119 2968 3357 3050 pariter
3377 2969 3485 3031 de-

381 3085 525 3130 esse
575 3085 644 3128 se
690 3064 1044 3139 fateantur3
1087 3073 1152 3128 et
1196 3064 1364 3127 istud
1410 3072 1506 3126 est
1550 3063 1880 3145 proprium
1919 3063 1961 3127 C
1995 3063 2603 3129 fecerunt.Amlivit
2630 3078 2845 3128 autem
2873 3069 3050 3130 Thou
3080 3088 3196 3129 rex
3214 3069 3478 3129 Ematk.

123 3179 201 3222 ια»
219 3184 348 3233 xm,
383 3166 534 3241 Deo,
565 3164 678 3246 qui
731 3164 822 3226 ait
868 3164 946 3225 ad
992 3163 1108 3226 Job
1146 3181 1159 3225 z
1196 3164 1260 3227 Si
1305 3162 1500 3225 habes
1551 3162 1883 3225 brachium
1990 3164 2104 3226 Per
2136 3164 2307 3226 hunc
2340 3184 2549 3244 regem
2585 3164 2840 3245 figurati
2884 3172 3033 3227 sunt
3066 3166 3387 3248 principes
3420 3174 3483 3228 ct

94 3244 186 3289 ⁶³⁸·
380 3264 554 3327 sicut
599 3263 785 3339 DeuS‚
819 3269 882 3325 et
921 3262 974 3324 si
1016 3262 1214 3324 simili
1251 3280 1406 3325 voce
1450 3270 1654 3338 'tonaS‚
1689 3261 1886 3343 respi-
1991 3270 2339 3355 magnateS,
2373 3264 2484 3344 qui
2527 3264 2731 3345 primo
2770 3265 3177 3327 crediderunt
3207 3264 3274 3327 in
3303 3264 3483 3327 Chri—

381 3363 564 3425 ciens
592 3380 851 3425 omnem
878 3370 1277 3442 arrogantem
1303 3359 1885 3423 humilia.Abscon-
1991 3370 2181 3437 stum,
2217 3368 2281 3423 et
2326 3361 2403 3423 de
2442 3361 2583 3441 ejus
2625 3363 3063 3443 prosperitate,
3098 3362 3479 3443 divulgatio-

379 3462 464 3524 de
495 3479 606 3525 eos
643 3460 710 3522 in
752 3460 1014 3542 pulvere
1059 3459 1276 3535 simul,
1314 3467 1376 3521 et
1421 3458 1618 3522 facies
1664 3477 1882 3521 eorum
1991 3478 2201 3541 neque
2250 3458 2403 3521 fidei
2456 3459 2957 3540 gratulabantur.
3000 3461 3259 3542 Propter
3307 3462 3478 3542 quod

381 3561 684 3638 demerge
716 3559 782 3621 in
809 3559 1083 3623 foveam.
1102 3562 1361 3621 Men-sas
1379 3569 1469 3620 est
1489 3568 1704 3619 autem
1724 3561 1884 3618 duos
1991 3557 2279 3621 subditos
2312 3577 2383 3620 ac
2414 3558 2795 3620 domesticos
2837 3576 2984 3619 suos
3015 3559 3381 3621 direxerunt
3409 3580 3481 3623 ac

99 3671 350 3759 domtus,
379 3660 742 3736 funiculos.
778 3658 881 3721 Sic
925 3657 1123 3719 Filius
1170 3656 1301 3734 Dei,
1337 3657 1440 3720 cui
1487 3674 1675 3719 omne
1717 3656 1885 3736 judi·
1991 3663 2443 3720 converterunt
2491 3656 2567 3717 ad
2624 3655 3034 3733 Salvatorem,
3090 3658 3153 3718 in
3205 3676 3478 3739 quorum

99 3762 144 3773 ⁶·
379 3756 556 3820 cium
602 3755 778 3818 dedit
822 3755 1024 3831 Pater,
1059 3755 1368 3835 quosdam
1411 3754 1642 3835 impios
1683 3772 1754 3815 ac
1787 3772 1884 3814 su·
1991 3754 2287 3817 manibus
2310 3761 2490 3817 erant
2511 3773 2661 3816 vasa
2682 3772 2887 3830 aurea,
2902 3764 3199 3836 argentea
3219 3765 3283 3818 et
3302 3775 3475 3832 aerca,

383 3856 622 3937 perbos
673 3854 882 3933 rigore
928 3853 1192 3933 justitiae
1243 3852 1523 3928 damnat,
1572 3851 1882 3932 quosdam
1993 3853 2056 3915 id
2105 3861 2202 3915 est
2250 3853 2442 3915 corda
2484 3852 2755 3915 diversis
2804 3854 3011 3915 modis
3055 3853 3386 3935 disposita,
3420 3865 3483 3919 et

381 3953 650 4016 dulcore
680 3951 1040 4014 clementiae
1073 3951 1388 4014 convertit
1419 3958 1482 4013 et
1511 3950 1734 4025 salvat,
1770 3950 1880 4031 qui
1991 3952 2191 4031 magis
2222 3970 2293 4013 ae
2326 3950 2541 4013 minus
2576 3951 2840 4030 nobilia,
2872 3970 2984 4014 seu
3014 3953 3181 4016 dona
3214 3954 3481 4017 clariora

101 4065 352 4118 Romanas.
383 4052 574 4133 cujus
597 4049 734 4113 vult
764 4049 1120 4126 miseretur,
1142 4057 1414 4131 etquem
1437 4047 1574 4111 vult
1606 4048 1879 4110 indurat.
1991 4058 2054 4113 et
2097 4050 2486 4127 obscuriora,
2525 4050 2859 4131 sapientia,
2903 4050 3288 4132 eloquentia,
3333 4071 3483 4116 con-

475 4152 564 4211 Ec
607 4148 928 4227 percuss-it
981 4149 1198 4209 David
1244 4150 1574 4208 Adarezer
1622 4149 1880 4226 quando
1990 4148 2425 4230 stantiazquae
2446 4148 2663 4211 omnia
2681 4149 2967 4211 Christus
3000 4150 3123 4213 Deo
3152 4150 3315 4212 Patri
3338 4169 3482 4214 con-

373 4250 710 4327 profectus
735 4256 826 4306 est
857 4256 929 4307 ut
953 4247 1405 4307 dominaretur
1422 4266 1616 4323 super
1636 4248 1880 4321 flumen
1911 4249 1960 4311 D
1991 4248 2282 4325 secravit,
2303 4248 2407 4310 cui
2438 4266 2627 4310 omne
2646 4248 2888 4310 honum
2910 4248 3269 4330 adscripsit,
3290 4257 3481 4330 atque

383 4349 786 4424 Euphraten.
805 4343 908 4406 Sic
927 4343 1211 4407 Christus
1245 4342 1586 4424 prostravit
1613 4343 1878 4421 gloriam
1989 4346 2067 4408 ad
2108 4347 2294 4427 cujus
2334 4346 2641 4410 honorem
2680 4354 2744 4409 et
2782 4346 3051 4428 gloriam
3093 4347 3311 4409 retulit
3341 4348 3480 4409 uni-

379 4444 630 4519 mundi,
683 4442 1138 4523 principesque
1187 4440 1523 4518 convertit,
1578 4441 1664 4503 ita
1710 4442 1879 4522 quod
1989 4463 2194 4508 versa.

380 4542 703 4605 vulnerati
726 4542 916 4604 corde
943 4558 1072 4623 prae
1093 4540 1495 4603 contritionis
1524 4540 1742 4603 delore
1773 4548 1882 4602 aut

379 4639 664 4703 caritatis
699 4639 946 4715 ardore,
974 4639 1100 4702 Deo
1130 4657 1200 4701 se
1228 4638 1660 4718 subjecerunt,
1685 4656 1881 4720 quan-

378 4739 464 4802 do
503 4757 618 4821 per
659 4745 912 4800 sanctos
948 4735 1284 4819 Apostolos
1331 4736 1616 4817 undique
1659 4736 1880 4817 praedi-

105 4835 349 4893 Qun-⁸·
379 4845 623 4913 canteS,
658 4835 970 4918 processit
1000 4853 1204 4916 usque
1234 4835 1314 4897 ad
1343 4834 1544 4897 maria
1573 4843 1637 4898 et
1669 4834 1880 4897 flumi-

109 5202 164 5241 13.

381 4954 486 5012 na,
507 4955 582 4998 ac
601 4934 910 4998 terminos
940 4941 1137 5009 terrae,
1156 4942 1228 4994 ut
1248 4950 1514 5012 regnum
1543 4933 1880 4995 militantis

377 5033 682 5097 Ecclesiae
711 5040 846 5096 toto
870 5030 1346 5093 diffunderetur
1367 5031 1518 5094 orbe
1539 5039 1872 5094 terrarum.

119 5134 344 5190 namn..
374 5133 554 5196 Unde
589 5132 892 5214 praecepit
922 5129 1241 5212 Apostolis
1279 5147 1292 5191 :
1326 5129 1564 5193 Euntes
1598 5130 1662 5192 in
1696 5150 1879 5193 mun-

373 5234 528 5295 dum
551 5230 940 5303 universum,
962 5228 1300 5310 praedicate
1321 5228 1734 5309 Evangelium
1755 5248 1878 5293 om·

373 5330 472 5391 ni.
493 5336 708 5392 creatu
718 5346 824 5389 rae.
876 5328 1311 5388 Subnervavit
1359 5348 1577 5388 omnes
1610 5329 1874 5406 jugales

2068 4544 2394 4621 Praeterea,
2432 4564 2545 4627 per
2591 4545 3007 4608 ldumaeorum
3057 4544 3475 4627 dejectionem

1990 4642 2370 4723 intelligitur
2420 4643 2775 4706 carnalium
2824 4652 2887 4707 et
2933 4663 3267 4708 avarorum
3324 4664 3477 4709 con-

1988 4742 2197 4806 versio
2239 4741 2515 4822 gratiosa
2554 4762 2665 4805 seu
2707 4743 3027 4807 damnatio
3050 4744 3243 4825 justa.
3277 4744 3476 4808 Edom

1992 4858 2289 4920 namque,
2316 4846 2565 4901 terrena
2598 4840 2696 4901 vel
2730 4839 2966 4902 rubens
2998 4840 3472 4922 interpretatur.

1988 4936 2273 5019 Insuper,
2297 4956 2411 5019 per
2441 4937 2560 5000 hoc
2591 4938 2765 5019 quod
2799 4938 2990 5002 David
3025 4940 3237 5021 posuit
3268 4940 3334 5003 in
3364 4950 3479 5004 ter-

1988 5036 2075 5097 ris
2122 5055 2196 5098 ac
2240 5036 2537 5116 gentibus
2578 5056 2614 5098 a
2652 5056 2719 5098 se
2762 5036 2969 5113 victis,
3006 5038 3369 5118 praesidium
3417 5050 3479 5103 et

1987 5136 2303 5212 eustodeS,
2333 5135 2702 5215 designatur
2734 5137 2902 5218 quod
2934 5136 3241 5199 Dominus
3276 5138 3340 5199 in
3371 5140 3479 5221 po-

1989 5232 2154 5314 pulis
2203 5232 2529 5296 nationum
2575 5253 2732 5314 quas
2777 5236 3091 5297 convertit
3130 5237 3208 5298 ad
3253 5236 3471 5315 fidem,

1987 5331 2201 5413 posuit
2242 5331 2559 5394 virtuosos
2602 5331 2895 5411 praelatos
2938 5342 3001 5395 et
3044 5333 3339 5397 homines
3380 5354 3477 5397 sa-
