4359 6250
117 1483 270 1528 Sensus
287 1485 347 1527 al-

95 1547 305 1602 legor-icus.

99 2867 218 2912 werr-
239 2885 282 2922 ιι,
295 2873 336 2914 9.

101 4162 336 4209 Lae-nm&

1035 511 1384 557 manuue
1427 511 1488 556 m
1531 511 1668 557 CAP.
1714 511 1758 557 11
1800 510 1958 556 LIBRI
1998 509 2168 558 mum
2210 509 2434 556 Rsscuu.
2479 527 2560 538 -
2601 509 2743 555 Am.
2790 508 2850 553 lv

1521 922 2169 1009 ARTICULUS
2247 925 2360 1006 lv

1261 1199 1636 1246 srlmTuAus
1689 1199 2069 1245 EXPLANAUO
2123 1199 2361 1245 CAN'ncl
2412 1201 2619 1248 nuJUS.

507 1475 616 1539 ER
662 1476 934 1552 Annam,
969 1495 1116 1558 quae
1160 1476 1612 1558 interpretatur
1652 1474 1876 1555 gratia,
1909 1472 1961 1535 A
1989 1476 2412 1536 scientiarum
2433 1478 2751 1538 Dominus
2772 1488 2879 1546 est,
2898 1477 3012 1559 qui
3034 1496 3149 1558 per
3170 1477 3477 1560 Spiritum

507 1576 882 1656 designatur
914 1575 1199 1640 Ecclesia
1238 1584 1300 1639 et
1338 1591 1760 1658 quascumque
1803 1572 1881 1635 ri-

373 1673 542 1738 delis
589 1693 884 1757 persona.
917 1675 1136 1757 Itaque
1168 1674 1401 1738 Christi
1447 1674 1748 1748 Ecclesia,
1785 1673 1878 1737 vi-

371 1775 535 1836 dens
586 1790 844 1836 omnem
897 1773 1364 1854 plenitudinem
1414 1773 1632 1852 gratiae
1676 1771 1799 1835 sibi
1840 1791 1878 1834 a

369 1873 502 1935 Deo
533 1872 859 1950 collatam,
893 1880 955 1936 et
985 1871 1300 1954 quidquid
1332 1872 1696 1936 divinorum
1730 1872 1878 1935 cha-

375 1972 716 2035 rismatum
779 1971 933 2036 olim
991 1972 1118 2034 fuit
1169 1971 1236 2034 in
1287 1970 1634 2053 Synagoga,
1689 1969 1756 2032 in
1807 1989 1876 2032 se

369 2070 866 2154 praeclarissime
891 2089 1032 2134 esse
1063 2070 1460 2146 translatum,
1481 2089 1626 2132 cum
1652 2069 1876 2150 gratia-

367 2191 514 2233 rum
545 2171 804 2234 actione
832 2169 1104 2234 fatetur:
1125 2171 1505 2232 Eoesultavit
1533 2188 1642 2228 cor
1661 2189 1874 2229 meum

367 2272 442 2328 in
475 2271 782 2332 Domino,
817 2269 895 2330 Et
937 2268 1092 2351 quia
1136 2268 1308 2347 regia
1350 2275 1632 2349 potestas
1672 2286 1875 2330 sacer-

365 2367 754 2449 dotiumque
801 2366 1005 2449 legale
1053 2366 1286 2430 Judaeis
1337 2365 1546 2430 ablata
1596 2372 1768 2442 sunt,
1811 2374 1874 2428 et

368 2466 678 2530 Ecclesiae
729 2466 1092 2529 sublimiori
1141 2467 1331 2529 modo
1374 2484 1696 2543 concessa,
1731 2464 1874 2527 sub-

368 2565 590 2648 jungit
625 2583 640 2627 :
673 2576 734 2628 et
763 2570 1128 2627 eoealtatum
1157 2576 1248 2626 est
1277 2585 1482 2626 cornu
1511 2585 1749 2634 mcum,
1779 2564 1872 2625 vi-

1991 1571 2291 1635 Sanctum
2336 1581 2587 1638 sanctos
2617 1574 2950 1657 Apostolos
2992 1576 3367 1658 plenissime
3405 1595 3479 1639 ac

1991 1671 2319 1734 verissime
2337 1672 2547 1736 docuit
2567 1672 3055 1756 intelligentiam
3078 1674 3234 1756 legis
3253 1694 3327 1738 ac
3344 1675 3483 1739 Pro-

1989 1770 2346 1852 phetarum,
2367 1773 2905 1854 quemadmodum
2936 1783 3083 1838 ante
3112 1773 3475 1857 passionem

1988 1888 2166 1931 suam
2190 1869 2476 1932 Christus
2498 1870 2589 1933 eis
2615 1871 2928 1953 promisit,
2947 1873 3217 1936 dicendo
3238 1890 3251 1934 :
3273 1872 3498 1947 Quum·
3519 1891 3770 1942 aemam„

1986 1967 2235 2030 venerit
2275 1967 2385 2030 ille
2426 1968 2699 2050 Spiritus
2729 1970 3036 2048 veritam,
3072 1970 3324 2034 docebit
3362 1990 3476 2035 vos
3508 1957 3574 1997 ¹³·

1983 2083 2235 2129 omnem
2259 2066 2603 2130 veritatem.
2618 2071 2825 2130 Arcus
2843 2071 3116 2146 fortium
3136 2079 3477 2148 superatus

1983 2173 2072 2225 est
2101 2182 2126 2225 .·
2157 2164 2224 2226 id
2252 2173 2367 2242 est,
2401 2166 2611 2228 omnis
2640 2175 2957 2230 armatura
2993 2185 3105 2230 seu
3145 2186 3477 2249 argumen-

1989 2262 2138 2325 tatio
2171 2264 2535 2326 Judaeorum
2564 2274 2628 2328 ct
2657 2265 3207 2348 philosophorum,
3242 2275 3477 2330 cetero-

1987 2381 2258 2443 rumque
2296 2362 2713 2445 perfidorum,
2749 2365 2860 2446 qui
2900 2365 3053 2429 olim
3094 2365 3477 2429 videbantur

1984 2468 2298 2543 potenteS,
2340 2469 2402 2525 et
2440 2462 2790 2526 Ecclesiam
2830 2463 3257 2529 diversimode
3300 2464 3477 2526 inva-

1985 2568 2226 2637 serunt,
2243 2560 2451 2623 soluta
2475 2569 2537 2624 et
2557 2561 2726 2625 victa
2749 2570 2877 2638 est3
2909 2574 2968 2624 ec
2990 2566 3248 2640 infirmi
3268 2565 3477 2626 accin-

368 2664 614 2728 delicet
671 2681 939 2744 regnum
998 2671 1062 2726 et
1121 2662 1564 2738 sacerdotium,
1619 2664 1692 2722 in
1742 2666 1871 2723 Deo
1911 2661 1955 2721 B
1984 2661 2074 2719 cti
2107 2670 2263 2720 sunt
2293 2663 2511 2720 robore
2542 2683 2565 2720 .·
2597 2661 2661 2722 id
2701 2669 2817 2738 est,
2850 2661 3136 2743 Apostoli
3177 2669 3241 2725 et
3279 2661 3471 2743 primi

371 2785 532 2825 meo.
567 2763 750 2826 Unde
781 2761 1248 2826 sacratissimus
1280 2760 1578 2844 princeps
1615 2760 1873 2842 Aposto-

368 2863 482 2926 lici
525 2861 804 2943 agminis
853 2860 1076 2924 scribit
1119 2859 1424 2923 fidelibus
1458 2878 1472 2923 ε
1505 2858 1631 2922 Vos
1671 2877 1872 2940 genus

368 2963 676 3037 electum,
713 2958 925 3040 regale
956 2959 1404 3036 sacerdotium,
1439 2975 1596 3038 gens
1628 2965 1868 3034 sancta,

367 3060 656 3144 populus
715 3057 1183 3141 acquisitionis
1238 3060 1607 3119 Dilatatum
1658 3067 1750 3117 est
1807 3077 1871 3116 os

365 3180 590 3221 meum
619 3178 816 3236 super
843 3158 1144 3218 inimicos
1171 3176 1375 3217 meos:
1393 3156 1458 3218 id
1489 3164 1605 3233 est,
1623 3156 1871 3218 Judaeos

368 3258 528 3321 fidei
583 3256 986 3320 adversarios
1042 3256 1214 3338 juste
1267 3255 1524 3331 irrideo,
1579 3262 1870 3337 potenter

363 3356 583 3421 devici
615 3356 884 3431 ratione,
920 3354 1248 3417 miraculis
1285 3362 1348 3417 et
1381 3353 1870 3433 allegationibus

363 3456 848 3538 Scripturarum
877 3454 1112 3517 veteris
1146 3453 1531 3516 Testamenti
1563 3452 1872 3534 multipli-

361 3555 532 3619 citer
555 3552 920 3627 confutavi3
947 3551 1246 3615 similiter
1277 3550 1607 3614 haereticos
1636 3550 1872 3612 utrius-

361 3672 494 3737 que
529 3651 920 3716 Testamenti
959 3650 1302 3733 Scripturis
1336 3649 1632 3727 contrivi,
1667 3657 1872 3732 tyran-

363 3772 486 3815 nos
517 3769 780 3833 quoque
811 3758 876 3814 et
906 3758 1347 3831 persecutores
1377 3749 1598 3812 divino
1632 3747 1870 3812 auxilio

1984 2756 2287 2840 discipuli
2327 2758 2559 2821 Christi
2604 2760 2808 2823 induti
2846 2769 2995 2823 sunt
3028 2760 3203 2824 omni
3236 2761 3474 2826 virtute
3527 2782 3766 2835 amum,

1984 2873 2060 2918 ex
2089 2856 2241 2932 alto,
2262 2864 2325 2918 et
2355 2875 2470 2938 per
2499 2876 2629 2936 eos,
2655 2859 2927 2939 gentiles
2956 2859 3111 2924 olim
3143 2859 3318 2923 omni
3351 2862 3475 2944 spi·
3502 2848 3570 2890 ⁴⁹·

1985 2953 2199 3015 rituali
2241 2954 2619 3020 fortitudine
2657 2957 2877 3037 gratiae
2906 2958 3214 3036 destituti,
3249 2959 3472 3023 effecti

1984 3061 2134 3114 sunt
2163 3053 2433 3117 virtuosi
2463 3074 2537 3119 ac
2567 3055 2915 3135 victoriosi,
2935 3059 3472 3140 quemadmodum

1983 3152 2210 3215 Paulus
2242 3154 2566 3237 apostolus
2598 3157 2855 3239 scripsit
2885 3157 3124 3220 eisdem
3162 3174 3176 3219 :
3210 3158 3475 3222 Confor-
3530 3181 3763 3237 eptas-1,

1985 3252 2209 3315 tamini
2261 3254 2325 3315 in
2376 3255 2665 3333 Domino,
2716 3265 2777 3319 et
2828 3257 2893 3318 in
2946 3258 3230 3339 potentia
3277 3258 3473 3320 virtu·
3501 3248 3567 3297 ¹⁰·
3590 3248 3657 3289 ¹¹·

1985 3350 2064 3412 tis
2110 3352 2290 3433 ejus;
2333 3354 2604 3436 accipite
2635 3364 3020 3418 armaturam
3052 3355 3183 3418 Dei.
3218 3359 3472 3434 Repzeci

1971 3453 2194 3528 prius,
2216 3460 2370 3533 puta
2388 3451 2734 3534 Judaei‚qui
2767 3453 2920 3517 olim
2952 3454 3293 3537 multiplici
3315 3472 3471 3536 opu-

1982 3547 2179 3611 lentia
2221 3549 2549 3632 sapientia>
2587 3571 2660 3614 ac
2696 3551 3028 3630 virtutum,
3064 3572 3138 3615 ac
3176 3552 3471 3635 spiritua·

1981 3646 2153 3710 libus
2196 3646 2456 3711 ferculis
2488 3650 2920 3728 abundabant,
2949 3672 3072 3730 pro
3094 3654 3379 3729 panibus
3406 3673 3471 3713 se

1984 3750 2354 3809 locaverunt
2374 3770 2396 3808 .·
2419 3748 2568 3830 quia
2599 3749 2831 3832 privati
2864 3758 3013 3811 sunt
3041 3749 3337 3813 omnibus
3368 3750 3472 3815 bo-

365 3849 700 3933 superavi.
735 3848 812 3910 Et
855 3849 997 3926 hoc,
1032 3850 1194 3928 quia
1235 3852 1452 3909 loecata
1480 3868 1648 3917 sum,
1682 3866 1721 3910 o
1754 3849 1871 3910 Do-
1901 3849 1944 3911 C
1983 3846 2082 3909 nis
2114 3845 2351 3925 illis,e.t
2379 3848 2637 3929 quidam
2667 3867 2743 3911 ex
2774 3847 2866 3912 eis
2897 3849 3211 3925 conversi,
3231 3869 3267 3912 a
3296 3849 3471 3912 Chri-

367 3950 550 4014 mine
581 3948 764 4010 Pater
793 3955 1048 4023 aeterne‚
1084 3949 1158 4007 in
1187 3948 1473 4007 salutari
1505 3956 1638 4016 cuo,
1670 3946 1733 4008 id
1775 3956 1870 4009 est

369 4050 436 4111 in
471 4047 610 4109 fide
640 4053 704 4108 et
733 4044 938 4127 gratia
966 4043 1222 4121 Christi,
1260 4061 1372 4125 per
1403 4062 1594 4125 quem
1629 4052 1722 4107 tot
1761 4045 1871 4109 bo-

366 4167 453 4210 na
483 4166 630 4209 sum
663 4152 1026 4221 consecuta,
1061 4142 1169 4223 qui
1203 4142 1363 4204 mihi
1397 4143 1693 4223 promisit
1718 4161 1731 4205 :
1756 4146 1870 4207 Da-

364 4248 472 4321 bo,
511 4244 748 4325 inquit,
768 4241 952 4305 vobis
983 4260 1054 4305 os
1086 4250 1148 4304 et
1179 4242 1580 4324 sapientiam,
1602 4243 1704 4304 cui
1740 4262 1867 4306 non

363 4350 676 4428 poterunt
721 4340 1015 4404 resistere
1059 4349 1124 4403 et
1165 4340 1600 4404 contradicere
1645 4359 1866 4405 omnes

363 4439 720 4507 adversarii
751 4440 971 4504 vestri.

446 4542 620 4617 lde0,
645 4558 684 4603 o
703 4538 904 4601 Judaei
935 4536 1260 4618 ceterique
1291 4537 1628 4615 increduli,
1651 4541 1868 4603 Nolite

365 4639 817 4716 multiplicare
845 4637 1022 4716 loqui
1049 4638 1383 4707 sublimia,
1419 4635 1482 4697 id
1534 4644 1630 4699 est
1673 4636 1866 4700 verba

365 4743 883 4821 praesumptuosa
928 4743 994 4797 et
1034 4752 1221 4809 vana,
1256 4741 1477 4796 contra
1517 4732 1864 4797 Ecclesiam

355 4838 726 4915 qloriantes
758 4832 1174 4915 insipientem
1198 4832 1308 4895 sed
1333 4836 1632 4894 recedant
1653 4844 1866 4895 vetera

363 4938 446 4997 de
473 4956 588 4997 ore
617 4942 824 4995 vestro
855 4952 880 4993 .·
908 4930 975 4994 id
1005 4940 1122 5008 est,
1160 4930 1428 5013 pristina
1462 4929 1866 4995 infidelitatis

1982 3944 2207 4007 stianis
2237 3946 2591 4008 doctrinam
2624 3966 2789 4010 verae
2820 3946 3041 4018 salutis
3074 3948 3470 4011 mendicave—

1983 4052 2151 4105 runt.
2186 4048 2399 4105 Donec
2433 4048 2673 4105 sterilis
2704 4048 2957 4124 peperit
2991 4050 3315 4125 plurimos
3347 4070 3369 4108 .·
3402 4048 3467 4110 id

1980 4150 2095 4220 est,
2120 4162 2427 4207 conversa
2455 4143 2778 4223 gentilitas
2801 4144 2955 4208 olim
2990 4144 3356 4223 infecunda,
3376 4146 3471 4208 in-

1980 4240 2411 4305 numerabiles
2442 4241 2840 4323 regeneravit
2860 4261 2935 4305 ex
2957 4261 3121 4324 aqua
3140 4252 3202 4306 et
3226 4242 3466 4326 Spiritu
3521 4269 3682 4312 :oar-n.
3700 4283 3757 4321 m,

1979 4341 2229 4418 Sancto,
2265 4348 2456 4423 atque
2488 4360 2601 4423 per
2630 4341 3014 4422 evangelicae
3049 4342 3206 4424 legis
3242 4344 3469 4424 praedi-
3497 4334 3536 4373 ⁵·

1978 4440 2293 4503 cationem
2327 4440 2643 4521 parturiit,
2667 4440 2833 4504 sicut
2855 4441 2945 4504 ait
2974 4442 3311 4524 Apostolus
3349 4461 3363 4505 :
3399 4444 3465 4506 In
3531 4465 3759 4518 teman,

1976 4538 2226 4601 Christo
2261 4538 2407 4601 Jesu
2455 4558 2567 4621 per
2605 4540 3017 4620 Evangelium
3064 4560 3180 4622 ego
3211 4560 3323 4606 vos
3366 4559 3467 4622 ge-
3497 4531 3563 4573 ¹⁵·

1977 4638 2124 4715 nui;
2159 4650 2220 4699 ec
2250 4660 2393 4719 quoe
2432 4644 2663 4700 multos
2697 4642 2963 4701 habebat
2992 4644 3188 4719 filios,
3220 4642 3465 4706 scilicet

1977 4736 2326 4819 synagoga,
2360 4736 2427 4798 in
2459 4755 2583 4817 qua
2616 4736 2983 4819 frequenter
3014 4738 3275 4802 fuerunt
3303 4741 3466 4803 mul-

1978 4836 2026 4899 ti
2066 4836 2276 4912 electi,
2320 4838 2661 4913 infirmata
2700 4846 2815 4906 est,
2854 4836 3007 4918 quia
3044 4837 3177 4918 jam
3220 4838 3463 4901 dudum

1976 4933 2243 4998 omnino
2290 4933 2644 5011 succubuit,
2690 4943 2753 4997 et
2790 4934 2857 4997 in
2906 4944 3251 4998 extremam
3299 4936 3465 5001 hanc

103 5054 132 5098 ιι
148 5058 334 5111 coms
366 5034 572 5100 verba
600 5030 973 5114 relinquite,
994 5029 1332 5093 litteralem
1359 5030 1758 5094 occidentem
1789 5031 1868 5095 lc·
1897 5037 1948 5099 D
1981 5032 2415 5114 captivitatem
2451 5032 2702 5095 redacta
2733 5041 2851 5096 est.

363 5133 464 5214 gis
504 5151 582 5195 ac
621 5130 1080 5213 Prophetarum
1126 5146 1382 5191 sensum
1423 5127 1707 5209 abjicite,
1757 5131 1865 5193 do-

366 5232 646 5295 ctrinam
691 5237 759 5293 et
799 5226 1264 5309 expositionem
1317 5223 1682 5291 infidelium
1731 5248 1862 5291 ma-

363 5330 716 5410 gistrorum
765 5333 1121 5391 vestrorum
1171 5324 1429 5402 calcate,
1483 5326 1642 5406 quia
1689 5329 1860 5389 Deus

2060 5132 2377 5192 Dominus
2420 5134 2794 5209 mortificat,
2825 5130 2937 5213 qui
2986 5150 3101 5213 per
3145 5132 3353 5195 Titum
3402 5141 3467 5196 et

1973 5228 2437 5312 Vespasianum
2495 5229 2911 5311 corporaliter
2968 5229 3314 5293 trucidavit
3355 5232 3463 5294 Ju-

1973 5328 2139 5390 daeos
2194 5325 2577 5403 incredulos,
2623 5343 2784 5407 quos
2828 5334 2891 5390 et
2939 5345 3053 5409 per
3105 5326 3463 5393 invisibiles
