4359 6250
1178 505 1525 555 amanum
1567 507 1629 554 m
1672 507 1810 553 cxr.
1856 503 1919 553 lx
1960 505 2234 554 Jumcun.
2281 529 2360 539 —
2401 507 2544 556 Aur.
2589 510 2694 556 xvi
3365 483 3480 555 163

374 681 631 743 dirctur
659 700 697 743 a
726 681 1101 757 sichimitis,
1138 690 1379 745 remote
1408 681 1678 744 inferius
1710 688 1879 742 stan·
1909 676 1960 739 A
1994 687 2095 741 tur
2127 682 2433 745 Dominus
2475 682 2540 745 in
2573 681 2874 766 operibus
2914 683 3070 760 suiS,
3107 683 3234 744 imo
3267 682 3480 765 potius

379 777 561 839 tibus
614 796 627 839 ε
674 781 923 840 Audite
968 801 1088 849 me,
1142 782 1278 840 viri
1326 782 1611 849 Sionem,
1661 781 1758 840 ita
1806 787 1879 838 ut

374 879 617 937 audiat
650 898 757 937 vos
783 880 1130 947 Dominus,
1147 877 1211 939 id
1240 885 1359 954 est,
1380 877 1573 940 verba
1594 885 1657 938 et
1686 895 1879 957 opera

376 982 592 1037 vestra
625 976 1006 1056 pravissima
1025 977 1247 1040 audire
1268 985 1332 1038 et
1362 976 1523 1039 scire
1546 994 1613 1038 se
1644 975 1879 1057 pandat

375 1091 496 1154 per
524 1072 807 1136 debitam
851 1075 1159 1138 ultionem
1196 1094 1210 1137 ε
1246 1077 1417 1157 quod
1452 1074 1587 1137 zelo
1616 1074 1878 1156 justitiae

374 1171 502 1234 iste
550 1172 837 1235 Joatham
881 1173 1169 1255 protulit.
1221 1179 1453 1236 Iera-nt
1504 1177 1709 1251 liqna.
1741 1173 1880 1235 Joa-

376 1270 557 1333 tham
585 1271 950 1354 parabolice
982 1273 1229 1335 locutus
1259 1282 1357 1336 est
1397 1273 1548 1349 illis,
1594 1273 1707 1355 qui
1750 1293 1880 1335 ma·

374 1368 749 1433 nil'estatam
781 1370 1114 1433 veritatem
1156 1370 1500 1434 noluerunt
1535 1373 1779 1446 audire,
1816 1379 1879 1432 et

374 1467 520 1549 ipse
550 1469 721 1531 infra
750 1470 1074 1552 propriam
1110 1470 1475 1552 parabolam
1500 1489 1616 1552 pro
1647 1487 1877 1550 magna

372 1576 560 1648 parte
589 1569 871 1650 exponit.
909 1570 1125 1650 Itaque
1164 1589 1389 1632 sensus
1422 1568 1614 1649 hujus
1648 1567 1875 1630 litterae

370 1674 497 1742 est,
535 1685 664 1730 non
705 1666 815 1730 ille
854 1686 1049 1749 quem
1075 1667 1269 1732 verba
1308 1667 1675 1730 immediate
1712 1665 1878 1728 desi-

368 1774 599 1844 gnant,
624 1767 735 1829 sed
765 1785 957 1848 quem
989 1785 1092 1828 res
1124 1765 1505 1846 significatas
1538 1784 1649 1847 per
1681 1763 1876 1828 verba

1991 777 2056 839 in
2089 798 2156 842 se
2189 780 2349 863 ipso,
2384 782 2556 863 quod
2587 781 2732 844 talis
2763 791 2825 845 et
2855 789 3068 844 tantus
3098 789 3214 856 est,
3250 789 3321 842 ut
3353 788 3478 842 tam

1990 877 2332 958 praeclarus
2366 887 2428 942 ct
2467 880 2986 962 incomparabilis
3019 879 3101 941 sit
3131 879 3198 941 in
3228 878 3362 940 suis
3395 877 3479 940 ef-

1990 973 2288 1053 fectibuS‚
2323 978 2501 1058 juxta
2543 977 2700 1040 illud
2739 995 2752 1039 :
2788 978 2920 1041 Non
2968 986 3064 1040 est
3108 976 3337 1039 similis
3385 974 3476 1037 tui
3529 993 3771 1047 Ριωιν,

1988 1072 2057 1133 in
2088 1073 2234 1151 diis,
2259 1076 2545 1153 Domine,
2567 1085 2630 1138 et
2662 1096 2788 1140 non
2820 1085 2916 1139 est
2946 1076 3296 1140 secundum
3325 1092 3476 1158 ope·
3505 1057 3546 1099 ⁸·

1991 1191 2057 1233 ra
2092 1182 2218 1236 tua.
2253 1175 2370 1250 Qui
2412 1185 2474 1239 et
2504 1175 3056 1258 omnipotentiam,
3093 1173 3476 1256 sapientiam

1988 1281 2050 1335 et
2079 1273 2431 1337 bonitatem
2473 1294 2649 1337 suam
2683 1275 2750 1336 in
2792 1274 2920 1336 vite
2959 1273 3342 1336 excellenter
3370 1273 3480 1334 de-

1988 1371 2202 1448 clarat,
2248 1372 2326 1435 de
2367 1373 2541 1454 ligno
2586 1381 2714 1435 tam
2754 1371 2865 1435 vili
2910 1391 2984 1434 ac
3037 1371 3212 1435 tenui
3256 1389 3478 1452 quam·

1987 1469 2536 1550 vigorosissimum
2567 1491 2640 1534 ac
2671 1471 3084 1533 utilissimum
3118 1471 3477 1552 producens

1989 1567 2325 1649 liquorem.
2376 1570 2488 1632 Vel
2553 1570 2788 1632 dicitur
2851 1569 3073 1631 vinum
3145 1568 3476 1632 laetil'icarc

1987 1666 2509 1749 Deum,quoniam
2532 1669 2860 1732 ministros
2878 1667 3101 1750 templi
3123 1666 3222 1728 sui
3245 1666 3476 1729 exhila-

1988 1766 2310 1830 ratPotest
2329 1775 2542 1830 autem
2565 1786 2678 1849 per
2698 1767 2892 1830 vitem
2907 1767 3162 1830 Gedeon
3187 1765 3477 1846 designa-

368 1863 520 1939 ista,
558 1863 954 1944 significant.
975 1865 1076 1927 Ait
1103 1883 1254 1944 ergo
1291 1884 1304 1928 ε
1342 1864 1555 1927 lerunt
1586 1863 1781 1942 ligna,
1800 1873 1873 1924 uc
1906 1859 1951 1920 B
1989 1863 2181 1945 ri‚qui
2215 1865 2416 1928 instar
2445 1865 2596 1928 vitis
2633 1865 3047 1930 fructificavit
3079 1866 3143 1927 in
3177 1863 3378 1946 prole,
3413 1871 3476 1926 et

367 1975 691 2040 unyerent
720 1985 916 2042 super
933 1985 998 2024 se
1018 1983 1233 2041 reyem
1255 1985 1277 2024 .·
1302 1963 1368 2025 id
1399 1971 1515 2039 est,
1536 1962 1658 2024 filii
1682 1961 1871 2024 Israel

366 2061 639 2125 solliciti
671 2062 935 2125 fuerunt
964 2081 1078 2144 pro
1100 2062 1449 2125 obtinendo
1480 2069 1725 2124 rectore
1747 2059 1877 2122 ido-

368 2179 522 2238 neo,
567 2180 683 2244 pro
732 2180 861 2244 qua
904 2181 973 2224 re
1023 2180 1191 2242 saepe
1239 2159 1531 2242 occupati
1583 2159 1869 2222 fuerunt.

368 2262 833 2340 Dia-erantque
880 2262 1074 2321 olivoe
1124 2281 1147 2318 .·
1192 2265 1453 2336 Impera
1502 2261 1703 2320 nobis.
1757 2257 1871 2320 Per

364 2357 639 2434 olivam,
674 2365 881 2439 potest
913 2356 1185 2436 intelligi
1216 2375 1635 2438 quaecumque
1667 2374 1876 2438 perso-

368 2476 459 2519 na
491 2457 728 2538 pietate
757 2457 1117 2532 abundanS,
1150 2475 1343 2537 quam
1377 2455 1503 2517 sibi
1550 2455 1872 2538 petierunt

91 2569 315 2615 suasam
364 2575 673 2638 praeesse,
710 2564 778 2617 ut
821 2555 1067 2618 Debora
1110 2554 1535 2637 prophetissa.
1575 2557 1727 2623 Quoe
1768 2574 1869 2613 re-

88 4045 197 4088 Ibid.
212 4062 251 4089 n·

358 2657 680 2732 spondit:
704 2655 1051 2733 Numquid
1086 2674 1352 2732 possum
1402 2657 1683 2713 deserere
1723 2654 1875 2730 pin-

1988 1962 2338 2025 laetil'icavit
2371 1963 2542 2027 filios
2564 1965 2751 2028 lsrael
2775 1983 2890 2028 suo
2914 1963 3259 2045 triumpho,
3285 1970 3476 2042 atque

1986 2080 2062 2123 ex
2110 2062 2646 2144 contemplatione
2696 2063 2805 2126 Dei
2849 2069 2912 2126 et
2958 2059 3472 2144 apparitionibus

1984 2160 2196 2241 angeli
2237 2161 2438 2223 sancti
2481 2161 2760 2244 repletus
2792 2169 2884 2224 est
2927 2160 3182 2242 gaudio.
3229 2159 3304 2221 Hi
3343 2177 3474 2222 om-

1989 2277 2122 2335 neS,
2147 2258 2312 2322 sicut
2340 2267 2402 2322 et
2431 2261 2627 2324 ceteri
2651 2260 2900 2342 judices
2931 2259 3104 2336 boni,
3131 2259 3474 2322 noluerunt

1986 2355 2110 2418 sibi
2149 2357 2506 2421 dominium
2539 2377 2730 2440 super
2771 2357 2944 2421 filios
2983 2357 3171 2420 Israel
3205 2376 3472 2439 usurpa-

1987 2475 2075 2532 re,
2096 2457 2207 2520 sed
2239 2476 2352 2539 per
2374 2457 2632 2520 modum
2653 2456 3074 2539 prudentialis
3104 2456 3475 2519 directionis

1986 2554 2315 2618 humiliter
2346 2554 2758 2636 praefuerunt.
2784 2556 3233 2633 Dtoeerancque
3253 2557 3472 2616 omnia

1985 2655 2163 2730 liqna
2203 2657 2292 2714 ad
2329 2657 2682 2716 rhamnum
2713 2675 2734 2712 .·
2781 2656 2962 2726 Veni,
2995 2663 3054 2713 et
3085 2657 3334 2731 impera
3366 2675 3474 2714 su-

348 2756 719 2831 ymainem
748 2773 981 2824 meam,
1025 2751 1325 2814 videlicet
1365 2751 1603 2828 oleum,
1647 2771 1779 2831 qua
1810 2761 1870 2810 ec
1974 2773 2095 2829 per
2126 2773 2257 2813 nos.
2283 2752 2399 2815 Per
2429 2753 2642 2816 omnia
2674 2752 2846 2832 ligna
2877 2753 3031 2829 haec,
3057 2752 3473 2833 designantur

354 2854 471 2912 dii
492 2861 777 2913 utuntur
805 2861 866 2911 ec
886 2851 1197 2922 homines,
1223 2848 1316 2911 dii
1345 2849 1648 2912 videlicet
1680 2849 1746 2910 in
1780 2848 1871 2910 lu·
1982 2849 2329 2914 Sichimitae
2379 2850 2708 2933 praedicti3
2753 2869 2866 2933 per
2908 2851 3244 2914 rhamnum
3289 2869 3464 2928 vero,

352 2949 727 3012 minaribus
760 2947 1167 3029 templorum,
1195 2955 1257 3010 et
1289 2947 1581 3009 homines
1615 2946 1681 3008 in
1714 2966 1867 3029 prae-
1979 2948 2708 3012 Ahimelech.Rhamnus
2731 2956 2827 3012 est
2857 2968 3058 3030 genus
3091 2948 3235 3012 rubi
3260 2949 3467 3030 primo

350 3047 808 3131 parationibus
839 3046 1229 3109 cibariorum
1268 3064 1345 3108 ac
1375 3044 1862 3119 medicinarum,
1904 3041 1949 3103 C
1980 3047 2194 3127 molle,
2232 3048 2464 3111 deinde
2497 3048 2848 3131 spinosum,
2887 3047 3059 3129 quod
3091 3047 3259 3109 inter
3292 3047 3460 3128 ligna

348 3159 415 3209 et
450 3149 690 3215 venire,
716 3156 788 3208 ut
820 3148 993 3207 inter
1013 3147 1200 3222 liqna
1226 3165 1628 3223 promovear,
1652 3144 1716 3206 id
1746 3151 1864 3221 est,
1980 3146 2167 3210 habet
2207 3156 2498 3209 naturam
2549 3146 2938 3228 producendi
2985 3146 3200 3227 ignem
3249 3166 3325 3209 ex
3373 3166 3461 3224 se,

350 3245 787 3329 popularibus
838 3243 1112 3324 negotiis
1165 3242 1509 3325 inquietari
1551 3246 1574 3304 Ζ
1630 3242 1861 3324 Sicque
1976 3247 2128 3308 dum
2159 3255 2350 3309 vento
2379 3245 2674 3324 agitatur,
2709 3253 2779 3307 ut
2805 3243 3117 3327 Josephus
3157 3253 3468 3308 contesta-

348 3364 479 3428 per
520 3342 985 3427 pinguedinem
1025 3341 1237 3418 olivae‚
1274 3341 1725 3423 intelliguntur
1770 3340 1865 3403 in·
1977 3353 2099 3406 tur.
2129 3348 2282 3413 Quoe
2302 3345 2629 3420 respondit
2645 3364 2667 3402 .·
2683 3346 2764 3404 Si
2795 3364 2936 3403 vere
2957 3345 3468 3405 nze-constituitis

352 3454 565 3508 terum
594 3441 980 3505 affectiones
1022 3441 1279 3523 pietatis
1309 3449 1373 3503 et
1412 3440 1866 3504 misericordiae
1976 3464 2184 3520 reqem
2213 3444 2408 3513 vobis,
2443 3444 2652 3502 venite
2681 3452 2740 3501 et
2767 3444 2884 3502 sub
2919 3464 3058 3504 mea
3099 3444 3331 3504 umbra
3373 3464 3468 3503 re-

352 3542 725 3628 spiritualis
759 3563 773 3607 ι
818 3561 963 3624 quae
1000 3560 1115 3623 per
1158 3540 1503 3604 exteriores
1548 3541 1869 3623 occupati·
1974 3544 2296 3623 quiescite.
2345 3541 2446 3604 Sic
2486 3548 2548 3604 et
2584 3540 2953 3603 Abimelecb
2993 3541 3222 3624 exegit,
3261 3549 3331 3603 ut
3376 3541 3465 3604 Si-

352 3662 525 3708 ones
564 3660 733 3724 saepe
773 3640 1348 3722 interrumpuntur.
1394 3639 1655 3721 Propter
1694 3640 1863 3721 quod
1976 3640 2255 3704 chimitae
2287 3640 2403 3702 sub
2436 3658 2550 3702 sua
2571 3649 2902 3703 manerent
2933 3642 3348 3723 protectione.
3387 3642 3466 3701 Si

356 3741 673 3805 virtuosae
711 3757 1001 3822 personae
1032 3737 1469 3819 praelationem
1501 3757 1669 3819 saepe
1700 3736 1869 3800 refu·-
1976 3750 2195 3801 autem
2224 3760 2352 3801 non
2375 3740 2572 3799 vultis
2593 3737 2712 3800 sub
2734 3757 2874 3801 mea
2905 3738 3307 3820 requiescere
3337 3758 3468 3800 um-

355 3840 579 3921 giunt.
613 3840 1067 3916 Dioeeruntque
1108 3839 1293 3915 liqna
1338 3840 1427 3896 ad
1464 3839 1757 3897 arborem
1793 3841 1867 3913 fi-

357 3960 523 3999 eze-m
562 3958 585 3997 .·
636 3939 819 4005 Veni,
849 3946 910 3997 et
948 3955 1141 4013 super
1180 3956 1293 3995 nos
1323 3955 1593 4013 reynum
1626 3938 1863 4014 accipe.

256 4061 323 4097 ,ι
358 4038 583 4100 Potest
622 4053 737 4117 per
782 4032 984 4097 ficum
1026 4033 1301 4113 intelligi
1344 4034 1554 4109 Barac,
1591 4033 1703 4114 qui
1752 4053 1866 4098 suo

358 4134 700 4216 triumpho
732 4132 1009 4196 maxime
1048 4132 1410 4196 consolatus
1442 4140 1538 4195 est
1582 4131 1754 4195 filios
1786 4132 1870 4195 Is-

1979 3838 2114 3915 bra,
2149 3839 2521 3916 eqrediatur
2551 3838 2726 3913 iynis
2751 3840 2830 3897 de
2857 3839 3160 3907 rhamnO,
3191 3847 3251 3898 et
3279 3840 3466 3897 devo-

1978 3948 2072 3999 ret
2113 3940 2330 3997 cedros
2372 3937 2635 4009 Libani,
2671 3935 2736 3997 id
2787 3943 2903 4012 est,
2954 3935 3340 4018 principales
3391 3955 3468 3999 ex

1976 4035 2157 4099 vobis
2199 4034 2621 4098 incendantur
2654 4043 2716 4097 et
2746 4034 3116 4098 occidantur
3145 4053 3184 4097 a
3215 4053 3337 4113 me,
3374 4053 3470 4097 se-

1978 4135 2257 4198 cundum
2278 4135 2447 4215 quod
2480 4134 2544 4195 in
2557 4133 2650 4195 fra
2681 4133 2746 4195 in
2780 4133 2902 4227 isto
2923 4132 3204 4215 capitulo
3235 4133 3467 4215 legitur

358 4234 525 4298 rael.
550 4236 704 4302 Quae
734 4234 1102 4309 respondit:
1121 4233 1465 4310 Numquid
1486 4252 1747 4309 possum.
1764 4237 1870 4293 de·
1897 4234 1947 4295 D
1980 4234 2242 4297 factum.

351 4353 571 4395 serere
606 4332 1021 4393 dulcedinem
1060 4351 1270 4391 meam
1309 4333 1688 4411 fructusque
1720 4353 1869 4393 sua-

361 4433 688 4503 vissimos,
708 4429 773 4492 id
805 4438 902 4493 est
932 4428 1417 4492 exercitationes
1449 4429 1787 4507 virtuosaS,
1806 4438 1869 4493 et

358 4531 709 4594 interiores
770 4527 1240 4592 consolationes
1302 4528 1393 4590 eis
1455 4546 1755 4605 annean‚
1809 4539 1867 4590 ec

358 4635 491 4702 ire,
522 4640 617 4691 uc·
636 4632 815 4691 inter
842 4638 1050 4689 cetera
1089 4629 1273 4704 liqna
1301 4646 1691 4703 ,promovear
1710 4630 1741 4689 ?
1771 4648 1865 4692 se-

356 4730 653 4793 cundum
685 4746 945 4791 sensum
979 4724 1425 4808 praehabitum.

454 4832 707 4889 Locuca
751 4835 907 4887 sunt
950 4845 1199 4905 quoque
1244 4826 1431 4902 liqna
1481 4829 1569 4887 ad
1619 4830 1813 4887 vitem
1845 4850 1867 4887 .·

372 4930 569 4995 Veni,
605 4936 667 4986 et
715 4928 969 5003 impera
1019 4925 1223 4985 nobis.
1283 4927 1436 4992 Quae
1485 4927 1868 5002 respondit:

356 5027 717 5103 „Numquid
745 5044 1015 5102 possam·
1055 5025 1341 5082 deserere
1382 5025 1613 5085 vinum
1654 5046 1867 5085 meum

352 5126 536 5205 qaod
562 5124 873 5201 laetificat
900 5124 1109 5183 Deum
1149 5130 1209 5181 et
1240 5122 1555 5194 homines,
1592 5132 1651 5182 et
1697 5125 1870 5184 inter

356 5225 551 5299 liqna
591 5232 801 5282 cetera
832 5220 1201 5297 promoveri
1231 5222 1261 5280 ἓ
1310 5218 1445 5282 Non
1495 5221 1669 5300 quod
1707 5221 1867 5284 Deus

2058 4335 2255 4396 Nanc
2293 4351 2439 4407 erqo
2476 4333 2535 4390 si
2563 4341 2744 4408 recte,
2781 4331 2846 4392 id
2886 4338 2984 4393 est
3012 4332 3203 4413 juste,
3239 4343 3297 4394 et
3327 4335 3464 4394 abs-

1977 4454 2097 4514 que
2126 4440 2385 4509 peccato
2425 4431 2845 4490 constituistis
2884 4450 3076 4507 super
3115 4450 3220 4491 vos
3248 4452 3459 4509 reyem

1978 4531 2367 4598 Abimelecb,
2385 4537 2445 4588 et
2475 4529 2625 4587 bene
2652 4530 2872 4603 eyistis
2898 4550 3046 4589 cum
3072 4532 3372 4591 Jerobaal
3403 4540 3468 4594 et

1977 4651 2124 4691 cum
2143 4632 2330 4689 domo
2350 4628 2528 4703 ejus:
2550 4626 2662 4708 qui
2687 4627 2980 4708 quamvis
3010 4628 3141 4709 jam
3173 4638 3464 4693 mortuus

1978 4736 2133 4803 erat,
2170 4736 2382 4789 tamen
2435 4725 2498 4787 in
2550 4726 2684 4788 suis
2735 4724 2893 4788 filiis
2942 4736 3038 4789 est
3086 4727 3351 4809 punitus
3403 4738 3467 4791 et

1980 4828 2371 4909 ingratanter
2401 4832 2738 4899 tractatus;
2763 4836 2823 4885 et
2853 4828 3231 4888 reddidistis
3261 4830 3466 4888 vicem

1980 4928 2300 5005 beneficiis
2328 4926 2488 5003 ejus,
2523 4927 2640 5005 qui
2661 4928 2988 5002 paqnavit
3017 4946 3138 5003 pro
3168 4928 3363 4999 vobis,
3404 4936 3468 4988 ec

1979 5028 2276 5086 animam
2311 5045 2500 5085 suam
2539 5026 2720 5084 dedit
2741 5025 3078 5099 periculis,
3113 5034 3185 5085 uc
3213 5034 3469 5087 erueret

1979 5144 2087 5185 vos
2132 5126 2212 5183 de
2258 5143 2462 5183 manu
2512 5123 2809 5183 Madian.
2862 5120 3160 5195 Quamvis
3221 5124 3467 5187 etenim

1979 5222 2232 5285 Gedeon
2255 5220 2336 5283 ab
2355 5220 2583 5299 angelo
2613 5218 2738 5281 fuit
2755 5220 2833 5282 de
2853 5220 3118 5284 victoria
3145 5224 3470 5285 assecura-

358 5322 435 5387 in
466 5339 586 5383 sua
623 5327 852 5382 natura
883 5319 1035 5383 vino
1076 5326 1309 5396 utatur,
1346 5319 1454 5380 sed
1496 5318 1649 5399 quia
1702 5320 1873 5383 laeta-
1982 5328 2105 5398 tus,
2134 5330 2342 5382 tamen
2375 5319 2722 5381 secundum
2755 5317 3102 5381 humanum
3126 5319 3462 5401 judicium,
