4359 6250
899 486 1018 550 274
1547 506 1894 553 manuario
1937 507 1998 552 IN
2041 506 2178 552 CAP-
2226 505 2269 550 11
2313 504 2469 550 LIBRI
2511 505 2679 550 Pium
2718 505 2948 550 moun.
2994 523 3073 534 -
3114 505 3257 550 Am.
3302 504 3339 547 V

901 693 1015 736 sua
1057 696 1071 740 ε
1115 677 1268 757 quia
1315 676 1619 740 Abiathar
1667 685 1730 738 et
1782 674 1905 738 filii
1956 675 2096 757 ejus
2145 675 2224 737 de
2275 693 2391 736 sua
2421 672 2714 752 Agelicae
2765 674 2947 758 legis.
2981 674 3095 738 Cui
3138 670 3519 756 expositioni
3564 688 3693 734 non
3734 669 3982 731 videtur

895 773 1252 853 dejectione
1272 783 1335 836 et
1357 775 1558 856 ipsius
1580 775 1778 837 Sadoc
1802 774 2201 856 promotione
2224 773 2391 836 dole-

900 870 1074 946 bant,
1095 871 1530 953 invidiamque
1551 871 1870 934 habebant
1902 888 2383 952 nonnunquam,

900 977 1010 1030 aut
1052 970 1312 1050 quidam
1357 989 1599 1033 eorum.
1635 974 1718 1032 Ec
1763 991 1892 1031 non
1931 972 2056 1031 erit
2085 990 2277 1030 senex
2321 970 2389 1028 in

901 1071 1087 1128 domo
1119 1078 1232 1130 tua
1251 1073 1543 1130 omnibus
1561 1072 1806 1130 diebus.
1826 1069 1951 1131 Hoc
1983 1067 2151 1133 veris
2155 1069 2391 1130 icatum

905 1175 1002 1228 est
1031 1186 1144 1249 per
1175 1167 1684 1230 interfectionem
1719 1166 2002 1230 filiorum
2035 1166 2222 1229 Heli'
2206 1185 2271 1228 ιιι
2303 1165 2395 1247 3ιι-

626 1281 765 1336 inea.
777 1293 878 1332 xxm
907 1273 1166 1329 ventute
1203 1285 1463 1340 eorum3
1499 1284 1613 1348 per
1645 1266 2032 1329 occisionem
2064 1265 2255 1329 etiam
2297 1284 2396 1327 sa-

904 1364 1230 1427 cerdotum
1262 1383 1424 1445 quos
1453 1364 1599 1426 Saul
1644 1364 1840 1446 impie
1872 1364 2233 1441 trucidavit,
2278 1363 2391 1445 qui

905 1480 1135 1542 magna
1154 1481 1229 1524 ex
1260 1470 1438 1544 parte
1458 1461 1720 1524 fuerunt
1739 1463 1818 1525 de
1839 1462 1974 1525 Heli
2006 1472 2070 1525 et
2089 1463 2387 1526 Ithamar.

923 1565 1364 1622 Verumtamen
1398 1583 1529 1622 non
1561 1563 1862 1638 auferam
1895 1565 2113 1623 virum
2129 1565 2395 1640 penitus

905 1680 986 1718 eoe
1019 1669 1076 1718 te
1103 1661 1182 1719 ab
1211 1662 1416 1720 altari
1443 1679 1599 1730 mec,
1635 1657 1698 1721 id
1729 1667 1845 1735 est,
1879 1659 2081 1741 aliqui
2113 1668 2395 1741 postero-

909 1776 1050 1818 rum
1093 1765 1345 1820 tuorum
1384 1765 1571 1819 erunt
1611 1758 1677 1818 in
1721 1756 1948 1821 officio
1995 1759 2395 1821 sacerdotum

2499 791 2849 836 consonare
2877 773 3046 853 quod
3069 772 3364 834 subditur
3388 791 3402 835 :
3422 780 3482 831 et
3510 769 3869 830 ambulabit
3896 785 3983 826 oo-

2499 893 2645 932 ram
2677 873 2922 932 Christo
2954 892 3087 932 meo
3124 871 3369 931 eunctis
3406 871 3652 929 diebus.
3688 865 3835 928 Ideo
3878 864 3982 926 alii

2501 977 2829 1051 exponunt
2856 969 2979 1033 ista
3009 970 3087 1031 de
3108 968 3306 1032 Sadoc
3328 965 3639 1051 pontifice
3666 967 3864 1047 justo,
3879 961 3983 1044 qui

2502 1087 2714 1131 coram
2756 1068 3093 1132 Salomone
3121 1075 3219 1130 cst
3260 1065 3538 1129 fideliter
3577 1071 3985 1128 conversatus
4034 1074 4089 1118 ιιι
4112 1077 4235 1130 aava
4240 1110 4249 1119 .

2504 1167 2800 1250 plurimis
2828 1166 3037 1229 annis.
3054 1170 3381 1228 Futurum
3398 1175 3488 1226 cst
3508 1175 3727 1225 autem
3756 1172 3833 1223 uc
3852 1163 3987 1242 qui·
4008 1152 4187 1246 ἔξω*
4216 1155 4249 1182 “··

2503 1287 2771 1346 cumque
2790 1267 3173 1327 remanserit
3202 1268 3275 1326 in
3304 1269 3489 1326 domo
3514 1275 3650 1335 tua,
3669 1265 3892 1323 veniat
3918 1270 3983 1318 ut

2503 1375 2721 1425 oretur
2748 1385 2872 1442 pro
2901 1386 2993 1435 ec,
3028 1363 3092 1426 id
3123 1371 3240 1440 est,
3264 1363 3573 1445 templum
3613 1380 3729 1423 seu
3756 1359 3983 1422 atrium

2504 1463 2645 1544 ejus
2693 1463 3109 1543 ingrediatur,
3144 1480 3271 1525 non
3320 1461 3449 1543 jam
3500 1461 3579 1522 ad
3622 1458 3986 1522 sacrifican-

2505 1561 2655 1623 dum
2688 1569 2750 1624 et
2780 1561 3089 1624 orandum
3123 1579 3237 1642 pro
3268 1559 3431 1636 aliis,
3467 1569 3538 1621 ut
3568 1557 3769 1621 moris
3798 1576 3875 1619 ac
3899 1558 3987 1637 ju-

2506 1661 2595 1722 ris
2615 1669 2711 1723 est
2731 1661 3149 1736 sacerdotum,
3175 1659 3285 1723 sed
3316 1659 3521 1739 magis
3538 1659 3617 1721 ad
3638 1656 3986 1736 rogandum

2506 1766 2577 1819 ut
2606 1759 2961 1824 sacerdotes
2993 1765 3175 1821 orent
3205 1775 3320 1840 pro
3354 1757 3513 1840 ipso,
3560 1756 3785 1838 eisque
3830 1753 3985 1817 offc-

645 1855 1390 1920 1¹¹12e01minorum:in
1421 1873 1549 1937 quo
1591 1863 1656 1918 et
1684 1856 1988 1919 Abiathar
2028 1866 2174 1939 post
2214 1876 2392 1919 suam
2426 1858 2471 1918 B
2508 1865 2603 1919 rat
2630 1857 2897 1939 aliquid,
2932 1865 3246 1939 quatenus
3284 1858 3708 1939 deprecentur
3748 1872 3869 1936 pro
3896 1854 3987 1934 ip-

619 1930 828 1978 ww,-

908 1954 1329 2035 dejectiouem
1378 1974 1417 2017 a
1466 1954 1802 2036 pontificio
1849 1955 2116 2030 mansit;
2162 1959 2273 2016 sed
2322 1966 2394 2016 ut

904 2056 1214 2132 deficiant
1244 2056 1417 2113 oculi
1451 2056 1552 2113 tui
1579 2063 1639 2112 ec
1671 2055 1938 2114 tabescat
1968 2056 2196 2116 anima
2230 2065 2341 2114 tua
2372 2074 2395 2117 :

907 2152 970 2214 id
1002 2160 1119 2227 est,
1161 2151 1282 2214 hoc
1314 2152 1523 2233 ipsum
1558 2153 1730 2232 quod
1759 2151 1962 2233 aliqui
1996 2162 2395 2234 posterorum

2506 1974 2599 2018 s0.
2625 1955 2769 2019 Ideo
2799 1955 3140 2019 subditur:
3172 1965 3234 2016 et
3262 1957 3487 2033 offerat
3514 1973 3863 2014 nummum
3894 1973 3991 2012 ar·

2499 2065 2799 2132 yenteum
2842 2065 2903 2114 et
2944 2065 3176 2116 tortam
3208 2055 3430 2131 panis,
3460 2054 3761 2132 dicatque
3800 2049 3989 2112 alicui

2508 2153 2902 2215 sacerdotum
2926 2171 2939 2215 :
2957 2153 3232 2214 Dimitte
3252 2172 3375 2221 me,
3393 2153 3763 2221 obsecro‚ad
3792 2169 3991 2209 unam

905 2259 1160 2312 tuorum
1211 2258 1399 2313 erunt
1447 2251 1514 2311 in
1565 2250 1938 2313 sacerdotali
1989 2249 2397 2328 officio,·erit
2496 2262 2756 2329 partem
2774 2255 3251 2322 sacerdotalem,
3272 2249 3335 2312 id
3366 2249 3575 2325 est‚ad
3606 2247 3989 2311 vescendum

903 2348 983 2410 ad
1024 2346 1446 2411 afflictionem
1480 2356 1544 2410 et
1582 2347 2038 2412 desolationem
2079 2349 2389 2430 ipsorum,

903 2454 1215 2527 quantum
1247 2445 1324 2507 ad
1359 2445 1480 2508 hoc
1511 2448 1681 2527 quod
1713 2446 2023 2509 videbunt
2062 2467 2130 2509 se
2163 2448 2251 2509 ita
2282 2448 2398 2509 hu-

903 2544 1184 2608 miliatos
1217 2553 1281 2606 ct
1311 2544 1601 2608 subditos
1631 2544 1752 2621 his,
1789 2545 2026 2626 quibus
2059 2555 2269 2627 patres
2300 2565 2400 2609 co-

907 2662 1048 2705 rum
1078 2641 1424 2724 aliquando
1456 2641 1882 2725 praefuerunt;
1901 2654 1960 2705 et
1991 2665 2231 2721 magna
2244 2665 2400 2721 pars

907 2743 1134 2801 domus
1185 2751 1311 2802 tuoe
1359 2742 1696 2812 morietur,
1747 2762 1952 2821 quum
2001 2745 2089 2802 ad
2138 2745 2401 2803 virilem

635 2846 840 2901 lfleoax
841 2857 880 2894 n,
909 2848 1161 2900 oetatem
1193 2840 1490 2898 venerit.-
1511 2839 1730 2919 quod
1717 2858 1782 2900 ιιι
1813 2839 2249 2905 sacerdotibus
2281 2841 2401 2904 No-

643 4811 724 4853 Po.
743 4825 806 4853 cix

2507 2350 2586 2414 de
2616 2351 2831 2432 aliqua
2870 2349 3163 2432 portione
3202 2348 3425 2411 hostiae
3464 2350 3590 2411 Deo
3628 2347 3880 2422 oblatae,
3910 2346 3991 2408 ad

2506 2466 2685 2511 esum
2738 2448 3135 2511 sacerdotum
3176 2455 3526 2530 spectante,
3560 2457 3633 2507 ut
3671 2449 3993 2506 comedam

2508 2550 2855 2609 buc-cellam
2894 2549 3122 2624 panis,
3172 2546 3235 2608 id
3294 2553 3413 2623 est,
3466 2544 3791 2608 modicum
3838 2543 3993 2625 quid

2508 2646 2907 2708 manducem.
2932 2645 3139 2708 Potest
3170 2663 3425 2726 quoque
3456 2645 3629 2706 istud
3656 2641 3888 2725 exponi
3920 2641 3997 2704 de

2509 2743 2942 2806 sacerdotibus
2987 2742 3402 2807 inferioribus
3446 2762 3523 2805 ex
3559 2742 3699 2805 Heli
3742 2742 3997 2806 descen-

2510 2841 2831 2919 dentibus,
2867 2841 2978 2923 qui
3006 2843 3086 2905 ad
3126 2841 3505 2924 pontificem
3537 2840 3865 2904 habebant
3902 2859 3997 2902 re·

913 2935 993 2998 be
1030 2935 1259 2998 occisis
1303 2954 1340 2996 a
1383 2935 1528 2998 Saul
1575 2937 1826 2999 videtur
1869 2937 2227 3018 impletum.
2266 2941 2402 2998 Hoc
2512 2958 2766 3003 currere
2796 2949 2859 3003 ct
2888 2940 3133 3022 aliquid
3164 2939 3223 3003 ei
3252 2938 3517 3016 offerre,
3540 2946 3613 3001 ut
3640 2948 3851 3003 oraret
3884 2957 3997 3022 pro

913 3045 1130 3096 autem
1177 3036 1303 3096 erit
1355 3037 1472 3096 tibi
1517 3038 1803 3112 simum,
1836 3039 2006 3115 quod
2055 3047 2399 3098 venturum
2430 3037 2473 3100 C
2516 3038 2693 3121 ipsiS.

911 3136 1263 3194 estduobus
1291 3135 1454 3213 filiis
1486 3135 1615 3195 tuis
1647 3138 1863 3212 Oplmi
1891 3145 1950 3196 ec
1981 3136 2300 3197 l’lzinees:
2316 3139 2399 3197 In

909 3234 1018 3291 die
1048 3252 1183 3292 una
1221 3234 1584 3293 morientur
1621 3236 1830 3301 ambo,
1863 3232 1928 3295 id
1967 3241 2085 3309 est,
2120 3251 2235 3315 per
2280 3233 2400 3296 hoc

911 3329 1073 3392 scies
1096 3347 1244 3392 vera
1275 3348 1414 3393 esse
1443 3347 1586 3411 quae
1615 3330 1958 3411 dixi,quod
1988 3332 2114 3394 duo
2145 3330 2273 3393 filii
2306 3331 2400 3393 tui

911 3428 1134 3491 eodem
1165 3426 1270 3490 die
1308 3427 1800 3491 interficientur.
1837 3427 2024 3502 Quasi
2058 3428 2230 3493 dicat
2264 3448 2278 3491 ε
2315 3431 2400 3492 De

909 3527 1272 3608 propinquo
1302 3527 1384 3589 do
1417 3525 1530 3588 tibi
1565 3527 1842 3607 signum,
1877 3527 2181 3608 quoniam
2216 3537 2277 3591 te
2306 3547 2402 3592 se-

911 3643 992 3687 ne
1021 3624 1229 3688 adhuc
1249 3624 1528 3701 vivente,
1552 3624 1870 3706 percipies
1901 3644 2010 3689 eos
2040 3625 2265 3690 ambos
2296 3647 2401 3709 pa-

802 3721 809 3730 '
909 3722 1064 3785 riter
1094 3722 1409 3786 interisse.

989 3823 1074 3882 Ec
1115 3822 1430 3881 suscitabo
1476 3822 1643 3881 mihi
1685 3824 2071 3883 sacerdotem
2114 3826 2398 3900 fidelem,

909 3919 1026 3995 qui
1057 3917 1266 3993 juoeca
1314 3935 1422 3976 cor
1475 3936 1684 3977 meum
1733 3928 1792 3977 et
1841 3920 2136 3979 animam
2192 3941 2399 3981 meam

908 4015 1131 4093 faciet,
1163 4012 1227 4074 id
1259 4020 1376 4089 est,
1422 4012 1614 4089 vivet,
1649 4021 1714 4076 et
1743 4034 1928 4077 suum
1971 4015 2266 4097 implebit
2302 4015 2401 4079 of-

911 4110 1136 4172 ficium
1169 4111 1520 4173 secundum
1551 4130 1758 4174 meam
1790 4113 2185 4177 voluntatem
2214 4123 2278 4177 et
2308 4114 2401 4176 in-

2589 3137 2893 3201 Praeterea
2935 3138 3264 3219 quaeritur,
3297 3158 3411 3201 cur
3462 3131 3635 3201 tanta
3676 3136 3839 3201 ultio
3888 3156 4000 3219 per

2512 3244 2603 3299 tot
2629 3236 3071 3316 generationes
3112 3234 3363 3300 inflicta
3402 3244 3497 3298 est
3539 3237 3817 3318 posteris
3860 3236 3993 3298 Heli

2512 3342 2769 3444 propter
2812 3342 3141 3416 peccatum
3186 3334 3411 3417 ipsiuS,
3446 3353 3645 3415 quum
3686 3334 3851 3397 alibi
3890 3335 3999 3397 Do-

2511 3432 2725 3495 minus
2770 3433 3001 3516 saepius
3044 3440 3448 3516 protestetur,
3482 3452 3551 3495 se
3590 3432 3997 3495 visitaturum
4058 3454 4185 3498 3204
4198 3467 4241 3493 u

2510 3540 2769 3613 peccata
2799 3540 3051 3613 patrum
3084 3532 3149 3593 in
3185 3530 3355 3595 filios
3395 3550 3599 3613 usque
3637 3531 3705 3593 in
3747 3532 4045 3624 tertiam
4024 3525 4075 3623 ἢ,
4076 3520 4253 3561 ·“““”“·

2510 3638 2573 3692 et
2630 3638 2921 3712 quartam
2978 3630 3478 3710 generationem.
3534 3631 3993 3712 Respondetur,

2509 3728 2680 3809 quod
2712 3747 2917 3811 poenae
2941 3727 3293 3810 corporales
3315 3728 3461 3792 vitae
3484 3729 3838 3811 praesent1S,
3852 3738 4000 3791 sunt

2510 3826 2944 3903 medicinaleS,
2964 3836 3027 3890 et
3056 3826 3430 3889 ordinantur
3448 3846 3487 3889 a
3508 3828 3634 3890 Deo
3661 3828 3727 3889 in
3760 3828 4001 3891 bonum

2508 3924 2739 3989 animae
2772 3924 3149 4007 patientium
3180 3944 3284 3987 eas
3312 3942 3325 3986 :
3354 3925 3591 3989 idcirco
3620 3943 3751 3988 non
3782 3927 4003 3990 adver·

2510 4032 2683 4086 satur
2710 4023 2995 4105 Justitiae,
3014 4025 3185 4105 quod
3216 4022 3427 4105 proles
3458 4043 3575 4106 pro
3606 4034 3871 4106 peccato
3900 4045 4004 4108 pa-

2511 4123 2708 4184 rentis
2742 4122 2891 4184 talia
2922 4122 3213 4185 sustinet.
3230 4122 3303 4184 Hi
3322 4122 3511 4185 etiam
3539 4124 3777 4205 posteri
3802 4124 4003 4187 aliun-

914 4206 1284 4269 tentionem.
1305 4208 1611 4289 Loquitur
1639 4218 1850 4272 autem
1883 4212 2044 4274 Deus
2077 4213 2481 4295 metapho-1)
2510 4220 2587 4282 de
2617 4220 2967 4301 culpabiles
2998 4228 3227 4284 erant:
3265 4228 3521 4303 propter
3550 4222 3723 4302 quod
3756 4224 4003 4305 maiora

912 4304 1041 4367 rice
1071 4307 1150 4367 de
1169 4324 1258 4382 sc,
1293 4307 1476 4387 quasi
1506 4308 1584 4370 de
1615 4308 1896 4385 homine,
1911 4311 2205 4387 dicendo,
2217 4312 2401 4374 Juxta

910 4403 1188 4465 animam
1229 4422 1457 4481 meam,
1493 4424 1687 4485 quum
1730 4405 1869 4488 ipse
1908 4408 1974 4469 in
2016 4429 2132 4471 sua
2175 4418 2401 4473 natura

911 4501 996 4563 sit
1025 4501 1500 4582 simplicissima
1532 4522 1733 4566 menS.
1752 4508 2180 4585 Etadifi'eabo
2210 4529 2265 4568 ει
2292 4512 2401 4569 do-

912 4621 1091 4665 mum
1128 4604 1404 4679 fidelem,
1437 4602 1501 4663 id
1551 4611 1668 4678 est,
1709 4601 1939 4666 bonam
1989 4614 2052 4667 et
2102 4606 2397 4669 stabilem

912 4698 1346 4779 posteritatem
1394 4699 1452 4761 ei
1502 4702 1868 4763 concedam.
1902 4701 2165 4776 Quidam
2215 4723 2401 4786 expo-

910 4902 1214 4957 aeternum
1237 4896 1586 4958 secundum
1610 4896 1898 4960 ordinem
1921 4898 2391 4973 Melchisedech,

908 4993 1094 5074 cujus
1123 4994 1458 5076 posteritas
1491 4992 1752 5057 fuerunt
1783 4997 1983 5059 sancti
2015 4996 2300 5079 Apostoli
2334 5008 2399 5061 et

905 5092 1101 5169 ceteri
1139 5092 1322 5155 electi
1365 5093 1722 5156 sacerdotes
1761 5112 1834 5155 ac
1865 5096 2167 5176 praesules
2201 5116 2395 5159 evan-

2511 4318 2756 4401 perpeti
2796 4326 3187 4395 meruerunt,
3223 4337 3337 4381 nec
3378 4318 3469 4382 eis
3512 4320 3865 4383 debebatur
3906 4324 4005 4385 di·

2509 4415 2718 4495 gnitas
2766 4416 3159 4527 pontificalis
3208 4436 3285 4479 ex
3333 4417 3472 4499 lege
3520 4428 3631 4481 aut
3676 4419 3831 4500 jure
3864 4440 4005 4485 suc-

2508 4513 2837 4578 cessionis.
2882 4515 3035 4576 Nam
3085 4524 3149 4577 et
3200 4514 3407 4597 ipsum
3454 4515 3756 4580 Abiathar
3804 4520 4005 4600 ejecit

2509 4612 2805 4679 Salomon
2846 4633 2883 4676 a
2925 4612 3306 4695 pontificatu
3359 4624 3619 4696 propter
3666 4618 4003 4699 propriam

2510 4711 2711 4792 ipsius
2740 4712 3043 4774 Abiathar
3070 4711 3347 4793 culpam,
3384 4721 3642 4795 propter
3684 4728 3877 4795 quam
3908 4718 4007 4778 di·

813 4813 882 4858 ,4.
913 4804 1077 4857 nunt
1121 4795 1240 4858 ista
1282 4798 1361 4859 de
1389 4798 1660 4874 Christo,
1695 4797 1809 4879 qui
1851 4807 1948 4861 est
1991 4801 2284 4864 sacerdos
2332 4802 2398 4863 in
2507 4808 2599 4869 xit
2626 4809 2704 4871 ad
2745 4808 2980 4890 ipsum,
3014 4809 3212 4871 Filius
3254 4810 3479 4874 mortis
3521 4811 3714 4874 eS.1n
3761 4813 4005 4877 talibus
4056 4830 4247 4881 mam.

2504 4924 2759 4987 quoquc
2788 4907 3039 4969 casibus
3069 4916 3367 4990 parentes
3397 4908 3753 4991 puniuntur
3772 4912 3841 4973 iu
3872 4896 4079 4995 pue-²⁶

2506 5004 2605 5065 nis
2636 5013 2698 5067 et
2726 5005 3219 5069 adversitatibus
3256 5006 3494 5071 sobolis
3536 5028 3688 5085 suae,
3726 5010 3853 5073 Deo
3898 5012 3997 5075 sic

2504 5102 2858 5165 ordinante.
