4359 6250
602 1275 745 1381 ¹lollegy.
756 1288 861 1328 xxiv,

598 2757 661 2801 12.
684 2771 769 2810 xix,
785 2759 852 2801 25.

582 4030 659 4075 Pe.
672 4044 769 4083 xvn,
782 4034 846 4074 27.

890 481 1008 547 404

1452 498 1799 545 ausimano
1842 499 1903 544 ΙΝ
1946 497 2083 544 CAP.
2128 496 2277 544 xxv1
2319 495 2478 542 unm
2519 497 2686 544 Pium
2728 498 2954 546 REGUM.
2997 517 3078 528 —-
3119 499 3260 544 Am.
3307 498 3423 544 va

888 691 1078 753 quam
1126 671 1329 734 habeo
1380 671 1443 732 in
1494 669 1938 752 persecutione
1988 669 2127 745 hac,
2179 668 2379 729 instar
2411 666 2462 729 A
2491 667 2642 731 dum
2674 688 2796 746 me,
2832 670 2944 751 qui
2976 670 3450 753 comparatione
3481 668 3658 731 illius
3688 668 3974 732 modicus

888 769 1192 832 sacrificii
1244 771 1327 831 sit
1379 770 1505 832 Deo
1552 777 1853 850 aceepta;
1904 767 2013 830 sed
2064 765 2377 848 expositio

888 868 1045 944 haec,
1082 868 1432 950 spiritualis
1459 868 1659 948 magis
1690 887 1882 948 quam
1916 864 2210 928 litteralis
2241 881 2380 927 esse

890 975 1206 1029 censetur.

970 1068 1051 1127 Si
1079 1076 1295 1126 autem
1322 1066 1456 1142 filii
1484 1066 1823 1126 hominum
1852 1062 2120 1126 incitant
2150 1070 2212 1125 te
2240 1079 2382 1125 con·

892 1173 989 1229 tra
1034 1181 1186 1227 me:
1228 1163 1390 1227 sicut
1437 1172 1498 1225 et
1545 1162 1918 1239 incitabant,
1969 1162 2138 1224 unde
2186 1180 2379 1242 supra

893 1265 1090 1327 David
1120 1263 1279 1325 dixit
1308 1263 1385 1325 ad
1408 1262 1552 1325 Saul
1580 1261 1815 1337 :Quare
1843 1261 2023 1323 audis
2054 1261 2248 1324 verba
2269 1260 2380 1322 ho-

890 1363 1138 1425 minum
1176 1360 1597 1442 loquentium,
1643 1360 1836 1423 David
1876 1359 2105 1441 quaerit
2136 1358 2376 1421 malum

890 1463 1225 1525 adversum
1259 1464 1365 1523 te?
1398 1461 1726 1522 maledicti
1753 1469 1905 1520 sunt
1938 1461 2007 1519 in
2043 1467 2378 1536 conspectu

885 1561 1177 1629 Domini,
1203 1559 1267 1621 id
1292 1566 1409 1634 est,
1446 1557 1624 1640 pravi
1649 1565 1711 1620 et
1734 1556 1948 1620 vitiosi
1982 1563 2131 1618 sunt
2160 1572 2372 1618 eoram

887 1660 1013 1722 Deo
1060 1667 1124 1722 et
1170 1658 1616 1721 maledictione
1666 1656 1989 1737 condigni,
2025 1658 2143 1736 qui
2189 1657 2378 1732 ejece-

884 1768 1045 1819 runt
1074 1760 1402 1830 meliodie,
1428 1757 1490 1819 id
1522 1765 1637 1832 est,
1673 1763 2181 1838 procuraverunt
2209 1773 2248 1816 a
2287 1760 2371 1830 te,

2491 774 2556 828 et
2601 767 2917 850 impotens
2967 790 3130 846 sum,
3175 789 3246 832 ac
3297 769 3497 831 instar
3540 768 3775 851 pulicis
3823 768 3976 830 hinc

2491 864 2636 927 inde
2668 867 2956 930 transilio
3001 866 3332 949 fugiendo,
3367 870 3535 928 sicut
3561 869 3976 946 persequitur

2481 966 2748 1040 perdix,
2776 965 2842 1027 id
2872 973 2988 1040 est,
3025 966 3190 1028 sicut
3228 965 3502 1028 bestiola
3533 964 3648 1027 illa
3690 962 3972 1044 fugatur,

2489 1064 3126 1146 persecutionemque
3157 1065 3428 1127 sustinet
3447 1066 3520 1126 in
3557 1067 3874 1125 montibus
3891 1062 3978 1124 ab

2489 1180 2756 1243 aucupe.
2773 1162 3003 1245 Sicque
3032 1164 3300 1229 verbum
3333 1164 3523 1238 istud,
3541 1162 3972 1243 Persequitur,

2485 1261 2656 1340 quod
2705 1263 2962 1344 proprie
3009 1271 3106 1326 est
3150 1263 3607 1344 deponentale,
3661 1271 3725 1324 et
3767 1261 3976 1324 active

2488 1358 2819 1440 accipitur,
2869 1361 3142 1423 sumitur
3185 1361 3289 1424 hic
3333 1360 3582 1442 passive
3623 1378 3638 1422 :
3672 1359 3976 1441 quemad·

2487 1458 2746 1519 modum
2789 1459 3056 1522 verbum
3101 1459 3244 1536 hoe,
3277 1459 3698 1536 Promeretur‚
3731 1459 3812 1520 ad
3860 1458 3974 1520 He-

2488 1553 2710 1632 braeOS,
2732 1555 2986 1618 Talibus
3019 1557 3242 1619 hostiis
3274 1566 3673 1639 promeretur
3702 1557 3883 1631 Deus,
3907 1555 3973 1616 id

2488 1661 2604 1730 est,
2644 1653 2967 1718 meritorie
3006 1654 3330 1718 obtinetur
3380 1673 3496 1736 pro
3540 1653 3825 1737 praemio.
3859 1654 3971 1716 Ta-

2490 1769 2656 1827 men,
2678 1759 2748 1813 ut
2768 1752 2988 1829 fertur,
3011 1753 3075 1814 in
3097 1752 3357 1817 Hebraeo
3387 1753 3656 1816 habetur
3685 1769 3968 1828 Quocum,

886 1856 1056 1936 quod
1102 1856 1399 1938 expulisti
1445 1874 1546 1917 me
1592 1863 1874 1936 tempore
1914 1854 2057 1930 istc,
2101 1862 2164 1915 et
2205 1871 2375 1915 nunc
2412 1851 2459 1912 B
2486 1851 2656 1931 quod
2699 1851 2988 1932 designat
3027 1871 3209 1916 avem
3246 1871 3391 1934 quae
3429 1852 3789 1934 insequitur
3841 1871 3978 1913 mu-

885 1973 1088 2036 usque
1117 1953 1479 2037 protraxisti
1512 1973 1718 2016 meam
1754 1953 2219 2035 expulsionem.
2255 1951 2374 2014 Ve-

886 2045 1241 2116 rumtamen
1272 2050 1469 2117 David
1508 2051 1642 2114 haec
1673 2051 1915 2128 dicens,
1953 2049 2079 2113 fuit
2110 2051 2176 2112 in
2211 2057 2376 2112 terra

882 2150 1346 2233 promissioniS,
1382 2151 1493 2214 sed
1520 2151 1652 2231 jam
1685 2158 1830 2212 ante
1866 2148 1991 2211 fuit
2028 2148 2374 2213 ebannitus

886 2256 948 2311 et
975 2249 1275 2331 expulsus
1306 2248 1385 2310 ab
1406 2268 1500 2311 ea.
1546 2251 1623 2312 Ut
1644 2269 1773 2309 non
1794 2251 2076 2310 habitem
2106 2250 2175 2308 in
2211 2250 2378 2308 here-

882 2349 1087 2408 ditate
1114 2348 1404 2417 Domini,
1442 2346 1505 2408 id
1549 2355 1645 2408 est
1684 2346 1747 2408 in
1790 2354 1957 2408 terra
1996 2345 2114 2408 hae
2162 2345 2374 2408 cultus

882 2444 1109 2522 divini,
1143 2463 1287 2526 quae
1317 2443 1443 2506 fuit
1473 2443 1834 2526 specialiter
1867 2452 2032 2506 terra
2061 2443 2374 2506 heredita-

885 2542 979 2604 ria
1007 2541 1138 2618 Dei,
1174 2549 1391 2623 utpote
1431 2541 1510 2604 ab
1544 2559 1619 2603 eo
1652 2541 1855 2604 electa
1892 2542 1970 2603 ad
2000 2543 2245 2604 cultum
2279 2542 2374 2604 di-

884 2640 1129 2705 vinum.
1166 2640 1302 2716 Vel,
1339 2639 1657 2702 hereditas
1690 2639 1800 2702 Dei
1832 2648 2093 2703 vocatur
2132 2641 2375 2704 Israeli-

886 2738 1010 2802 tica
1039 2738 1335 2822 pleb3,de
1355 2757 1484 2820 qua
1515 2738 1603 2800 ait
1633 2756 1747 2819 per
1766 2737 1989 2800 isaiam
2012 2757 2025 2800 :
2046 2739 2372 2802 Hereditas

884 2855 1025 2899 mea
1070 2836 1381 2900 lsrael.1n
1431 2836 1548 2899 hac
1596 2835 1948 2899 hereditate
1992 2855 2119 2900 non
2165 2837 2374 2919 potuit

2487 1967 2656 2011 scam
2689 1958 2796 2011 aut
2836 1950 2960 2013 tale
2988 1950 3145 2032 quid
3175 1950 3304 2016 vile
3337 1969 3353 2014 :
3389 1951 3610 2032 sieque
3647 1950 3970 2031 Persequi-

2491 2055 2610 2124 tur,
2647 2048 2904 2130 proprie
2935 2049 3230 2111 sumitur.

2564 2149 2654 2208 Ει
2683 2149 2779 2208 ait
2799 2150 2968 2209 Saul
2998 2169 3022 2207 .·
3040 2149 3316 2210 Peccavi
3332 2171 3361 2220 ,·
3388 2157 3722 2220 revertere,
3743 2150 3850 2226 fili
3883 2149 3978 2208 mi

2488 2249 2628 2306 Dav
2637 2247 2727 2306 id.
2755 2247 3182 2326 Nequaquam
3201 2251 3377 2309 ultra
3402 2249 3520 2308 eibi
3537 2248 3976 2323 malefaciam,

2485 2363 2554 2402 eo
2583 2347 2754 2424 quod
2772 2347 3058 2422 pretiosa
3075 2346 3282 2421 fuerit
3311 2347 3540 2406 anima
3559 2366 3702 2406 mea
3731 2348 3804 2405 in
3823 2365 3972 2406 oew-

2489 2443 2569 2501 lis
2590 2445 2721 2502 tuis
2737 2445 2950 2512 hodie,
2982 2443 3045 2505 id
3069 2451 3185 2519 est,
3211 2442 3329 2506 hac
3361 2451 3546 2506 nocte
3569 2443 3972 2525 praeservasti

2487 2557 2586 2602 me
2616 2539 2696 2602 ab
2727 2541 3066 2617 occisione,
3087 2549 3150 2604 et
3177 2540 3511 2604 custodisti
3533 2561 3636 2604 me
3667 2549 3972 2623 tanquam

2485 2639 2830 2719 pretiosum
2876 2640 3265 2703 thesaurum.
3303 2640 3380 2702 Et
3423 2640 3646 2722 utique
3690 2641 3976 2722 pretiosa

2485 2735 2512 2796 f
2517 2737 2610 2799 uit
2628 2737 2841 2799 anima
2861 2737 3068 2800 Saulis
3089 2738 3154 2800 in
3176 2739 3378 2801 oculis
3399 2738 3613 2815 David,
3629 2738 3744 2820 qui
3765 2738 3976 2802 noluit

2483 2835 2692 2917 ipsum
2716 2835 2864 2898 Saul
2893 2836 3182 2900 occidere
3205 2837 3268 2898 in
3299 2846 3466 2899 statu
3489 2837 3602 2901 illo
3623 2838 3876 2915 vitioso,
3902 2836 3974 2899 in

884 2932 1155 3016 pacifice
1202 2943 1266 2998 et
1313 2933 1570 3016 publice
1620 2934 2020 2997 commorari.
2080 2937 2373 2997 Dicentes
2481 2951 2610 3014 quo
2649 2943 2799 2999 tunc
2849 2935 2992 3011 fuit,
3027 2935 3094 2996 in
3140 2954 3268 3016 quo
3318 2935 3371 2998 si
3411 2955 3557 2998 eum
3601 2935 3972 3012 occidisset,

883 3032 1076 3097 verbo
1124 3041 1234 3095 aut
1278 3051 1468 3114 opere
1518 3033 1596 3094 ad
1640 3051 1764 3108 me,
1808 3033 2101 3114 quamvis
2145 3033 2370 3096 absen-
2406 3027 2451 3092 C
2481 3033 2694 3096 anima
2721 3033 2860 3115 ejus
2891 3053 3036 3097 mox
3073 3033 3300 3098 fuisset
3329 3035 3648 3098 damnata.
3679 3037 3974 3114 Apparet

882 3138 1009 3193 tem
1046 3148 1060 3193 z
1100 3134 1288 3203 Vade,
1310 3134 1481 3191 servi
1509 3134 1641 3192 diis
1669 3134 1927 3203 alieni-3,
1961 3132 2025 3193 id
2058 3142 2173 3210 est,
2203 3133 2369 3195 inter
2478 3136 2654 3193 enim
2675 3138 2846 3213 quod
2863 3138 3053 3195 stulte
3081 3136 3319 3211 eqerim
3345 3136 3568 3204 nimiS,
3592 3134 3868 3197 volendo
3903 3143 3966 3197 te

882 3229 1246 3293 idololatras
1294 3229 1511 3293 habita
1558 3230 1625 3292 in
1676 3239 1841 3293 terra
1886 3230 2116 3306 aliena,
2166 3240 2228 3294 et
2277 3231 2366 3295 ibi

880 3328 1017 3391 cole
1058 3328 1344 3409 gentium
1390 3328 1579 3391 idola.
1605 3328 1693 3389 Ita
1732 3329 1902 3391 enim
1944 3330 2366 3412 parvipende-

881 3435 1029 3489 runt
1076 3427 1345 3490 salutem
1388 3426 1607 3502 David,
1641 3434 1704 3489 et
1742 3446 1889 3489 eum
1934 3428 2026 3491 sic
2070 3430 2366 3511 despexe-

879 3526 1236 3608 runt,quod
1266 3524 1482 3589 forsan
1505 3526 1766 3606 quidam
1790 3526 2045 3589 illorum
2066 3528 2365 3592 dixerunt

878 3623 1012 3687 haec
1042 3623 1255 3689 verba.
1275 3623 1386 3686 Vel
1420 3624 1497 3687 ad
1528 3623 1740 3686 minus
1773 3624 2070 3687 dixerunt
2106 3626 2240 3690 haec
2281 3626 2367 3691 fa-

877 3729 979 3784 cto
1016 3730 1125 3784 aut
1164 3722 1638 3803 aequivalenter.
1670 3722 1759 3783 Ex
1788 3742 1917 3804 quo
1948 3724 2119 3785 enim
2146 3726 2360 3789 cultus

878 3820 1011 3883 veri
1033 3820 1143 3883 Dei
1173 3840 1301 3883 non
1324 3820 1547 3901 viguit,
1574 3820 1698 3882 nisi
1728 3822 1791 3883 in
1826 3830 1993 3884 terra
2021 3821 2231 3899 Israel,
2252 3824 2364 3906 qui

878 3918 1358 4000 expellebantur
1408 3938 1445 3980 a
1494 3928 1660 3981 terra
1698 3918 1829 3993 illa,
1882 3921 2366 4001 exponebantur

879 4014 1252 4079 idololatriae
1299 4015 1495 4091 vitiis,
1546 4016 1728 4096 juxta
1775 4016 1935 4079 illud
1970 4018 2173 4081 :Cum
2226 4039 2366 4101 per-

877 4132 1061 4178 verso
1108 4114 1510 4196 perverteris,
1561 4115 1719 4178 Hinc
1768 4115 1867 4179 lex
1910 4134 2035 4179 non
2087 4117 2366 4200 injunxit

2479 3232 2815 3309 trucidare,
2867 3252 3058 3314 quem
3103 3234 3263 3295 Deus
3313 3232 3495 3295 unxit
3539 3241 3602 3295 et
3647 3232 3840 3313 elegit
3885 3233 3972 3295 ad

2479 3332 2868 3411 regnandum
2902 3351 3017 3414 pro
3045 3351 3168 3409 me,
3193 3342 3254 3393 et
3283 3334 3722 3409 iynoraverim
3755 3336 3966 3394 multa

2475 3432 2700 3501 nimie,
2723 3449 2850 3493 non
2880 3430 3340 3493 considerando
3367 3430 3538 3510 justa
3562 3430 3806 3511 judicia
3825 3430 3961 3505 Dei,

2475 3528 2710 3608 quibus
2742 3547 2928 3591 nemo
2961 3537 3168 3611 potest
3199 3528 3510 3606 resistere,
3545 3537 3608 3591 et
3637 3529 3828 3591 etiam
3859 3548 3966 3591 me

2476 3644 2641 3707 saepe
2671 3627 2962 3690 habendo
3003 3628 3276 3705 incaute,
3311 3627 3398 3689 ita
3427 3628 3598 3708 quod
3613 3626 3728 3689 -bis
3759 3627 3964 3691 incidi

4027 1568 4162 1610 Beer.
4177 1583 4263 1610 xm-

4003 1635 4068 1672 16.

4029 3250 4268 3307 IBQ.xn.

4003 3317 4071 3357 ¹3.

4017 3647 4148 3723 Ibfd.
4165 3663 4252 3691 xm

2475 3743 2701 3787 manus
2751 3734 2912 3787 tuas,
2949 3728 3032 3787 Ec
3081 3728 3462 3802 respondens
3509 3728 3756 3794 David,
3803 3730 3964 3787 ait:
4067 3724 4094 3751 ³

2476 3826 2634 3884 E'cce
2663 3827 2848 3885 kasta
2877 3826 3070 3901 reqiS,
3113 3833 3393 3885 transeat
3431 3844 3603 3884 unus
3631 3828 3709 3885 de
3731 3828 3964 3903 pueris

2475 3923 2666 3998 reyis,
2685 3932 2745 3983 et
2779 3926 2960 3983 tollat
2987 3942 3152 3983 eam.
3186 3922 3504 3981 Dominus
3527 3932 3742 3982 autem
3771 3924 3966 3983 retri-

2475 4022 2619 4079 buet
2649 4021 3003 4099 unicuique
3029 4022 3382 4079 secundum
3397 4020 3736 4096 justitiam
3769 4040 3964 4081 suam

2472 4126 2530 4175 ec
2559 4121 2781 4195 fidem,
2803 4117 2865 4179 id
2897 4125 2994 4179 est
3024 4115 3423 4193 fidelitatem,
3463 4117 3562 4180 vel
3591 4117 3768 4198 juxta
3797 4116 3960 4181 fidei

876 4211 1193 4288 exsilium,
1227 4212 1529 4293 quoniam
1568 4213 1835 4276 exsulati
1877 4234 1915 4275 a
1947 4223 2113 4278 terra
2142 4217 2362 4279 cultus
2395 4218 2444 4279 D
2472 4234 2602 4277 suae
2629 4224 2862 4292 aetum,
2902 4224 3088 4296 prout
3120 4213 3284 4277 fides
3317 4222 3414 4277 est
3445 4214 3794 4295 theologica
3829 4216 3962 4279 vir-

876 4310 1101 4387 divini,
1140 4311 1513 4374 incidissent
1558 4311 1833 4375 faciliter
1874 4312 1939 4374 in
1986 4313 2363 4379 idololatria)

875 4408 1165 4487 crimina,
1187 4419 1255 4472 ut
1286 4410 1351 4471 in
1385 4410 1590 4492 prima
1616 4411 1911 4474 secundae
1940 4412 2165 4475 asserit
2199 4412 2363 4476 Tho-

876 4526 1032 4583 maS,
1084 4516 1146 4571 et
1185 4527 1375 4590 super
1420 4508 1912 4571 Pentateuchum
1968 4510 2212 4573 dictum
2266 4520 2362 4574 est

875 4605 1151 4687 plenius.

956 4706 1039 4765 Ec
1072 4726 1251 4767 nunc
1288 4726 1417 4766 non
1452 4709 1837 4783 effundatur
1872 4710 2139 4784 sanquis
2187 4730 2361 4769 meus

873 4804 947 4861 in
994 4811 1165 4863 terra
1209 4823 1426 4864 coram
1470 4806 1771 4873 Domino,
1814 4804 1876 4865 id
1922 4813 2038 4880 est,
2073 4804 2241 4867 absit
2290 4815 2362 4868 ut

870 4903 1041 4984 juste
1085 4921 1196 4964 seu
1247 4909 1505 4983 propter
1548 4900 1854 4964 demerita
1894 4921 2038 4964 mea
2080 4903 2356 4981 occidar,

873 5021 991 5067 nec
1022 5000 1088 5063 in
1120 5020 1345 5063 manus
1378 5008 1516 5062 tuas
1546 5020 1647 5063 me
1669 5002 1905 5065 tradat:
1927 5003 2096 5081 quod
2132 5002 2362 5066 merito

870 5119 1005 5175 01⁸0,
1040 5102 1199 5181 quia
1238 5119 1522 5177 egressus
1552 5109 1641 5159 est
1682 5120 1797 5159 reu:
1826 5103 2057 5169 Israel,
2094 5111 2165 5161 ui
2195 5122 2362 5180 quw-

872 5208 976 5258 ναι
1022 5200 1307 5275 pulicem
1355 5218 1586 5268 unum,
1641 5196 1703 5258 id
1752 5204 1870 5271 est,
1926 5216 2033 5259 rex
2082 5205 2210 5259 tam
2257 5216 2362 5279 po-

874 5303 1036 5372 tenS,
1076 5314 1222 5357 cum
1258 5303 1429 5357 tanto
1469 5294 1748 5357 exercitu
1788 5294 1965 5359 venit
1994 5295 2071 5357 ad
2105 5295 2362 5377 capien-

2473 4322 2594 4375 tus.
2627 4314 2778 4375 Nam
2810 4313 3018 4393 justus
3049 4332 3125 4376 ex
3157 4312 3287 4374 fide
3307 4312 3488 4375 vivit.
3512 4313 3626 4377 Per
3654 4332 3794 4395 quae
3813 4333 3962 4377 ver—

2471 4412 2552 4474 ba
2581 4420 2756 4474 notat
2787 4411 3058 4486 Saulem,
3093 4412 3206 4493 qui
3240 4412 3425 4475 toties
3459 4419 3584 4473 tam
3617 4411 3850 4492 injuste
3877 4431 3956 4475 ac

2471 4510 2822 4573 infideliter
2853 4528 2920 4572 se
2949 4509 3172 4572 habuit
3201 4509 3370 4571 cirea
3393 4510 3612 4575 David.
3655 4513 3957 4572 Tradidit

2469 4612 2646 4669 enim
2679 4619 2734 4669 te
2764 4610 3081 4669 Dominus
3111 4608 3296 4668 hodie
3317 4610 3390 4668 in
3423 4629 3692 4669 man-um
3721 4628 3956 4679 mam,

2469 4717 2529 4767 ec
2559 4709 2744 4768 nolui
2771 4708 3109 4767 extendere
3145 4726 3416 4767 manum
3447 4727 3654 4767 meam
3687 4707 3758 4765 in
3785 4706 3960 4765 chri-—

2469 4814 2638 4865 stum
2659 4807 2946 4866 Domini.
2969 4806 3050 4866 Ec
3070 4806 3236 4865 sicut
3259 4824 3447 4880 mayn
3459 4805 3676 4881 ificata
3693 4812 3784 4863 est
3811 4807 3960 4863 ani·

2471 4924 2580 4963 ma
2613 4913 2723 4963 tua
2753 4905 2942 4963 hodie
2971 4904 3038 4963 in
3074 4904 3272 4963 oculis
3305 4902 3484 4971 meis,
3515 4901 3578 4963 id
3617 4909 3736 4977 est,
3789 4900 3956 4964 sicut

2471 5001 2654 5066 valde
2701 5000 3043 5063 clementer
3089 5020 3190 5063 me
3237 4999 3430 5061 habui
3482 4999 3548 5061 in
3595 4998 3716 5061 hac
3765 5008 3952 5062 noete

2471 5100 2639 5162 circa
2683 5098 2878 5161 vitam
2923 5107 2986 5161 et
3029 5098 3306 5160 animam
3347 5106 3540 5173 tuam,
3575 5116 3714 5160 eam
3759 5096 3956 5160 hono-

2473 5198 2690 5273 rand0,
2727 5197 2791 5259 in
2826 5206 3092 5273 tantum,
3128 5198 3298 5278 quod
3337 5215 3454 5259 nec
3493 5196 3622 5259 laesi
3662 5214 3782 5258 nec
3811 5195 3954 5259 laedi

2471 5294 2730 5377 permisi
2761 5295 3086 5369 eamdem3
3119 5298 3215 5355 sic
3243 5296 3695 5372 maqnificetur
3725 5294 3956 5355 anima

4027 4345 4218 4391 Hah-e.
4235 4362 4268 4389 a.

3991 4410 4052 4455 ὅτ
4089 4411 4220 4453 Rea.
4245 4426 4265 4451 ι.

3997 4475 4072 4519 17⁹:
4091 4473 4268 4517 Heba&
