4359 6250
618 2087 781 2132 loann.
799 2102 839 2130 xi

594 2153 662 2194 56.

621 4157 757 4201 lotae
782 4172 845 4208 xv.

584 4221 653 4262 4⁴.

894 499 1011 564 384

1468 518 1815 564 manuario
1860 519 1921 564 lx
1964 519 2101 564 CAP.
2148 516 2302 563 xxm
2342 516 2498 562 unm
2539 518 2708 564 Pium
2749 519 2974 566 amun.
3018 538 3099 548 —
3139 520 3281 566 ΛΒΤ.
3329 520 3406 565 XL

894 709 1057 767 rum,
1088 689 1407 770 fugiamus
1438 691 1515 752 ad
1546 689 1979 754 meditationis
2008 699 2071 754 et
2101 697 2384 753 contem·
2412 688 2464 751 A
2490 713 2872 776 synagogam
2926 678 3112 760 fieret
3153 712 3168 756 :
3215 713 3358 776 quae
3399 692 3614 756 omnia
3661 693 3728 755 in
3775 691 3980 754 Evan-

891 788 1188 870 plationis
1208 798 1535 862 secretum,
1552 791 1629 852 ad
1650 789 2045 872 poenitentiae
2065 788 2291 861 locum,
2309 790 2382 850 ad

893 886 1271 952 humilitatis
1299 887 1823 972 profunditatem,
1859 896 2382 968 recognoscentes

892 1005 1007 1050 nos
1050 987 1275 1068 dignos
1318 988 1493 1052 omni
1538 987 1949 1050 tribulatione
1994 995 2057 1049 et
2102 986 2383 1050 adversi-

887 1094 1037 1164 tate,
1071 1089 1149 1150 ad
1188 1087 1493 1151 orationis
1532 1105 1791 1168 quoque
1830 1085 2224 1149 cubiculum.
2259 1086 2378 1148 Sed

886 1187 1423 1269 quemadmodum
1471 1185 1719 1266 jussum
1768 1193 1865 1248 est
1914 1193 2135 1248 sancto
2178 1185 2378 1249 David

886 1285 955 1348 in
994 1284 1290 1367 praesidio
1326 1303 1457 1348 non
1498 1303 1778 1361 manere,
1814 1285 1925 1347 sed
1967 1284 2213 1365 ingredi
2254 1292 2379 1348 ter-

886 1403 1021 1446 ram
1053 1385 1231 1460 Iuda,
1265 1385 1357 1448 sic
1396 1384 1553 1448 viris
1592 1382 1951 1447 exercitatis
1994 1383 2372 1465 injungitur,

886 1493 957 1544 ut
983 1491 1302 1548 certamen
1336 1483 1703 1547 tentationis
1736 1501 1863 1546 non
1888 1482 2111 1558 vitent,
2133 1483 2261 1545 imo
2293 1483 2375 1546 le-

881 1582 1104 1662 gitime
1132 1591 1395 1661 certent,
1416 1591 1478 1646 et
1510 1583 1675 1646 inter
1704 1581 1905 1644 bonos
1935 1581 2149 1664 potius
2174 1581 2378 1647 velint

883 1681 1371 1745 adversitatibus
1396 1681 1691 1758 exerceri,
1707 1700 1901 1762 quam
1934 1679 2099 1744 inter
2120 1679 2376 1762 iniquos

883 1779 1223 1843 carnaliter
1267 1799 1625 1862 repausare.
1658 1780 1983 1855 Praeterea‚
2020 1779 2186 1842 sicut
2224 1778 2372 1841 Saul

2488 794 2658 873 gelio
2693 795 3122 859 continentur.
3163 793 3376 856 Nihilo
3417 792 3630 854 minus
3673 791 3838 854 sicut
3871 807 3978 852 co—

2488 893 2664 972 gnati
2690 894 2884 958 David
2905 901 3216 958 venerunt
3242 893 3322 955 ad
3345 911 3492 956 eum
3519 892 3584 954 in
3613 890 3974 973 praedictam

2489 991 2874 1074 speluncam,
2897 993 2985 1054 ita
3001 992 3287 1074 Apostoli
3313 999 3376 1054 et
3397 989 3590 1054 ceteri
3615 989 3823 1072 primo
3845 1007 3980 1051 crc-

2488 1092 2732 1168 denteS‚
2757 1099 3256 1173 aggregaverunt
3283 1111 3352 1154 se
3378 1090 3650 1167 Christo,
3683 1107 3980 1171 persecu-

2489 1189 2726 1254 tionem
2762 1192 3119 1255 Judaeomm
3149 1191 3228 1254 ad
3261 1199 3512 1272 tempus
3543 1189 3792 1252 vitanti.
3830 1187 3980 1249 Am-

2488 1289 2677 1372 pliuS,
2713 1290 2880 1353 sicut
2908 1290 3198 1353 turbatus
3227 1298 3323 1353 est
3353 1287 3523 1366 Saul,
3547 1287 3766 1351 audito
3793 1287 3972 1368 quod

2485 1389 2882 1471 apparuisset
2911 1387 3106 1452 David
3135 1396 3199 1451 et
3219 1387 3338 1452 viri
3369 1388 3533 1468 ejuS,
3557 1387 3650 1450 sic
3674 1385 3974 1449 diabolus

2485 1496 2544 1550 et
2587 1488 2797 1569 angeli
2839 1488 3002 1569 eJ'uS‚
3037 1487 3344 1569 pravique
3385 1485 3674 1549 homines
3715 1493 3972 1548 contur-

2484 1586 2736 1664 bantur,
2781 1586 3035 1666 cognito
3077 1586 3354 1649 adventu
3399 1585 3550 1648 boni
3598 1583 3865 1667 praelati,
3913 1590 3976 1645 et

2485 1701 2592 1746 eos
2629 1683 2742 1764 qui
2793 1683 2888 1745 illi
2937 1683 3280 1758 adhaerent‚
3313 1689 3625 1745 conantur
3656 1679 3971 1752 occidere,

2487 1781 2903 1862 spiritualiter
2925 1788 3035 1843 aut
3063 1779 3478 1861 corporaliter
3505 1777 3973 1856 exstinguendo

886 1875 1179 1942 bannivit
1218 1879 1473 1941 beatum
1518 1877 1735 1953 David,
1771 1876 1861 1940 sic
1910 1876 2234 1959 principes
2282 1895 2377 1938 sa·
2413 1876 2460 1939 B
2488 1879 2764 1941 eosdem.
2806 1878 2920 1940 Per
2958 1880 3125 1958 Doeg
3159 1896 3310 1941 vero
3349 1875 3766 1957 designantur
3802 1875 3977 1938 dela-

886 1977 1212 2039 cerdotum
1270 1975 1981 2038 excommunicaverunt
2030 1974 2369 2037 Dominum

847 2075 1301 2151 ‚Salvatorem,
1334 2074 1799 2157 praecipientes,
1840 2074 1917 2136 Ut
1960 2073 2015 2134 si
2058 2073 2206 2154 quis
2257 2072 2378 2136 scit

889 2173 1000 2235 ubi
1032 2183 1147 2250 est,
1182 2173 1440 2249 indicet,
1479 2181 1547 2235 ut
1576 2173 1831 2254 capiant
1865 2191 2033 2234 eum.
2067 2170 2377 2245 Quemad-

887 2272 1144 2334 modum
1175 2271 1365 2334 etiam
1397 2271 1544 2334 Saul
1578 2279 1945 2352 persecutus
1978 2279 2075 2333 est
2105 2288 2236 2346 ρος,
2261 2269 2374 2351 qui

888 2378 1266 2452 receperunt
1291 2379 1353 2432 et
1380 2370 1544 2433 bene
1576 2377 2009 2433 tractaverunt
2041 2368 2258 2446 David,
2287 2367 2376 2431 ita

590 2487 855 2540 uiduae.
886 2468 1224 2550 pontifices
1274 2478 1337 2532 et
1375 2469 1571 2532 Judaei
1619 2469 2166 2550 conspiraverunt,
2205 2475 2272 2530 ut
2319 2468 2373 2529 si

882 2568 1028 2649 quis
1071 2567 1373 2631 fateretur
1401 2569 1612 2630 Jesum
1652 2587 1791 2630 esse
1819 2567 2161 2643 Christum,
2195 2575 2370 2628 extra

2489 1985 2677 2053 toreS‚
2730 1977 3110 2052 adulatoreS,
3163 1984 3582 2050 accusatoreS,
3635 1974 3976 2038 mendaces

2487 2083 2551 2138 et
2596 2074 3010 2138 seminatores
3057 2074 3411 2149 discordiae,
3463 2072 3578 2155 qui
3629 2080 3976 2155 procurant

2489 2171 2633 2236 fieri
2673 2173 2875 2235 multa
2911 2172 3099 2236 mala.
3135 2171 3282 2234 Saul
3323 2189 3581 2253 quoque
3621 2179 3718 2233 est
3763 2169 3976 2249 figura

2485 2289 2704 2334 eorum
2734 2271 2846 2352 qui
2877 2271 3118 2333 nullam
3150 2271 3644 2346 excusationem,
3675 2269 3976 2350 quamvis

2484 2369 2949 2446 rationabilem,
2979 2368 3204 2432 volunt
3231 2367 3588 2445 admittere,
3621 2368 3730 2429 sed
3761 2367 3976 2430 solum

2483 2487 2614 2530 suae
2635 2467 3057 2530 animositatis
3083 2476 3146 2530 ct
3171 2467 3514 2529 iracundiae
3539 2466 3848 2548 impetum
3878 2465 3979 2527 in-

2483 2574 2859 2648 sequuntur.

2000 2997 2648 3086 ARTICULUS
2721 2997 2864 3083 XL

1152 3276 1532 3322 EXPLANATto
1574 3274 1849 3321 currum
1893 3274 2153 3319 vict-:sun
2197 3273 2398 3319 'rt-:nvn
2443 3274 2457 3318 :
2509 3274 2580 3317 m·
2621 3274 3088 3319 NUNTMVERUNT
3129 3273 3338 3329 navio,
3385 3272 3693 3318 mcex'rES.

1028 3555 1102 3619 lC
1130 3554 1510 3618 describitur
1529 3556 1819 3636 quaedam
1848 3551 2115 3617 victoria
2140 3549 2359 3627 David,
2404 3549 2448 3613 C
2476 3552 2602 3631 geli
2643 3551 3078 3615 manifestavit
3107 3551 3261 3633 quid
3307 3550 3449 3615 fieri
3484 3552 3675 3615 vellet
3713 3568 3728 3614 :
3769 3554 3966 3621 Vade,

1040 3662 1103 3716 et
1150 3652 1537 3733 ingratitudo
1587 3670 1808 3715 eorum
1854 3669 2018 3733 quos
2065 3651 2254 3731 juvit,
2291 3670 2364 3715 ac

875 3753 1110 3834 duplex
1142 3751 1499 3833 persecutio
1530 3770 1722 3833 quam
1754 3750 1979 3813 evasit.
2004 3754 2086 3813 Ec
2106 3753 2368 3812 nuntia—

876 3860 1106 3911 verunt
1135 3849 1334 3931 aliqui
1366 3849 1444 3911 de
1476 3849 1714 3930 populo
1744 3847 1953 3924 lsrael,
1980 3847 2096 3929 ipsi
2128 3850 2367 3917 David,

874 3952 1153 4011 dicentes
1177 3968 1199 4008 .·
1228 3950 1390 4009 Ecce
1415 3948 1785 4010 Philisciim
1816 3957 2198 4026 oppuynanc
2235 3949 2368 4007 Cei-

876 4052 1028 4117 lam,
1064 4047 1128 4108 id
1168 4054 1267 4108 est
1308 4044 1529 4107 urbem
1566 4045 1658 4108 sic
1687 4045 1946 4121 dictam,
1982 4064 2127 4126 quae
2156 4048 2256 4126 (ut
2298 4045 2366 4107 in

876 4143 1039 4206 libro
1075 4144 1264 4206 Josue
1307 4143 1565 4224 legitur)
1594 4142 1670 4206 ad
1704 4143 1940 4207 tribum
1979 4144 2139 4206 Juda
2171 4144 2368 4226 perti-

876 4240 1036 4317 nuit,
1071 4251 1130 4301 ει
1159 4242 1493 4319 diripiunt
1524 4264 1728 4314 areaS,
1766 4242 1829 4304 id
1874 4250 1992 4318 est,
2040 4261 2360 4306 annonam

876 4358 987 4402 seu
1016 4339 1205 4402 blada
1234 4349 1533 4403 contenta
1562 4341 1626 4402 in
1658 4342 1844 4417 areiS,
1868 4340 2167 4423 ipsasque
2188 4360 2365 4403 areas

874 4446 1302 4501 vastaverunt.
1333 4442 1669 4501 Consuluit
1698 4459 1844 4516 erqo
1885 4442 2105 4501 David
2141 4442 2361 4500 Domi-

876 4557 1060 4606 num,
1106 4539 1324 4599 dicen-s
1381 4556 1494 4619 per
1544 4538 1848 4601 Abiathar
1908 4540 2298 4601 sacerdotem
2345 4553 2360 4599 :

876 4636 1075 4705 Num,
1099 4634 1161 4697 id
1193 4644 1289 4698 est
1316 4654 1501 4713 anne,
1536 4640 1799 4708 vadam,
1830 4637 1951 4699 hoc
1980 4645 2096 4713 est,
2135 4636 2366 4718 placet-

2475 3661 2536 3712 ει
2560 3654 2878 3729 percuties
2897 3652 3290 3721 Philia-ecem,
3309 3660 3370 3711 ec
3396 3653 3674 3711 salvabis
3696 3654 3966 3713 Cellam.

2481 3752 2562 3811 Et
2592 3752 2906 3810 dixerunt
2939 3752 3071 3809 viri
3089 3752 3206 3831 qui
3232 3759 3420 3809 erant
3439 3768 3586 3809 cum
3611 3751 3848 3818 David,
3875 3751 3972 3808 ad

2475 3868 2622 3908 eum
2653 3864 2677 3909 .·
2709 3850 2866 3909 Ecce
2911 3868 3024 3909 nos
3073 3850 3179 3910 hic
3227 3850 3300 3908 in
3341 3852 3593 3919 Iudaea,
3634 3846 3696 3909 id
3749 3854 3846 3909 est
3893 3846 3968 3908 in

2480 3955 2646 4009 terra
2693 3947 2880 4009 sortis
2928 3946 3108 4023 Juda,
3159 3948 3588 4017 consistentes,
3637 3948 3962 4015 timemuS,

2476 4064 2674 4127 quum
2719 4054 2926 4108 tamen
2968 4045 3073 4108 hic
3115 4064 3242 4108 non
3283 4045 3412 4107 sint
3449 4044 3684 4121 hosteS,
3719 4055 3966 4124 quanto

2479 4148 2711 4221 magari-s,
2741 4147 2800 4205 si
2829 4148 3100 4205 ierimus
3130 4148 3203 4205 in
3239 4146 3507 4214 Ceilam,
3539 4143 3602 4205 id
3633 4151 3727 4205 est
3759 4162 3970 4224 usque

2478 4243 2555 4304 ad
2581 4241 2800 4307 urbem
2835 4242 3010 4305 illam
3041 4242 3330 4306 hostibus
3357 4242 3486 4323 jam
3509 4240 3828 4317 vallatam,
3851 4244 3970 4301 ad-

2477 4362 2692 4401 versus
2710 4344 2978 4419 agmina
2995 4343 3529 4411 Philistinorum,
3553 4339 3916 4402 timebimus
3935 4346 3970 4401 ⁸?

2477 4441 2727 4499 Rursus
2769 4460 2915 4517 erqo
2959 4442 3180 4501 David
3219 4441 3542 4500 consuluit
3579 4440 3964 4508 Dominum,

2477 4537 2767 4600 nesciens
2799 4556 2880 4599 an
2913 4537 3100 4600 timor
3131 4554 3388 4601 suorum
3419 4544 3586 4599 esset
3617 4556 3652 4599 a
3683 4536 3828 4612 Dec,
3855 4537 3962 4598 vel

2476 4656 2556 4698 ne
2605 4635 2963 4699 inordinate
3012 4635 3436 4712 formidando,
3482 4635 3968 4698 demererentur

876 4750 956 4795 ne
996 4732 1111 4794 tibi
1146 4741 1213 4795 ut
1244 4752 1523 4816 pergam,
1556 4745 1617 4796 et
1658 4734 1710 4797 si
1748 4754 2107 4818 perrexero,
2136 4755 2365 4813 percu·
2392 4736 2441 4797 D
2473 4734 2760 4816 adjuvari
2801 4754 2838 4797 a
2875 4734 3164 4811 Domino,
3209 4734 3428 4816 sicque
3471 4733 3718 4798 obicem
3763 4751 3968 4815 pone-

876 4833 1037 4891 tiam
1057 4834 1421 4895 Philistoeos
1450 4836 1646 4895 istos?
1664 4834 1731 4897 ln
1752 4853 1879 4916 quo
1908 4841 2081 4916 patet
2108 4832 2361 4895 bonitas
2474 4841 2613 4895 rent
2653 4832 3060 4914 promissioni
3101 4832 3355 4896 divinae.
3393 4834 3520 4902 Qui
3546 4834 3963 4911 respondens,

874 4928 1089 5007 David,
1114 4930 1249 5013 qui,
1274 4932 1567 5014 quamvis
1598 4952 1705 4995 rex
1739 4932 1923 4995 lsrael
1956 4939 2123 4995 esset
2155 4931 2364 4994 inimi·
2471 4935 2568 4992 aie
2614 4932 2677 4992 ei
2714 4952 2738 4994 .·
2777 4936 3010 5010 Surye,
3052 4936 3355 4994 descende
3403 4934 3474 4993 in
3525 4933 3804 5003 Genava,-
3841 4952 3960 5007 eqo

871 5046 983 5089 cus
1014 5048 1166 5091 suus
1197 5030 1631 5110 gravissimuS,
1653 5029 1857 5091 nihilo
1879 5029 2093 5091 minus
2127 5038 2359 5092 terram
2469 5033 2646 5091 enim
2678 5034 2935 5093 tradam
2954 5033 3321 5093 Philiscoeos
3345 5032 3418 5091 in
3445 5050 3644 5091 manu
3675 5039 3810 5090 tua.
3829 5028 3962 5092 Hoc

872 5132 937 5186 et
978 5125 1229 5206 plebem
1276 5127 1414 5209 ejus
1459 5126 1804 5190 defendere
1846 5128 2238 5209 concupivit.
2273 5131 2359 5190 Ec
2472 5147 2777 5211 responso
2807 5127 3172 5193 confirmati
3205 5138 3354 5192 sunt
3384 5128 3504 5192 viri
3535 5128 3752 5192 David.
3773 5129 3966 5189 Abiit

870 5225 968 5284 ait
1010 5227 1329 5285 Dominus
1367 5244 1480 5307 per
1525 5226 1820 5306 angelum
1864 5230 1954 5287 ad
1992 5228 2238 5297 David,
2271 5234 2362 5289 ta-
2467 5248 2614 5305 erqo
2642 5230 2862 5290 David
2897 5237 2957 5289 et
2999 5230 3134 5288 υίνι·
3167 5229 3308 5306 ejus
3339 5230 3413 5289 in
3447 5230 3713 5300 Ceilam,
3750 5238 3812 5288 et
3831 5248 3966 5305 pu-

870 5340 1017 5384 men
1048 5340 1161 5405 per
1189 5323 1511 5401 Abiatbar,
1536 5323 1641 5387 cui
1672 5326 1835 5387 Deus
1866 5324 2226 5388 ministerio
2258 5344 2360 5389 an·
2460 5330 2694 5404 ynavt‘t
2723 5330 3066 5389 adversum
3091 5329 3476 5389 Philistoeos.
3495 5328 3582 5388 Ec
3611 5329 3824 5405 abeyit
3849 5328 3960 5403 ju-
