4359 6250
941 527 1287 574 marmano
1329 529 1392 574 IN
1434 528 1568 574 CAP-
1615 528 1718 573 XV!
1763 529 1919 574 unm
1963 530 2216 576 sssanm
2257 531 2481 578 amun.
2526 552 2606 562 —
2648 533 2788 579 Aur.
2834 533 2961 579 XXV
3374 513 3495 576 533

383 695 746 773 celebratO,
781 705 850 759 ut
882 698 1154 762 videtur.
1193 702 1534 779 Ingredere
1564 705 1651 762 ad
1678 721 1901 762 concu-
1930 696 1979 759 A
2014 701 2299 764 tissimus
2352 701 2473 765 fuit
2519 705 2844 766 consultor
2896 725 2909 768 :
2964 714 3024 766 ct
3071 712 3279 766 tamen
3330 703 3497 766 sicut

385 797 588 855 bina-s
635 799 854 875 patris
904 799 1005 859 tui
1053 820 1214 878 quas
1262 801 1518 860 dimisit
1565 804 1652 860 ad
1694 809 1898 860 custo-

385 895 718 956 diendam
759 898 1052 966 domum,
1093 907 1166 958 uc
1205 918 1406 977 quum
1446 899 1734 958 audierit
1772 918 1901 957 om-

389 994 506 1052 nis
529 995 736 1054 Israel
766 998 938 1072 quod
955 996 1305 1072 foedaveris
1327 1007 1580 1074 patrem
1613 1007 1817 1068 tuum,
1838 995 1901 1058 id

389 1099 520 1166 est,
543 1091 816 1173 turpiter
847 1092 1332 1156 inhonoraveris
1362 1113 1507 1156 eum
1542 1094 1902 1157 incestuoso

393 1189 779 1268 concubitu,
795 1194 1235 1271 cognoscendo
1257 1193 1396 1274 ejus
1419 1211 1658 1255 uxores.
1678 1191 1904 1266 Quum-

87 1309 196 1352 cen.
213 1312 354 1360 11.24.
389 1306 532 1369 que
553 1288 823 1352 maritus
853 1299 918 1352 et
947 1309 1106 1354 uxor
1133 1291 1263 1352 sint
1293 1310 1420 1353 una
1449 1309 1614 1368 carc,
1633 1291 1900 1354 Absalon

399 1385 712 1450 foedando
763 1408 1018 1452 carnem
1074 1408 1342 1453 uxorum
1383 1389 1584 1471 patris
1634 1390 1755 1466 sui,
1796 1408 1903 1471 pa-

391 1495 562 1548 trem
597 1505 858 1568 quoquc
892 1487 1440 1570 foedavit.1njuria
1469 1507 1725 1570 quoque
1757 1506 1903 1551 uxo-

389 1605 544 1647 rum
587 1586 902 1649 redundat
937 1587 1002 1649 in
1039 1587 1232 1652 viros,
1268 1590 1669 1650 Roborentur
1699 1599 1901 1648 tecum

395 1706 642 1746 manus
679 1707 929 1757 eorum,
962 1686 1024 1748 id
1069 1695 1186 1764 est,
1241 1705 1462 1750 secure
1512 1695 1574 1748 et
1627 1685 1901 1749 firmiter

389 1783 517 1845 tibi
552 1783 886 1861 adsistant,
923 1785 1078 1848 cert-i
1110 1786 1280 1866 quod
1313 1793 1456 1868 post
1487 1792 1722 1848 tantam
1750 1803 1899 1848 con·

2011 820 2162 862 vera
2200 801 2457 864 carebat
2498 802 2857 883 prudentia,
2892 822 3035 883 quae
3078 802 3323 864 vitiosis
3367 820 3495 864 non

2014 899 2200 976 inest,
2238 899 2325 961 ita
2366 920 2481 963 nec
2513 919 2661 964 vere
2691 901 2974 964 salubria
3003 900 3177 963 dedit
3204 900 3493 978 consilia,

2009 1015 2154 1077 quae
2198 1005 2349 1060 sunt
2391 1007 2570 1060 actus
2615 999 2988 1080 prudentiis,
3034 998 3339 1079 quamdiu
3384 999 3501 1061 im-

2011 1094 2156 1176 pius
2192 1094 2336 1158 fuit.
2376 1099 2489 1158 Sic
2525 1107 2665 1159 erac
2705 1118 2889 1158 omne
2930 1099 3275 1158 eonsilium
3306 1099 3501 1158 Achi-

2013 1197 2246 1272 topkel,
2266 1206 2326 1256 et
2357 1217 2559 1276 quum
2590 1207 2742 1257 esset
2771 1217 2919 1256 cum
2948 1197 3191 1266 David,
3212 1206 3271 1256 et
3300 1215 3501 1275 quum

2009 1304 2161 1354 esset
2200 1315 2349 1355 cum
2380 1297 2681 1356 Absalon.
2715 1294 2884 1356 Istud
2928 1303 3137 1356 tamen
3180 1295 3317 1375 ejus
3358 1313 3503 1356 con-

2012 1391 2228 1454 silium
2256 1391 2377 1454 fuit
2399 1400 2523 1454 tam
2558 1392 3139 1468 sceleratissimum,
3161 1393 3331 1474 quod
3360 1397 3505 1475 pro'-

2014 1499 2153 1572 pter
2184 1491 2323 1572 ejus
2355 1491 2791 1573 impletionem
2815 1493 2977 1555 Deus
2999 1492 3226 1554 merito
3248 1491 3505 1555 fecisset

2012 1589 2390 1652 Absalonem
2434 1610 2580 1653 cum
2622 1591 2753 1652 suis
2793 1590 3245 1666 succumbere3
3288 1598 3353 1652 et
3390 1591 3504 1652 mi-

2011 1708 2175 1765 rum,
2198 1689 2369 1770 quod
2400 1688 2778 1770 Achitophel
2809 1689 2931 1752 hoc
2960 1689 3169 1771 ipsum
3203 1707 3331 1751 non
3360 1707 3504 1751 con-

2010 1787 2316 1850 sideravit
2345 1806 2461 1850 nec
2496 1787 2730 1850 timuit.

393 1882 738 1944 tumeliam
779 1881 944 1964 patri
987 1892 1094 1946 tuo
1134 1883 1398 1961 illatam,
1437 1901 1766 1964 nunquam
1805 1903 1898 1946 re-
1935 1877 1981 1940 B
2090 1887 2417 1964 Praeterea,
2451 1905 2527 1949 ex
2565 1886 2833 1949 historia
2871 1886 3062 1968 hujus
3101 1885 3361 1969 capituli
3394 1905 3495 1950 ac-
3563 1907 3725 1952 sensu·

391 1980 847 2044 conciliandus
893 1982 980 2044 sis
1021 1981 1080 2046 ei
1124 2000 1139 2045 ε
1184 1983 1422 2046 idcirco
1461 2001 1589 2045 non
1635 1983 1899 2045 timeant

393 2080 572 2162 quod
623 2098 796 2142 nunc
842 2079 1101 2161 quidam
1149 2099 1369 2144 eorum
1413 2081 1645 2162 pavide
1693 2079 1900 2162 suspi-

389 2186 654 2254 cantur,
688 2180 864 2259 quod
903 2179 1148 2242 scilicet
1183 2188 1250 2241 tu
1283 2187 1348 2242 et
1377 2188 1557 2260 pater
1589 2186 1732 2240 tuus
1762 2186 1901 2241 tan-

389 2278 544 2340 dem
578 2276 1183 2355 reconciliabimini,
1219 2278 1440 2359 sicque
1481 2277 1603 2360 ipsi
1643 2277 1902 2356 ingrati-
1945 2310 1956 2315 -

393 2375 696 2438 tudinem
728 2375 1160 2452 sustinebunt,
1196 2384 1257 2438 et
1300 2374 1733 2457 displicebunt
1772 2382 1898 2437 tam

389 2474 516 2536 tibi
548 2493 748 2555 qnam
780 2474 944 2556 patri
978 2482 1110 2552 tuo,
1145 2493 1219 2537 eo
1251 2475 1420 2556 quod
1455 2474 1520 2536 in
1554 2474 1674 2536 ista
1705 2473 1903 2537 rebel-

393 2572 576 2636 lione
622 2579 684 2634 te
731 2571 1008 2636 foveant.
1052 2572 1268 2654 Aliqui
1319 2573 1685 2655 opinantur,
1729 2573 1902 2655 quod

395 2679 462 2734 et
495 2671 644 2734 ideo
675 2670 1054 2754 Achitophel
1086 2671 1482 2735 consuluerit
1520 2671 1711 2749 istud,
1739 2689 1903 2753 quo-

85 2789 363 2848 111220.11‚4.
399 2770 578 2833 niam
623 2769 824 2834 David
871 2769 1222 2834 foedaverat
1261 2770 1606 2834 Bethsabee
1645 2779 1900 2853 neptem

395 2869 608 2952 ipsius
649 2869 1052 2950 Achitophel.
1087 2869 1562 2946 Verumtamen,
1605 2869 1899 2951 quamvis

392 2968 573 3031 istud
595 2968 940 3031 consilium
971 2977 1034 3031 et
1065 2976 1275 3030 tantus
1303 2968 1582 3031 incestus
1610 2975 1901 3050 poterant

2007 1985 2221 2068 cipere
2251 2003 2589 2067 possumus
2630 1985 2832 2047 multa
2869 1985 3134 2047 moralia
3162 1986 3499 2048 documen·
3522 1971 3714 2016 '¹¹⁰¹’⁸¹⁵⁸·

2009 2093 2071 2147 ta
2123 2102 2137 2146 :
2190 2084 2494 2160 Primum,
2550 2103 2631 2147 ne
2679 2084 2879 2146 simus
2930 2082 3123 2146 nimis
3179 2083 3366 2166 proni
3417 2085 3495 2146 ad

2008 2184 2399 2248 credendum
2450 2183 2619 2245 mala
2672 2183 2753 2245 de
2801 2181 2967 2259 aliis,
3020 2182 3373 2264 praesertim
3420 2182 3499 2246 dc

2009 2283 2192 2346 bonae
2226 2281 2410 2344 famae
2444 2281 2843 2358 hominibus;
2872 2269 2989 2344 nec
3019 2281 3501 2344 detrahentibus

2009 2382 2509 2462 acquiescamuS,
2531 2381 2639 2443 sed
2673 2379 3097 2461 increpemus,
3116 2387 3505 2444 avertamus-

2011 2499 2136 2562 que
2178 2498 2309 2556 eOS,
2354 2479 2455 2543 vel
2502 2479 2725 2542 saltem
2774 2487 3071 2540 moestum
3116 2477 3367 2542 vultum
3410 2477 3501 2540 eis

2011 2586 2439 2640 monstremus
2493 2593 2507 2639 :
2557 2577 2711 2658 quia
2760 2585 2830 2638 ut
2880 2576 3173 2639 Salomon
3224 2575 3334 2652 ait,
3384 2576 3501 2638 Per
3552 2595 3790 2648 Εοοιωιι,

2009 2675 2335 2738 tristitiam
2372 2675 2589 2738 vultus
2634 2675 2974 2755 corrigitur
3010 2674 3262 2736 animus
3294 2672 3501 2737 delin—
3525 2660 3569 2702 ⁴·

2009 2772 2420 2855 quentiS.Qui
2454 2791 2671 2836 rursus
2706 2771 2939 2834 fatetur
2964 2771 3243 2836 :Ventus
3267 2771 3499 2854 Aquilo
3550 2796 3792 2848 eman,

2008 2873 2279 2954 dissipat
2316 2870 2590 2953 pluviaS,
2626 2879 2689 2934 et
2731 2869 2926 2933 facies
2971 2870 3171 2933 tristis
3213 2869 3496 2950 linguam
3526 2861 3596 2904 ²³·

2009 2971 2468 3033 detrahentem.
2490 2968 2850 3032 Secundum
2883 2977 3001 3046 est,
3022 2987 3102 3032 ne
3132 2967 3333 3030 simus
3353 2987 3500 3050 prae·

395 3067 718 3150 populum
766 3065 1130 3131 certificare
1179 3066 1258 3130 de
1308 3085 1384 3130 eo
1435 3067 1608 3149 quod
1657 3065 1896 3130 dictum
1934 3067 1979 3132 C
2009 3068 2237 3152 cipites
2258 3067 2770 3150 adjudicandum
2792 3068 2871 3131 de
2892 3066 3197 3142 aliis;sed
3215 3085 3493 3143 causam,
3573 3091 3792 3144 rotun,

391 3176 518 3243 est,
553 3174 617 3229 et
648 3166 819 3247 quod
852 3164 1130 3229 Absalon
1167 3185 1242 3229 ex
1285 3165 1500 3228 animo
1533 3166 1744 3248 ipsum
1785 3166 1900 3228 Da-

395 3265 510 3329 vid
554 3272 1080 3348 persequeretur3
1125 3272 1338 3327 tamen
1381 3284 1459 3351 ex
1497 3265 1690 3327 tantis
1724 3263 1902 3344 flagi·

397 3364 508 3425 tiis
567 3362 796 3446 patuit,
851 3364 1020 3443 quod
1083 3362 1323 3427 factum
1373 3362 1710 3425 Absalonis
1770 3382 1898 3426 non

393 3469 535 3525 erat
580 3460 933 3523 secundum
978 3461 1199 3537 Deum,
1247 3469 1310 3523 et
1352 3461 1520 3542 quod
1569 3462 1710 3542 ejus
1757 3480 1900 3543 pro-

395 3560 602 3624 motio
653 3560 780 3622 Deo
831 3578 960 3621 non
1011 3559 1436 3641 complaceret
1479 3577 1493 3621 :
1541 3559 1683 3622 ideo
1725 3559 1778 3621 si
1832 3560 1898 3621 in

399 3659 645 3741 populo
679 3657 791 3721 illo
823 3665 1005 3720 erant
1043 3656 1246 3738 aliqui
1286 3676 1436 3721 vere
1477 3658 1800 3740 sapientes
1837 3666 1901 3721 et

398 3756 698 3833 virtuosi,
736 3756 1071 3837 displicuit
1100 3754 1193 3818 eis
1225 3756 1370 3817 talis
1403 3774 1760 3838 processus,
1795 3760 1899 3817 Te—

399 3858 754 3917 lenderunc
791 3876 939 3932 erqo
970 3857 1252 3915 Abs-alon
1297 3857 1784 3915 tabernaculum
1825 3856 1898 3915 in

393 3956 664 4025 solariO,
689 3955 1137 4033 inyressusque
1153 3955 1353 4013 estad
1378 3954 1766 4013 concubinas
1783 3972 1900 4029 pa-

399 4054 524 4114 tris
549 4055 663 4113 sui
688 4071 908 4112 coram
939 4052 1238 4111 universo
1275 4054 1478 4112 Israel
1505 4050 1596 4111 ibi
1625 4068 1900 4131 praesen-

403 4160 501 4225 te3
539 4160 824 4231 tuncque
853 4148 1240 4231 implebatur
1268 4149 1438 4230 quod
1470 4167 1664 4229 supra
1691 4148 1902 4211 Domi-

2010 3188 2201 3251 quam
2246 3167 2439 3249 judex
2486 3168 2754 3246 ignorat,
2798 3164 3289 3246 diligentissime
3331 3164 3501 3228 inve-
3530 3158 3595 3198 ¹⁶·

2010 3267 2219 3346 stiget,
2256 3274 2319 3329 et
2348 3285 2494 3347 pars
2528 3266 2727 3328 altera
2764 3264 3079 3328 audiatur.
3116 3264 3495 3346 impleamus

2009 3383 2158 3445 ergo
2190 3364 2362 3445 quod
2394 3361 2879 3425 Ecclesiasticus
2909 3363 3093 3426 docet
3128 3379 3143 3423 ε
3178 3361 3322 3437 Fili,
3356 3362 3495 3423 sine
3520 3378 3792 3429 accitum,

2009 3462 2281 3526 consilio
2328 3460 2489 3522 nihil
2538 3460 2757 3537 faciaS,
2792 3469 2856 3523 et
2898 3468 3042 3542 post
3088 3458 3327 3523 factum
3367 3477 3495 3522 non
3524 3442 3592 3483 ²⁴·

2008 3559 2365 3644 poenitebis
2386 3560 2545 3622 Hinc
2570 3560 2649 3622 ad
2671 3559 3073 3621 Timotheum
3099 3566 3315 3621 monet
3338 3558 3497 3639 Apo-

2009 3660 2211 3723 stolus
2247 3676 2261 3721 :
2298 3658 2447 3721 Sine
2480 3656 2877 3741 praejudicio,
2916 3658 2979 3719 id
3012 3664 3108 3719 est
3135 3656 3374 3739 praevio
3401 3658 3497 3738 ju·
3524 3672 3789 3723 mmmm.

2009 3758 2178 3821 dicio
2221 3756 2510 3833 rationiS,
2548 3756 2705 3818 nihil
2756 3754 2975 3832 faciaS,
3013 3755 3077 3817 in
3121 3754 3313 3817 aliam
3359 3774 3498 3835 par-

2009 3866 2134 3919 tem
2175 3855 2577 3919 declinando.
2614 3854 2893 3916 Tertium
2938 3860 3055 3930 est,
3097 3853 3267 3935 quod
3310 3852 3497 3915 valde

2009 3953 2293 4017 difficile
2332 3954 2415 4015 sit
2457 3952 2525 4015 in
2564 3952 2812 4032 magnis
2844 3950 3091 4014 officiis
3119 3951 3323 4014 vitare
3352 3969 3498 4032 pec-

2007 4062 2148 4117 cata
2196 4071 2209 4115 :
2260 4052 2563 4135 quoniam
2609 4050 2805 4113 David
2848 4050 2947 4112 vir
2984 4057 3175 4113 tantae
3223 4049 3498 4132 pruden—

2011 4152 2133 4228 tiae,
2190 4158 2315 4213 tam
2368 4136 2843 4232 praecipitanter
2890 4148 3065 4211 dedit
3114 4146 3493 4211 sententiam

143 4276 260 4319 ιιι-α.
291 4291 366 4328 ω,
400 4271 526 4315 nus
571 4250 736 4313 dixit
779 4250 858 4312 ad
902 4249 1100 4311 David
1145 4268 1258 4331 per
1304 4248 1544 4310 Nathan
1593 4265 1609 4309 τ
1656 4248 1894 4311 Tollam
1930 4252 1980 4313 D
2009 4258 2231 4313 contra
2290 4248 2616 4311 absentem
2675 4246 3139 4327 innoxiumque
3188 4245 3496 4327 Miphibo—

105 4340 166 4387 ¹¹’
189 4342 254 4381 ¹²·
401 4368 636 4413 uxores
667 4357 830 4425 tuaS,
868 4356 931 4412 ct
971 4347 1135 4411 dabo
1176 4348 1464 4429 proximo
1496 4355 1629 4423 tue,
1665 4356 1728 4410 et
1757 4348 1900 4410 dor-

399 4449 559 4512 miet
591 4466 740 4510 cum
771 4446 864 4510 eis
896 4447 962 4509 in
995 4446 1197 4510 oculis
1229 4445 1400 4523 soliS,
1419 4455 1483 4509 et
1513 4445 1744 4509 faciam
1766 4465 1901 4508 ver-

399 4547 558 4610 bum
594 4546 766 4609 istud
800 4546 866 4607 in
898 4555 1244 4627 conspectu
1275 4545 1484 4607 omnis
1515 4544 1725 4607 Israel.

474 4646 670 4707 Consi
671 4646 840 4705 lium
859 4653 1076 4705 autem
1095 4645 1264 4706 Acta·
1269 4647 1475 4720 tophel
1480 4690 1496 4717 ,
1515 4647 1687 4723 quod
1705 4646 1899 4705 dabat

399 4748 474 4805 in
515 4745 747 4805 diebus
784 4744 949 4812 illis,
977 4742 1392 4823 reputabatur
1430 4743 1620 4821 quasi
1654 4743 1714 4801 si
1752 4744 1899 4819 quis

397 4846 759 4904 consuleret
795 4844 1017 4912 Deum,
1043 4840 1104 4902 id
1129 4847 1246 4915 est,
1275 4848 1398 4902 tam
1431 4839 1770 4919 diligenter
1800 4859 1902 4901 au-

399 4940 701 5003 diebatur
740 4946 805 5002 et
843 4938 1312 5021 acceptabatur,
1347 4956 1420 5000 ac
1460 4938 1514 4999 si
1546 4938 1709 4999 Deus
1751 4955 1902 5001 con-

401 5038 625 5101 silium
667 5038 868 5112 daret,
903 5036 1122 5117 sicque
1161 5044 1474 5118 quantum
1515 5037 1590 5097 ad
1631 5036 1896 5117 aliquid,

403 5137 620 5201 simile
664 5136 809 5199 fuit.
853 5135 1030 5198 Unde
1073 5134 1241 5197 sicut
1278 5135 1484 5216 primo
1523 5135 1903 5197 Machabaeo-

139 5256 370 5313 mecm,
403 5255 550 5298 rum
604 5236 684 5297 de
733 5234 992 5297 Simone
1040 5233 1202 5295 dixit
1251 5240 1432 5314 pater
1481 5232 1707 5315 ipsiuS,
1762 5232 1903 5295 Scio

115 5322 177 5362 ⁶⁵·
403 5332 564 5415 quia
608 5331 710 5396 vir
749 5330 1005 5395 consilii
1051 5338 1168 5407 est,
1211 5330 1300 5392 ita
1343 5329 1719 5412 Achitophel
1759 5348 1905 5392 acu-

2009 4347 2172 4409 seth.
2208 4346 2350 4407 ideo
2383 4352 2582 4407 status
2618 4343 3056 4406 officiatorum
3095 4361 3167 4406 ac
3205 4342 3495 4424 judicum

2009 4453 2104 4507 est
2133 4442 2552 4525 periculosuS,
2590 4460 2706 4504 nec
2741 4441 3159 4523 appetendus
3193 4440 3495 4515 Quartum

2010 4550 2126 4619 est,
2173 4541 2547 4623 praeclarum
2598 4539 2959 4620 exemplum
3003 4539 3328 4620 patientias
3368 4559 3500 4601 ma-

2007 4660 2148 4721 gnae
2186 4657 2199 4701 :
2235 4639 2538 4721 quoniam
2569 4637 2765 4700 David
2796 4646 2924 4699 tam
2958 4636 3261 4701 mendosa
3296 4646 3360 4701 et
3390 4656 3501 4719 op-

2010 4738 2527 4822 probriosissima
2566 4736 2761 4800 verba
2800 4744 3023 4799 contra
3066 4756 3133 4799 se
3170 4754 3209 4799 a
3244 4736 3357 4798 vili
3388 4736 3501 4800 ho-

2010 4838 2185 4900 mine
2234 4855 2446 4899 coram
2492 4844 2666 4897 tanta
2710 4834 2900 4917 plebe
2944 4835 3209 4917 prolata,
3260 4835 3389 4898 imo
3437 4844 3501 4897 et

2011 4935 2435 5018 projectiones
2496 4953 2791 4997 saxorum
2850 4943 2977 4996 tam
3037 4932 3501 5016 patientissime

2012 5034 2327 5109 toleravit,
2372 5052 2487 5095 nec
2536 5032 2760 5096 ulcisci
2805 5032 3097 5115 permisit
3141 5050 3155 5095 τ
3195 5032 3325 5095 imo
3368 5051 3501 5095 om-

2014 5133 2120 5195 nia
2151 5132 2262 5194 illa
2288 5131 2625 5212 reputavit,
2652 5131 2776 5193 Deo
2801 5131 3087 5212 jubente,
3120 5130 3243 5192 sibi
3276 5130 3501 5194 inferri

2014 5239 2275 5313 propter
2324 5248 2439 5289 sua
2498 5228 2771 5310 piacula,
2826 5228 3381 5309 consideravitque
3428 5248 3503 5292 ea

2014 5327 2201 5409 quasi
2242 5327 2578 5389 vulnerum
2626 5326 2855 5389 animae
2896 5344 3027 5389 sum
3071 5326 3371 5389 remedia.
3414 5327 3505 5390 Ita
