4359 6250
594 2366 718 2409 nom.
735 2379 764 2417 1,
783 2368 851 2410 2¹.

639 3451 692 3495 lv
713 3452 824 3505 Rea.

588 3530 686 3567 xm,
703 3518 770 3568 33,
785 3516 856 3556 41.

900 482 1018 548 720

1468 498 1817 545 mammo
1859 498 1918 543 m
1965 497 2100 544 CAP-
2145 496 2232 543 XX
2274 495 2432 542 mm
2470 495 2671 542 'rssn'rn
2710 495 2937 543 mamm.
2980 516 3061 527 —
3098 497 3242 544 ΛΒΤ.
3285 497 3415 544 XXX

891 670 1064 734 enim
1097 679 1354 736 centum
1374 671 1604 752 viginti
1635 679 1878 754 septem
1909 670 2135 746 millia,
2160 670 2290 734 imo
2320 678 2385 732 et
2412 665 2466 728 A
2494 669 2713 750 paucis
2762 669 2820 732 ei
2872 668 3275 733 fidelioribus
3322 668 3613 735 introivit
3658 669 3983 732 subterra-

891 769 1130 850 plureS,
1155 777 1227 832 ut
1256 770 1324 832 in
1356 779 1530 833 textu
1564 770 1946 833 insinuatur.
1968 773 2054 831 Et
2083 772 2384 830 accedens

889 887 1062 928 unus
1093 870 1199 930 vir
1217 871 1360 941 Dei,
1379 877 1600 950 utpote
1631 877 1888 931 sanctus
1917 867 2251 949 Propheta,
2280 866 2378 930 vel

888 963 945 1026 is
965 967 1044 1028 de
1064 985 1192 1049 quo
1210 967 1343 1048 jam
1365 967 1607 1030 dictum
1627 975 1745 1044 est,
1765 974 1873 1029 aut
1893 965 2078 1042 aliuS,
2094 968 2273 1026 dimit
2294 968 2383 1025 ad

889 1083 1100 1141 reyem
1137 1069 1342 1126 Israel
1371 1082 1395 1126 .·
1426 1069 1581 1128 Haec
1616 1067 1778 1127 dicit
1807 1067 2126 1127 Dominus
2155 1085 2178 1123 .·
2212 1064 2382 1132 Quia

886 1165 1202 1224 dioeerunt
1241 1166 1431 1241 Syri,
1455 1166 1626 1226 Deus
1669 1166 1990 1226 montium
2029 1171 2120 1222 est
2161 1163 2382 1224 Domi-

886 1281 1036 1332 nus,
1075 1270 1134 1322 et
1172 1283 1303 1324 non
1340 1273 1430 1324 est
1457 1264 1630 1324 Deus
1676 1264 1978 1332 vallium,
2013 1261 2080 1322 id
2131 1268 2250 1336 est,
2297 1258 2379 1322 ob

888 1359 1074 1421 istam
1123 1379 1343 1423 eorum
1388 1359 1872 1443 blasphemiam,
1914 1378 2042 1441 qua
2083 1358 2380 1421 dixerunt

885 1457 1084 1520 Deum
1131 1459 1319 1522 Israel
1379 1458 1614 1522 habere
1673 1465 2047 1540 potestatem
2105 1454 2377 1536 juvandi

888 1574 1035 1619 suos
1085 1557 1153 1618 in
1201 1557 1550 1633 montibuS,
1585 1575 1660 1620 eo
1708 1557 1880 1638 quod
1929 1555 2014 1617 sit
2061 1555 2375 1618 montium

886 1654 1048 1717 Deus
1077 1675 1152 1718 ac
1170 1657 1497 1733 Dominus,
1524 1664 1584 1719 et
1617 1655 1832 1718 nonin
1858 1653 2154 1730 vallibuS,
2173 1671 2373 1735 quum

885 1759 1096 1815 tamen
1130 1753 1359 1817 habeat
1379 1754 1932 1817 indeterminatam
1956 1760 2018 1815 et
2048 1750 2375 1814 infinitam

2493 787 2683 830 neum
2713 766 3147 849 locum5eujus
3176 769 3385 831 aditus
3415 769 3481 830 in
3510 767 3805 831 cubiculo
3825 766 3971 829 fuit.

2490 868 2942 945 Dixeruntque
2968 869 3030 927 ei
3068 869 3240 928 servi
3278 869 3410 938 sui,
3444 865 3859 930 formidantes
3894 885 3979 928 ne

2491 982 2528 1025 a
2556 983 2705 1045 rege
2733 965 2920 1028 lsrael
2951 965 3416 1042 invenirentur,
3447 972 3511 1028 et
3555 964 3691 1028 sine
3726 963 3979 1027 miseri-

2490 1064 2705 1126 cordia
2725 1065 3165 1128 occiderentur
3190 1081 3204 1126 :
3229 1067 3388 1127 Ecce
3406 1067 3782 1126 audivimus
3800 1067 3973 1144 quod

2488 1181 2660 1239 reyes
2706 1167 2931 1224 domus
2964 1166 3171 1225 Israel
3212 1167 3541 1224 clementes
3578 1165 3733 1234 sint,
3768 1162 3831 1224 id
3876 1171 3977 1224 est

2488 1261 2675 1342 proni
2708 1262 2785 1324 ad
2808 1262 3289 1342 indulgendum,
3312 1261 3615 1343 quoniam
3638 1261 3761 1324 Deo
3781 1261 3975 1323 Israel

2490 1360 2819 1441 proprium
2850 1370 2947 1423 est
2985 1360 3274 1424 misereri
3318 1379 3391 1423 ac
3422 1378 3697 1442 parcere.
3734 1359 3811 1422 Et
3851 1360 3979 1421 uti-

2486 1476 2613 1538 que
2644 1478 2793 1523 vera
2822 1459 3162 1522 clementia
3191 1467 3287 1522 est
3317 1459 3384 1520 in
3414 1456 3588 1521 omni
3611 1458 3871 1540 praelato
3902 1477 3977 1520 ac

2486 1557 2777 1640 principe
2796 1557 2981 1621 valde
3003 1557 3339 1634 laudanda,
3363 1575 3561 1640 quum
3585 1566 3647 1620 et
3674 1555 3977 1620 Salomon

2489 1655 2761 1719 fateatur
2796 1674 2811 1718 :
2845 1656 3196 1720 Roboratur
3224 1656 3561 1720 clementia
3589 1655 3856 1718 thronus
3878 1675 3979 1716 rck

2484 1754 2604 1835 gis.
2648 1754 2828 1818 Unde
2872 1755 3118 1817 Tullius
3167 1755 3233 1817 in
3285 1755 3577 1818 laudibus
3624 1754 3775 1816 Julii
3822 1754 3921 1816 ait
3956 1771 3972 1817 :

884 1853 1235 1933 potentiam
1283 1879 1296 1930 ;
1357 1856 1517 1915 dabo
1573 1873 1824 1914 omnem
1883 1851 2377 1912 multitudinem
2412 1848 2459 1911 B
2488 1853 2669 1916 Nulla
2701 1862 2761 1916 te
2791 1854 2992 1917 virtus
3023 1854 3109 1916 ita
3140 1854 3705 1918 commendabilem
3738 1853 3973 1929 reddit,

885 1953 1054 2012 hanc
1065 1955 1386 2028 yrandem
1419 1955 1491 2012 in
1514 1973 1714 2012 manu
1747 1961 1958 2021 tua,et
1978 1952 2188 2010 scietis
2217 1949 2377 2029 quia

881 2069 991 2127 eqo
1025 2071 1170 2111 sum
1199 2053 1516 2112 Dominus
1562 2050 2010 2113 universorum
2057 2067 2205 2112 vere
2244 2065 2377 2110 om-

883 2147 1202 2229 nipotenS,
1247 2168 1322 2211 ex
1371 2157 1497 2211 tam
1547 2149 1929 2212 miraculoso
1977 2146 2245 2212 effectu.
2298 2145 2374 2206 Et

881 2245 1174 2326 quamvis
1206 2244 1421 2308 Achab
1450 2254 1513 2308 et
1536 2245 1634 2308 sui
1666 2246 1788 2307 hoc
1819 2250 2255 2325 cognoverunt
2275 2259 2377 2305 co—

880 2343 1168 2423 gnitione
1218 2343 1504 2421 informi,
1541 2362 1668 2407 non
1721 2352 1930 2406 tamen
1961 2344 2158 2406 Deum
2210 2343 2377 2405 sicut

883 2442 1078 2504 Deum
1111 2441 1702 2507 honorificaverunt
1731 2452 1842 2505 aut
1879 2442 2114 2522 gratias
2144 2442 2369 2521 dignas

883 2549 1168 2620 egerunt,
1203 2542 1313 2604 sed
1353 2549 1839 2623 permanserunt
1868 2541 1934 2603 in
1966 2540 2368 2617 idololatriis,

882 2638 1319 2721 impietatibus
1349 2649 1413 2702 et
1450 2639 2017 2719 ingratitudinibus
2057 2638 2212 2702 suis.
2251 2639 2369 2702 Sed

880 2739 1198 2818 quomodo
1220 2757 1391 2800 nunc
1421 2738 1722 2800 dicuntur
1754 2739 1891 2820 Syri
1925 2738 2184 2814 dixisse,
2206 2738 2371 2800 Deus

881 2836 1195 2898 montium
1225 2846 1322 2900 est
1349 2835 1677 2914 DominuS,
1702 2856 1904 2918 quum
1935 2855 2129 2919 supra
2158 2835 2372 2917 legan-

882 2943 984 2996 tur
1014 2935 1270 3012 dixisse,
1305 2935 1403 2997 Dii
1435 2935 1746 2998 montium
1789 2944 1937 3000 sunt
1980 2935 2071 2999 dii
2103 2937 2369 3000 eorum?

2483 1960 2552 2013 ut
2580 1960 2687 2014 tua
2716 1951 3073 2015 clementia.
3100 1951 3337 2015 Idcirco
3368 1959 3431 2015 et
3452 1951 3684 2014 Seneca
3714 1951 3781 2012 in
3803 1950 3978 2013 libro

2484 2049 2563 2112 de
2581 2049 2931 2114 Clementia
2958 2057 3349 2113 contestatur
3374 2067 3389 2112 ε
3414 2049 3579 2111 Nihil
3612 2049 3768 2112 adeo
3800 2049 3979 2130 prin-

2485 2147 2693 2230 cipem
2738 2148 2939 2225 decet,
2988 2148 3152 2211 sicut
3190 2147 3545 2211 clementiae
3584 2148 3807 2210 virtus.
3852 2146 3979 2209 Ve-

2486 2255 2841 2310 rumtamen
2872 2245 3225 2310 clementiae
3255 2246 3802 2328 contemperandae
3822 2253 3980 2307 sunt

2484 2344 2867 2408 discretione
2915 2353 3106 2426 atque
3151 2345 3402 2425 justitia
3434 2362 3449 2406 ε
3494 2353 3749 2426 propter
3794 2345 3971 2425 quod

2483 2444 2687 2509 oravit
2718 2463 2827 2507 rex
2864 2444 3033 2526 piuS,
3066 2443 3416 2506 Bonitatem
3457 2451 3520 2506 et
3561 2443 3969 2525 disciplinam

2484 2550 2545 2604 et
2574 2542 2905 2606 scientiam
2934 2543 3089 2606 doce
3109 2561 3232 2605 me.
3256 2545 3583 2604 Ponamus
3603 2544 3818 2620 itaque
3834 2562 3975 2602 sac-

2480 2661 2581 2700 cos
2610 2643 2679 2702 in
2718 2644 2950 2703 lumbis
2980 2643 3239 2712 nostris,
3264 2640 3327 2702 id
3359 2647 3473 2716 est,
3500 2641 3697 2702 saccis
3728 2657 3842 2702 nos
3866 2659 3975 2702 ac-

2480 2739 2808 2820 cingamus
2840 2740 2907 2802 in
2938 2739 3189 2819 signum
3229 2738 3619 2820 poenitentia}
3662 2746 3725 2800 et
3762 2737 3973 2800 humi-

2481 2837 2784 2915 liationis,
2806 2848 2865 2899 et
2893 2840 3225 2917 funiculos
3258 2839 3331 2898 in
3359 2839 3675 2914 capitibus
3704 2839 3971 2907 nostris,

2480 2937 2662 3020 quasi
2696 2937 2834 3019 ipso
2865 2935 3034 3000 facto
3064 2943 3490 2999 monstrantes
3511 2954 3624 2999 nos
3656 2935 3969 2997 meruisse

879 3032 1526 3116 Respondetur,quod
1550 3033 1616 3096 in
1639 3033 1981 3117 Scripturis
2004 3033 2372 3116 frequenter
2405 3031 2451 3098 C
2481 3036 2918 3120 suspendium,
2952 3045 3011 3097 et
3050 3037 3464 3113 eyrediamur
3504 3038 3593 3096 ad
3632 3054 3839 3111 reyem
3874 3036 3973 3094 Is-

879 3132 1138 3215 ponitur
1167 3132 1412 3215 plurale
1443 3152 1560 3215 pro
1599 3134 1928 3214 singulari,
1963 3142 2026 3197 et
2067 3151 2367 3197 econver-

879 3251 972 3309 so,
995 3241 1058 3295 et
1086 3233 1237 3314 quia
1266 3232 1449 3296 multi
1481 3231 1606 3294 filii
1636 3232 1823 3296 lsrael
1847 3232 2144 3296 colebant
2163 3231 2358 3294 simul

880 3349 1024 3392 cum
1069 3331 1287 3393 vitulis
1335 3331 1467 3393 suis
1521 3350 1594 3393 ac
1645 3330 1830 3393 idolis
1881 3332 2079 3394 Deum
2119 3349 2365 3407 verum,

882 3429 1047 3492 sicut
1066 3429 1466 3505 Samaritani,
1501 3438 1572 3492 ut
1599 3430 1842 3493 dictum
1873 3438 1990 3493 est.
2016 3429 2259 3492 Idcirco
2281 3429 2371 3491 di-

883 3529 1106 3605 cend0,
1151 3527 1250 3589 Dii
1292 3528 1628 3605 montium,
1663 3528 2114 3591 intellexerunt
2157 3536 2222 3591 et
2269 3546 2371 3591 ve-

884 3645 1021 3687 rum
1057 3627 1276 3689 Deum.

959 3727 1341 3803 Diriqebant
1380 3728 1599 3806 itaque
1623 3736 1858 3804 septem
1884 3728 2112 3787 diebus
2148 3747 2229 3786 ea>
2260 3727 2371 3787 ad-

881 3845 1055 3885 verso
1087 3826 1367 3904 hiatque
1387 3826 1494 3885 illi
1523 3825 1708 3896 acies,
1727 3826 1998 3903 septima
2027 3834 2242 3885 autem
2263 3826 2371 3886 die

877 3924 1284 3984 commissum
1339 3933 1427 3984 est
1482 3926 1737 3985 bellum.
1785 3926 2369 4005 Percusseruntque

875 4022 1012 4099 filii
1046 4023 1252 4082 Israel
1288 4024 1369 4081 de
1397 4022 1591 4099 Syris
1633 4031 1889 4084 centum
1939 4024 2155 4084 millia
2188 4024 2371 4101 pedi-

879 4128 1015 4181 tum
1045 4122 1118 4181 in
1146 4123 1255 4181 die
1283 4140 1442 4181 una.
1469 4122 1803 4197 Fuyerunt
1824 4132 2041 4183 autem
2061 4120 2222 4203 Syri,
2243 4124 2361 4201 qui

2479 3140 2617 3197 rael
2645 3158 2667 3195 .·
2694 3137 2977 3214 forsitan
3004 3136 3285 3197 salvabit
3314 3137 3573 3195 animas
3604 3144 3882 3203 nostras,
3903 3133 3970 3196 id

2478 3241 2595 3311 est,
2627 3253 2667 3296 a
2700 3242 2905 3297 morte
2951 3250 3067 3296 nos
3111 3229 3542 3315 praeservabit‚
3578 3232 3801 3295 videns
3850 3250 3971 3293 nos

2478 3338 2609 3393 tam
2639 3330 3087 3395 miserabiliter
3116 3330 3239 3393 sibi
3270 3348 3600 3393 occurrere
3628 3339 3877 3412 sponte.

2559 3432 3002 3492 Accinxerunt
3048 3432 3247 3491 saccis
3284 3430 3524 3490 lumbos
3566 3449 3733 3500 suos,
3763 3438 3823 3489 et
3854 3448 3973 3505 po-

2478 3539 2748 3589 suerunt
2778 3530 3109 3607 funiculos
3137 3529 3213 3587 in
3251 3527 3569 3604 capitibus
3594 3529 3751 3598 suis,
3785 3546 3972 3586 vene-

2480 3637 2757 3708 runtque
2785 3630 2873 3688 ad
2916 3647 3123 3704 reyem
3147 3629 3375 3697 Israel,
3414 3634 3475 3685 et
3510 3627 3819 3685 dioeerunt
3848 3627 3916 3683 ei
3944 3645 3969 3685 .·

2479 3728 2719 3787 Servus
2771 3736 2917 3786 tuus
2958 3726 3297 3797 Benadad,
3340 3741 3531 3805 quem
3580 3722 3769 3805 paulo
3815 3732 3969 3785 ante

2478 3822 2806 3886 dominum
2846 3822 3213 3905 appellasti3
3258 3822 3369 3886 sed
3409 3840 3579 3884 nunc
3618 3820 3829 3884 subito
3876 3820 3971 3883 fa·

2480 3930 2583 3985 cta
2624 3930 2719 3985 est
2759 3930 2934 3985 tanta
2979 3941 3189 3985 rerum
3234 3920 3522 3997 mutatio,
3560 3938 3703 4002 quoe
3743 3920 3970 4002 utique

2480 4020 2603 4083 fuit
2629 4039 2789 4103 opus
2814 4022 3087 4084 dexterae
3115 4019 3400 4096 Excelsi3
3434 4020 3597 4079 dicit
3622 4019 3823 4099 (unde
3852 4038 3972 4101 pa-

2479 4120 2777 4202 tet,quod
2807 4137 2935 4182 non
2956 4118 3132 4182 venit
3154 4116 3588 4200 cumjfamulis
3618 4118 3779 4199 suis)
3808 4136 3823 4180 ε
3868 4122 3969 4179 Vi-
4058 4142 4070 4151 ·

875 4228 1324 4279 remanserunt
1352 4220 1426 4279 in
1444 4222 1682 4296 Aphoe,
1709 4222 1782 4280 in
1813 4222 2164 4291 civitatem,
2198 4231 2256 4281 et
2285 4240 2371 4280 ce-
2399 4219 2451 4282 D
2480 4228 2607 4291 vat,
2640 4239 2768 4292 oro,
2802 4221 3029 4280 anima
3060 4238 3225 4287 ntea,
3255 4217 3319 4279 id
3357 4225 3476 4294 est,
3512 4232 3627 4297 ego
3662 4217 3801 4300 ipse
3832 4235 3963 4281 non

875 4320 1038 4378 cidit
1067 4338 1293 4378 murus
1321 4316 1597 4381 civitatis
1629 4317 1866 4399 ApheC,
1900 4338 2094 4396 super
2126 4320 2371 4396 viyinti

872 4424 1104 4492 septem
1133 4417 1348 4476 millia
1379 4418 1742 4486 hominum,
1771 4422 1886 4495 qui
1915 4428 2370 4481 remanserant

875 4520 938 4575 et
957 4512 1258 4593 fugerunt
1283 4530 1298 4574 ε
1320 4514 1434 4595 qui
1463 4522 1869 4577 accesserunt
1901 4515 1979 4576 ad
2012 4533 2274 4576 murum
2296 4523 2367 4577 ut

875 4629 1022 4674 eum
1055 4609 1409 4689 firmarent,
1431 4630 1511 4675 ne
1541 4630 1578 4673 a
1608 4610 1767 4673 filiis
1796 4611 1984 4675 Israel
2017 4612 2370 4675 destruere·

875 4717 1000 4787 tur,
1025 4710 1135 4773 sed
1166 4709 1402 4774 virtute
1431 4709 1650 4771 divina
1676 4717 1738 4772 et
1767 4710 2124 4774 ministerio
2152 4710 2368 4792 angeli

874 4807 977 4872 vel
1006 4807 1160 4871 boni
1202 4808 1302 4871 vel
1335 4807 1486 4870 mali
1529 4808 1964 4890 praecipitatus
2011 4818 2107 4872 est
2145 4828 2365 4871 murus

876 4925 1067 4988 super
1097 4906 1244 4970 illos
1276 4926 1422 4970 cum
1453 4906 1722 4989 impetu.

954 5008 1160 5068 Porro
1182 5008 1500 5067 Benadad
1526 5006 1787 5082 fuyiens
1817 5008 2140 5083 ingressus
2172 5017 2262 5067 est
2290 5011 2372 5067 ci-

875 5106 1164 5176 vitatem,
1189 5106 1262 5164 in
1288 5105 1656 5164 cubiculum
1684 5108 1854 5183 quod
1881 5115 2021 5166 erat
2051 5107 2231 5166 intra
2262 5126 2372 5166 cu-

875 5204 1188 5271 biculum,
1227 5199 1293 5262 id
1331 5207 1427 5262 est
1469 5199 1681 5262 locum
1731 5202 2229 5264 secretissimum
2284 5204 2361 5265 ad

873 5298 1222 5375 latendum,
1270 5306 1462 5381 atque
1501 5304 1572 5359 ut
1599 5298 1909 5380 Josepbus
1953 5298 2168 5378 refert,
2209 5320 2357 5364 cum

2478 4316 2729 4380 occidar
2758 4336 2795 4379 a
2823 4325 2909 4396 te,
2943 4316 3109 4380 sicut
3138 4315 3482 4398 promerui.
3507 4316 3832 4397 Tanquam
3872 4318 3968 4379 di-

2477 4424 2598 4493 cat,
2634 4415 3106 4497 Quamcumque
3136 4415 3468 4477 emendam
3508 4422 3619 4476 aut
3657 4413 3963 4478 mulctam

2479 4510 2859 4595 imposueris
2888 4513 3071 4590 mibi,
3106 4511 3446 4594 acceptabo
3488 4531 3627 4575 eam
3666 4530 3782 4594 pro
3827 4532 3969 4577 mea

2479 4611 2778 4677 evasione
2812 4628 2826 4674 τ
2859 4613 3039 4693 juxta
3066 4610 3224 4674 illud
3252 4609 3389 4687 Job,
3416 4609 3653 4673 Cuncta
3680 4629 3824 4692 quae
3855 4611 3969 4675 ha-

2479 4709 2587 4773 bet
2612 4710 2824 4787 hom0‚
2840 4710 3019 4772 dabit
3046 4728 3163 4792 pro
3184 4708 3397 4771 anima
3431 4728 3567 4771 sua.
3592 4712 3679 4771 Et
3702 4712 3815 4770 ille
3832 4712 3967 4771 ait.-

2480 4812 2559 4871 Si
2586 4812 2800 4870 adhuc
2826 4810 3015 4881 vivit,
3049 4810 3260 4888 frater
3286 4828 3463 4869 meus
3490 4818 3603 4879 est,
3636 4808 3702 4869 id
3740 4816 3836 4871 est
3872 4809 3971 4871 di-

2479 4905 2681 4969 lectus
2712 4914 2782 4967 ut
2813 4904 3026 4983 frater,
3062 4913 3126 4969 et
3154 4904 3453 4969 amicitiae
3486 4903 3692 4968 foedus
3736 4904 3959 4968 feriam

2479 5024 2717 5069 secum.
2760 5007 2939 5074 Quod
2977 5014 3357 5082 acceperunt
3387 5006 3519 5065 viri
3559 5023 3680 5083 pro
3728 5006 3961 5077 omine,

2480 5104 2544 5166 id
2574 5112 2671 5167 est
2705 5121 2820 5186 pro
2853 5104 3036 5167 bonae
3067 5102 3341 5166 fortunae
3370 5101 3647 5185 eloquio,
3679 5121 3792 5166 seu
3825 5122 3935 5185 pro

2479 5202 2746 5284 augurio
2792 5220 3225 5284 prosperoque
3270 5209 3525 5265 eventu.
3568 5201 3745 5265 Unde
3784 5202 3971 5265 Vale-

2480 5302 2614 5365 rius
2634 5300 2936 5363 Maximus
2968 5300 3273 5382 loquitur,
3296 5300 3471 5381 quod
3500 5318 3689 5363 omen
3722 5308 3819 5363 est
3845 5318 3970 5362 ser-

4032 2461 4111 2504 Ρτ-
4130 2475 4252 2508 cxm,

4002 2527 4071 2566 86.

4028 4046 4107 4088 Pa.
4126 4058 4245 4089 ann.

4024 4636 4165 4685 John,
4202 4666 4213 4677 .
