4359 6250
958 522 1308 570 manuario
1350 524 1411 570 IN
1454 525 1590 572 cAP.
1637 525 1718 571 XV
1761 525 1918 572 unm
1959 525 2128 572 mum
2169 525 2393 572 REGuu.
2439 545 2519 556 --
2560 526 2701 572 ΛΒΤ.
2750 524 2901 574 XXIX
3350 507 3469 572 345

365 695 562 764 elem,
592 693 816 754 dicens
846 713 870 756 .·
903 696 1183 756 Poenitet
1213 715 1312 756 me
1339 698 1511 774 quod
1537 696 1876 756 constitue-
1905 694 1956 755 A
1985 698 2160 756 Saul*
2204 697 2499 772 offerebat
2548 699 2987 756 holocaustum
3025 697 3324 767 DominO,
3356 715 3470 778 per

367 793 508 850 rim
539 795 712 854 Saul
742 814 981 871 reyem,
1015 793 1078 854 id
1124 803 1242 870 est,
1282 812 1395 874 per
1436 795 1696 856 modum
1743 812 1876 875 poe-
1984 811 2212 854 manus
2258 793 2624 870 sacerdotiS,
2664 812 2779 874 pro
2825 793 3173 873 gratiarum
3222 793 3469 857 actione

369 889 645 953 nitentis
693 911 798 954 me
837 891 1041 955 habeo
1086 892 1256 955 circa
1299 893 1442 968 hoc,
1477 892 1874 974 reprobando
1983 893 2062 954 de
2110 910 2414 955 concesso
2464 892 2788 975 triumpho
2838 893 3187 956 secundum
3239 892 3465 975 legem,

365 1007 568 1068 quem
618 999 769 1052 ante
817 989 1164 1072 approbavi
1212 1010 1284 1054 ac
1329 991 1618 1072 promovi
1661 992 1739 1053 ad
1785 1010 1876 1053 re-
1983 993 2278 1072 quamvis
2310 1011 2437 1056 non
2471 992 2695 1056 fecerit
2723 992 2842 1056 hoc
2874 1012 2950 1056 ex
2979 1012 3139 1075 pura
3168 1002 3232 1056 et
3259 993 3473 1056 debita

366 1107 598 1168 gnum.
634 1089 894 1152 Constat
933 1099 1171 1166 autem,
1212 1090 1385 1171 quod
1429 1089 1492 1151 in
1533 1089 1876 1152 invariabi-
1984 1090 2367 1168 humilitate,
2399 1095 2481 1152 de
2518 1094 2733 1153 iniciis
2766 1096 3174 1168 praedarum,
3204 1113 3348 1172 quse
3376 1103 3472 1153 at-

367 1185 442 1262 li,
460 1187 1134 1269 supersapientissimo
1155 1197 1219 1252 et
1239 1187 1872 1270 incomprehensibili
1987 1194 2222 1251 tulerat
2250 1194 2330 1251 de
2358 1193 2647 1261 Amalec,
2670 1191 2732 1253 id
2765 1199 2861 1254 est
2889 1192 2968 1254 do
2998 1190 3298 1272 primitiis
3330 1209 3472 1272 spo-

126 3266 242 3321 wey.
255 3283 296 3312 x»

367 1286 502 1348 Deo
543 1305 673 1350 non
714 1287 900 1350 cadat
935 1288 1118 1350 dolor
1156 1309 1268 1352 seu
1321 1288 1716 1370 poenitentia‚
1761 1289 1869 1350 sed

367 1402 554 1447 more
603 1384 886 1448 humano
941 1385 1225 1466 loquitur
1268 1386 1431 1449 Deus
1476 1385 1866 1449 hominibus,

371 1485 549 1551 Quia
580 1485 934 1563 dereliquit
964 1505 1085 1560 me,
1122 1504 1237 1567 per
1265 1485 1497 1547 mentis
1529 1504 1659 1548 suae
1696 1503 1872 1548 aver-

367 1580 624 1643 sionem
659 1600 696 1642 a
724 1601 849 1657 mc,
885 1601 998 1663 per
1029 1582 1549 1660 inobedientiam,
1583 1600 1874 1663 arrogan-

371 1678 534 1741 tiam
588 1689 652 1742 ct
701 1680 1144 1762 cupiditatem,
1177 1693 1238 1743 et
1277 1684 1466 1743 verba
1507 1703 1647 1742 mea
1690 1702 1874 1759 opere

369 1798 505 1838 non
539 1780 862 1857 implevit.
887 1782 1434 1860 Contristatusque
1461 1790 1552 1841 est
1580 1784 1870 1842 Samuel.

1987 1288 2242 1364 liorum,
2291 1309 2403 1352 seu
2442 1289 2700 1371 optimis
2750 1289 2973 1372 spoliis
3023 1289 3351 1370 acquisitis
3391 1289 3472 1352 ab

1986 1387 2373 1450 AmalecitiS.
2408 1390 2495 1449 Et
2538 1410 2740 1468 quum
2779 1390 3048 1449 venisset
3082 1391 3349 1449 Samuel
3384 1392 3473 1448 ad

1985 1490 2172 1558 Saul,
2198 1489 2375 1548 clioeit
2402 1490 2464 1546 ei
2494 1491 2660 1548 Saul
2690 1505 2713 1548 .·
2740 1489 3127 1549 Benedictus
3158 1497 3227 1548 tu
3251 1489 3473 1548 Domi-

1983 1606 2088 1656 nc,
2106 1586 2170 1647 id
2204 1595 2297 1649 cst
2328 1587 2404 1648 ad
2436 1587 2704 1667 gloriam
2738 1586 2868 1664 Dei,
2890 1588 3157 1665 implevi
3187 1589 3468 1658 verbum,

1987 1685 2049 1748 id
2097 1694 2192 1748 est
2232 1694 2619 1768 praeceptum
2663 1689 2933 1746 Domini
2980 1687 3059 1749 de
3108 1687 3471 1750 occidendis

1985 1784 2373 1847 AmalecitiS.
2429 1785 2741 1862 Diae-‘tque
2795 1787 3086 1854 Samuel,
3144 1783 3471 1866 probando

368 1879 460 1938 Et
489 1880 808 1938 clamavit
839 1876 1092 1940 Samuel
1113 1881 1200 1938 acl
1219 1881 1574 1940 Dominum
1607 1888 1732 1939 tota
1767 1899 1875 1938 no·
1911 1878 1955 1939 B
1986 1883 2330 1945 falsitatem
2382 1882 2693 1945 sermonis
2746 1882 2949 1944 Saulis
2999 1900 3013 1944 :
3064 1887 3149 1945 Et
3194 1904 3337 1964 quoe
3382 1895 3471 1945 est

367 1983 488 2035 cte.
514 1974 698 2037 Unde
729 1977 1201 2057 apparet‚quod
1233 1976 1300 2038 in
1332 1976 1472 2058 ipsa
1503 1985 1686 2040 nocte
1711 1975 1876 2038 facta

370 2070 456 2132 sit
489 2071 552 2134 ei
582 2059 890 2135 allocutio
921 2073 1063 2136 ista.
1098 2075 1233 2137 Non
1267 2074 1501 2137 dicitur
1539 2075 1665 2150 hic,
1701 2075 1872 2156 quod

369 2170 682 2232 clamavit
707 2172 787 2234 ad
819 2171 1156 2234 Dominum
1188 2190 1304 2254 pro
1325 2173 1494 2236 Saul.
1511 2173 1652 2236 ldeo
1673 2172 1870 2253 aliqui

368 2269 623 2346 dicunt,
649 2269 824 2351 quod
854 2271 1062 2334 sciens
1094 2271 1346 2335 Samuel
1376 2271 1626 2334 Saulem
1661 2290 1876 2354 repro-

369 2365 621 2444 batum,
657 2367 980 2445 clamavit,
1025 2368 1088 2430 id
1137 2377 1234 2432 est
1277 2369 1600 2433 ferventer
1643 2369 1869 2446 oravit,

372 2485 508 2547 pro.
528 2485 729 2547 regno
770 2475 834 2529 et
877 2467 1138 2549 populo.
1174 2467 1383 2529 Nihilo
1415 2468 1627 2530 minus
1661 2468 1876 2531 dicen-

371 2565 558 2641 dum,
595 2565 770 2646 quod
813 2565 1006 2628 etiam
1049 2567 1350 2630 clamavit
1391 2585 1506 2649 pro
1551 2567 1760 2644 Saule,
1805 2575 1874 2628 ut

372 2663 552 2726 infra
584 2662 652 2725 in
685 2664 808 2727 isto
841 2672 1014 2746 patet
1045 2665 1348 2747 capitulo.
1383 2665 1596 2729 Oravit
1624 2684 1772 2746 ergo
1803 2675 1874 2727 ut

369 2762 688 2825 Dominus
719 2762 1075 2842 ignosceret
1105 2764 1302 2827 Sauli.
1337 2765 1515 2827 Circa
1553 2766 1724 2846 quod
1765 2765 1876 2826 ali-

370 2861 488 2942 qui
521 2862 770 2938 dicunt‚
803 2863 977 2942 quod
1021 2863 1272 2925 Samuel
1317 2861 1583 2926 forsitan
1626 2865 1874 2944 ignora-

373 2961 474 3023 vit
516 2981 600 3023 an
655 2969 956 3044 praetacta
996 2963 1208 3037 verba,
1245 2962 1564 3040 videlicet,
1603 2963 1869 3026 Poenitet

1985 1983 2117 2044 ka‘c
2149 2001 2273 2041 voa)
2295 2001 2593 2058 ¹armum,
2630 1981 2875 2044 scilieet
2913 1981 3101 2043 boum
3136 1989 3199 2044 et
3228 1982 3464 2058 ovium,

1983 2101 2126 2160 quae
2169 2089 2419 2139 resonat
2461 2081 2534 2138 in
2581 2080 2852 2139 auribus
2896 2081 3073 2150 meiS,
3118 2089 3178 2139 et
3220 2101 3471 2140 armen-

1985 2190 2195 2241 torum
2236 2199 2434 2258 quam
2478 2178 2725 2238 audio?
2760 2177 2941 2259 quasi
2982 2178 3171 2255 dicat,
3208 2179 3323 2242 Per
3370 2199 3471 2242 ex-

1983 2277 2361 2358 perientiam
2404 2276 2765 2352 innotescit,
2800 2277 2971 2357 quod
3016 2295 3143 2339 non
3190 2277 3468 2360 implesti

1981 2376 2092 2438 Dei
2123 2374 2661 2457 praeceptum,qui
2696 2393 2923 2455 pecora
2952 2384 3014 2438 et
3043 2375 3259 2438 omnia
3288 2376 3471 2439 Ama-

1984 2474 2313 2536 lecitarum
2359 2473 2551 2553 jussit
2592 2473 2818 2536 occidi.
2867 2476 2983 2535 Ait
3026 2477 3215 2547 Saul,
3251 2494 3319 2538 se
3366 2495 3471 2538 ex·-

1982 2572 2283 2647 cusando,
2338 2580 2402 2633 et
2451 2572 2760 2654 populum
2809 2573 3187 2650 accusandO,
3229 2573 3358 2636 imo
3407 2581 3469 2636 et

1981 2671 2342 2734 excusando
2393 2671 2621 2752 partim
2674 2671 2969 2733 eumdem
3010 2689 3024 2734 :
3069 2674 3162 2732 De
3204 2675 3470 2734 Amalec

1982 2773 2402 2830 adduoeerunt
2420 2790 2493 2830 ea
2505 2817 2517 2830 .
2540 2772 2807 2846 Peperci
2812 2780 2834 2831 t
2852 2772 3027 2831 enim
3048 2774 3331 2850 populus
3350 2793 3469 2833 me-

1986 2870 2256 2928 lioribus
2296 2871 2518 2928 ovibus
2565 2878 2625 2929 et
2672 2872 3008 2942 armentis,
3058 2879 3127 2930 ut
3176 2873 3509 2940 immolffi,

1980 2976 2208 3027 rentur
2249 2969 2525 3027 Domino
2565 2969 2693 3027 Deo
2735 2978 2839 3028 tuo
2850 2991 2879 3040 ‚·
2919 2971 3173 3050 reliqua
3206 2991 3347 3031 vero
3377 2990 3471 3032 oc-

369 3079 501 3137 me‚
550 3059 856 3122 Dominus
900 3060 1134 3124 dixerit
1171 3060 1532 3139 definitive,
1579 3081 1659 3125 an
1707 3080 1874 3125 com-
1901 3065 1944 3128 C
1979 3067 2282 3127 cidi-mus.

369 3158 742 3222 minatorie.
785 3158 1026 3232 Quibus
1075 3160 1332 3224 obviare
1382 3160 1656 3236 videtur,
1700 3161 1871 3242 quod

297 3284 340 3319 n.
371 3277 573 3339 supra
613 3258 865 3321 Samuel
906 3258 1068 3320 dixit
1109 3260 1187 3321 ad
1228 3259 1373 3321 Saul
1412 3277 1426 3321 ε
1460 3259 1871 3341 Nequaquam

372 3356 548 3419 ultra
596 3374 865 3436 regnum
923 3364 1103 3420 tuum
1161 3365 1521 3437 consurget.
1573 3357 1874 3430 Quaesivit

371 3454 500 3516 sibi
532 3453 842 3517 Dominus
873 3454 1083 3518 virum
1119 3455 1472 3517 secundum
1511 3472 1622 3518 cor
1658 3475 1868 3531 suum,

370 3561 438 3615 et
481 3552 789 3635 praeccpit
833 3552 892 3615 ei
937 3562 1010 3614 ut
1053 3562 1220 3615 esset
1265 3554 1394 3615 dux
1444 3574 1637 3636 super
1673 3573 1871 3636 popu-

370 3651 508 3713 lum
540 3651 943 3725 suum.Quod
965 3658 1226 3733 propter
1256 3652 1700 3715 certitudinem
1734 3671 1873 3734 pro-

2063 3166 2178 3225 Ait
2209 3174 2425 3224 autem
2466 3169 2735 3226 Samuel
2776 3170 2863 3227 ad
2901 3170 3070 3229 Saul
3100 3190 3121 3229 .·
3153 3171 3316 3231 Sine
3344 3194 3469 3243 me,

1984 3263 2046 3324 id
2091 3271 2208 3339 est,
2243 3261 2516 3344 pacifice
2558 3264 2709 3326 audi
2751 3284 2875 3341 me,
2910 3276 2970 3327 et
3010 3269 3305 3329 indicabo
3353 3272 3471 3330 tibi

1980 3382 2124 3441 quoe
2156 3365 2403 3421 locutus
2429 3364 2515 3422 sit
2543 3364 2863 3424 Dominus
2892 3368 2979 3425 ad
3008 3386 3107 3426 me
3136 3377 3333 3428 nocte.
3358 3370 3471 3430 Di-

1979 3461 2056 3518 oei
2061 3469 2207 3539 tque
2235 3461 2298 3517 ei
2318 3476 2342 3519 .·
2364 3462 2669 3539 Loquere.
2686 3464 2772 3522 Ia
2792 3465 2889 3522 ait
2910 3466 3176 3524 Samuel
3198 3485 3220 3525 .·
3238 3468 3470 3529 Nonne

1980 3576 2182 3637 quum
2205 3563 2526 3635 parvulus
2564 3580 2718 3619 esses
2748 3563 2821 3621 in
2852 3564 3055 3622 oculis
3087 3566 3236 3636 tuis,
3272 3565 3337 3627 id
3374 3576 3470 3629 est

1982 3654 2128 3717 vilis
2169 3661 2233 3715 et
2276 3654 2561 3718 modicus
2610 3657 2867 3738 propria
2908 3660 3328 3739 reputatione,
3370 3684 3469 3725 ca-

371 3749 612 3832 phetiae
633 3750 886 3813 Samuel
919 3750 1211 3831 praedixit
1239 3752 1318 3813 de
1357 3751 1548 3815 David
1586 3750 1870 3813 futurum
1972 3762 2098 3830 put
2128 3754 2199 3812 in
2228 3753 2519 3813 tribubus
2550 3757 2755 3815 Israel
2782 3756 2995 3832 factus
3024 3779 3111 3827 es,
3142 3758 3205 3820 id
3236 3769 3330 3823 est
3360 3781 3467 3824 rex

369 3866 489 3930 per
526 3849 790 3911 modum
834 3849 1162 3931 praeteriti,
1205 3849 1370 3911 sicut
1410 3849 1646 3912 ibidem
1683 3868 1872 3932 expo-

370 3946 572 4009 situm
605 3955 725 4010 est.

456 4049 799 4125 Quumque
845 4049 926 4105 de
959 4056 1138 4107 nocte
1181 4049 1563 4108 surreoeisset
1607 4050 1871 4111 Samuel

369 4154 446 4205 ut
474 4146 600 4204 iret
631 4146 720 4205 ad
759 4146 928 4205 Saul
967 4166 1178 4216 mane,
1215 4148 1601 4207 nuntiatum
1629 4159 1718 4210 est
1749 4154 1870 4211 Sa-

1980 3850 2315 3913 duodccim
2367 3850 2647 3913 tribuum
2693 3852 2925 3916 lsrael?
2966 3855 3107 3917 Ideo
3152 3856 3316 3920 sicut
3354 3878 3468 3941 per

1980 3948 2407 4011 humilitatem
2456 3950 2744 4012 meruisti
2798 3951 2889 4014 sic
2942 3956 3325 4034 promoveri,
3380 3957 3468 4019 ita

1981 4066 2094 4129 per
2123 4048 2548 4129 arrogantiam
2582 4056 2754 4111 tuam
2786 4050 2917 4130 jam
2949 4052 3236 4115 meruisti
3272 4074 3467 4137 regno

1980 4146 2244 4228 privari.
2299 4150 2623 4228 Una-itque
2668 4159 2723 4210 te
2772 4152 2845 4210 in
2893 4172 3101 4229 reycm
3142 4174 3337 4231 super
3374 4160 3470 4218 Is-

369 4243 601 4312 mueli,
631 4244 806 4321 quod
837 4245 1106 4304 venisset
1147 4247 1316 4305 Saul
1355 4248 1431 4305 in
1478 4247 1864 4321 Carmelum,
1903 4250 1952 4311 D
1979 4250 2137 4319 rael,
2171 4255 2231 4306 et
2263 4249 2442 4308 misit
2472 4256 2527 4307 te
2553 4251 2874 4310 Dominus
2905 4252 2979 4311 in
3012 4253 3215 4322 viam,
3244 4263 3303 4314 et
3333 4257 3468 4315 ait:

369 4340 436 4402 id
477 4347 576 4403 est
605 4341 683 4402 ad
725 4349 1008 4404 montem
1041 4340 1224 4403 illum
1257 4342 1621 4422 sublimem,
1655 4356 1713 4405 et
1741 4367 1871 4407 ere-

1989 4348 2180 4415 Vade,
2230 4356 2287 4405 et
2338 4348 2627 4425 interfice
2664 4360 3021 4425 peccatores
3069 4354 3359 4425 Amalec,
3408 4364 3468 4414 et

365 4440 568 4497 εἰῶ-ετ
595 4439 726 4497 sibi
752 4439 1070 4514 fornicem
1093 4441 1868 4523 triumphalem,sequens
1973 4446 2298 4522 puynabis
2325 4455 2550 4506 contra
2588 4466 2688 4507 eos
2726 4466 2925 4527 usque
2959 4453 3049 4509 ad
3092 4451 3469 4513 internecio·

369 4536 438 4597 in
469 4536 594 4598 hoc
625 4536 1054 4617 arrogantiam
1084 4536 1393 4615 gentium,
1432 4538 1495 4599 id
1526 4549 1622 4602 est
1650 4560 1866 4605 arcum

369 4635 450 4697 de
493 4634 722 4716 myrtis
768 4644 834 4698 et
879 4634 1110 4717 palmis
1152 4655 1263 4698 seu
1295 4635 1484 4701 olivis
1517 4636 1582 4699 in
1615 4639 1866 4717 signum

367 4734 616 4814 adeptae
657 4731 964 4809 victoriae,
999 4732 1219 4814 sicque
1260 4733 1325 4795 in
1366 4743 1582 4799 monte
1620 4735 1732 4800 illo
1772 4738 1870 4800 in-

367 4832 550 4895 venit
589 4831 926 4894 materiam
972 4831 1240 4895 fornicis
1286 4833 1502 4916 hujuS.
1535 4835 1611 4896 Et
1645 4835 1711 4898 in
1746 4836 1866 4901 isto

366 4938 546 5014 patet
603 4930 908 5013 superbia
967 4930 1138 5007 Saul,
1189 4931 1301 5013 qui
1361 4933 1438 4994 ad
1498 4933 1866 5015 jactantiam

365 5048 552 5091 suam
583 5028 706 5091 hoc
741 5027 917 5104 fecit,
950 5048 1152 5109 quum
1191 5028 1366 5091 illam
1399 5031 1730 5094 victoriam
1760 5034 1866 5097 de-

365 5126 581 5191 buerit
611 5126 944 5190 humiliter
977 5128 1100 5191 Deo
1131 5128 1513 5193 adscribere.
1547 5134 1634 5192 Et
1663 5154 1869 5193 rever-

362 5246 470 5287 sus
502 5226 864 5294 transisset,
889 5228 1430 5306 descendissetque
1459 5231 1534 5289 in
1565 5233 1860 5307 Galyala.

378 5324 569 5384 Venit
597 5341 746 5400 erqo
777 5326 1048 5385 Samuel
1075 5326 1164 5384 ad
1199 5327 1370 5386 Saul
1399 5325 1465 5387 in
1495 5326 1772 5406 Galgala,
1806 5341 1865 5391 et

1977 4562 2121 4603 nem
2143 4562 2386 4602 eorum.
2412 4545 2625 4611 Quare
2652 4564 2799 4621 erqo
2830 4566 2959 4607 non
2989 4550 3240 4608 audisti
3261 4570 3469 4611 vocem

1976 4642 2272 4711 Domini,
2302 4645 2412 4701 sed
2460 4663 2673 4703 versus
2717 4646 2805 4704 ad
2834 4648 3131 4721 praedam
3160 4668 3249 4717 es,
3277 4657 3338 4708 et
3372 4651 3467 4726 fe-

1976 4742 2124 4800 cisti
2153 4745 2403 4801 malum
2426 4744 2498 4802 in
2518 4744 2720 4802 oculis
2739 4746 3055 4804 Domini?
3073 4748 3160 4806 Et
3182 4748 3279 4806 ait
3298 4752 3467 4809 Saul

1977 4841 2064 4899 ad
2093 4842 2484 4911 Samuelem,
2518 4859 2585 4902 se
2617 4839 3025 4921 pertinaciter
3060 4846 3419 4908 excusando
3446 4864 3460 4907 ε

1978 4941 2115 4998 Imo
2161 4940 2397 4997 audivi
2448 4960 2652 4999 vocem
2697 4942 2986 5012 Domini,
3028 4951 3088 5001 et
3132 4946 3467 5005 ambulavi

1976 5036 2048 5095 in
2102 5038 2211 5096 via
2248 5056 2372 5112 per
2422 5057 2619 5116 quam
2670 5040 2849 5097 misit
2892 5059 2991 5099 me
3035 5042 3375 5111 Dominus,
3406 5055 3465 5105 et

1977 5137 2237 5196 addua-i
2253 5137 2440 5212 Ayay
2461 5134 2719 5217 [reyem]
2750 5139 3033 5199 Amalec.
3067 5137 3135 5200 ln
3165 5139 3285 5202 hoc
3316 5140 3463 5204 Saul

1976 5252 2043 5295 se
2074 5232 2286 5313 ipsum
2318 5240 2594 5308 accusat,
2614 5233 2917 5314 quoniam
2938 5235 3244 5299 Dominus
3274 5238 3465 5320 jussit

1976 5331 2187 5412 ipsum
2207 5330 2378 5410 Agag
2398 5349 2526 5393 una
2554 5349 2702 5393 cum
2733 5332 2971 5414 populo
3002 5352 3119 5398 suo
3151 5334 3456 5402 interfici.
