4359 6250
114 1109 360 1159 ludia-sm,

93 1174 158 1221 22.
181 1176 248 1215 2³.

95 1698 276 1753 lReya,
291 1702 362 1743 19.

96 2091 210 2133 laid.
221 2095 356 2142 vind.
379 2112 384 2115 ·

103 3143 316 3195 mystim.

112 4155 256 4243 ‚low
261 4167 362 4206 ·····
398 4147 500 4212 eis
551 4144 851 4229 praedixit
901 4145 1189 4210 Salvator
1243 4163 1257 4207 τ

1215 523 1562 571 ssNARnATlo
1607 524 1668 570 ΙΝ
1711 525 1848 569 GAP.
1896 524 1938 569 ΙΙ
1978 524 2252 571 mmmm.
2300 543 2377 553 -
2420 524 2562 570 ART.
2608 523 2674 568 lu

3391 500 3505 565 117

401 696 510 759 bis
541 696 736 773 illius,
763 696 852 759 ita
875 696 1048 779 quod
1075 696 1325 777 judices
1355 703 1668 778 praeerant
1699 693 1906 757 solum
1937 695 1987 754 A
2016 712 2208 775 quem
2240 694 2450 756 mittet
2478 694 2656 757 Pater
2689 694 2755 755 in
2786 693 3047 755 nomine
3074 710 3235 768 me0‚
3254 691 3363 754 ille
3394 710 3505 754 vos

399 803 714 877 tanquam
761 796 1110 859 directores
1155 802 1218 857 et
1261 793 1634 870 consiliarii,
1672 792 1907 875 quibus

398 894 686 976 populus
717 902 946 976 sponte
975 892 1462 975 obtemperavit.
1482 891 1712 973 Sicque
1745 891 1909 953 inter

399 993 607 1055 Deum
639 1000 704 1056 et
736 992 990 1075 plebem
1023 992 1222 1054 medii
1263 998 1464 1053 erant.
1498 991 1678 1053 Unde
1707 1009 1907 1071 quum

397 1090 486 1151 ad
527 1090 892 1153 Gedeonem
939 1090 1274 1165 dixissent,
1322 1088 1660 1152 Dominare
1706 1087 1907 1151 nostri

396 1195 474 1249 tu
505 1195 572 1251 et
614 1187 794 1250 filius
835 1197 984 1250 tuus
1020 1206 1033 1250 :
1072 1186 1423 1270 respondit,
1459 1187 1594 1249 Non
1626 1187 1908 1250 domina-

395 1286 523 1349 bor
554 1287 775 1364 vestri,
812 1306 930 1350 nec
973 1286 1414 1350 dominabitur
1460 1286 1527 1348 in
1570 1305 1681 1350 vos
1726 1285 1906 1347 filius

397 1405 604 1461 meuS,
624 1388 736 1449 sed
760 1385 1195 1449 dominabitur
1216 1384 1400 1450 vobis
1420 1385 1724 1449 Dominus
1743 1385 1905 1447 Deus

397 1494 629 1548 vester.
645 1485 904 1565 Legitur
924 1503 1184 1567 quoque
1206 1485 1416 1567 primo
1433 1486 1669 1563 Regum
1691 1502 1908 1565 quem-

397 1584 754 1647 admodum
786 1583 1037 1647 Samuel
1072 1584 1235 1647 dixit
1267 1583 1430 1646 filiis
1459 1582 1672 1659 Israel,
1705 1602 1902 1665 quum

398 1681 531 1745 sibi
565 1702 780 1765 regem
814 1682 951 1745 dari
985 1682 1300 1766 petissent
1335 1700 1349 1744 :
1384 1683 1509 1746 Vos
1539 1682 1731 1746 hodie
1761 1700 1905 1763 pro-

392 1782 652 1863 jecistis
674 1783 1014 1846 Dominum
1038 1784 1234 1847 Deum
1261 1791 1566 1858 vestrum,
1584 1782 1698 1863 qui
1731 1781 1902 1845 solus

2017 791 2271 856 docebit
2320 792 2555 869 omnia,
2609 801 2673 855 et
2722 799 3016 871 suggeret
3060 790 3243 854 vobis
3292 790 3509 853 omnia

2017 908 2438 971 quaecumque
2467 891 2685 953 dixero
2718 890 2923 953 vobiS.
2944 890 3207 971 Insuper
3236 888 3397 951 sicut
3417 889 3507 951 Jo-

2018 1006 2132 1051 sue
2167 998 2441 1065 mortu0‚
2481 988 2604 1050 filii
2639 988 2826 1051 Israel
2867 996 3087 1051 contra
3119 986 3506 1051 Chananaeos

2017 1094 2369 1169 gentesque
2418 1087 2577 1149 alias
2626 1095 3090 1169 pugnaverunt,
3123 1086 3344 1149 Judam
3396 1088 3506 1149 du-

2016 1204 2152 1248 cem
2187 1185 2339 1248 belli
2373 1185 2720 1261 habentes;
2754 1186 2845 1248 sic
2875 1185 3125 1248 Christo
3166 1184 3233 1247 in
3274 1185 3505 1248 coelum

2015 1294 2361 1369 assumpto,
2428 1286 2874 1367 gloriosissimi
2938 1286 3224 1369 Apostoli
3286 1294 3507 1350 contra

2017 1384 2317 1448 infideles
2375 1385 2623 1449 Judaeos
2678 1405 2751 1449 ac
2806 1386 3079 1466 gentiles
3140 1383 3507 1448 idololatras

2016 1484 2293 1566 praeliari
2327 1493 2661 1565 coeperunt
2692 1483 3133 1567 spiritualibus
3165 1483 3383 1567 armiS‚
3419 1482 3508 1547 vi-

2014 1581 2247 1645 delicet
2276 1601 2394 1664 per
2423 1583 2781 1665 Scripturas
2810 1590 2999 1663 atque
3029 1570 3360 1659 miracula,
3394 1601 3508 1664 per

2014 1680 2549 1745 virtuosissimam
2580 1682 2775 1744 vitam
2808 1700 2881 1743 ac
2921 1681 3174 1744 diversa
3205 1700 3509 1763 superna-

2015 1779 2245 1843 turalia
2296 1780 2571 1863 Spiritus
2624 1780 2835 1843 Sancti
2889 1780 3273 1843 charismata
3325 1798 3338 1841 :
3394 1798 3507 1861 per

393 1880 680 1943 salvavit
724 1898 837 1944 vos
888 1882 968 1944 de
1017 1880 1338 1943 universis
1382 1878 1902 1943 tribulationibus
1941 1882 1986 1943 B
2013 1897 2155 1959 quae
2189 1877 2681 1942 innumerabilia
2703 1878 2905 1940 millia
2927 1877 3344 1941 saluberrime
3365 1896 3507 1941 con-

391 1978 660 2041 vestriS.
696 1978 817 2043 Se'd
863 1988 925 2043 et
971 1979 1280 2043 Dominus
1328 1978 1488 2041 dixit
1528 1980 1608 2041 ad
1649 1978 1904 2041 Samue-

393 2076 530 2139 lem
569 2095 583 2139 :
617 2078 755 2142 Non
802 2086 866 2140 te
907 2078 1304 2160 abjecerunt,
1353 2079 1463 2141 sed
1511 2096 1637 2155 me,
1681 2096 1762 2140 ne
1811 2096 1904 2140 re-

390 2194 594 2256 gnem
646 2196 840 2259 super
883 2194 1014 2239 eos.
1063 2176 1158 2239 Ad
1208 2186 1582 2257 argumenta
1623 2176 1903 2239 breviter

392 2273 531 2337 dici
565 2282 800 2357 potest,
841 2275 1012 2356 quod
1045 2282 1427 2357 potestatem
1461 2283 1524 2338 et
1561 2274 1903 2338 auctorita-

395 2381 534 2435 tem
554 2372 985 2454 judiciariam‚
1011 2372 1444 2455 principatum
1465 2392 1538 2436 ac
1559 2372 1904 2455 praesiden—

393 2470 556 2533 tiam
601 2470 852 2552 judices
905 2471 1289 2547 habuerunt,
1339 2479 1596 2535 extense
1639 2471 1903 2553 loquen-

393 2570 509 2647 do,
547 2570 796 2633 ratione
826 2570 1205 2652 prudentiae,
1238 2569 1458 2651 gratiae
1487 2578 1550 2633 et
1593 2570 1902 2633 virtutum

393 2667 531 2730 sibi
581 2669 856 2750 desuper
896 2668 1344 2750 praestitarum,
1389 2687 1502 2749 per
1543 2687 1700 2749 quas
1738 2669 1902 2731 Deus

399 2766 566 2830 fecit
599 2785 708 2845 eos
741 2768 821 2829 ad
853 2766 1294 2849 judicandum,
1329 2766 1795 2830 consulendum
1829 2784 1902 2829 ac

397 2866 915 2929 succurrendum
957 2865 1262 2941 idoneos;
1305 2874 1369 2928 et
1407 2863 1702 2939 maxime,
1746 2882 1905 2946 quo-

393 2964 582 3027 niam
615 2963 925 3027 Dominus
957 2964 1291 3027 suscitavit
1319 2982 1428 3027 eos
1458 2964 1529 3025 in
1557 2963 1826 3045 judices,

2013 1976 2329 2054 vicerunt,
2364 1984 2837 2053 converterunt,
2882 1984 2947 2039 et
2984 1977 3064 2039 ad
3108 1975 3504 2057 spiritualem

2011 2093 2086 2137 ac
2116 2073 2444 2139 vivificam
2475 2073 3039 2137 mortificationem
3062 2082 3405 2137 traxerunt.
3421 2074 3507 2135 Et

2013 2174 2109 2234 ait
2155 2176 2363 2234 Judas
2412 2175 2705 2235 Simeoni
2752 2175 2962 2250 fratri
3004 2192 3119 2233 suo
3160 2190 3184 2233 .·
3223 2174 3507 2232 Ascende

2011 2292 2263 2332 meeum
2308 2274 2381 2332 in
2424 2281 2657 2331 sortem
2696 2292 2923 2332 meam.
2960 2271 3104 2333 Post
3133 2268 3505 2332 missionem

2013 2370 2287 2451 Spiritus
2319 2368 2551 2446 Sancti,
2578 2368 2914 2433 duodecim
2946 2368 3267 2452 Apostolis
3299 2367 3507 2431 divisa

2011 2476 2108 2532 est
2138 2477 2325 2546 terra,
2361 2476 2430 2530 ut
2461 2468 2905 2550 unusquisque
2938 2467 3005 2529 in
3056 2467 3395 2531 territoriis
3427 2466 3507 2529 si-

2013 2567 2077 2629 bi
2109 2566 2428 2649 deputatis
2459 2566 3014 2630 sermocinaretur.
3049 2565 3505 2629 Verumtamen

2013 2666 2399 2746 adjuverunt
2444 2684 2511 2729 se
2556 2672 2801 2741 mutu0,
2847 2673 2911 2727 et
2955 2663 3321 2746 frequenter
3368 2665 3507 2747 qui-

2013 2766 2158 2827 dam
2191 2783 2410 2828 eorum
2432 2764 2497 2826 in
2519 2763 2760 2827 eisdem
2785 2762 2942 2827 locis
2974 2764 3500 2846 praedicaverunt,

2015 2864 2180 2927 sicut
2199 2871 2261 2926 et
2282 2862 2511 2926 Paulus
2545 2863 2612 2926 in
2643 2863 2822 2926 Italia
2845 2882 2919 2926 ac
2938 2863 3085 2926 Asia
3107 2863 3337 2942 legitur
3360 2881 3509 2945 prae-

2015 2963 2282 3026 dicasse.
2337 2962 2567 3044 Sicque
2615 2982 2781 3026 unus
2826 2962 3113 3026 ascendit
3158 2962 3223 3023 in
3270 2970 3506 3025 sortem

482 3062 564 3126 At
605 3080 758 3126 vero
802 3062 980 3144 juxta
1027 3063 1365 3145 mysticum
1411 3081 1693 3140 sensum,
1739 3062 1904 3126 sicut
1931 3066 1975 3130 C
2013 3061 2298 3140 alteriuS‚
2332 3069 2396 3126 et
2425 3069 2704 3126 econtra.
2728 3066 3181 3140 oppugnantes
3208 3080 3355 3138 erqo
3374 3064 3509 3139 filii

393 3181 519 3245 per
576 3162 765 3225 Josue
833 3160 1216 3243 intelligitur
1272 3161 1588 3238 Christus,
1644 3161 1733 3224 ita
1789 3181 1902 3244 per

389 3261 654 3343 judices
705 3259 1126 3340 designantur
1175 3261 1379 3324 sancti
1427 3260 1736 3342 Apostoli,
1789 3262 1902 3342 qui

388 3359 656 3424 Christo
715 3360 810 3422 eis
871 3358 939 3421 in
999 3359 1394 3438 ascensione,
1452 3368 1762 3441 quantum
1823 3362 1899 3423 ad

390 3457 811 3540 praesentiam
846 3458 1268 3538 corporalem,
1300 3457 1534 3534 ablat0,
1569 3466 1902 3540 coeperunt

393 3558 470 3619 in
516 3556 822 3621 omnibus
866 3555 1122 3618 assidue
1170 3556 1505 3620 consulere
1534 3557 1896 3634 Dominum,

392 3657 546 3736 ejus
611 3654 1032 3718 directionem
1093 3663 1156 3718 et
1217 3654 1733 3731 illustrationem,
1790 3674 1902 3736 per

393 3753 734 3817 orationes
794 3760 988 3834 atque
1039 3753 1283 3834 jejunia
1331 3752 1743 3816 devotissime
1792 3753 1904 3814 im-

394 3852 745 3935 plorando.
780 3850 897 3926 Qui
945 3851 1012 3913 in
1058 3853 1162 3915 die
1207 3852 1650 3915 sacratissimae
1691 3852 1904 3914 Pente-

395 3959 616 4015 costes
657 3949 837 4012 misit
875 3949 970 4013 eis
1011 3949 1318 4032 Spiritum
1353 3951 1675 4027 Sanctum,
1711 3971 1748 4012 a
1775 3969 1903 4032 quo

395 4048 715 4130 deinceps
763 4048 835 4110 in
884 4048 1187 4111 omnibus
1237 4057 1388 4111 sunt
1436 4049 1684 4125 directi,
1739 4048 1904 4111 sicut

1313 4146 1586 4229 Spiritus
1637 4146 1902 4209 Sanctus

2010 3165 2188 3223 ,suda
2216 3165 2597 3232 Jerusalem,
2632 3168 2937 3240 ceperunt
2966 3180 3135 3230 eam,
3165 3169 3225 3221 et
3252 3179 3509 3238 percus-

2010 3269 2235 3321 serunt
2268 3262 2341 3320 'in
2372 3281 2477 3320 ore
2490 3261 2730 3336 yladii.
2752 3257 2853 3320 Sic
2876 3257 3198 3321 benedicti
3217 3257 3505 3340 Apostoli

2012 3360 2220 3443 ipsam
2268 3359 2615 3421 Jerusalem
2662 3377 2777 3440 pro
2824 3355 3100 3418 maxima
3142 3364 3323 3438 parte
3362 3375 3508 3419 con-

2013 3464 2344 3521 verterunt
2383 3457 2461 3519 ad
2491 3455 2811 3519 Christum
2850 3474 2963 3537 per
3002 3454 3287 3536 gladium
3319 3453 3508 3537 Spiri-
3566 3471 3798 3528 Epheem,

2012 3565 2113 3619 tus
2145 3554 2381 3631 Sancti,
2402 3555 2571 3636 quod
2605 3561 2701 3616 est
2731 3552 2997 3617 verbum
3029 3552 3138 3616 Dei
3166 3569 3180 3615 :
3215 3573 3410 3636 quam
3444 3561 3507 3616 et
3538 3537 3604 3578 ¹⁷·

2012 3652 2432 3737 spiritualiter
2464 3652 2893 3714 accenderunt
2922 3651 3071 3732 igne
3102 3651 3306 3713 divini
3337 3669 3507 3714 amo-

2012 3754 2123 3815 ris,
2158 3753 2279 3815 Sed
2313 3750 2689 3814 fortalitium
2721 3750 3011 3815 obtinere
3043 3751 3419 3832 nequibant,
3440 3751 3506 3813 id

2013 3858 2129 3928 est,
2166 3849 2491 3932 principes
2538 3849 2935 3912 sacerdotum
2980 3851 3227 3911 Annam
3274 3857 3337 3912 et
3374 3849 3507 3913 Cai-

2014 3949 2231 4032 pham,
2279 3950 2583 4011 loannem
2630 3956 2693 4010 et
2736 3947 3361 4026 Alexandrum,·non
3408 3967 3508 4011 va-

2015 4047 2293 4124 luerunt,
2359 4055 2619 4129 propter
2680 4045 2938 4109 illorum
2995 4045 3503 4123 obdurationem,

2015 4153 2409 4210 convertere.

1528 4521 2176 4607 ARTICULUS
2253 4524 2388 4606 III

705 4771 1024 4818 ExposlTlo
1069 4771 1346 4817 currum
1389 4769 1642 4816 securim
1687 4772 1700 4817 ξ
1747 4768 2162 4823 ASCENDITQUE
2206 4769 2478 4814 ANGELUS
2520 4768 2733 4815 nomm
2776 4769 2854 4813 DE
2895 4767 3212 4812 GALGALIS.

537 5021 1117 5086 RAEVARICATIO
1149 5021 1434 5085 filiorum
1455 5021 1643 5084 Israel
1675 5021 1742 5083 in
1777 5020 1912 5084 fine
1944 5021 1993 5082 D
2023 5020 2088 5082 in
2123 5018 2547 5084 similitudine
2568 5019 2851 5103 corporis
2884 5019 3511 5084 humani'visibiliter

561 5121 986 5204 praecedentis
1006 5120 1271 5203 capituli
1305 5121 1586 5198 recitata,
1615 5140 1786 5184 nunc
1817 5120 1914 5182 in-

2021 5120 2389 5202 apparebat,
2439 5128 2503 5182 et
2552 5120 2757 5201 primo
2808 5119 2874 5180 in
2926 5119 3065 5182 loco
3114 5119 3226 5201 qui
3275 5119 3511 5182 dicitur

407 5227 736 5303 crepatur.
771 5222 1206 5298 Ascenditque
1239 5224 1506 5299 angelus
1537 5221 1806 5282 Domini
1835 5223 1917 5280 de
2021 5218 2298 5299 Galgala‚
2336 5217 2404 5280 in
2435 5235 2565 5299 quo
2596 5217 2719 5279 filii
2749 5217 2935 5279 lsrael
2969 5225 3151 5279 erant
3181 5217 3299 5280 sub
3324 5218 3512 5282 Josue

418 5321 718 5397 Galqalis
745 5321 836 5380 ad
867 5323 1078 5380 locum
1110 5321 1462 5380 Flentium.
1496 5317 1773 5398 Angelus
1805 5316 1916 5382 ille
2023 5316 2409 5381 circumcisi.
2457 5316 2789 5397 Quumque
2840 5313 2967 5377 filii
3017 5315 3204 5379 lsrael
3254 5334 3515 5380 concur-
