4359 6250
974 491 1093 552 464

1572 507 1923 552 manuario
1966 507 2026 553 ΙΝ
2069 507 2207 553 CAP.
2255 507 2290 550 V
2335 507 2494 554 unm
2535 508 2788 554 SECUND!
2829 507 3054 555 REGUM.
3099 527 3181 538 -·
3221 510 3366 555 ΛΒΤ.
3411 510 3475 556 11

707 694 942 747 uanam,
968 696 1093 741 vox
1140 678 1339 741 Patris
1384 677 1663 742 intonuit
1698 694 1712 738 ε
1748 676 1860 740 Ηίε
1902 685 1999 739 est
2042 676 2241 739 Filius
2281 694 2458 738 meus
2489 675 2540 738 A
2575 694 2665 753 ro,
2702 676 3144 741 haereticorum
3187 679 3510 754 ecclesiam,
3544 698 3687 761 qum
3723 677 4044 742 christiani

678 759 743 808 17;
762 772 813 801 xv

818 771 859 810 ¹¹·
884 761 923 801 ⁵·
972 777 1265 854 dilectus,
1293 777 1499 860 ipsum
1532 777 1768 840 audite.
1792 778 2005 838 Filius
2038 776 2315 852 triqinta
2346 795 2459 834 an-

968 895 1209 936 norum
1225 886 1366 937 erat
1385 878 1605 936 David
1625 895 1826 955 quum
1858 894 2129 950 reynare
2156 874 2453 950 coepisset.

673 979 939 1032 Lac.1u‚23.
972 973 1037 1035 ln
1068 973 1184 1036 hac
1215 981 1397 1037 aetate
1426 991 1609 1036 orsus
1641 981 1737 1034 cst
1766 971 2051 1035 Christus
2085 970 2454 1052 praedicare,

972 1081 1034 1135 et
1054 1071 1485 1152 evangelicam
1513 1071 1759 1133 tradere
1783 1071 2007 1150 legem,
2030 1069 2178 1133 etin
2203 1069 2458 1132 creden-

970 1171 1130 1233 tium
1152 1170 1341 1234 corde
1364 1188 1627 1249 regnare
1648 1189 1761 1252 per
1784 1169 1983 1232 fidem
2005 1177 2068 1232 et
2086 1168 2372 1248 gratiam.
2390 1167 2456 1230 In

722 1275 831 1318 Gen·
857 1289 939 1326 m„
969 1288 1097 1349 qua
1116 1268 1307 1332 etiam
1330 1277 1511 1332 aetate
1544 1266 1881 1350 praefectus
1901 1275 1998 1329 est
2017 1266 2248 1349 Joseph
2271 1274 2454 1328 terrae

672 1338 938 1450 fflffl‘m
968 1367 1245 1450 AEgypti,
1280 1367 1695 1448 Ezechielque
1726 1365 2058 1430 vaticinari
2092 1365 2355 1446 incepit.

708 2658 811 2701 Act.
828 2671 914 2700 11-1v

1036 1469 1121 1527 Ec
1151 1468 1313 1526 abiit
1338 1487 1454 1525 rea·
1471 1469 1559 1526 ad
1574 1468 1953 1526 Jebusaeum.
1968 1464 2083 1526 Per
2100 1463 2454 1526 Jebusaeum

970 1573 1236 1646 possunt
1293 1563 1565 1644 intelligi
1613 1563 1905 1644 gentileS‚
1961 1581 2121 1644 quos
2170 1561 2456 1624 Christus

968 1681 1081 1745 per
1112 1682 1258 1726 suos
1291 1662 1519 1726 fideles
1550 1661 1992 1743 multipliciter
2021 1659 2450 1742 expugnavit3

966 1769 1026 1823 et
1058 1760 1323 1823 abstulit
1351 1781 1539 1822 ecee-os
1566 1771 1625 1820 et
1654 1763 1938 1831 claudos,
1963 1757 2027 1821 id
2056 1767 2153 1821 est
2184 1759 2450 1821 deorum

2573 774 2851 837 nominis
2884 776 3067 838 titulo
3086 776 3464 856 gloriantur.
3484 776 3603 840 Sed
3623 777 3772 858 quia
3792 785 4045 859 propter

2569 873 2850 935 earnalia
2900 874 3078 936 lucra
3121 875 3446 938 Christum
3495 883 3866 956 sequuntur,
3921 894 4040 938 non

2571 990 2819 1050 uxorea,
2855 973 2965 1036 sed
3009 974 3384 1037 concubium
3423 983 3749 1038 vocantur.
3783 973 3956 1047 Quod
3993 974 4042 1035 si

2571 1089 2750 1151 reges
2779 1091 2950 1136 nunc
2981 1072 3256 1136 habeant
3286 1073 3502 1155 plures
3536 1092 3779 1149 uxoreS‚
3805 1073 4038 1136 crimen

2568 1179 2686 1246 est,
2719 1171 2872 1252 quia
2901 1170 3129 1251 figurae
3159 1171 3570 1234 transierunt.

2651 1271 2836 1329 Misit
2873 1290 3120 1350 quoque
3160 1272 3400 1331 Hiram
3439 1291 3558 1330 rem
3591 1273 3752 1348 Tyri
3785 1272 4038 1330 nuntios

2567 1370 2657 1427 ad
2685 1369 2925 1430 David.
2961 1367 3248 1430 Christus
3283 1387 3558 1448 namque
3598 1387 3713 1450 per
3739 1367 4037 1448 gloriosos

2567 1464 2903 1546 Apostolos
2953 1473 3046 1529 tot
3093 1475 3158 1529 et
3203 1475 3380 1529 tanta
3434 1465 3586 1530 fecit
3633 1466 3932 1529 miracula
3975 1466 4033 1528 in

2565 1563 2797 1639 ludina,
2825 1565 2994 1644 quod
3015 1564 3216 1646 aliqui
3247 1581 3425 1643 reges
3454 1573 3520 1626 et
3549 1564 3870 1646 principes
3897 1583 4037 1645 gen-

2568 1661 2725 1724 tium
2769 1681 2844 1726 ea
2885 1663 3331 1746 percipienteS,
3366 1663 3881 1726 desideraverunt
3919 1663 4034 1725 sibi

2565 1761 2932 1824 annuntiari
2975 1761 3390 1843 Evangelium
3434 1761 3795 1840 SalvatoriS,
3827 1771 3894 1825 et
3929 1780 4034 1843 pro

964 1859 1326 1935 simulacra,
1361 1867 1703 1922 excaecatos
1740 1876 1997 1939 quoque
2034 1856 2097 1918 in
2140 1856 2274 1918 suis
2313 1874 2454 1937 per·
2491 1860 2536 1920 B
2565 1859 2684 1923 hoc
2713 1860 3032 1924 orationes
3062 1879 3207 1923 suas
3239 1869 3542 1942 tanquam
3575 1860 3848 1937 nuntioS,
3883 1861 4032 1923 dire-

962 1955 1163 2034 fidiis,
1184 1965 1375 2038 atque
1405 1976 1519 2038 per
1542 1956 1840 2020 vitiorum
1875 1955 2062 2018 devia
2092 1953 2454 2017 claudican-

960 2064 1055 2118 tes
1102 2055 1167 2117 in
1210 2065 1454 2137 partem
1502 2064 1860 2135 utramque.
1896 2054 2105 2116 Potest
2146 2053 2299 2114 item
2341 2071 2454 2135 per

960 2154 1315 2216 Jebusaeum
1346 2153 1739 2216 habitantem
1772 2153 1838 2214 in
1869 2171 2014 2215 arce
2045 2151 2220 2228 Sion,
2246 2151 2451 2233 accipi

964 2252 1369 2334 pontificium
1420 2272 1528 2315 seu
1586 2252 2005 2315 sacerdotium
2058 2251 2448 2325 ludaeorum,

962 2352 1132 2432 quod
1164 2351 1452 2413 Christus
1494 2349 1645 2413 fecit
1678 2369 1947 2426 cessare,
1984 2349 2452 2431 praemiumque

964 2449 1296 2533 proposuit
1345 2449 1403 2512 ci
1450 2450 1564 2531 qui
1612 2448 1771 2511 illud
1814 2449 2021 2532 primo
2066 2448 2446 2512 invaderet:

914 2617 921 2624 ‚
960 2550 1132 2630 quod
1192 2548 1598 2611 beatissimus
1658 2547 1955 2630 princeps
2002 2546 2447 2630 Apostolorum

919 2689 929 2700 ·
960 2647 1177 2710 Petrus
1210 2648 1275 2710 in
1308 2648 1412 2710 die
1442 2647 1868 2710 sacratissimo
1897 2647 2298 2710 Pentecoste-s
2329 2646 2452 2709 for—

962 2747 1207 2810 tissime
1227 2745 1620 2828 impugnavit
1640 2753 1702 2808 et
1724 2745 1897 2822 vicit,
1916 2745 1982 2807 in
2005 2753 2250 2807 tantum
2283 2746 2448 2826 quod

2563 1967 2791 2021 xerunt
2819 1959 2898 2022 ad
2934 1958 3294 2022 Dominum.
3329 1959 3632 2022 Miserunt
3673 1977 3922 2041 quoque
3963 1959 4033 2020 li—

2563 2076 2688 2138 gna
2716 2067 2778 2121 et
2808 2058 3075 2140 lapideS,
3112 2057 3176 2120 id
3209 2065 3306 2120 est
3345 2057 3742 2121 subditorum
3783 2075 4028 2122 suorum

2563 2175 2888 2238 personaS,
2922 2166 3114 2238 atque
3159 2155 3478 2237 lignorum
3519 2163 3582 2218 et
3621 2175 3906 2219 saxorum
3943 2175 4031 2218 ar-

2564 2255 2794 2332 tificeS,
2829 2255 2948 2318 hoc
2991 2263 3088 2318 est
3134 2254 3578 2336 praedicatores
3617 2273 3688 2317 ac
3727 2254 4024 2338 praelatos,

2562 2355 2641 2416 ad
2671 2354 3012 2430 Christum,
3051 2353 3205 2416 tales
3235 2353 3547 2415 hortando
3585 2353 3662 2414 ad
3705 2353 4030 2435 promotio-

2564 2471 2708 2516 nem
2749 2461 2812 2515 et
2849 2460 3259 2534 augmentum
3305 2451 3622 2527 Ecclesiae,
3661 2459 3726 2514 ut
3765 2451 4029 2514 aedifica—

2563 2559 2702 2614 rent
2723 2551 2881 2615 Filio
2903 2551 3012 2613 Dei
3033 2551 3309 2628 domum,
3325 2548 3387 2612 id
3409 2558 3506 2613 est
3524 2549 3884 2625 Ecclesiam,
3899 2569 4028 2630 quae

2561 2671 2636 2713 ex
2675 2650 3044 2714 hominibus
3085 2658 3386 2731 tanquam
3419 2667 3494 2712 ex
3525 2648 3688 2712 vivis
3720 2649 4024 2731 lapidibus
4049 2663 4238 2706 weram

2558 2769 2632 2812 ac
2662 2747 2855 2829 lignis
2887 2746 3229 2811 fructuosis
3260 2746 3670 2810 construitur.

682 2859 929 2910 mana.
960 2865 1037 2908 ex
1068 2853 1219 2907 tunc
1250 2844 1451 2906 multa
1482 2843 1664 2905 turba
1686 2842 2080 2906 sacerdotum
2104 2842 2447 2906 obediebat
2637 2849 3013 2910 Audieram
3042 2865 3187 2922 erqo
3217 2847 3588 2908 Philisciim
3617 2849 3785 2926 quod
3815 2848 4026 2906 unxis-

961 2943 1139 3006 fidei.
1192 2943 1313 3005 Nec
1362 2941 1702 3024 pontifices
1754 2949 2097 3024 potuerunt
2150 2940 2447 3003 resistere
2555 2957 2693 3008 sent
2722 2947 2942 3008 David
2969 2963 3199 3021 regem.
3226 2942 3339 3006 Per
3367 2943 3717 3007 Philistaeos
3747 2943 4022 3008 hocloco

958 3042 1137 3105 Petro
1174 3060 1187 3103 :
1230 3042 1358 3105 imo
1408 3042 1784 3105 auctoritate
1821 3041 2312 3122 Scripturarum‚
2347 3059 2448 3103 ex·
2480 3046 2524 3110 C
2557 3044 2888 3125 signantur
2909 3041 3194 3108 visibiles
3220 3042 3433 3104 hostes
3453 3042 3707 3117 Christi,
3727 3051 3880 3125 puta
3901 3061 4024 3125 per—

956 3142 1253 3205 cellentia
1272 3142 1742 3217 miraculorum,
1758 3140 2079 3204 evidentia
2095 3140 2442 3221 gratiarum
2557 3152 2898 3221 secutoreS,
2923 3142 3034 3224 qui
3065 3141 3355 3207 videntes
3373 3142 3692 3204 Christum
3721 3141 3802 3205 ab
3831 3141 4022 3205 Eccle-

958 3240 1312 3322 praevaluit,
1365 3259 1439 3303 ac
1488 3239 1913 3323 imperterrita
1964 3240 2123 3301 dixit
2172 3248 2386 3301 mente
2425 3257 2438 3301 :
2557 3242 2652 3305 sia
2691 3242 2838 3319 coli,
2873 3240 3262 3305 Christianos
3302 3249 3366 3303 et
3398 3239 3714 3303 Christum
3741 3240 3810 3302 in
3840 3258 4022 3303 mem-

672 3350 925 3404 lbid.v,29.
953 3338 1224 3402 Obedire
1253 3347 1502 3421 oportet
1532 3340 1657 3402 Deo
1697 3338 1900 3418 magis
1937 3358 2129 3420 quam
2172 3338 2445 3402 homini·
2556 3340 2688 3404 bris
2747 3341 2881 3403 suis
2937 3339 3332 3404 atrocissime
3379 3346 3444 3402 et
3489 3338 3673 3402 valde
3719 3338 3830 3403 diu
3887 3345 4020 3400 sunt

956 3437 1097 3500 buS.
1123 3437 1198 3499 Et
1231 3437 1436 3501 factus
1466 3445 1563 3500 est
1592 3437 1809 3500 Petrus
1840 3436 2139 3518 princeps
2169 3437 2438 3514 militiae,
2557 3440 2894 3521 persecuti.
2927 3439 3157 3502 Contra
3199 3456 3361 3519 quos
3397 3437 3684 3499 Christus
3724 3436 4015 3507 ascendit,

954 3536 1020 3598 id
1070 3545 1165 3599 est
1212 3538 1530 3599 secundus
1580 3544 1724 3619 post
1765 3535 2107 3609 Christum,
2142 3544 2206 3598 et
2249 3544 2443 3618 caput
2553 3537 2706 3620 quia
2738 3537 3040 3601 fidelibus
3073 3536 3204 3599 suis
3231 3535 3504 3599 contulit
3539 3536 3808 3617 gratiam
3847 3552 4020 3616 supe-

954 3635 1147 3699 totius
1178 3636 1495 3711 Ecclesiae,
1517 3653 1932 3716 summusque
1957 3633 2245 3717 pontifex
2275 3635 2437 3715 ejuS.
2555 3636 2735 3699 randi
2766 3635 2912 3699 illos
2943 3654 3057 3717 per
3084 3634 3484 3717 sapientiam,
3511 3634 3899 3716 patientiam,
3933 3640 4016 3694 at-

952 3734 1029 3796 Et
1060 3735 1267 3817 tetigit
1286 3739 1619 3795 domatum
1639 3738 1917 3812 fistulas,
1938 3732 2002 3795 id
2024 3741 2139 3809 est,
2156 3752 2268 3797 ora
2288 3733 2444 3797 Scri·
2553 3753 2679 3817 que
2709 3734 3036 3809 miracula,
3052 3742 3116 3796 et
3140 3752 3253 3815 per
3271 3731 3641 3813 angelorum
3675 3740 4016 3795 sanctorum

950 3833 1174 3895 barum
1201 3842 1264 3896 et
1285 3832 1763 3909 Pharisaeorum,
1782 3839 1847 3894 et
1878 3831 2081 3893 stillas
2107 3832 2444 3895 documen·
2553 3833 2871 3915 praesidia,
2907 3850 3036 3895 non
3086 3850 3200 3913 per
3247 3831 3586 3893 humanam
3635 3830 3970 3913 potentiam
4002 3845 4016 3889 ε

953 3941 1157 3995 torum
1204 3932 1489 4014 ipsorum
1528 3930 1841 3993 obstruxit
1880 3938 2071 4011 atque
2106 3931 2436 4008 destruxit,
2552 3932 2682 3995 imo
2713 3930 2832 3993 sub
2863 3929 3412 4012 persecutionibus
3444 3936 3874 4011 tyrannorum,
3907 3945 4020 3989 ma-

656 4045 917 4098 manum.
950 4030 1291 4094 affirmans
1311 4050 1385 4093 ac
1407 4030 1890 4112 probanS,quod
1922 4029 1987 4091 in
2020 4030 2158 4093 solo
2187 4030 2438 4095 Christo
2551 4031 2718 4093 xime
2761 4030 2960 4093 crevit
3007 4028 3308 4103 Ecclesia,
3345 4028 3499 4109 quia
3545 4028 3912 4110 frequenter
3958 4026 4014 4087 in

951 4130 1034 4192 sit
1064 4131 1257 4207 saluS,
1292 4147 1419 4193 non
1451 4128 1518 4189 in
1548 4128 1774 4211 Moysis
1815 4128 1974 4209 lege.
2551 4129 2742 4192 unius
2765 4128 3060 4210 martyris
3083 4126 3404 4191 occisione
3425 4124 3578 4191 fecit
3601 4126 3880 4189 Salvator
3903 4134 4018 4187 tan·

1032 4228 1261 4310 Sicque
1280 4228 1565 4290 Christus
1586 4230 1906 4289 habitavit
1926 4230 1995 4289 in
2016 4249 2178 4289 arce.
2201 4228 2350 4291 Nam
2375 4238 2438 4291 et
2470 4234 2519 4295 D
2553 4236 2611 4289 ta
2643 4227 2951 4311 prodigia,
2987 4225 3155 4308 quod
3189 4244 3494 4289 conversa
3534 4225 3792 4289 fuerunt
3829 4223 4013 4287 multa
4259 4194 4261 4277 l

670 4342 918 4397 mamm
950 4327 1277 4410 primitiva
1297 4326 1578 4389 Ecclesia
1604 4325 1892 4407 quotidie
1921 4335 2055 4389 erat
2088 4326 2152 4389 in
2186 4328 2435 4409 porticu
2545 4326 2880 4406 gentilium
2929 4324 3154 4387 millia.
3187 4322 3363 4386 Unde
3408 4323 3692 4409 Sal-vator
3735 4321 4012 4406 promisit

654 4408 781 4456 ¹¹'⁴⁶‘
949 4425 1303 4489 Salomonis
1333 4433 1394 4488 et
1428 4424 1492 4485 in
1524 4424 1877 4506 temp10,ac
1910 4424 1973 4486 in
2007 4435 2223 4489 monte
2254 4425 2428 4505 Sion,
2549 4424 2932 4507 martyribus
2973 4421 3208 4485 sanctis
3245 4439 3258 4483 z
3293 4422 3422 4502 Ego
3461 4422 3625 4485 dabo
3655 4422 3836 4485 vobis
3863 4440 3930 4485 os
3956 4428 4012 4481 et
4061 4438 4204 4481 ιιωιι

946 4522 1059 4585 ubi
1100 4523 1385 4586 Christus
1431 4522 1553 4585 fuit
1594 4523 1659 4584 in
1705 4522 1915 4586 medio
1953 4524 2111 4605 ejuS,
2148 4532 2336 4606 prout
2367 4526 2432 4587 in
2547 4523 2946 4606 sapientiam,
2981 4520 3085 4585 cui
3128 4540 3256 4584 non
3297 4527 3595 4603 poterunt
3635 4520 3920 4585 resistere
3957 4526 4010 4581 et
4035 4506 4088 4544 ¹⁵·

945 4623 1117 4687 Actis
1147 4622 1436 4685 habetur.
1456 4622 1633 4685 Tune
1661 4621 1949 4684 Christus
1982 4622 2045 4683 in
2080 4623 2212 4685 suis
2244 4642 2435 4687 mem·
2543 4622 2978 4687 contradicere
3020 4638 3240 4684 omnes
3279 4618 3621 4683 adversarii
3661 4619 3876 4683 vestri.
3909 4618 4012 4680 Vo-

945 4721 1077 4784 bris
1122 4720 1394 4805 profecit
1437 4719 1743 4802 quotidie,
1777 4729 1839 4783 et
1884 4721 2119 4785 multos
2158 4721 2226 4783 in
2264 4722 2435 4786 Jeru-
2544 4721 2664 4783 luit
2693 4720 2935 4803 quippe
2956 4719 3259 4795 Salvator,
3279 4726 3348 4780 ut
3375 4716 3753 4780 infidelibus
3783 4716 4012 4779 resiste-

646 4838 914 4945 5121122122111,
945 4821 1143 4884 salem
1176 4819 1351 4883 filios
1380 4820 1757 4902 procreavit,
1792 4838 2173 4900 regenerans
2213 4839 2320 4884 eos
2355 4842 2429 4884 ex
2545 4827 2706 4897 rent,
2741 4817 3201 4881 rationabiliter
3231 4816 3695 4899 respondendo,
3729 4832 3856 4879 non
3886 4833 4010 4879 cor·
4256 4813 4257 4866 l

677 4917 687 4953 ἶ
744 4912 768 4945 0
804 4916 845 4953 n,
904 4936 915 4955 ‚

648 4965 719 5007 47.

943 4940 1108 5002 aqua
1138 4928 1202 4983 et
1231 4917 1471 5000 Spiritu
1502 4918 1751 4994 Sancte,
1786 4926 1855 4980 ut
1885 4918 2188 4981 scribitur
2219 4920 2284 4982 in
2317 4920 2432 4982 Ac-

944 5020 1046 5081 tis.
1070 5018 1251 5081 Circa
1280 5017 1399 5079 hoc
1432 5016 1588 5079 dicit
1613 5016 1853 5093 Glossa,
1889 5036 1963 5079 ex
1995 5017 2208 5081 verbis
2240 5018 2432 5081 Raba-

946 5118 1011 5180 ni
1062 5125 1364 5199 sumpta:
1408 5115 1612 5178 Multae
1656 5134 1880 5179 uxores
1930 5116 2149 5193 David,
2197 5116 2430 5179 multas

941 5222 1162 5298 gentes
1192 5234 1303 5277 seu
1332 5213 1647 5277 Ecclesias
1678 5213 2071 5293 significant,
2096 5233 2241 5295 quae
2259 5213 2432 5277 Chri-

942 5322 1040 5376 sto
1078 5312 1458 5395 copulantur
1489 5332 1601 5395 per
1634 5311 1867 5387 fidem;
1908 5312 2286 5376 concubinoe
2324 5332 2430 5376 ve-

2541 4917 2844 5001 poraliter
2893 4916 3282 4991 reluctando,
3323 4914 3452 4977 imo
3498 4914 3762 4977 adversa
3809 4912 4008 4977 omnia

2541 5014 2982 5097 mquanimiter
3012 5014 3358 5089 tolerando,
3393 5011 4006 5094 percutientibusque
4059 5017 4208 5065 muts.

2543 5114 2862 5176 maxillam
2909 5131 3123 5189 unam,
3158 5111 3500 5193 praebendo
3545 5128 3690 5173 mox
3733 5110 4002 5173 alteram.
4029 5090 4080 5129 ²⁹·
4253 5122 4255 5158 1

2542 5212 2846 5276 Similiter
2878 5230 2989 5293 per
3007 5210 3356 5273 Philistaeos
3387 5208 3836 5290 significantur
3866 5205 4006 5271 invi·

2541 5310 2759 5374 sibiles
2791 5309 3057 5387 inimici,
3091 5308 3204 5391 qui
3235 5326 3430 5387 regno
3457 5306 3692 5371 Christi
3723 5307 3804 5370 ab
3835 5305 4002 5369 initio
