4359 6250
105 4526 182 4690 ,ta-,35

169 4530 233 4687 μεθῇ

147 4454 258 4499 5:

1005 525 1352 572 mannum
1395 525 1456 571 IN
1500 525 1636 570 CAP.
1685 525 1728 570 11
1770 524 1926 569 LIBRI
1968 525 2137 570 Palm
2178 525 2403 573 REGUM.
2447 547 2528 556 -
2568 528 2710 574 ART.
2758 529 2795 573 V

3283 539 3293 548 ·
3322 511 3440 574 273

349 703 512 765 tuo-e,
537 715 739 774 quam
769 717 872 756 me
890 697 1080 778 :quia
1109 696 1460 779 permisisti
1492 714 1600 760 eos
1632 697 1839 779 impu-
1872 695 1925 758 A
1952 698 2341 777 erunt.1deo,
2359 699 2524 763 sicut
2548 700 2653 763 hic
2676 699 2927 780 legitur,
2948 699 3248 763 Dominus
3279 700 3440 763 dixit

347 811 428 854 ne
468 812 610 856 mea
641 794 883 859 violare
917 803 1233 877 praecepta
1274 795 1340 856 in
1383 795 1640 876 punctis
1682 815 1844 876 prae-

347 891 556 968 tactiS,
573 900 642 954 et
673 901 885 974 partes
911 892 1381 956 sacrificiorum
1405 894 1842 958 sacerdotibus

346 989 686 1070 deputatas
727 991 988 1054 voluisti
1031 991 1124 1054 eis
1164 991 1342 1066 dari;
1390 1011 1466 1054 ea
1511 1010 1661 1055 vero
1701 1011 1846 1074 quae

347 1087 508 1150 mihi
547 1087 888 1152 offerenda
918 1098 1120 1167 erant,
1157 1109 1284 1154 non
1317 1089 1526 1153 fecisti
1559 1091 1717 1152 mihi
1751 1091 1846 1153 of-

347 1185 528 1248 ferri.
564 1185 868 1261 Quamvis
905 1189 1144 1252 etenim
1184 1189 1320 1251 Heli
1353 1188 1526 1252 filios
1569 1208 1716 1253 suos
1750 1189 1871 1262 in-¹

345 1285 657 1366 crepavit,
696 1305 828 1350 non
857 1295 1072 1350 tamen
1103 1287 1193 1349 ita
1225 1286 1534 1364 districte,
1573 1295 1644 1349 ut
1675 1296 1846 1350 tene-

347 1384 558 1461 batur,
593 1405 709 1448 seu
750 1394 821 1448 ut
850 1387 1198 1450 enormitas
1238 1386 1582 1450 criminum
1621 1405 1842 1450 eorum

345 1483 578 1564 exegit.
613 1485 756 1548 Ideo
787 1484 1008 1549 Glossa
1046 1485 1136 1549 ait
1173 1505 1250 1548 ex
1287 1486 1502 1549 verbis
1543 1485 1845 1567 Hierony-

347 1581 432 1643 mi
472 1600 487 1643 :
521 1583 818 1646 Coercuit
846 1593 910 1647 θῖ
939 1585 1250 1667 corripuit
1277 1604 1408 1662 θοε,
1442 1585 1552 1647 scd
1585 1584 1844 1646 lenitate

345 1682 986 1746 seumansuetudine
1016 1683 1350 1764 paternali,
1385 1701 1513 1746 non
1547 1682 1844 1747 severita-

346 1786 406 1841 te
435 1787 500 1841 et
520 1781 902 1844 auctoritate
929 1779 1312 1863 pontificali.
1331 1782 1476 1844 Idco
1508 1781 1575 1842 in
1607 1780 1844 1863 iniqui-

1951 797 2122 878 quod
2164 816 2483 860 summum
2527 797 2949 861 sacerdotium
2992 797 3442 860 transferretur

1953 895 2032 957 ab
2063 895 2156 957 eis
2187 895 2266 957 ad
2298 896 2432 958 Heli
2460 897 2671 959 filium
2698 897 2970 960 Ithamar
2997 915 3012 957 ε
3038 905 3101 960 θῖ
3132 895 3297 960 forte
3329 915 3441 979 per

1951 993 2233 1075 aliquem
2256 994 2630 1077 Prophetam
2653 995 3107 1077 praenuntiavit
3126 995 3245 1059 hoc
3269 1004 3436 1072 tunc,

1953 1092 2248 1172 quamvis
2270 1093 2576 1175 scriptum
2602 1113 2729 1158 non
2752 1093 2855 1156 sit.
2878 1095 3013 1157 Non
3035 1094 3207 1157 enim
3227 1094 3443 1158 omnia

1955 1191 2192 1272 scripta
2224 1199 2395 1254 sunt.

2034 1292 2231 1354 Nunc
2268 1301 2485 1352 autem
2517 1293 2679 1352 dicit
2712 1294 3029 1354 Dominus
3059 1313 3081 1352 .·
3104 1293 3286 1354 Absit
3328 1295 3443 1354 hoc

1953 1410 1992 1447 a
2040 1410 2159 1460 me,
2205 1390 2267 1451 id
2312 1398 2429 1466 θεῖ,
2472 1389 2762 1470 exigente
2804 1390 3053 1471 justitia
3097 1411 3259 1467 mea,
3310 1409 3440 1454 non

1955 1486 2235 1568 implebo
2252 1487 2427 1549 illam
2457 1488 2967 1570 promissionem,
2987 1507 3127 1570 quae
3158 1489 3275 1552 sub
3297 1508 3443 1553 con-

1953 1585 2195 1648 ditione
2240 1585 2363 1648 fuit
2406 1586 2841 1666 intelligenda,
2866 1596 3086 1670 utpote
3131 1589 3255 1650 nisi
3297 1608 3441 1672 pec-

1951 1684 2154 1747 cando
2204 1685 2571 1762 enormiter,
2605 1685 2849 1749 obicem
2898 1688 3240 1769 poneretiS,
3277 1688 3442 1752 sicut

1953 1801 2122 1845 nunc
2165 1783 2491 1865 posuistis,
2527 1787 2658 1845 Sed
2694 1786 3081 1865 quicumque
3112 1787 3442 1864 ylerifica-

346 1885 470 1940 tatc
505 1876 799 1941 filiorum
823 1898 1084 1943 suorum
1114 1880 1453 1942 damnatus
1475 1889 1593 1956 est,
1619 1880 1844 1943 videli-
1876 1879 1922 1941 B
1953 1884 2115 1942 verit
2163 1904 2285 1952 me,
2335 1882 2494 1945 mihi
2544 1901 2688 1944 cum
2740 1882 2955 1945 debita
3018 1883 3327 1947 fidelitate
3377 1892 3441 1947 et

344 1984 442 2038 cet
477 1977 546 2038 in
580 1986 894 2059 quantum
924 1979 984 2041 ei
1014 1977 1182 2058 juste
1213 1977 1846 2060 imputabatur,‚quia

346 2093 473 2137 non
513 2076 752 2139 restitit
779 2077 896 2154 θίε,
931 2096 1049 2140 nec
1091 2077 1449 2158 increpavit
1487 2083 1550 2139 et
1580 2077 1844 2157 castiga-

344 2173 438 2235 vit
477 2183 556 2236 ut
602 2174 848 2237 debuit.
904 2175 1132 2256 Sicque
1181 2175 1373 2237 etiam
1424 2194 1540 2256 pro
1586 2175 1844 2257 propria

333 2272 534 2355 culpa
579 2274 846 2355 punitus
890 2281 1006 2350 cst,
1041 2275 1193 2354 quia
1237 2274 1516 2354 neglexit
1554 2274 1840 2336 debitum

345 2371 442 2433 sui
473 2371 752 2455 implere
781 2370 1014 2436 officii.
1053 2376 1129 2433 Ut
1168 2376 1574 2434 comederetis
1605 2374 1844 2452 primi-

346 2471 467 2530 tias
497 2473 714 2532 omnis
743 2472 1062 2548 sacrificii
1087 2475 1296 2533 Israel
1326 2474 1561 2550 populi
1591 2474 1744 2542 mei,
1775 2472 1841 2534 id

342 2575 458 2645 est,
496 2569 858 2651 praecipuas
889 2577 1102 2651 partes
1133 2569 1598 2634 sacrificiorum
1635 2570 1842 2632 adhuc

341 2668 574 2730 crudas
605 2668 1038 2745 assumeretiS,
1067 2666 1490 2749 faceretisquc
1523 2687 1628 2731 eas
1661 2669 1840 2731 vobis

343 2765 512 2828 laute
533 2773 600 2828 et
631 2784 920 2828 seorsum
951 2766 1138 2846 coqui
1171 2775 1392 2829 contra
1425 2767 1582 2848 legis
1615 2785 1842 2848 praece-

340 2873 520 2946 ptum
561 2882 576 2926 ε
611 2865 784 2946 quod
817 2863 943 2926 filii
979 2864 1114 2927 Heli
1151 2865 1443 2928 fecerunt
1476 2866 1655 2946 juxta
1684 2883 1842 2947 prae-

341 2962 667 3040 habita,et
689 2962 855 3045 patri
888 2981 1106 3025 eorum
1141 2963 1677 3045 imputatur,quia
1709 2981 1836 3027 non

340 3061 560 3125 debite
589 3060 953 3143 impedivit.

417 3164 778 3239 Propterea
807 3163 905 3221 ait
927 3163 1241 3222 Dominus
1261 3164 1432 3223 Deus
1460 3164 1707 3222 Israel:
1724 3165 1838 3223 Lo-

340 3279 540 3337 quens
583 3264 838 3321 locutus
879 3280 1044 3329 sum,
1086 3269 1159 3320 ut
1201 3263 1429 3321 domus
1476 3269 1612 3331 tua,
1638 3259 1702 3321 id
1743 3268 1838 3321 cst

345 3364 409 3417 tu
449 3357 592 3439 ipse
625 3365 692 3419 θῖ
723 3356 852 3419 filii
885 3356 1002 3433 tui,
1033 3367 1093 3417 et
1123 3360 1348 3418 domus
1368 3361 1582 3434 patris
1617 3361 1741 3427 tui,
1775 3358 1838 3420 id

341 3463 436 3517 est
463 3455 766 3535 cognatio
797 3422 1027 3533 Aaron,
1053 3456 1132 3518 de
1163 3456 1346 3536 cujus
1379 3455 1622 3519 semine
1653 3465 1838 3519 natus

341 3573 430 3633 θε,
453 3557 866 3616 ministraret
896 3558 970 3616 in
999 3564 1334 3631 conspectu
1363 3576 1522 3625 mec,
1550 3556 1842 3619 sacerdo-

341 3654 463 3716 tale
483 3662 548 3717 θῖ
567 3654 765 3717 etiam
786 3651 1158 3735 pontificale
1179 3651 1250 3716 of
1253 3651 1474 3714 ficium
1498 3672 1840 3735 exsequen-

340 3754 420 3817 do
463 3753 532 3815 in
577 3753 846 3835 templo,
893 3774 1094 3834 usque
1138 3756 1212 3813 in
1250 3755 1737 3832 sempiternum,
1774 3754 1837 3817 id

342 3861 436 3915 cst
475 3871 594 3935 per
629 3871 823 3915 omne
865 3859 1115 3934 tempus
1154 3851 1388 3916 veteris
1426 3851 1834 3915 Testamenti.

343 3950 510 4014 lstud
541 3953 627 4015 de
669 3950 904 4013 summi
943 3950 1288 4013 sacerdotis
1319 3950 1544 4014 officio
1585 3953 1837 4034 potissi-

344 4070 516 4112 mum
550 4050 814 4113 dicitur.
838 4048 1149 4122 Quaeritur
1179 4067 1349 4128 ergo,
1372 4048 1479 4111 ubi
1510 4050 1611 4114 vel
1644 4070 1840 4131 quan-

344 4149 422 4211 do
453 4149 710 4212 locutus
753 4148 836 4209 sit
865 4147 1191 4223 DominuS,
1227 4148 1400 4228 quod
1440 4148 1668 4211 domus
1701 4150 1837 4213 Heli

1949 1980 2302 2043 reverentia
2332 1980 2688 2056 serviendo,
2709 1983 3086 2058 ylorificabo
3108 2003 3261 2058 eum⁴
3288 2001 3441 2064 pra:-

1949 2079 2078 2141 mio
2109 2078 2390 2161 copioso.
2410 2082 2537 2148 Qui
2556 2090 2773 2140 autem
2791 2089 3205 2142 contemnunt
3226 2102 3343 2154 me,
3370 2081 3435 2143 id

1948 2184 2063 2253 est,
2101 2177 2377 2239 scienter
2414 2185 2477 2239 et
2520 2196 2596 2238 ex
2640 2176 2859 2238 habitu
2906 2196 3103 2259 pravo
3147 2187 3431 2259 peccant,

1948 2275 2297 2358 praesertim
2339 2275 2450 2356 qui
2484 2275 2952 2354 incorrigibiles
2996 2284 3164 2354 sunt,
3202 2285 3266 2339 et
3302 2278 3437 2340 suis

1947 2374 2298 2436 abutuntur
2325 2372 2593 2450 officiiS,
2628 2384 2822 2435 erunt
2852 2377 3183 2452 iqnobiles,
3221 2375 3285 2437 id
3315 2385 3432 2453 θεῖ,

1947 2471 2420 2536 confusibiliter
2460 2472 2865 2554 disperibunt
2900 2493 2914 2537 ε
2951 2482 3014 2537 θῖ
3046 2473 3183 2556 ipsa
3216 2493 3435 2538 eorum

1948 2570 2257 2652 iniquitas
2287 2579 2381 2633 θεῖ
2413 2570 2778 2650 ignobilitas
2811 2571 3109 2634 maxima.
3130 2572 3208 2634 Et
3245 2572 3437 2636 inter-

1948 2671 2097 2732 dum
2151 2667 2231 2730 fit
2279 2669 2447 2730 istud
2500 2669 2564 2730 in
2609 2668 2740 2732 vita
2787 2670 3105 2750 primenti,
3140 2671 3435 2752 quamvis

1949 2787 2075 2831 non
2120 2784 2419 2848 semper:
2465 2766 2616 2848 quia
2661 2766 3029 2848 frequenter
3070 2767 3253 2850 impii
3298 2788 3439 2851 pro-

1947 2874 2283 2949 sperantur
2321 2874 2384 2928 et
2429 2865 2663 2928 florent
2705 2865 2771 2927 in
2817 2867 3049 2930 saeculo
3092 2866 3242 2944 isto,
3278 2868 3435 2949 justi

1947 2983 2098 3028 vero
2127 2963 2481 3027 econtrario
2512 2964 3001 3028 adversitatibus
3022 2964 3433 3048 affliguntur.

1867 3064 1912 3129 C
1945 3063 2251 3127 Dominus
2281 3070 2493 3125 tamen
2515 3063 2592 3125 ad
2617 3062 2891 3127 litteram
2923 3063 3301 3145 loquebatur
3331 3085 3441 3149 po·

1947 3162 2266 3223 tissimum
2307 3161 2385 3222 de
2434 3160 2867 3223 sacerdotibus
2917 3162 3046 3223 illis
3098 3162 3430 3244 legalibuS,

1945 3260 2056 3342 qui
2077 3260 2243 3322 bene
2264 3258 2523 3369 agendo,
2548 3258 3064 3321 honorabantur
3049 3280 3113 3323 in
3136 3262 3267 3326 vita
3286 3281 3435 3381 prae-

1948 3358 2135 3435 senti,
2161 3358 2288 3420 Deo
2320 3356 2410 3419 sic
2443 3356 2842 3438 disponente.

2015 3460 2177 3519 Ecce
2190 3458 2327 3516 dies
2348 3458 2634 3526 veanunt
2648 3464 2708 3515 et
2720 3458 3079 3532 pracidam
3100 3458 3435 3521 brachium

1951 3565 2160 3623 tuum,
2198 3554 2261 3616 id
2299 3561 2415 3629 est,
2449 3560 2823 3635 potestatem
2875 3560 2938 3616 et
2985 3556 3427 3619 auctoritatem

1950 3651 2387 3734 pontificalem
2426 3650 2644 3714 tollam
2685 3660 2812 3715 ate
2850 3670 2923 3715 ac
2965 3653 3240 3734 posteris
3277 3654 3429 3733 tuiS,

1946 3762 2006 3813 et
2037 3753 2371 3812 brachium
2398 3754 2625 3810 domus
2646 3752 2861 3827 patris
2885 3752 3005 3822 tui,
3025 3750 3089 3812 id
3120 3759 3235 3829 est,
3260 3760 3434 3816 tuam

1947 3849 2391 3931 cognationem
2421 3867 2458 3910 a
2489 3856 2667 3929 patre
2698 3855 2804 3911 tuo
2836 3867 2949 3912 seu
2980 3867 3100 3913 avo
3140 3859 3251 3913 aut
3292 3870 3438 3934 pro-

1950 3966 2067 4012 avo
2111 3954 2529 4030 procreatam,
2574 3944 2864 4009 auferam
2903 3948 2983 4009 de
3026 3947 3144 4011 hac
3188 3949 3319 4013 vita
3368 3951 3433 4012 in

1946 4048 2279 4128 juventute
2308 4063 2549 4107 eorum.
2574 4044 2717 4107 Ideo
2748 4044 3042 4107 subditur
3070 4058 3329 4109 :utnon
3352 4051 3435 4109 sit

1946 4167 2138 4207 senem
2180 4147 2253 4206 in
2294 4148 2479 4205 domo
2528 4153 2665 4213 tua,
2688 4142 2752 4204 id
2795 4152 2891 4205 est
2940 4143 3007 4207 in
3057 4145 3279 4209 sobole
3328 4154 3434 4210 tua

347 4246 723 4329 fungeretur
761 4246 1114 4309 sacerdotio
1155 4265 1426 4309 summo,
1463 4246 1540 4308 Et
1577 4257 1840 4329 apparet
1869 4247 1918 4308 D
1947 4251 2138 4325 atque
2168 4241 2555 4305 domesticis,
2576 4240 2929 4304 Translatio
2960 4240 3081 4304 ista
3111 4243 3433 4325 pontificii

343 4347 512 4426 quod
545 4344 806 4408 nullibi.
827 4344 1212 4426 Praeceperat
1240 4344 1412 4407 enim
1436 4345 1740 4408 Dominus
1770 4346 1836 4408 in

347 4445 556 4509 Exodo
588 4453 656 4508 et
688 4444 854 4507 libro
883 4444 1323 4521 Numerorum,
1349 4451 1420 4505 ut
1449 4445 1657 4508 Aaron
1682 4463 1840 4527 pon-

349 4542 523 4620 tifex,
549 4552 614 4607 et
648 4550 794 4624 post
823 4560 968 4605 eum
1000 4541 1474 4624 primogenitus·
1495 4543 1635 4623 ejus
1668 4543 1840 4606 Elea-

347 4662 467 4719 zar,
485 4643 712 4724 sicque
741 4640 1062 4722 deincepS,
1079 4639 1423 4721 pontifices
1453 4649 1687 4703 essent.
1702 4641 1838 4704 Heli

345 4749 554 4803 autem
589 4757 720 4803 non
764 4737 890 4800 fuit
919 4738 997 4800 de
1029 4738 1227 4819 stirpe
1256 4738 1559 4814 Eleazari,
1607 4739 1716 4801 sed
1750 4738 1841 4820 ip-

349 4838 476 4901 sius
497 4838 797 4901 ithamar.
816 4836 1557 4918 Respondendum,quod
1592 4837 1657 4898 in
1689 4857 1840 4900 casu

348 4956 672 5000 summum
713 4934 1136 4999 sacerdotium
1176 4943 1422 5017 poterat
1461 4943 1524 4997 et
1566 4935 1842 4999 debebat

350 5034 601 5100 devolvi
647 5035 728 5097 ad
773 5032 947 5097 filios
985 5033 1279 5109 Ithamar,
1314 5041 1378 5097 et
1420 5033 1507 5094 ita
1553 5042 1704 5096 tunc
1753 5033 1846 5097 fa-

1949 4363 1985 4405 a
2014 4343 2204 4405 domo
2236 4341 2371 4426 Heli
2412 4341 2489 4404 ad
2531 4342 2964 4423 posteritatem
3005 4342 3307 4422 Eleazari,
3346 4343 3437 4407 fa-

1949 4450 2050 4505 cta
2086 4448 2184 4504 θεῖ
2222 4448 2507 4521 tempore
2546 4439 2923 4517 Salomonis,
2972 4441 3084 4522 qui
3129 4441 3439 4505 Abiathar
3494 4467 3730 4525 mnam,

1950 4538 2327 4622 pontificem
2361 4545 2577 4599 natum
2609 4538 2687 4600 de
2718 4538 2853 4601 Heli
2888 4539 3078 4620 ejecit
3111 4559 3148 4603 a
3177 4539 3439 4623 pontifi·
3468 4533 3536 4583 ²⁷·
3556 4534 3625 4574 ³⁵·

1950 4638 2070 4716 cio,
2097 4646 2160 4702 et
2192 4637 2449 4699 tradidit
2480 4637 2639 4699 illud
2672 4636 2871 4700 Sadoc
2902 4657 2978 4700 ex
3009 4639 3298 4702 Eleazaro
3334 4659 3440 4702 na-

1953 4747 2015 4801 to
2051 4755 2064 4798 :
2102 4736 2321 4817 sicque
2358 4754 2679 4798 summum
2721 4736 3141 4798 sacerdotium
3178 4736 3305 4799 fuit
3350 4756 3443 4799 re-

1951 4836 2210 4898 ductum
2261 4836 2339 4896 ad
2390 4834 2664 4915 priorem
2706 4832 3041 4914 originem.
3076 4836 3163 4896 Et
3197 4838 3441 4896 videbis

1950 4940 2259 4997 aemulum
2291 4944 2475 4994 tuum
2494 4935 2566 4994 in
2600 4936 2826 5010 templo
2848 4935 2921 4992 in
2953 4934 3274 4995 universis
3290 4954 3443 5013 pro-

1950 5035 2152 5111 speris
2179 5036 2385 5094 Israel
2405 5052 2427 5091 .·
2448 5032 2752 5113 quoniam
2783 5030 2903 5093 sub
2935 5030 3271 5096 Salomone
3318 5030 3443 5094 fuit

349 5140 520 5194 ctum
551 5140 674 5209 est,
709 5140 775 5195 et
803 5130 1084 5194 creditur
1115 5130 1178 5193 id
1210 5130 1553 5211 contigisse
1586 5140 1845 5213 propter
1955 5130 2116 5193 mira
2159 5129 2545 5212 prosperitas
2586 5128 2650 5190 in
2697 5128 3039 5192 Israelitico
3083 5131 3345 5213 populo,
3380 5136 3445 5193 et

351 5239 608 5311 peccata
649 5238 1048 5313 posterorum
1079 5229 1379 5306 Eleazari,
1414 5230 1527 5311 qui
1561 5229 1628 5291 in
1674 5248 1848 5293 exse-

351 5329 606 5393 cutione
637 5326 958 5412 pontificii
990 5328 1089 5390 sui
1108 5328 1292 5392 valde
1314 5328 1708 5409 negligentes
1742 5326 1771 5388 f
1777 5348 1845 5389 u-

601 5462 668 5513 T.
704 5463 753 5513 3.

1957 5228 2182 5309 ingens
2217 5228 2420 5289 honor
2450 5226 2801 5310 pontificiS,
2836 5235 2899 5290 et
2929 5227 3049 5291 hoc
3090 5228 3226 5291 Heli
3258 5227 3440 5305 vidit,

1957 5336 2020 5391 ct
2050 5325 2301 5403 invidit,
2342 5343 2469 5388 non
2501 5325 2940 5406 personaliter,
2982 5329 3092 5390 sed
3124 5326 3190 5389 in
3221 5326 3441 5390 sobole

3136 5461 3197 5511 18
