4359 6250
97 891 256 934 Joonu.
273 905 367 940 xix,

101 961 162 998 3⁴.

131 1021 280 1064 Bccli.
293 1036 370 1072 xv,

103 1088 138 1124 3.

128 3171 358 3215 :mnam

167 4716 176 4723 .
197 4653 384 4703 Qun-tio

145 4727 248 4759 enm
277 4730 383 4771 pre-

147 4776 264 4821 dieta.

164 5046 294 5091 8³06.
308 5061 359 5089 xx
367 5080 380 5099 ‚

891 512 1240 560 ENARRATm
1282 513 1342 558 IN
1385 513 1522 558 CAP.
1569 512 1722 558 XXlll
1763 511 1918 558 unm
1962 511 2217 558 securim
2255 511 2479 558 REGUM.
2522 531 2601 542 -·
2644 511 2785 557 ART.
2832 510 3025 557 XXXIV

3380 492 3495 555 571

490 686 902 746 Desideravit
947 704 1094 761 erqo
1138 685 1359 746 David
1401 703 1663 763 aquam.
1708 680 1902 743 David
1933 680 1984 742 A
2016 680 2121 742 vid
2175 680 2697 763 concupiscentia
2754 681 2985 759 victuS‚
3038 699 3295 744 uxorem
3356 678 3503 742 tulit
3569 695 3777 752 naemu

403 783 718 865 praescius
773 782 1148 858 futurorum,
1189 801 1418 863 aquam
1473 780 1796 864 Baptismi,
1843 788 1906 843 et
2013 780 2198 858 Uriae,
2219 781 2331 863 qui
2352 801 2551 864 quum
2583 783 2771 863 longe
2802 791 2945 864 post
2976 790 3195 845 contra
3224 779 3498 844 hostium
3530 761 3572 802 ⁴·

403 901 549 946 cam
577 902 723 964 quae
753 884 832 946 de
853 880 1082 944 Christi
1117 880 1440 963 perforato
1473 881 1667 943 latere
1691 880 1900 957 fluxit,

406 981 660 1064 optavit
695 980 1018 1043 fidelibus
1056 979 1301 1061 Aquam
1335 989 1544 1042 autem
1578 979 1906 1062 sapientiae

406 1080 734 1155 salutaris,
762 1079 1056 1142 lacrimas
1086 1078 1502 1161 poenitentiae,
1529 1097 1735 1141 rorem
1768 1097 1907 1159 gra—

406 1179 539 1255 tiae,
577 1179 902 1240 lavacrum
946 1177 1216 1240 internae
1256 1175 1654 1259 purgationis
1684 1195 1906 1239 omnes

404 1276 722 1340 debemus
753 1284 1052 1358 appetere
1079 1293 1092 1336 :
1117 1294 1310 1357 quam
1331 1276 1443 1357 qui
1470 1295 1584 1358 per
1603 1295 1670 1338 se
1697 1275 1906 1358 ipsum

401 1374 704 1437 obtinere
745 1393 875 1437 non
915 1373 1104 1449 valet,
1142 1373 1413 1436 aliorum
1453 1372 1740 1436 subsidio
1783 1381 1910 1436 stu-

403 1474 555 1537 deat
605 1491 989 1555 procurare3
1034 1491 1304 1554 eamque
1351 1473 1725 1554 acquisitam
1779 1491 1906 1536 non

403 1572 533 1635 sibi
569 1572 914 1648 adscribat,
951 1572 1061 1634 sed
1093 1570 1330 1634 offerat
1362 1572 1509 1648 Det),
1543 1591 1579 1634 a
1607 1591 1734 1653 quo
1775 1590 1908 1635 om-

405 1691 492 1734 ne
539 1672 780 1735 bonum
830 1670 1228 1749 originaliter
1270 1670 1616 1748 derivatur,
1652 1690 1910 1754 praeser-

407 1772 525 1833 tim
561 1771 732 1834 dona
761 1769 1274 1852 supernaturalia
1302 1771 1542 1851 gratiae,
1576 1790 1648 1833 ac
1687 1789 1909 1833 mune-

2015 899 2252 944 cuneos
2296 881 2561 958 sederet,
2598 901 2826 963 aquam
2863 901 2939 943 ex
2971 900 3187 944 eorum
3229 881 3504 943 cisterna

2017 979 2424 1042 desideravit.
2462 981 2581 1042 Sed
2621 980 2815 1062 huJus
2857 979 3220 1062 oppositum
3253 979 3504 1044 videtur

2016 1098 2092 1140 ex
2125 1087 2319 1155 textu,
2340 1079 2639 1142 videlicet
2667 1079 2839 1162 quod
2870 1078 3086 1142 allatio
3118 1097 3297 1160 aquae
3330 1079 3503 1140 illius

2017 1179 2358 1257 contigerit
2389 1186 2730 1260 antequam
2758 1179 2949 1241 David
2981 1178 3274 1260 pervenit
3302 1179 3381 1240 ad
3411 1197 3505 1240 re-

2016 1294 2237 1357 gnum,
2272 1297 2469 1358 quum
2504 1276 2751 1339 dicatur
2783 1277 2847 1339 in
2880 1277 3000 1340 isto
3031 1277 3311 1359 capitulo
3349 1295 3361 1338 :
3396 1277 3507 1339 De-

2019 1375 2399 1438 scenderant
2450 1385 2574 1438 tres
2626 1377 2703 1438 ad
2760 1376 2954 1438 David
3008 1376 3073 1437 in
3132 1376 3503 1458 speluncam

2016 1472 2326 1536 Odollam.
2346 1473 2561 1536 Castra
2591 1482 2802 1536 autem
2823 1474 3301 1537 philistinorum
3327 1482 3508 1537 erant

2019 1573 2084 1633 in
2117 1573 2285 1636 valle
2314 1571 2674 1654 Gigantum,
2710 1581 2773 1636 et
2802 1573 2997 1636 David
3029 1581 3163 1636 erat
3192 1572 3260 1634 in
3293 1573 3509 1655 praesi-

2017 1673 2145 1736 dio.
2181 1673 2373 1736 Porro
2420 1673 2608 1735 statio
2652 1673 3129 1736 philistinorum
3182 1681 3330 1736 tunc
3374 1682 3509 1736 erat

2019 1772 2086 1834 in
2139 1771 2528 1835 Bethlehem.
2573 1772 2964 1835 Desideravit
3012 1791 3161 1853 ergo
3210 1771 3403 1836 David
3446 1781 3509 1834 et

405 1889 482 1932 ra
527 1869 774 1949 gloriae.
809 1867 1204 1930 Desideravit
1252 1878 1464 1932 autem
1515 1878 1578 1932 et
1620 1869 1906 1932 Christus
1943 1870 1990 1931 Β
2017 1870 2106 1932 ait
2145 1888 2158 1931 :
2195 1870 2257 1932 Si
2290 1870 2437 1950 quis
2479 1872 2657 1933 daret
2696 1871 2855 1932 mihi
2890 1879 3110 1952 potum
3144 1890 3348 1952 aquae,
3383 1879 3503 1934 etc.

404 1987 669 2049 aquam,
725 1967 791 2028 id
845 1974 941 2030 est
1001 1966 1335 2029 hominum
1397 1967 1901 2044 conversionem,

403 2085 603 2147 quam
627 2064 1074 2128 ardentissime
1103 2067 1574 2148 concupivit,et
1602 2068 1744 2148 ejus
1774 2084 1908 2148 pro·

404 2165 744 2228 curatione
787 2163 1116 2227 flammam
1163 2165 1465 2228 desiderii
1510 2166 1609 2227 sui
1653 2165 1909 2246 refrige-

405 2263 599 2326 ravit.
633 2262 834 2338 Quam
865 2271 928 2325 et
962 2263 1208 2345 'praelati
1251 2263 1519 2326 virtuosi
1559 2283 1630 2326 ac
1673 2262 1906 2326 fervidi

404 2362 536 2426 sibi
569 2363 899 2424 adducunt
933 2379 1060 2424 non
1091 2360 1232 2424 sine
1263 2360 1548 2444 periculo
1573 2362 1764 2444 :quia
1794 2381 1908 2444 per

405 2462 580 2524 viam
625 2460 872 2542 laqueis
908 2459 1188 2523 hostium
1230 2459 1484 2542 plenam
1520 2462 1811 2538 tendunt,
1846 2470 1909 2524 et

407 2581 532 2643 per
575 2579 872 2642 campum
931 2559 1149 2622 saeculi
1212 2559 1428 2640 hujuS,
1482 2559 1904 2623 invisibilium

405 2661 695 2725 hostium
745 2658 969 2722 cuneis
1017 2656 1612 2732 circumvallatum3
1661 2658 1772 2738 qui
1824 2667 1909 2719 ta-

407 2778 560 2822 men
605 2758 661 2819 si
709 2757 900 2840 plene
944 2754 1280 2820 confidant
1325 2755 1390 2816 in
1442 2755 1730 2831 Domino,
1781 2756 1907 2819 cito

407 2859 716 2921 evadunt.
755 2855 951 2930 Quam
997 2873 1230 2936 aquam
1273 2854 1558 2917 Christus
1603 2854 1767 2917 Patri
1813 2874 1909 2917 sa-

409 2955 687 3032 crificat,
703 2954 858 3037 quia
875 2954 1100 3035 etipse
1127 2953 1474 3015 secundum
1510 2960 1796 3015 naturam
1819 2971 1909 3014 as-

2016 1968 2192 2042 Quod
2241 1978 2451 2031 autem
2498 1970 2841 2032 descensus
2886 1969 3141 2032 illorum
3190 1970 3380 2030 trium
3428 1970 3505 2032 ad

2017 2067 2214 2130 David
2266 2067 2331 2127 in
2384 2065 2755 2148 speluncam
2802 2067 3113 2143 Odollam,
3162 2075 3224 2130 et
3274 2067 3507 2149 positio

2017 2175 2365 2229 castrorum
2391 2165 2869 2228 philistinorum
2896 2167 2962 2228 in
2984 2167 3151 2230 valle
3171 2166 3501 2249 Raphaim,

2018 2265 2096 2328 ad
2128 2265 2297 2327 idem
2329 2263 2664 2327 referenda
2695 2265 2825 2326 sint
2857 2274 3130 2348 tempuS,
3156 2274 3403 2329 constat
3430 2285 3506 2328 ex

2017 2378 2115 2436 eo,
2150 2360 2323 2440 quod
2370 2359 2577 2442 primo
2620 2360 3146 2442 Paralipomenon
3195 2361 3504 2444 scriptum

2019 2467 2116 2522 cst
2151 2477 2165 2520 ε
2202 2459 2677 2521 Descenderunt
2713 2469 2926 2522 autem
2968 2467 3091 2522 tres
3123 2459 3197 2522 ad
3232 2469 3499 2541 petram,

2019 2558 2085 2620 in
2119 2576 2245 2638 qua
2274 2567 2407 2619 erat
2438 2557 2655 2632 David,
2681 2558 2759 2620 ad
2792 2559 3161 2640 speluncam
3192 2556 3498 2636 Odollam,

2017 2657 2276 2738 quando
2319 2656 2623 2718 Philistaei
2674 2655 2927 2720 fuerant
2970 2657 3395 2720 castrametati
3436 2657 3503 2719 in

2018 2756 2186 2821 valle
2226 2756 2553 2838 Raphaim.
2588 2757 2801 2838 ltaque
2830 2757 2913 2820 ob
2943 2757 3106 2819 hanc
3131 2775 3388 2819 causam
3418 2757 3505 2818 vi-

2019 2857 2207 2918 detur
2234 2855 2452 2918 allatio
2482 2855 2665 2917 'illius
2695 2875 2877 2937 aquae
2904 2856 3270 2936 contigisse,
3305 2875 3507 2937 quan-

2019 2955 2100 3017 do
2120 2954 2317 3016 David
2341 2954 2548 3016 adhuc
2570 2963 2703 3016 erat
2724 2954 2789 3015 in
2814 2955 3252 3036 persecutione
3274 2954 3501 3034 SauliS,

409 3061 730 3137 sumptam
753 3072 943 3118 omne
965 3053 1200 3115 bonum
1229 3051 1521 3114 attribuit
1539 3051 1910 3133 Dec,quem-
1943 3057 1984 3120 C
2018 3052 2315 3135 quamvis
2346 3052 2449 3115 hic
2480 3051 2875 3115 describatur
2899 3061 3043 3135 post·
3067 3052 3507 3118 recitationem

365 3206 375 3223 .
408 3155 760 3218 admodum
792 3152 857 3214 in
887 3150 1232 3231 Evangelio
1263 3157 1645 3232 protestatur
1681 3168 1695 3211 :
1729 3149 1777 3211 A
1807 3170 1909 3213 me

413 3254 556 3335 ipso
587 3253 758 3315 facio
789 3251 976 3314 nihil.
996 3250 1128 3312 Tali
1161 3250 1266 3313 siti
1298 3250 1487 3313 debet
1517 3250 1726 3313 omnis
1759 3270 1910 3331 prae-

411 3353 582 3414 latus
615 3352 860 3425 ardere,
893 3357 958 3412 et
988 3368 1102 3431 per
1132 3368 1201 3411 se
1231 3349 1442 3430 ipsum
1478 3367 1550 3411 ac
1592 3366 1740 3410 suos
1781 3366 1910 3411 suae

409 3450 558 3513 sitis
613 3447 1190 3529 refrigerationem,
1245 3447 1308 3510 id
1359 3456 1454 3510 est
1509 3446 1907 3509 subditorum

407 3548 903 3613 conversionem
934 3566 1008 3609 ac
1039 3546 1332 3622 salutem,
1357 3564 1472 3628 pro
1501 3544 1747 3610 viribus
1778 3546 1910 3607 adi-

409 3647 600 3732 pisci.

492 3745 812 3827 Amplius,
862 3743 1152 3807 Christus
1202 3762 1328 3806 non
1379 3742 1584 3806 solum
1635 3761 1749 3824 per
1795 3742 1910 3805 Da-

409 3846 546 3921 vid,
573 3846 683 3908 sed
715 3850 778 3907 et
809 3862 922 3925 per
952 3842 1339 3905 fortissimos
1370 3841 1510 3923 ejus
1540 3841 1777 3903 milites
1809 3841 1912 3903 de-

409 3946 724 4025 signatur,
745 3942 1052 4023 quoniam
1085 3942 1405 4005 leoninam
1439 3939 1906 4003 animositatem

409 4042 840 4125 superborum
869 4060 941 4103 ac
974 4058 1364 4123 paganorum
1400 4038 1763 4121 prostravit.
1797 4038 1910 4100 Per

409 4143 534 4205 hoc
567 4140 996 4221 autem,quod
1030 4138 1245 4201 nullus
1280 4137 1617 4200 fortiorum
1646 4145 1756 4199 aut
1788 4135 1912 4199 for-

2018 3151 2315 3214 adulterii
2352 3152 2569 3216 David.
2596 3152 3043 3215 Verumtamen
3077 3152 3142 3214 in
3173 3152 3509 3218 Scholasti-

2019 3272 2092 3313 ca
2123 3250 2392 3313 historia
2421 3250 2605 3313 aliter
2639 3250 2893 3313 dicitur.
2929 3251 3081 3313 Nam
3118 3252 3345 3331 legitur
3372 3252 3459 3314 ibi
3489 3271 3503 3316 ε

2024 3349 2324 3411 philistaei
2385 3350 2708 3431 quondam
2766 3358 2972 3412 castra
3029 3360 3377 3431 posuerunt
3440 3352 3505 3413 in

2019 3448 2186 3511 valle
2232 3447 2561 3529 Raphaim,
2597 3466 2801 3528 usque
2841 3448 2918 3510 ad
2958 3448 3279 3511 civitatem
3326 3449 3509 3513 Beth-

2019 3547 2252 3624 lehem,
2274 3554 2335 3608 et
2366 3554 2501 3609 erat
2531 3546 2799 3628 penuria
2828 3564 3008 3627 aquae
3040 3546 3107 3608 in
3128 3547 3500 3611 Jerusalem.

2019 3646 2215 3709 David
2247 3654 2456 3707 autem
2488 3644 2856 3706 ascenderat
2896 3644 2961 3705 in
2994 3664 3201 3707 arcem
3244 3646 3322 3707 ad
3362 3665 3507 3709 con-

2022 3745 2361 3807 sulendum
2394 3743 2753 3817 Dominum,
2790 3750 2853 3805 et
2891 3744 3361 3806 commendavit
3403 3763 3507 3808 co-

2019 3862 2153 3906 ram
2202 3841 2599 3904 adstantibus
2640 3859 2868 3922 aquam
2911 3841 2989 3902 de
3022 3840 3408 3919 Bethlehem,
3445 3852 3507 3906 ct

2019 3942 2341 4025 praecipue
2390 3960 2526 4003 eam
2580 3960 2721 4021 quae
2770 3948 2904 4002 erat
2964 3940 3030 4002 in
3090 3948 3281 4023 puteo
3327 3944 3507 4024 juxta

2020 4048 2280 4122 portam.
2300 4039 2472 4101 Tune
2496 4046 2621 4100 tres
2652 4038 2756 4100 isti
2783 4056 2897 4119 per
2919 4038 3195 4100 medium
3224 4040 3504 4102 hostium

2019 4140 2139 4202 iter
2173 4138 2502 4215 facienteS‚
2541 4138 2889 4201 hauserunt
2928 4157 3180 4219 aquam,
3209 4148 3329 4201 etc.
3364 4140 3505 4203 Haec

413 4240 576 4301 tium
611 4238 814 4320 ipsius
848 4237 1068 4314 David,
1094 4238 1172 4299 ad
1207 4244 1333 4299 tres
1366 4236 1606 4317 primos
1640 4234 1911 4297 sortissi·
1941 4241 1990 4302 D
2023 4238 2135 4300 ibi.
2173 4237 2293 4300 Sed
2328 4255 2455 4299 non
2488 4236 2740 4301 videtur
2770 4237 2938 4299 istud
2972 4236 3167 4299 textui
3201 4256 3507 4302 consona-

411 4356 552 4401 mos
597 4336 913 4419 pervenit,
948 4344 1042 4398 est
1087 4333 1591 4417 praefiguratum,
1626 4334 1799 4415 quod
1829 4335 1908 4397 ad

411 4434 988 4519 superbeatissimae
1003 4434 1330 4496 Trinitatis
1351 4432 1763 4514 {equalitatem
1789 4432 1911 4495 nul-

415 4535 516 4597 lus
549 4534 925 4597 Sanctorum
952 4532 1315 4614 pertingere
1347 4531 1534 4594 valet.

493 4633 818 4695 postremo
856 4631 1167 4712 quaeritur
1204 4631 1376 4694 circa
1423 4630 1745 4712 praedicta,
1779 4650 1908 4712 quo

413 4742 702 4813 tempore
732 4728 1038 4792 acciderit
1066 4729 1284 4792 allatio
1316 4728 1428 4791 illa
1465 4747 1668 4810 aquae.
1703 4728 1780 4790 Et
1819 4728 1910 4793 vi—

411 4831 622 4905 detur,
656 4829 829 4910 quod
861 4827 1032 4891 circa
1063 4827 1262 4891 finem
1295 4828 1443 4890 vitae
1481 4827 1674 4889 David
1718 4828 1904 4907 regiS,

411 4946 616 5010 quum
646 4926 818 4989 dicat
846 4926 1208 5008 GregoriuS‚
1241 4934 1304 4988 et
1335 4925 1605 4988 habetur
1637 4925 1703 4987 in
1734 4925 1910 4989 Glos-

412 5046 482 5089 sa
519 5044 534 5087 :
569 5025 695 5089 Lex
725 5033 908 5088 vetus
941 5025 1326 5088 adulterium
1370 5024 1593 5101 vetuit,
1633 5043 1758 5087 non
1805 5044 1910 5087 au-

414 5134 541 5187 tem
577 5122 910 5206 prohibuit
939 5142 1170 5205 aquam
1205 5123 1432 5204 optari,
1461 5122 1560 5187 vel
1594 5122 1908 5185 militibus

413 5223 610 5288 fortia
640 5242 678 5286 a
707 5240 856 5303 rege
891 5222 1125 5305 juberi.
1161 5222 1237 5285 Et
1281 5222 1541 5299 scimuS‚
1576 5223 1748 5304 quod
1793 5223 1910 5284 Da-

2021 4356 2109 4414 re,
2145 4355 2263 4398 nec
2311 4344 2573 4417 apparet
2616 4336 2787 4416 quod
2837 4336 3031 4399 David
3082 4336 3147 4397 in
3197 4345 3507 4418 potestate

2021 4434 2119 4497 sui
2180 4434 2359 4515 regni
2408 4434 2813 4511 constit-utus»,
2867 4434 3262 4517 permisisset
3318 4435 3509 4498 phili-

2020 4542 2204 4596 staeos
2236 4541 2469 4595 terram
2502 4533 2680 4613 regni
2722 4533 2821 4595 sui
2862 4533 2953 4595 sic
2981 4551 3313 4615 occupare,
3349 4536 3507 4616 quin

2019 4634 2236 4695 statim
2266 4652 2411 4695 cum
2444 4632 2723 4695 exercitu
2754 4631 3165 4714 processisset
3206 4634 3509 4697 adversus

2019 4750 2127 4795 eos
2165 4748 2179 4792 :
2218 4731 2345 4794 imo
2385 4731 2439 4792 si
2482 4740 2608 4792 tres
2652 4730 2745 4792 illi
2789 4730 2926 4792 ausi
2969 4730 3227 4793 suerunt
3257 4752 3372 4814 per
3409 4752 3511 4795 ca—

2019 4837 2149 4891 stra
2193 4828 2672 4892 philistinorum
2718 4829 3081 4911 procedere,
3118 4831 3319 4893 multo
3364 4830 3509 4913 plus

2020 4928 2215 4990 David
2246 4945 2391 4990 cum
2425 4927 2519 4990 eis
2548 4946 2621 4990 ac
2654 4926 2903 5008 reliquo
2938 4936 3068 4989 toto
3103 4928 3405 5005 exercitu,
3442 4929 3508 4992 in

2018 5044 2148 5107 quo
2200 5033 2381 5089 erant
2431 5034 2557 5088 tam
2608 5025 2805 5088 validi
2857 5035 3263 5107 pugnatore-S,
3317 5047 3510 5090 ausus

2022 5122 2247 5186 fuisset
2290 5124 2590 5187 invadere
2623 5125 2835 5187 hostes
2868 5124 3034 5202 illos,
3072 5144 3188 5188 nec
3228 5126 3511 5190 distulis-

2019 5232 2114 5285 set
2147 5230 2271 5284 tam
2307 5222 2438 5285 diu.

3650 2493 3721 2523 ar.
3738 2493 3793 2530 xi,
