4359 6250
873 481 992 545 718

1447 495 1794 542 numano
1835 495 1898 541 m
1938 495 2076 542 cAP.
2119 495 2207 542 11
2250 496 2408 542 mm
2448 497 2649 544 ¹1·sz
2688 497 2914 546 amun.
2958 520 3039 531 —
3078 503 3224 548 ΛΒΤ.
3268 501 3397 550 m

862 680 1133 747 gentum
1175 680 1360 730 tuum
1396 679 1456 730 et
1491 687 1732 730 aurum
1765 678 1950 729 tuum
1993 688 2205 729 meum
2240 678 2353 740 est,
2388 665 2441 726 A
2470 674 2709 732 misisti
2734 677 2825 734 ad
2852 695 2950 734 me
2984 693 3245 735 servum
3278 684 3463 735 tuum
3500 678 3577 736 in
3602 677 3821 747 initio,
3852 677 3973 752 fa-

869 769 990 832 hoc
1019 777 1136 845 θεῖ,
1161 769 1417 850 requiro
1447 775 1520 830 ut
1549 768 1762 830 mittas
1794 767 1954 830 mihi
1985 787 2089 843 ea3
2109 778 2168 828 et
2200 787 2358 828 uvo-

864 889 962 928 res
993 879 1120 930 tuoe
1153 879 1214 930 et
1249 870 1386 945 filii
1421 870 1522 930 tui
1557 870 1813 946 optimi,
1846 867 1908 931 id
1948 875 2045 930 est
2077 866 2354 949 aptiores

861 967 942 1029 ad
972 967 1210 1049 praelia,
1251 969 1376 1028 mei
1413 977 1590 1038 sunt,
1621 966 1801 1048 juxta
1843 985 2099 1029 sensum
2132 974 2357 1048 praeta-

861 1073 1056 1142 ctum,
1076 1065 1172 1130 vel
1203 1065 1346 1145 jure
1378 1065 1734 1146 praelii,seu
1759 1065 1842 1128 ob
1871 1064 2062 1128 aliam
2095 1083 2353 1127 causam

861 1183 1054 1247 quam
1098 1172 1319 1228 contra
1363 1172 1422 1225 tc
1455 1162 1681 1227 habeo.
1715 1165 2191 1243 Responditque
2236 1183 2354 1223 rem

860 1267 1066 1326 Israel
1109 1285 1131 1323 .·
1159 1267 1367 1325 Juxta
1417 1266 1680 1324 verbum
1729 1272 1936 1335 tuum,
1970 1264 2230 1323 domine
2261 1264 2354 1323 mi

859 1385 999 1435 νεα),
1046 1373 1194 1424 tuus
1231 1383 1378 1423 sum
1421 1383 1553 1440 e90,
1595 1361 1717 1424 hoc
1765 1369 1880 1437 est,
1925 1369 2181 1443 paratus
2233 1360 2351 1423 tibi

861 1461 1102 1526 servire
1131 1460 1251 1524 sub
1272 1459 1636 1523 rationabili
1659 1460 1921 1536 tributo,
1937 1478 2050 1522 seu
2077 1458 2205 1521 alio
2228 1477 2351 1522 mo-

863 1561 966 1636 do,
999 1570 1060 1621 et
1095 1561 1314 1620 omnia
1345 1581 1484 1622 mea
1529 1559 1695 1622 bona
1737 1557 2023 1620 mobilia.
2059 1558 2146 1620 De
2186 1556 2345 1620 filiis

861 1668 1074 1722 autem
1105 1666 1167 1722 et
1197 1659 1499 1721 uxoribus
1529 1656 1661 1720 suis
1692 1657 2017 1734 subticuit,
2037 1657 2191 1738 quia
2221 1675 2348 1720 non

863 1757 1233 1822 intendebat
1274 1775 1382 1820 eos
1427 1775 1740 1839 exponere
1783 1755 2094 1819 voluntati
2145 1755 2343 1818 illius,

2466 774 2677 844 ciam,·
2694 775 2863 833 hanc
2888 783 3103 834 autem
3132 793 3269 834 rem
3295 775 3507 851 facere
3524 795 3651 834 non
3678 793 3967 850 possunt..

2464 872 2853 949 Reversique
2897 874 3125 933 nuntii
3180 877 3544 933 retulerunt
3588 874 3807 933 omnia
3870 874 3965 933 ei.

2466 970 2594 1037 Qui
2620 972 2869 1030 remisit
2906 980 2966 1030 et
2994 972 3118 1040 ait,
3150 970 3363 1034 ferens
3414 989 3575 1051 aegre
3618 971 3787 1053 quod
3840 990 3970 1032 rex

2461 1066 2679 1130 Achab
2722 1087 2849 1130 non
2894 1069 3216 1151 acquievit
3250 1087 3267 1131 :
3302 1073 3455 1132 Hoec
3495 1072 3748 1148 saciant
3782 1072 3971 1130 mihi

2459 1169 2588 1237 dii,
2615 1177 2676 1227 et
2694 1170 2827 1228 haec
2854 1171 3125 1239 addant,
3154 1171 3215 1228 εἰ
3242 1171 3560 1247 suffecerit
3580 1171 3799 1246 pulvis
3836 1172 3971 1230 Sa-

2462 1267 2691 1328 maria»
2708 1269 2989 1344 puqillis
3016 1268 3226 1328 omnis
3247 1270 3481 1346 populi
3506 1270 3626 1347 qui
3648 1271 3965 1347 sequitur

2460 1385 2611 1425 me:
2642 1364 2761 1427 hoc
2802 1373 2921 1441 est,
2958 1373 3131 1428 tanta
3174 1373 3271 1428 est
3318 1384 3568 1429 mecum
3610 1365 3979 1429 hominum·

2460 1463 2664 1545 copia,
2682 1465 2855 1545 quod
2888 1464 3330 1547 unusquisque
3348 1476 3567 1528 eorum
3596 1465 3697 1526 vix
3727 1473 3967 1546 posset

2458 1580 2717 1625 manum
2749 1582 2928 1625 suam
2960 1563 3155 1626 semel
3199 1563 3465 1645 implere
3494 1563 3573 1626 de
3610 1571 3787 1625 terrae
3818 1561 3968 1624 sra-

2457 1661 2755 1739 gmentis‚
2789 1680 2933 1744 quas
2974 1662 3041 1723 in
3082 1661 3363 1724 Samaria
3408 1671 3577 1738 sunt,
3614 1661 3965 1743 potissime

2462 1778 2658 1842 prope
2688 1779 2925 1824 muros.
2958 1760 3072 1824 Vel
3103 1759 3196 1824 sic
3221 1779 3235 1822 :
3262 1760 3414 1822 Tam
3436 1761 3619 1823 multi
3650 1768 3795 1822 sunt
3814 1779 3965 1822 me-

859 1861 1384 1938 Revertentesque
1403 1859 1630 1918 nuntii
1649 1856 1727 1918 ad
1745 1855 1978 1930 Achab,
1996 1857 2346 1916 dimerunt:
2385 1851 2431 1914 B
2458 1878 2627 1936 cum,
2664 1869 2735 1921 ut
2762 1859 2817 1920 si
2847 1859 3289 1941 unusquisque
3330 1858 3642 1940 acciperet
3680 1867 3743 1921 et
3769 1877 3967 1921 com-

861 1960 1012 2019 Hoec
1031 1959 1194 2018 dicit
1213 1958 1516 2018 dominus
1534 1957 1864 2025 Benadad,
1889 1958 2006 2035 qui
2033 1957 2214 2016 misit
2234 1975 2347 2016 nos

857 2059 945 2116 ad
977 2065 1033 2116 te
1063 2077 1084 2115 .·
1108 2059 1471 2133 Arqentum
1518 2065 1702 2117 tuum
1741 2065 1802 2115 et
1847 2075 2088 2115 aurum
2135 2063 2345 2123 tuum,

854 2165 914 2216 et
946 2175 1174 2216 uxores
1207 2164 1348 2215 tuas
1373 2163 1434 2214 et
1462 2154 1633 2230 filios
1665 2163 1801 2214 tuos
1830 2154 2015 2212 dabis
2045 2154 2234 2223 milti,
2275 2158 2347 2213 ut

857 2272 984 2317 non
1025 2261 1347 2316 remaneat
1381 2251 1496 2315 tibi
1537 2259 1856 2333 superstes
1887 2250 1998 2332 qui
2041 2250 2340 2313 succedat

857 2350 975 2415 tibi
1007 2352 1072 2414 in
1105 2370 1322 2433 regno,
1349 2349 1470 2413 nisi
1495 2347 1709 2414 forsan
1738 2369 1930 2432 que-m
1951 2349 2342 2412 constituero

855 2469 993 2531 ego.
1033 2453 1185 2512 Cras
1227 2453 1436 2527 iqitur
1479 2452 1599 2511 liae
1637 2453 1857 2511 eadem
1887 2451 2046 2510 hora
2085 2451 2343 2509 mittam

855 2571 1064 2610 servos
1093 2570 1256 2612 meos
1285 2551 1374 2610 ad
1405 2559 1480 2620 te,
1503 2559 1564 2609 et
1589 2550 2050 2608 scrutabuntur
2075 2550 2341 2607 domum

859 2659 1064 2719 tuam,
1093 2658 1152 2710 et
1181 2651 1446 2708 domum
1471 2667 1802 2708 servorum
1833 2657 2116 2718 tuorum,
2134 2655 2195 2706 et
2214 2666 2345 2706 om-

854 2767 936 2808 ne
963 2749 1134 2828 quod
1160 2749 1252 2806 eis
1280 2748 1627 2825 placuerit,
1653 2755 1896 2823 ponent
1925 2747 1995 2806 in
2033 2746 2338 2806 manibus

852 2849 1010 2919 suis,
1045 2857 1104 2907 et
1134 2846 1456 2923 auferent.

951 2947 1207 3006 Vocavit
1228 2955 1446 3006 autem
1475 2963 1592 3004 rem
1609 2945 1814 3005 Israel
1831 2964 2044 3004 omnes
2063 2945 2340 3003 seniores

2458 1966 2739 2040 portaret
2784 1958 3055 2040 lapidem
3103 1966 3213 2020 aut
3260 1957 3539 2038 stipitem
3588 1975 3800 2032 unum,
3838 1956 3961 2020 vel

2456 2076 2655 2119 unum
2688 2065 2871 2119 terrae
2902 2055 3238 2138 pugillum,
3274 2064 3400 2118 tam
3440 2073 3732 2136 magnum
3774 2053 3963 2118 face-

2454 2163 2597 2218 rent
2622 2173 2915 2236 aggerem
2946 2165 3140 2231 extra,
3163 2162 3233 2216 ut
3254 2154 3425 2218 cives
3448 2151 3722 2216 fecerant
3746 2153 3955 2228 intra,

2454 2253 2675 2336 sicque
2705 2253 3124 2337 implerentur
3156 2251 3413 2329 fossata,
3431 2260 3495 2314 et
3523 2271 3599 2314 ex
3618 2270 3792 2333 aequo
3832 2271 3965 2334 pu—

2454 2360 2721 2432 gnarent
2741 2353 3042 2416 adversus
3074 2350 3241 2415 illos.
3265 2350 3814 2433 Comportaverant
3838 2370 3963 2412 au-

2453 2459 2581 2514 tem
2620 2450 2792 2516 cives
2833 2450 3129 2514 Samariae
3176 2459 3404 2513 terram
3455 2449 3713 2512 multam
3762 2449 3957 2511 intus

2452 2550 2530 2612 ad
2562 2567 2777 2612 muros
2808 2549 3178 2631 suOS,quasi
3212 2548 3278 2610 in
3301 2547 3696 2612 altitudinem
3727 2565 3959 2610 muro-

2452 2668 2595 2710 rum
2626 2647 2933 2731 ipsorum‚
2952 2656 3025 2710 ut
3055 2647 3222 2710 muri
3246 2654 3459 2710 essent
3486 2646 3959 2729 inexpugnabi-

2453 2747 2664 2811 lioreS.
2704 2751 2786 2810 Ec
2816 2750 3201 2825 respondens
3234 2767 3352 2806 rem
3378 2749 3609 2816 Israel,
3646 2747 3743 2807 ait
3770 2766 3792 2805 .·
3824 2748 3959 2806 Di-

2450 2848 2573 2908 cite
2615 2849 2678 2907 ei
2712 2867 2735 2906 .·
2780 2849 2876 2910 Ne
2909 2847 3229 2924 ylorietur
3268 2847 3589 2906 accinctus
3638 2865 3807 2924 aeque
3874 2855 3959 2906 ul

2450 2945 2802 3006 discinctus
2834 2963 2857 3006 .·
2886 2944 3007 3007 hoc
3051 2952 3168 3020 est,
3218 2943 3355 3026 ipse
3395 2942 3683 3005 Benadad
3724 2941 3955 3004 adhuc

855 3054 1064 3115 terroe,
1107 3044 1323 3107 volens
1355 3043 1420 3104 in
1471 3050 1598 3105 tam
1630 3042 1828 3104 arduo
1870 3041 2126 3122 negotio
2166 3060 2337 3104 com-
2376 3043 2419 3107 C
2448 3043 2641 3106 armis
2672 3043 3017 3119 accinctuS,
3043 3050 3107 3106 et
3138 3050 3555 3126 pugnaturuS‚
3582 3059 3705 3103 non
3730 3039 3813 3102 sit
3850 3039 3955 3103 ita

853 3143 1229 3205 munitatem
1270 3149 1692 3205 concernente
1740 3141 1834 3203 uti
1874 3140 2176 3221 generali,
2200 3159 2343 3204 con-

851 3242 1022 3319 cilio,
1059 3240 1389 3324 potissime
1427 3239 1771 3317 seniorum,
1807 3240 1873 3302 in
1914 3239 2150 3321 quibus
2181 3239 2343 3304 solet

851 3360 989 3405 csse
1019 3340 1226 3421 major
1253 3339 1646 3422 experientia
1677 3347 1866 3420 atque
1898 3338 2257 3421 prudentia,
2280 3348 2341 3399 et

851 3442 990 3501 ait:
1011 3440 1532 3501 Animadvertite
1557 3449 1615 3499 et
1649 3440 1874 3509 videte,
1898 3439 2209 3517 quoniam
2241 3439 2339 3498 in-

848 3540 1137 3600 sidiatur
1165 3540 1370 3607 nobis,
1395 3534 1518 3601 hoc
1549 3545 1664 3614 est,
1690 3535 2086 3600 occasionem
2118 3543 2340 3599 contra

853 3656 968 3700 nos
1006 3637 1236 3720 quaerit
1281 3637 1361 3700 ad
1397 3635 1861 3700 'destruendum
1919 3650 2182 3715 regnum
2236 3653 2342 3698 no-

851 3746 1053 3799 strum
1101 3735 1401 3811 totaliter,
1444 3735 1544 3800 vel
1594 3735 1673 3796 ad
1721 3733 2124 3797 subdendum
2173 3733 2334 3795 illud

850 3855 981 3899 suae
1020 3833 1449 3916 jurisdictioni
1495 3832 1779 3896 omnino.
1817 3834 2001 3893 Misit
2033 3834 2206 3893 enim
2248 3834 2335 3892 ad

849 3957 948 3996 me
967 3955 1090 4013 pro
1133 3935 1443 3995 uxoribus
1481 3934 1660 4003 meis,
1693 3942 1752 3991 et
1779 3934 1967 4009 filiis,
1991 3941 2050 3992 et
2070 3949 2194 4008 pro
2224 3951 2333 3991 ar·

841 4043 1029 4111 yento
1058 4043 1117 4094 et
1155 4053 1317 4094 auro
1338 4057 1364 4104 ,·
1400 4041 1458 4093 et
1491 4052 1620 4091 non
1650 4031 1874 4091 abnui.
1911 4030 2036 4092 Hoc
2079 4028 2334 4092 videtur

845 4137 1068 4192 contra
1101 4130 1232 4211 jam
1280 4129 1470 4192 dicta.
1518 4126 1757 4190 Idcirco
1805 4127 2144 4209 exponitur
2185 4125 2277 4189 sic
2314 4143 2328 4188 ε

2450 3162 2731 3220 securuS,
2768 3152 2833 3206 et
2860 3143 2938 3205 de
2970 3140 3188 3205 futuro
3218 3140 3547 3223 triumpho
3591 3138 3953 3215 exsultauS,

2451 3250 2520 3305 ut
2562 3241 2616 3304 is
2659 3242 2772 3324 qui
2810 3241 2942 3322 jam
2992 3240 3325 3306 victoriam
3374 3239 3618 3315 habuit,
3650 3246 3711 3301 et
3758 3238 3959 3301 exuit

2448 3360 2623 3404 arma
2657 3358 2671 3403 ε
2706 3340 3010 3422 quoniam
3040 3347 3306 3403 eventus
3326 3337 3481 3402 belli
3506 3338 3781 3401 incertus
3808 3346 3951 3414 est,

2448 3447 2639 3521 atque
2672 3438 2737 3501 in
2782 3437 3061 3521 pendulo
3105 3437 3372 3520 posituS‚
3406 3444 3470 3499 et
3510 3434 3692 3517 pauci
3733 3452 3957 3516 quan-

2449 3539 2659 3619 doque
2686 3536 3035 3620 praevalent
3056 3535 3297 3598 multis,
3330 3534 3568 3599 Idcirco
3589 3552 3711 3597 nou
3744 3533 3956 3597 debet

2446 3655 2902 3718 congressurus
2932 3633 3368 3699 adversarium
3388 3653 3575 3696 suum
3605 3632 3955 3716 parvipen-

2445 3735 2594 3797 dere
2625 3735 2841 3797 nimiS.
2874 3733 3081 3797 Nimia
3107 3750 3364 3815 quoque
3408 3730 3711 3795 securitas
3740 3738 3800 3793 ct
3850 3731 3957 3794 in—

2445 3833 2692 3895 cautela
2720 3832 2955 3895 multos
2995 3830 3253 3912 decipit.
3290 3834 3561 3891 Factum
3594 3839 3683 3890 est
3710 3838 3951 3891 autem

2443 3953 2645 4012 quum
2674 3934 2957 3993 audisset
2977 3933 3294 3993 Benadad
3324 3931 3585 3990 verbum
3618 3930 3814 3999 istud,
3846 3931 3957 3989 bi-

2442 4031 2621 4091 bebat
2660 4032 2793 4108 ipse
2840 4049 2949 4093 rex
2979 4027 3194 4111 Syriae,
3238 4036 3299 4088 et
3335 4046 3509 4104 reyes
3546 4026 3660 4107 qui
3708 4044 3947 4089 secum

2442 4135 2645 4205 erant,
2678 4129 2751 4187 in
2781 4126 3201 4195 umbraculis,
3233 4123 3297 4186 id
3326 4132 3420 4187 est
3464 4121 3945 4205 papilionibuS,

846 4226 980 4290 Non
1012 4226 1231 4304 abnui,
1266 4227 1329 4289 id
1359 4234 1474 4303 est,
1508 4225 2002 4309 postulationem
2033 4224 2172 4306 ejus
2204 4244 2333 4289 non
2363 4225 2412 4287 D
2440 4236 2501 4287 et
2540 4229 2635 4287 ait
2675 4230 2875 4287 servis
2910 4228 3047 4286 suis
3075 4246 3098 4286 .·
3131 4227 3539 4285 Circumdate
3574 4224 3943 4285 civitatem.

846 4324 1072 4405 negavi
1103 4324 1160 4387 ei
1193 4324 1258 4386 in
1291 4330 1444 4401 toto,
1477 4324 1630 4406 quia
1673 4324 1750 4386 de
1780 4331 2041 4403 argento
2071 4332 2135 4386 et
2177 4342 2333 4386 auro

842 4423 1160 4488 consensi.
1194 4425 1642 4503 Dixeruntque
1669 4444 1884 4485 omnes
1915 4424 2188 4501 majores
2218 4444 2331 4483 na-

849 4532 940 4596 tu,
962 4533 1021 4584 et
1049 4525 1391 4585 universus
1409 4526 1691 4599 populus
1713 4525 1799 4583 ad
1827 4543 1975 4583 eum
1997 4542 2020 4582 .·
2042 4523 2193 4583 Non
2222 4542 2335 4583 au-

845 4624 993 4683 dias
1035 4642 1234 4701 neque
1272 4623 1635 4701 acquiescas
1681 4622 1789 4679 illi
1819 4640 1842 4680 .·
1873 4621 2025 4702 quia
2075 4620 2332 4702 penitus

849 4718 1368 4784 irrationabiliter
1397 4725 1461 4781 et
1490 4717 1817 4801 tyrannice
1861 4718 2052 4781 habet
2089 4738 2177 4782 se.
2210 4719 2337 4781 Ali-

847 4818 960 4901 qui
991 4827 1200 4882 tamen
1229 4816 1472 4894 dicunt,
1491 4817 1660 4898 quod
1691 4816 2014 4879 consensit
2044 4818 2236 4879 etiam
2255 4817 2335 4881 de

847 4918 1150 4981 uxoribus
1189 4926 1253 4981 θῖ
1291 4915 1473 4992 filiis,
1508 4915 1617 4978 sed
1663 4934 1792 4978 non
1833 4916 1912 4978 de
1941 4915 2331 4979 scrutatione

845 5016 1070 5080 domus
1102 5034 1362 5079 suorum
1392 5032 1744 5090 servorum,
1781 5022 1970 5095 prout
2001 5021 2207 5077 textus
2240 5015 2329 5077 vi·

845 5114 1030 5178 detur
1060 5114 1473 5197 praetendere.

922 5216 1276 5293 Respondit
1305 5215 1526 5293 itaque
1553 5212 1810 5273 nuntiis
1838 5213 2156 5273 Benadad
2176 5232 2200 5271 .·
2222 5213 2334 5272 Di-

827 5314 966 5375 'cite
993 5314 1255 5374 domino
1285 5333 1417 5375 meo
1447 5312 1585 5391 reqi
1605 5331 1627 5372 .·
1649 5312 1884 5376 Omaia
1904 5320 2171 5390 propter
2190 5330 2335 5391 quae

2444 4328 2529 4387 Ec
2558 4326 3121 4386 circumdederunt
3150 4324 3496 4384 civitatem.

2511 4427 2594 4486 Et
2613 4444 2746 4483 ecce
2758 4425 3081 4499 Propheta
3102 4442 3272 4482 unus
3292 4422 3588 4482 accedens
3606 4422 3694 4479 ad
3707 4420 3951 4480 Achab

2442 4542 2651 4599 reyem
2679 4524 2904 4583 Israel.
2931 4521 3108 4583 Hunc
3129 4518 3326 4600 aliqui
3356 4518 3579 4581 dicunt
3606 4516 3800 4579 fuisse
3826 4516 3950 4579 Mi-

2442 4622 2679 4684 chaeam
2716 4639 2730 4683 :
2765 4620 2938 4703 quod
2976 4637 3104 4682 non
3149 4618 3421 4695 videtur,
3454 4637 3654 4699 quum
3692 4618 3769 4680 de
3808 4617 3947 4682 illo
4038 4636 4094 4679 111
4126 4638 4221 4709 aq,
4305 4654 4306 4703 3

3979 4704 4229 4809 1¹32}ss

2442 4720 2614 4782 infra
2654 4727 2892 4783 asserat
2931 4717 3171 4795 Achab,
3215 4716 3349 4780 Non
3386 4716 3721 4799 prophetat
3762 4716 3945 4780 mihi

2442 4818 2704 4894 bonum,
2724 4818 2833 4879 sed
2864 4818 3101 4880 malum
3132 4815 3306 4880 omni
3337 4823 3644 4896 tempore.
3677 4818 3793 4877 Ait
3817 4818 3898 4875 ei
3918 4840 3948 4877 .·
3982 4829 4025 4867 τ.

2444 4920 2597 4978 Hoec
2625 4918 2788 4977 dicit
2813 4917 3133 4977 Dominus
3160 4936 3183 4974 .·
3217 4916 3393 4975 Certe
3422 4916 3650 4974 vidisti
3676 4932 3947 4978 omnem

2442 5018 2932 5076 multitudinem
2953 5018 3121 5075 hanc
3148 5014 3450 5075 nimiam.
3478 5014 3639 5075 Ecce
3666 5030 3775 5089 eqo
3798 5022 3948 5075 tra-

2440 5116 2597 5174 dam
2638 5114 2711 5174 in
2750 5132 3019 5173 manum
3054 5122 3233 5173 tuam
3269 5132 3434 5182 eam,
3480 5109 3601 5173 hoc
3642 5118 3758 5187 est,
3792 5128 3951 5173 om-

2440 5230 2587 5275 nem
2622 5210 3095 5275 multitudinem
3142 5210 3307 5291 regis
3349 5208 3565 5292 Syriae‚
3600 5210 3816 5280 hodie,
3858 5222 3949 5272 ut

2437 5312 2603 5372 scias
2645 5311 2804 5392 quia
2838 5330 2948 5389 eqo
2989 5330 3135 5373 sum
3172 5310 3513 5379 Dominus,
3551 5307 3770 5371 omnia
3818 5326 3949 5390 po-
