4359 6250
941 474 1061 538 400
1502 492 1847 538 mantano
1890 492 1951 536 IN
1996 491 2131 536 GAP.
2180 489 2303 536 XXV
2347 490 2506 536 unm
2547 491 2716 538 Pnnn
2757 492 2982 538 amun.
3027 511 3107 522 —
3147 494 3288 539 ΛΒΤ.
3335 493 3480 540 xum

938 666 1159 724 minus
1190 666 1263 724 in
1291 673 1485 740 caput
1511 663 1673 740 ejm,
1714 661 1779 722 id
1808 668 1928 738 est,
1963 678 2220 742 poenam
2250 659 2428 723 debi-
2460 660 2513 722 A
2537 667 2674 741 fuit
2719 676 2995 746 ucraque
3037 686 3202 727 umor
3241 667 3403 743 eju-s.
3429 665 3604 726 Tunc
3643 662 3814 726 enim
3843 663 4024 726 licita

936 768 1067 851 tam
1099 760 1158 823 ei
1190 779 1306 843 pro
1347 779 1461 822 sua
1498 759 1685 841 culpa
1725 757 1965 820 inflixit
2000 775 2014 820 ε
2060 766 2123 820 et
2154 758 2274 820 hoc
2314 757 2432 819 mi·
2538 771 2690 840 erat,
2735 765 2958 826 saltem
2994 783 3071 827 ex
3099 762 3572 845 dispensatione
3603 760 3839 834 divina,
3865 779 4021 823 uxo-

937 861 1203 925 nisterio
1234 861 1443 943 angeli
1468 859 1617 922 boni
1649 868 1755 921 aut
1788 858 2161 920 mali.'1'ales
2187 857 2428 938 quippe
2537 882 2678 925 rum
2711 863 3064 945 pluralitas,
3087 861 3290 937 Quaeri
3322 869 3758 945 potest‚quam
3789 859 4020 922 harum

935 957 1213 1022 ultiones
1243 958 1587 1039 aliquando
1621 955 1801 1020 sactae
1832 956 2133 1036 leguntur
2163 973 2277 1036 per
2318 973 2428 1016 an-
2534 961 2802 1024 duarum
2835 961 3043 1044 primo
3065 959 3508 1044 acceperit.Ad
3539 959 3710 1040 quod
3741 957 3806 1019 in
3831 956 4020 1020 Scho—

933 1056 1110 1135 gelos
1130 1054 1353 1132 bonoS,
1382 1063 1451 1117 ut
1474 1062 1645 1137 patet
1674 1055 1753 1117 de
1774 1052 2191 1118 subversione
2211 1051 2426 1114 Penta·
2534 1057 2752 1122 lastica
2797 1059 3216 1142 respondetur
3262 1056 3550 1134 historia,
3597 1056 3766 1137 quod
3813 1055 4018 1136 prima

933 1154 1137 1236 polis3
1190 1154 1572 1234 quandoque
1602 1171 1715 1235 per
1746 1151 2006 1232 angelos
2038 1149 2263 1212 malos.
2300 1149 2418 1212 Sed
2535 1157 2734 1238 ipsius
2775 1175 2932 1220 uxor
2977 1156 3101 1220 suit
3137 1156 3384 1232 Michol,
3420 1155 3698 1218 secunda
3739 1153 4010 1233 Abigail,

930 1255 1183 1318 videtur
1232 1253 1427 1319 David
1480 1254 1546 1314 in
1597 1251 1811 1317 verbis
1860 1251 1961 1312 his
2011 1249 2247 1332 gratias
2295 1249 2421 1312 Deo

929 1352 1134 1433 egisse
1153 1354 1232 1416 de
1264 1373 1393 1417 suae
1425 1354 1679 1435 injuriae
1711 1351 1975 1428 ultione,
2001 1359 2063 1413 et
2093 1350 2173 1412 de
2202 1349 2422 1412 adver—

930 1451 1081 1512 sarii
1104 1453 1202 1514 sui
1226 1451 1411 1514 ruina
1444 1451 1642 1513 fuisse
1661 1449 1944 1531 gavisu5‚
1971 1467 2169 1530 quum
2209 1456 2420 1509 tamen

750 1563 813 1592 Μ
846 1564 902 1603 ¹¹12
932 1547 998 1611 in
1031 1548 1196 1613 libro
1216 1549 1700 1612 proverbiorum
1730 1547 1997 1622 dicatur,
2033 1543 2238 1619 Quum
2260 1543 2423 1606 ceci-

635 2149 721 2193 lob
730 2153 901 2202 nmio.

636 2347 715 2389 Pe.
728 2360 822 2399 un,
838 2350 901 2392 Η.

932 1649 1095 1711 derit
1122 1648 1421 1712 inimicus
1445 1658 1611 1724 tuuS,
1630 1666 1710 1710 ne
1731 1648 2026 1729 gaudeas,
2049 1644 2203 1708 etin
2236 1643 2423 1706 ruina

930 1746 1103 1808 illius
1126 1765 1253 1809 non
1276 1745 1547 1810 exsultet
1576 1764 1684 1808 cor
1718 1753 1918 1806 tuum.
1945 1742 2414 1825 Respondctur,

2531 1255 2718 1317 tertia
2746 1255 3116 1319 Achinoam.
3151 1255 3598 1318 Verumtamen
3633 1250 3804 1314 infra
3829 1251 4016 1314 tertio

2533 1354 2795 1417 secundi
2819 1355 2968 1417 libri
2998 1354 3276 1437 capitulo
3308 1353 3560 1433 legitur,
3580 1351 3750 1432 quod
3782 1351 4014 1432 primo-
4043 1365 4264 1419 unqua„

2531 1451 2785 1531 genitus
2816 1451 3011 1516 David
3047 1449 3170 1513 ruit
3201 1449 3379 1512 filius
3401 1449 3764 1512 Achinoam.
3785 1447 3874 1509 Ex
3891 1447 4012 1512 hoc

2532 1557 2746 1612 tamen
2796 1569 2924 1614 non
2966 1549 3276 1631 sequitur,
3320 1549 3492 1630 quod
3539 1547 3650 1610 illa
3699 1545 3824 1608 fuit
3865 1557 4014 1609 ante

2533 1647 2779 1728 Abigail
2820 1650 3009 1712 ducta
3047 1667 3084 1710 a
3122 1647 3340 1712 David.

2613 1749 2782 1808 Saul
2823 1758 3041 1808 aute-m
3077 1749 3256 1807 dedic
3295 1747 3539 1807 Michol
3571 1748 3786 1822 filiam
3827 1765 4012 1804 suam

929 1847 1100 1926 quod
1144 1855 1400 1908 sanctus
1443 1845 1541 1906 vir
1585 1843 1717 1907 zelo
1766 1842 2032 1924 justitiae
2082 1849 2422 1921 congratu-
2459 1835 2506 1896 B
2533 1864 2799 1906 uxorem
2819 1848 3058 1917 David,
3081 1847 3209 1906 alii
3239 1846 3381 1905 viro
3403 1845 3632 1906 Ph-alci
3659 1845 3800 1920 filio
3831 1845 4008 1912 Lais,

928 1942 1093 2006 latus
1138 1952 1233 2008 est
1270 1944 1442 2025 justo
1484 1942 1727 2024 judicio
1757 1941 1892 2018 Dei,
1926 1948 1991 2004 et
2028 1939 2267 2004 divinae
2314 1957 2420 2020 ap·

929 2043 1166 2126 plausit
1224 2062 1417 2125 seque
1474 2040 1899 2106 conformavit
1946 2040 2234 2122 justitia),
2291 2057 2419 2102 non

932 2141 1192 2205 ultionis
1242 2160 1477 2218 amore,
1518 2141 1699 2222 juxta
1746 2141 1904 2203 illud
1953 2139 2019 2200 in
2058 2138 2196 2214 Iob,
2232 2137 2419 2201 Vide-

930 2241 1091 2303 bunt
1118 2240 1379 2321 justi,et
1407 2239 1813 2314 laetabuntur,
1834 2248 1896 2301 et
1928 2239 2234 2302 innocens
2268 2237 2418 2300 sub-

930 2338 1227 2401 sannabit
1254 2357 1362 2402 eos
1388 2362 1402 2413 3
1445 2346 1636 2419 atque
1668 2336 1733 2398 in
1765 2335 2032 2414 Psalmo,
2073 2335 2419 2404 Laetabitur

928 2436 1137 2517 justus
1167 2456 1366 2518 quum
1398 2435 1630 2501 viderit
1660 2433 2030 2499 vindictam.

1009 2537 1195 2596 Misit
1231 2554 1377 2611 erqo
1409 2537 1627 2596 David
1657 2550 1912 2614 puerOS,
1950 2544 2009 2594 ec
2051 2537 2298 2594 locutus
2325 2542 2415 2593 est

926 2634 1014 2692 ad
1043 2634 1329 2706 Abiyaic,
1364 2642 1436 2692 uc
1472 2641 1747 2692 sumeret
1785 2652 1928 2692 eam
1970 2633 2097 2691 sibi
2140 2633 2214 2692 in
2253 2651 2414 2691 uxo-

923 2751 1081 2792 rem.
1106 2733 1192 2792 Ec
1223 2739 1535 2791 venerant
1558 2731 1756 2806 pueri
1775 2730 1994 2790 David
2024 2732 2111 2789 ad
2142 2731 2411 2806 Abiyail

924 2830 997 2888 in
1034 2830 1421 2898 Carmelum,
1463 2836 1523 2886 et
1562 2829 1762 2886 locuti
1798 2835 1951 2886 sunt
1991 2829 2078 2886 ad
2106 2847 2272 2898 eam,
2318 2830 2414 2887 di-

922 2937 1125 2986 centes
1155 2946 1177 2985 .·
1198 2929 1418 2986 David
1446 2927 1625 2986 misit
1656 2943 1768 2985 nos
1797 2928 1884 2984 ad
1917 2935 1993 2995 ce,
2030 2934 2102 2985 ut
2132 2928 2411 3003 accipiat

2529 1946 2646 2022 qui
2671 1954 2810 2005 erat
2838 1948 2917 2005 de
2951 1945 3216 2006 Gallim.
3246 1944 3314 2006 ln
3344 1961 3474 2025 quo
3505 1949 3676 2024 patet
3715 1941 4012 2022 impietas

2530 2041 2676 2105 Saul
2709 2043 2775 2105 in
2807 2043 3002 2106 Deum
3033 2052 3096 2106 et
3126 2041 3508 2125 proximum,
3541 2041 3654 2123 qui
3685 2040 4008 2123 propriam

2529 2140 2735 2203 filiam
2767 2141 2970 2206 voluit
3009 2141 3217 2205 facere
3246 2140 3596 2203 adulteram
3634 2139 3844 2202 dando
3871 2157 4008 2202 eam

2525 2241 2710 2304 alteri
2759 2241 3010 2316 marito,
3063 2239 3316 2304 vivente
3360 2239 3571 2320 priore
3614 2258 3628 2302 t
3679 2255 3793 2319 per
3839 2237 4007 2319 quod

2527 2340 2719 2402 etiam
2749 2339 2933 2403 valde
2971 2337 3258 2420 peccavit
3298 2337 3363 2398 in
3395 2335 3614 2399 David.
3659 2335 3893 2398 Dicunt
3921 2343 4009 2396 ta-

2526 2456 2674 2500 men
2709 2435 2972 2513 Hebraei‚
3007 2435 3178 2516 quod
3215 2433 3419 2496 Phalti
3453 2432 3578 2496 fuit
3617 2432 3716 2498 vir
3758 2432 4010 2495 timora-

2530 2546 2650 2613 tuS,
2685 2546 2749 2600 et
2780 2535 2846 2600 in
2877 2535 3015 2616 lege
3040 2535 3306 2617 peritus,
3329 2533 3588 2615 Propter
3616 2534 3790 2614 quod
3819 2531 4010 2594 absti-

2526 2634 2667 2696 nuit
2703 2653 2741 2696 a
2779 2634 3010 2715 copula
3052 2631 3291 2695 carnali
3335 2649 3484 2693 cum
3513 2630 3765 2707 Michol‚
3801 2630 4008 2692 sciens

2523 2734 2691 2814 quod
2723 2741 2889 2796 esset
2918 2751 3067 2797 vera
3097 2751 3254 2795 uxor
3281 2731 3502 2794 David.
3535 2730 3830 2814 Magister
3859 2749 4008 2812 quo·

2521 2850 2646 2912 que
2696 2831 2763 2892 in
2811 2830 3098 2894 historiis
3142 2829 3253 2906 ait,
3307 2830 3480 2910 quod
3533 2847 3659 2891 non
3709 2829 4004 2908 cognovit

2521 2947 2682 3006 eam,
2718 2929 3022 3010 quoniam
3069 2929 3206 3010 ipsa
3247 2926 3518 3008 diligens
3563 2926 3774 2990 virum
3823 2946 4004 2989 suum

924 3033 981 3084 te
1019 3025 1147 3084 sibi
1186 3027 1257 3084 in
1302 3045 1593 3084 umorem.
1639 3021 1962 3103 Siquidem
2010 3021 2204 3103 digna
2247 3031 2402 3101 erat,
2447 3021 2492 3086 C
2522 3029 3005 3112 David‚semper
3025 3028 3280 3091 interim
3313 3027 3510 3090 tristis
3531 3026 4004 3108 suit.Josephus

920 3130 1139 3204 utpote
1169 3121 1473 3199 virtuosa,
1508 3122 1809 3204 prudenS,
1842 3120 2175 3202 eloquenS‚
2201 3122 2406 3199 diveS‚

919 3220 1207 3302 pulchra,
1242 3229 1303 3283 et
1338 3220 1595 3284 nobilis,
1626 3224 1781 3290 Quae
1809 3240 2219 3297 consumens,
2252 3224 2407 3282 ado-

918 3322 1095 3381 ravit
1117 3341 1331 3399 prona
1360 3323 1431 3381 in
1473 3331 1712 3382 terram
1734 3319 1846 3381 :id
1877 3326 1993 3395 est,
2029 3319 2229 3382 Deum
2262 3320 2410 3384 ado-

920 3418 1083 3481 ravit
1125 3418 1349 3482 devote
1391 3419 1455 3481 in
1508 3428 1738 3483 terram
1788 3427 2122 3501 prostrata,
2170 3420 2408 3500 gratias

914 3533 1107 3595 agens
1146 3517 1293 3593 De0,
1328 3516 1438 3598 qui
1474 3517 1561 3579 ita
1592 3536 1809 3580 secum
1850 3516 2194 3593 ordinavit,
2231 3519 2403 3598 quod

916 3623 1092 3679 tanto
1121 3616 1259 3681 viro
1290 3617 1636 3679 sociaretur
1666 3616 1965 3698 conjugio
2000 3638 2013 3681 :
2050 3618 2221 3698 quod
2254 3616 2407 3681 fecit

916 3732 1044 3778 non
1088 3716 1321 3779 carnali
1362 3716 1650 3792 libidine,
1685 3717 1793 3780 sed
1835 3716 2196 3799 sapientiali
2238 3736 2406 3781 reco-

912 3816 1241 3896 gnitione3
1274 3828 1333 3878 ec
1362 3820 1458 3878 αιί
1488 3818 1565 3879 ad
1599 3817 1816 3893 David,
1852 3818 2145 3898 quamvis
2187 3817 2406 3881 absen-

2519 3128 2710 3191 etiam
2742 3128 2994 3193 videtur
3035 3127 3293 3203 sentire,
3329 3127 3499 3208 quod
3544 3126 3802 3188 interim
3845 3144 4007 3189 com·

2517 3227 2795 3290 muniter
2825 3226 3153 3292 simulavit
3183 3225 3650 3302 infirmitatem,
3669 3242 3751 3287 ne
3781 3240 4004 3305 cogno-

2517 3336 2799 3391 sceretur
2825 3347 2864 3390 a
2892 3327 3119 3389 Phalti.

2615 3425 2796 3491 Circa
2837 3427 3166 3490 exordium
3215 3426 3408 3507 hujus
3456 3424 3718 3507 capituli
3771 3424 4002 3505 quaeri-

2517 3532 2638 3603 tur,
2659 3524 2934 3608 qualiter
2964 3524 3216 3587 Samuel
3248 3523 3496 3586 dicatur
3525 3522 3803 3585 edidisse
3833 3521 4000 3585 hunc

2516 3622 2750 3686 librum
2769 3624 3008 3703 Regum
3030 3623 3328 3706 primum,
3355 3621 3520 3684 sicut
3539 3628 3602 3683 et
3621 3621 3998 3696 secundum,

2513 3740 2712 3802 quum
2743 3740 2818 3784 ea
2845 3739 2988 3801 quae
3029 3728 3170 3802 post
3200 3728 3469 3782 mortem
3509 3737 3690 3780 suam
3721 3718 4002 3797 contige-

2513 3827 2681 3895 runt,
2719 3837 2845 3882 non
2877 3818 3224 3901 scripserit.
3259 3817 3353 3879 Ad
3395 3817 3564 3897 quod
3606 3816 3674 3877 in
3708 3816 3999 3879 Historiis

916 3921 1065 3990 tem,
1101 3933 1213 3995 per
1260 3914 1519 3977 nuntios
1550 3930 1562 3975 :
1600 3917 1756 3975 Eece
1780 3917 2038 3994 famula
2072 3926 2184 3976 tua
2213 3918 2299 3975 sit
2331 3918 2402 3976 in
2510 3917 2764 3996 dicitur,
2791 3918 2959 3999 quod
2991 3917 3235 3998 reliqua
3255 3914 3510 3996 scripsit
3539 3932 3708 3977 unus
3729 3914 4000 3996 prophe·-

912 4014 1252 4082 ancillam,
1284 4023 1356 4073 uc
1388 4017 1451 4073 la
1463 4022 1553 4072 vet
1570 4016 1757 4089 pedes
1784 4032 2113 4073 servorum
2140 4016 2398 4074 domini

916 4113 1059 4171 mei.
1096 4109 1282 4185 Quasi
1313 4110 1503 4187 dicat,
1546 4109 1809 4191 Indigna
1838 4129 1980 4172 sum
2024 4130 2037 4175 :
2080 4120 2143 4174 et
2174 4131 2400 4175 secun-

2513 4026 2716 4080 tarum
2739 4017 3090 4099 discipulus
3115 4016 3277 4097 ejus,
3300 4015 3484 4095 cujus
3505 4032 3667 4097 opus
3693 4014 3996 4093 magistro

2512 4115 2913 4179 adscribitur.
2955 4113 3169 4195 Aliqui
3221 4122 3430 4175 tamen
3483 4112 3706 4175 dicunt
3753 4112 3998 4174 Nathan

911 4207 1061 4270 dum
1094 4208 1375 4301 aliquam
1406 4207 1975 4271 considerationem
2009 4208 2101 4271 sic
2134 4208 2279 4271 fuit.
2317 4214 2400 4273 Et
2435 4217 2484 4278 D
2518 4213 2850 4295 scripsisse
2875 4212 3244 4293 sequentia:
3271 4228 3459 4291 quem
3487 4209 3677 4272 etiam
3705 4210 3998 4272 nonnulli

911 4308 1248 4385 fescinavit
1276 4316 1336 4368 ec
1365 4308 1653 4368 surrexit
1690 4308 1981 4383 Abiyail,
2021 4318 2081 4368 et
2112 4312 2400 4369 ascendit

909 4426 1101 4482 super
1142 4408 1431 4476 asinum,
1464 4416 1523 4466 ec
1566 4408 1852 4485 quinque
1899 4410 2133 4484 puellae
2178 4409 2397 4468 ierunt

908 4524 1057 4565 cum
1085 4525 1161 4567 ea
1182 4506 1544 4583 pedi-sequte
1572 4504 1735 4580 eju-5,
1768 4514 1827 4563 ec
1856 4515 2069 4565 secuta
2106 4516 2196 4565 est
2227 4526 2397 4566 nun.-

911 4605 1029 4663 tios
1070 4605 1312 4673 David,
1349 4613 1409 4664 et
1438 4603 1617 4679 facta
1658 4612 1747 4663 est
1786 4604 1897 4663 illi
1938 4624 2126 4664 umor.
2166 4606 2294 4664 Sed
2338 4615 2397 4665 et

908 4704 1267 4763 Achinoam
1327 4703 1570 4781 accepit
1620 4702 1838 4763 David
1884 4704 1963 4762 de
2008 4705 2287 4772 Jezrael,
2337 4714 2396 4764 et

2511 4310 2734 4373 dicunt
2767 4308 2966 4372 fuisse
3007 4307 3317 4371 Samuelis
3351 4306 3761 4388 discipulum.
3793 4305 3994 4369 Aliter

2512 4411 2949 4492 respondetur,
3001 4409 3172 4489 quod
3223 4416 3424 4470 totum
3475 4406 3842 4487 frequenter
3891 4408 3998 4471 de-

2510 4506 2875 4571 nominatur
2899 4528 2936 4570 a
2965 4516 3144 4589 parte
3165 4505 3390 4587 maj0ri
3415 4504 3670 4586 :sicque
3691 4505 3852 4568 liber
3875 4507 3994 4569 iste

2511 4606 2712 4668 fertur
2739 4626 2776 4668 a
2796 4605 3086 4669 Samuele
3113 4604 3529 4685 conscriptuS‚
3550 4604 3702 4685 quia
3719 4622 3834 4685 pro
3859 4624 3998 4685 par-

2511 4712 2570 4765 te
2601 4702 2872 4765 multum
2904 4702 3263 4785 majore‚ab
3295 4702 3434 4785 ipso
3465 4712 3562 4767 est
3590 4704 3992 4787 compilatus.
