4359 6250
860 480 978 544 738

857 668 1020 732 XXII,
1052 667 1140 723 20.
1169 666 1479 739 (Dominus
1515 667 1591 722 ad
1627 664 1842 722 Josiam
1874 665 1914 738 z)
1943 663 2242 737 Colligeris
2271 665 2347 721 ad

930 758 1264 829 sepulcrum
1312 760 1482 812 tuum
1530 755 1589 810 in
1640 772 1796 828 pace,
1838 758 1904 810 ut
1949 770 2068 810 non
2111 753 2348 810 videant

929 845 1081 902 oculi
1110 845 1195 902 tui
1226 845 1427 901 omnia
1465 844 1622 900 mala
1659 859 1790 915 quae
1827 842 2176 899 inducturus
2212 858 2343 898 sum

928 951 1102 1006 super
1130 935 1328 990 locum
1353 933 1553 1000 istum,
1583 933 1761 988 68713.

1267 1131 1288 1184 I
1325 1127 1941 1186 PARALIPOMENON.

856 1294 944 1358 IV,
976 1295 1065 1348 22.
1099 1293 1348 1349 Securus
1381 1295 1438 1348 et
1468 1291 1767 1355 Incedens,
1805 1288 1904 1360 qui
1936 1287 2228 1360 principes
2257 1285 2343 1342 fu-

925 1385 1098 1438 erunt
1126 1380 1186 1436 in
1210 1382 1392 1446 Moab,
1423 1379 1621 1436 22513’.

854 1472 918 1535 V,
945 1473 992 1526 1.
1016 1471 1268 1544 (Ruben)
1297 1487 1478 1543 quum
1502 1469 1774 1524 violasset
1801 1472 1997 1524 torum
2029 1465 2211 1538 patris
2233 1463 2341 1529 sui,

929 1562 1064 1616 data
1091 1563 1231 1616 sunt
1251 1557 1640 1632 primogenita
1664 1558 1790 1630 ejus
1810 1556 1944 1613 filiis
1963 1555 2340 1628 losephnm.

856 1649 992 1715 XXI,
1037 1651 1085 1704 1.
1125 1648 1560 1704 Consurrexit...
1595 1649 1768 1703 Satan
1813 1649 2014 1701 contra
2057 1644 2250 1708 Israel,
2290 1646 2348 1700 et

928 1737 1236 1794 concitavit
1260 1736 1440 1792 David
1469 1739 1535 1793 ut
1562 1737 1901 1793 numeraret
1921 1733 2112 1800 Israel,
2141 1733 2341 1789 572Α’.

853 1859 926 1869 -
953 1829 1004 1883 3.
1037 1825 1467 1899 Responditque
1503 1826 1642 1881 Joab
1674 1825 1772 1894 (ad
1810 1823 2014 1894 David)
2157 1824 2345 1887 Quare

927 1917 1034 1972 hoc
1071 1915 1280 1988 quaerit
1317 1915 1593 1970 dominus
1631 1930 1814 1978 meua
1850 1914 2006 1984 quod
2045 1911 2103 1968 in
2146 1927 2344 1983 pecca-

925 2009 1052 2062 tum
1081 2007 1380 2077 reputetur
1409 2003 1605 2060 Israeli
1632 2001 1658 2057 ‘l
1687 2003 1868 2059 573A.

853 2095 1090 2157 XXVIII,
1129 2095 1182 2149 9.
1223 2093 1280 2148 Si
1321 2092 1619 2164 quaesieris
1655 2091 1908 2163 (Deum),
1951 2089 2209 2146 invenies
2242 2107 2255 2145 :
2297 2089 2345 2144 si

925 2186 1121 2240 autem
1148 2180 1528 2255 dereliqueris
1553 2197 1708 2244 eum,
1735 2179 2000 2252 projiciet
2018 2181 2074 2236 te
2099 2178 2160 2234 in
2190 2182 2348 2236 aeter-

927 2289 1092 2336 num,
1123 2270 1324 2328 48613’.

855 2361 1039 2426 XXIX,
1075 2364 1124 2418 1.
1157 2360 1530 2416 Salomonem
1560 2358 1748 2414 filium
1783 2375 1984 2414 meum
2015 2374 2202 2414 unum
2234 2357 2345 2413 ele-

929 2451 1012 2524 git
1038 2451 1207 2516 Deus,
1239 2450 1431 2507 adhuc
1459 2465 1708 2522 puerum
1740 2451 1796 2504 et
1823 2447 2127 2512 tenellum,
2161 2447 2270 2503 675
2286 2447 2344 2502 C.

857 2571 924 2580 —
953 2540 1039 2612 14.
1064 2539 1184 2596 Tua
1219 2541 1358 2594 sunt
1383 2536 1584 2594 omnia
1615 2555 1628 2592 :
1661 2540 1717 2592 et
1756 2551 1886 2608 quae
1925 2538 1994 2593 de
2035 2551 2218 2592 manu
2246 2537 2347 2591 tua

927 2627 1277 2699 accepimus,
1310 2627 1583 2684 dedimus
1610 2626 1734 2690 tibi,
1767 2626 1965 2681 272D’.

859 2749 926 2758 —
971 2719 1059 2773 25.
1110 2715 1456 2772 Dominus...
1499 2716 1662 2772 dedit
1702 2714 2052 2788 (Salomoni)
2100 2713 2347 2787 gloriam

927 2804 1112 2878 regni,
1145 2804 1380 2878 qualem
1422 2804 1621 2860 nullus
1657 2803 1862 2861 habuit
1899 2805 2032 2860 ante
2071 2819 2207 2860 eum
2247 2818 2347 2859 rex

929 2894 1122 2962 Israel,
1150 2894 1256 2951 477
1266 2893 1324 2950 C.

1261 3090 1307 3146 11
1345 3088 1954 3146 PARALIPOMENON.

860 3255 923 3319 V,
963 3256 1016 3310 9.
1048 3252 1314 3309 Vectium
1351 3251 1614 3322 (arcoe)...
1656 3250 1846 3322 capita
1889 3250 2170 3322 parebant
2214 3253 2347 3307 ante

933 3342 1235 3399 oraculum
1277 3358 1291 3396 :
1339 3340 1388 3395 si
1434 3356 1570 3397 vero
1616 3340 1747 3411 quis
1794 3338 2098 3411 paululum
2149 3338 2352 3396 fuisset

931 3431 1309 3495 extrinsecus,
1340 3445 1438 3486 eos
1464 3428 1658 3485 videre
1691 3444 1808 3484 non
1841 3430 2082 3500 poterat,
2112 3427 2294 3483 6⁴51).

867 3522 951 3586 vl,
987 3523 1036 3576 1.
1069 3521 1342 3576 Salomon
1373 3518 1456 3575 ait
1485 3536 1498 3573 :
1531 3518 1814 3573 Dominus
1847 3516 2139 3589 pollicitus
2172 3521 2259 3574 est
2287 3521 2353 3573 ut

932 3610 1219 3666 habit-aret
1247 3609 1307 3664 in
1339 3606 1602 3679 caligine,
1624 3607 1732 3662 616
1746 3607 1804 3662 C.

862 3700 999 3764 XIV,
1038 3701 1122 3755 11.
1157 3698 1418 3762 Domine,
1452 3711 1570 3751 non
1601 3698 1688 3751 est
1715 3697 1870 3767 apud
1900 3699 1954 3751 te
1985 3695 2106 3751 ulla
2133 3695 2352 3751 distan-

933 3788 1032 3853 tia,
1063 3792 1262 3844 utrum
1295 3787 1353 3842 in
1385 3784 1586 3858 paucis
1614 3784 1932 3850 auxilieris,
1966 3802 2040 3841 an
2077 3784 2136 3840 in
2173 3784 2353 3858 pluri·

937 3878 1061 3942 bus,
1093 3878 1200 3933 334
1214 3876 1289 3932 C'.

1436 4070 1480 4125 Il
1521 4070 1783 4125 ESDRAE.

867 4232 1008 4296 XIII,
1057 4233 1144 4286 26.
1205 4229 1543 4286 Salomon...
1599 4228 1846 4285 dilectus
1901 4230 2018 4287 Deo
2063 4246 2168 4286 suo
2212 4234 2352 4295 erat,

939 4321 1130 4376 4770’.

1543 4516 1686 4571 JOB.

869 4679 935 4744 II,
968 4677 1015 4734 1.
1049 4679 1239 4742 Quum
1270 4677 1526 4747 quadam
1557 4675 1649 4732 die
1677 4674 1970 4731 venissent
2007 4674 2108 4729 filii
2151 4675 2270 4740 Dei,
2302 4679 2359 4732 et

853 4826 860 4837 ,
937 4770 1158 4823 starent
1183 4750 1377 4822 coram
1420 4764 1686 4827 Domino,
1715 4763 1968 4820 venisset
1999 4780 2229 4835 quoque
2259 4766 2356 4821 Sa-

936 4860 1037 4913 tan
1068 4857 1219 4912 inter
1245 4871 1360 4919 eos,
1391 4857 1521 4918 etc„
1552 4853 1750 4909 728A’.
2248 4868 2253 4871 ·

868 4978 938 4989 -·
966 4948 1020 5001 9.
1061 4944 1217 4999 Dixit
1257 4948 1450 5000 autem
1499 4942 1582 4997 illi
1631 4958 1780 4997 uxor
1825 4958 1974 4997 sua:
2111 4942 2359 4998 Benedic

941 5036 1055 5091 Deo
1085 5038 1141 5091 et
1169 5050 1413 5098 morere,
1447 5031 1642 5087 72313’.

869 5126 958 5191 VI,
995 5126 1244 5181 10.11aec
1292 5122 1440 5177 mihi
1489 5121 1563 5175 sit
1611 5120 1945 5186 consolati0‚
1986 5124 2051 5175 ut
2099 5120 2361 5191 affligens

945 5230 1038 5269 me
1066 5215 1264 5286 (Deus)
1293 5211 1508 5275 dolore,
1538 5226 1653 5265 non
1686 5212 1901 5281 parcat,
1935 5222 2040 5265 nec
2069 5208 2361 5267 contradi-

944 5318 1074 5357 cam
1105 5299 1472 5357 sermonibus
1500 5297 1714 5363 Sancti,
1747 5297 1930 5353 2801).

1900 494 2052 539 LOCA
2095 495 2148 539 S.
2196 493 2541 540 scalmum
2587 495 2901 542 PRAEGIPUA

2454 664 2542 729 IX,
2574 666 2626 720 2.
2656 666 2799 722 Vere
2826 665 2945 722 scio
2983 668 3201 738 quod...
3236 683 3351 722 non
3383 664 3735 738 justificetur
3758 665 3951 720 homo

2526 754 2881 825 compositus
2909 755 3043 818 Deo,
3076 755 3275 812 7oon‘.

2454 843 2567 906 XII,
2604 843 2689 898 12.
2722 844 2787 900 ln
2814 844 3071 916 antiquis
3107 847 3193 901 est
3230 845 3531 916 sapientia,
3568 849 3625 899 et
3660 845 3717 898 in
3750 843 3947 899 multo

2526 935 2783 1004 tempore
2815 934 3139 1005 prudentia,
3173 934 3279 989 678
3294 934 3371 988 C'.

2453 1021 2594 1084 XIII,
2630 1023 2713 1077 15.
2742 1022 2981 1078 Etiamsi
3018 1023 3218 1095 (Deus)
3253 1023 3531 1080 occiderit
3566 1039 3677 1087 me,
3708 1021 3767 1078 in
3812 1021 3951 1094 ipso

2522 1111 2785 1180 sperabo,
2814 1112 3011 1167 suss’.

2453 1199 2638 1264 XXIV,
2690 1201 2774 1255 12.
2827 1201 2975 1257 Deus
3024 1201 3276 1258 inultum
3327 1201 3485 1258 abire
3529 1217 3646 1257 non
3702 1199 3947 1273 patitur,

2524 1289 2704 1354 3471),
2735 1291 2913 1356 153Β,
2946 1291 3147 1346 50513‘.

2454 1378 2638 1442 XXXI,
2669 1380 2853 1434 26-28.
2878 1379 2934 1435 Si
2965 1379 3081 1434 vidi
3110 1379 3293 1436 solem
3324 1397 3509 1452 quum
3540 1379 3867 1452 fulgeret,...
3888 1381 3953 1434 et

2526 1467 2818 1523 osculatus
2844 1485 2975 1525 sum
3008 1485 3252 1524 manum
3284 1485 3477 1525 meam
3506 1485 3602 1525 ore
3632 1485 3790 1524 meo:
3810 1484 3951 1539 quae

2524 1558 2612 1610 est
2640 1555 2915 1627 iniquitas
2945 1557 3290 1622 maxima...,
3322 1558 3502 1613 714A.

2453 1645 2690 1710 XXXIII,
2727 1648 2809 1710 15,
2850 1647 2933 1701 16.
2974 1647 3082 1703 Per
3126 1646 3423 1703 somnium
3476 1647 3535 1702 in
3578 1645 3795 1702 visione
3846 1661 3953 1700 uo-

2526 1736 2817 1794 cturna....
2867 1735 3053 1807 aperit
3096 1735 3295 1808 (Deus)
3341 1752 3510 1792 aures
3560 1734 3835 1796 virorum,
3886 1737 3953 1790 et

2523 1823 2797 1880 erudiens
2824 1841 2924 1880 eos
2949 1825 3187 1881 instruit
3215 1825 3541 1897 disciplina,
3570 1824 3767 1880 59913'.

2453 1913 2686 1976 XXXIV,
2730 1914 2814 1978 10,
2857 1915 2941 1969 11.
2980 1915 3143 1970 Absit
3186 1932 3221 1970 a
3268 1915 3382 1971 Deo
3436 1913 3718 1985 impietaS,
3762 1917 3823 1968 et
3868 1914 3949 1968 ab

2526 2002 2933 2073 Omnipotente
2968 2003 3265 2074 iniquitas.
3296 2005 3452 2076 Opus
3490 2003 3647 2059 enim
3684 2001 3953 2057 hominis

2524 2093 2727 2146 reddet
2755 2091 2825 2154 ei,
2856 2095 2985 2156 etc..
3015 2093 3121 2148 562
3138 2093 3213 2148 C’.

2454 2180 2712 2245 XXXVII,
2752 2181 2801 2236 4.
2844 2181 2975 2236 Post
3020 2199 3157 2237 eum
3200 2181 3391 2254 rugiet
3433 2181 3672 2244 sonitus,
3718 2179 3953 2236 tonabit

2524 2285 2661 2324 voce
2692 2268 3117 2341 magnitudinis
3147 2286 3285 2334 suae,
3313 2271 3419 2326 263
3433 2271 3516 2325 Α’.

2454 2356 2613 2422 XLII,
2654 2359 2708 2412 5.
2742 2358 2956 2415 Auditu
2988 2359 3147 2415 auris
3192 2357 3389 2416 audivi
3424 2362 3497 2424 te,
3545 2375 3699 2415 nunc
3746 2361 3951 2416 autem

2527 2447 2729 2502 oculus
2760 2464 2925 2504 meus
2952 2447 3105 2504 videt
3132 2451 3207 2513 te,
3238 2449 3418 2504 728Β.

2978 2644 3420 2700 PSALMORUM.

2459 2805 2524 2868 11,
2560 2805 2645 2860 11.
2679 2804 2893 2860 Servite
2933 2805 3181 2859 Domino
3222 2804 3282 2860 in
3320 2804 3547 2871 timore,
3578 2809 3637 2862 et
3662 2805 3955 2862 exsultate

2528 2893 2580 2949 ei
2610 2910 2745 2949 cum
2776 2897 3045 2958 tremore,
3078 2894 3278 2949 562D'.

2459 2983 2546 3047 IX,
2586 2985 2639 3048 8,
2678 2985 2731 3038 9.
2774 2983 3001 3039 Paravit
3036 2983 3096 3038 in
3132 2982 3359 3054 judicio
3400 2983 3679 3040 thronum
3718 3001 3896 3041 suum
3934 3002 3951 3040 :

2530 3073 2735 3145 etipse
2764 3072 3055 3146 judicabit
3094 3072 3295 3129 orbem
3339 3076 3509 3131 terrae
3553 3073 3611 3130 in
3656 3075 3953 3147 inquitate,

2528 3164 2725 3219 26313’.

2459 3252 2643 3311 XLIII,
2680 3253 2765 3307 19.
2797 3252 3107 3308 Declinasti
3135 3254 3428 3325 (Domine)
3454 3254 3691 3310 semitas
3720 3257 3959 3309 nostras

2528 3357 2563 3395 a
2589 3340 2683 3396 via
2708 3344 2825 3403 tua,
2858 3341 2964 3396 572
2981 3341 3055 3405 C’,
3090 3343 3195 3397 729
3208 3343 3272 3398 Α.

2458 3431 2518 3496 L,
2544 3432 2597 3485 6.
2628 3429 2748 3485 Tibi
2778 3430 2882 3485 soli
2914 3431 3163 3502 peccavi,
3190 3432 3373 3487 506Α.

2460 3519 2617 3579 LVII.
2649 3520 2732 3573 11.
2757 3518 3071 3575 Laetabitur
3090 3520 3287 3591 Justus
3317 3536 3498 3592 quum
3521 3520 3729 3578 viderit
3758 3521 3955 3577 vindi-

2532 3612 2705 3671 ctam,
2735 3607 2914 3662 400ss.

2460 3697 2640 3760 LXXI,
2668 3697 2719 3750 8.
2750 3696 3159 3752 Dominabitur
3182 3698 3487 3770 (Christus)
3525 3716 3560 3755 a
3587 3699 3734 3755 mari
3764 3716 3955 3772 usque

2534 3787 2607 3842 ad
2646 3801 2807 3841 mare
2820 3802 2833 3850 ;
2866 3788 2924 3841 et
2967 3802 3003 3841 a
3046 3785 3290 3843 flumine
3328 3804 3511 3859 usque
3551 3789 3627 3843 ad
3666 3788 3959 3845 terminos

2534 3874 2690 3931 orbis
2717 3877 3025 3940 terrarum,
3058 3876 3259 3930 476D’.

2463 3964 2668 4028 LXXII,
2704 3965 2787 4019 11.
2830 3962 3111 4019 Dixerunt
3142 3980 3154 4019 :
3187 3966 3491 4029 Quomodo
3536 3964 3645 4022 scit
3684 3966 3853 4032 Deus»,
3894 3972 3961 4024 et

2458 4107 2465 4113 ,
2534 4053 2582 4108 si
2611 4056 2698 4109 est
2724 4051 2969 4108 scientia
2996 4052 3054 4107 in
3088 4052 3371 4109 Excelso?
3402 4054 3504 4109 100
3518 4055 3593 4111 C’.

2462 4173 2533 4183 -—
2567 4141 2654 4196 27.
2696 4140 3003 4197 Perdidisti
3047 4156 3252 4197 omnes
3299 4141 3397 4212 qui
3444 4141 3804 4200 fornicantur
3848 4146 3959 4201 abs

2534 4234 2607 4293 te,
2644 4230 2745 4284 120
2761 4229 2817 4284 C.

2468 4318 2695 4383 LXXIII,
2745 4319 2798 4373 6.
2844 4318 3199 4374 Exciderunt
3241 4318 3457 4391 januas
3506 4321 3629 4393 ejus
3676 4321 3953 4395 (templi),

2534 4409 2635 4463 621
2655 4408 2732 4463 C'.

2464 4497 2691 4563 LXXIV,
2722 4499 2775 4553 5.
2807 4496 2999 4553 Dixi...
3032 4496 3505 4570 delinquentibus
3534 4515 3548 4555 τ
3579 4498 3762 4556 Nolite
3794 4500 3961 4557 exal-

2534 4590 2657 4643 tare
2686 4603 2885 4651 cornu,
2916 4587 3023 4644 260
3039 4588 3095 4643 C.
3470 4644 3475 4649 .

2466 4678 2692 4741 LXXVI,
2742 4678 2775 4731 3
2822 4678 2877 4733 et
2930 4693 3049 4748 seq.
3100 4678 3160 4733 In
3218 4678 3309 4735 die
3360 4678 3751 4735 tribulationis
3808 4696 3960 4737 meae

2540 4767 2721 4822 Deum
2761 4765 3105 4837 exquisivi,..
3156 4771 3224 4849 ,et
3262 4768 3573 4825 meditatus
3610 4784 3739 4825 sum
3784 4774 3959 4827 nocte

2540 4869 2673 4908 eum
2702 4852 2873 4907 corde
2906 4868 3053 4915 meo,
3082 4856 3210 4918 etc„
3242 4855 3421 4909 5351).

2469 4942 2721 5006 LXXVII,
2752 4942 2840 4997 34.
2872 4942 3066 5005 Quum
3093 4942 3291 5013 (Deus)
3328 4942 3614 5000 occideret
3649 4960 3762 5008 eos,
3794 4960 3963 5017 quae·

2539 5030 2745 5086 rebant
2772 5046 2927 5094 eum,
2954 5032 3011 5085 et
3039 5031 3489 5097 revertebantur,
3514 5034 3586 5089 27
3602 5034 3681 5089 C’.

2454 5151 2539 5187 ¹—
2575 5120 2663 5174 66.
2713 5120 3003 5176 Percussit
3049 5118 3319 5175 inimicos
3365 5121 3621 5178 suosin
3678 5123 3965 5194 posterio-

2543 5226 2608 5264 ra
2653 5224 2667 5265 :
2718 5208 3095 5280 opprobrium
3145 5209 3565 5281 sempiternum
3616 5212 3775 5267 dedit
3820 5212 3961 5279 illis,

2543 5298 2651 5351 286
2664 5298 2747 5350 D’.
