4359 6250
578 1468 744 1511 Manli.
756 1471 843 1519 v,6.

609 1575 746 1618 Amos
761 1587 845 1625 ιιιιι

583 1644 648 1684 Η.

580 1769 844 1824 Ρὴίἱίρρ.ιιι,

583 1835 649 1874 13.

580 2068 845 2121 neuma,

584 2136 650 2176 16.

613 3349 853 3401 Manlum,

589 3442 702 3520 Iiom
709 3488 807 3526 .....
812 3478 852 3517 4.

624 4528 857 4580 Coloamn,

595 4596 636 4644 5,
657 4596 699 4636 3.

865 479 985 544 268

1503 501 1852 552 manuario
1894 503 1958 548 m
1999 502 2136 550 cAP.
2184 502 2229 549 11
2270 502 2426 548 unm
2469 502 2637 549 rium
2678 502 2901 550 amun.
2946 522 3028 534 ·-
3068 503 3211 549 ART.
3254 503 3317 549 lv

861 670 1084 751 gratiae
1111 671 1544 749 abundabant,
1563 693 1687 751 pro
1708 675 1998 750 panibus
2025 694 2088 732 se
2119 678 2355 735 locave·
2385 674 2435 736 A
2467 673 2598 736 vita
2638 684 2849 738 vestra
2890 673 3265 738 abscondita
3302 681 3398 737 est
3426 693 3571 736 cum
3602 671 3857 737 Christo
3890 672 3955 735 in

861 780 1046 842 runc,
1078 771 1336 852 quando
1377 771 1476 850 (ut
1523 778 1760 834 tactum
1810 773 1932 850 est)
1971 772 2052 833 ad
2102 773 2353 835 ruinam

865 876 1015 930 sunt
1043 868 1348 947 devoluti,
1382 878 1446 932 et
1487 887 1705 932 rursus
1750 889 1864 952 per
1907 871 2352 952 poenitentiam

864 975 1178 1030 conantur
1218 968 1295 1030 ad
1335 968 1673 1050 pristinam
1715 970 1921 1033 redire
1965 989 2353 1047 mensuram,

867 1085 1065 1147 seque
1113 1066 1477 1144 humiliant,
1515 1075 1578 1130 et
1625 1067 1883 1131 illorum
1933 1069 2354 1147 orationibuS,

867 1165 1114 1227 meritis
1143 1185 1218 1229 ac
1247 1165 1557 1229 doctrinis
1599 1177 1894 1249 quaerunt
1932 1168 2116 1231 refici
2161 1187 2233 1231 ac
2264 1169 2361 1249 ju·

869 1263 1029 1341 vari,
1091 1263 1326 1345 quibus
1383 1264 1730 1346 aliquando
1787 1266 1854 1328 in
1913 1265 2359 1348 spiritualibus

873 1360 901 1422 f
905 1371 1130 1425 nerant
1157 1363 1436 1426 ditiores,
1458 1367 1541 1426 Ec
1558 1367 1853 1443 famelici
1872 1369 2158 1427 saturati
2179 1377 2355 1428 sunt.

873 1461 1039 1523 Bene
1061 1460 1339 1525 famelici
1371 1462 1665 1544 sunt,qui
1686 1463 1976 1526 esuriunt
2005 1463 2361 1546 sitiuntque

870 1557 1206 1638 justitiam,
1243 1568 1306 1622 et
1346 1558 1580 1622 famem
1613 1560 1847 1624 habent
1890 1561 2191 1624 audiendi
2230 1580 2362 1624 ver-

874 1656 1028 1718 bum
1071 1657 1178 1720 Dei
1217 1674 1230 1719 :
1262 1657 1375 1740 qui
1421 1658 1688 1722 saturari
1731 1668 2054 1722 merentur
2084 1666 2148 1722 et
2177 1659 2359 1722 refici

873 1772 912 1816 a
959 1754 1197 1836 Spiritu
1239 1755 1487 1820 Sancto.
1539 1757 1610 1818 Hi
1662 1767 1812 1819 sunt
1852 1757 1964 1839 qui
2006 1776 2148 1838 quae
2192 1766 2361 1820 retro

2466 772 2614 836 Deo.
2640 773 2780 836 Haec
2810 773 3245 850 mortificatio,
3265 781 3363 837 est
3392 773 3695 836 vitiorum
3726 771 3957 835 exstin-

2466 871 2617 948 ctio,
2649 871 2751 934 sui
2801 871 3005 954 ipsius
3044 891 3083 935 a
3124 871 3299 934 vitiis
3352 870 3717 946 refrenatio,
3754 889 3957 932 mem-

2469 970 2727 1033 brorum
2780 969 3341 1033 scandalizantium
3388 969 3718 1045 abscissio,
3754 967 3819 1030 id
3858 975 3955 1030 est

2468 1085 2689 1131 eorum
2738 1068 2820 1130 ab
2866 1069 3043 1132 omni
3093 1087 3213 1130 usu
3271 1087 3468 1150 pravo
3514 1066 3841 1142 coercitio,
3892 1073 3955 1128 et

2468 1165 2742 1230 maxime
2763 1166 2993 1249 privati
3025 1167 3259 1230 amoris
3288 1165 3658 1247 exstirpatio
3684 1164 3952 1244 integra,

2472 1263 2561 1328 ita
2588 1273 2659 1328 ut
2688 1264 2834 1346 quis
2866 1265 3079 1329 dicere
3108 1273 3338 1346 queat:
3364 1264 3524 1328 Vivo
3554 1271 3793 1338 autem,
3821 1262 3953 1344 jam

2470 1383 2599 1428 non
2630 1381 2769 1444 egO,
2804 1363 2966 1427 vivit
2996 1381 3148 1428 vero
3178 1363 3245 1425 in
3275 1382 3378 1426 me
3405 1361 3716 1424 Christus.
3748 1362 3957 1422 Dedu-

2467 1466 2555 1524 cit
2574 1467 2662 1524 ad
2680 1465 2945 1541 inferos,
2962 1462 3127 1525 sicut
3150 1461 3505 1544 expositum
3536 1469 3654 1536 est,
3669 1467 3735 1522 et
3762 1459 3955 1522 etiam

2471 1561 2847 1644 inspirando
2876 1560 3122 1625 homini
3154 1559 3728 1624 considerationem
3764 1555 3961 1620 infcr-

2473 1660 2636 1724 nalis
2680 1659 3107 1723 damnationis
3149 1678 3222 1721 ac
3260 1676 3467 1740 poenae
3501 1665 3757 1721 aeternae
3794 1655 3962 1718 salu-

2473 1759 2693 1834 brem3
2735 1769 2795 1820 ec
2844 1760 3121 1828 reducit,
3165 1758 3375 1822 dando
3424 1755 3572 1818 vitae
3618 1754 3961 1818 eorrectio·

876 1863 1026 1915 sunt
1055 1853 1529 1932 obliviscentes,
1567 1856 1632 1917 in
1663 1855 2362 1928 anterioraextendunt
2394 1859 2438 1919 B
2474 1877 2644 1934 nem,
2665 1866 2855 1939 atque
2885 1857 3154 1920 levando
3183 1863 3464 1918 mentem
3495 1854 3575 1916 ad
3602 1852 3961 1916 coeloetium

875 1971 944 2014 se
975 1952 1168 2034 ipsoS,
1192 1971 1318 2016 non
1349 1953 1728 2016 arbitrantes
1747 1973 1816 2018 se
1837 1954 2360 2038 apprehendisse,

877 2052 988 2114 sed
1035 2050 1290 2115 assidue
1340 2053 1666 2135 proprium
1713 2052 2160 2136 imperfectum
2211 2073 2365 2136 pen-

877 2158 1112 2226 santeS,
1147 2158 1278 2214 toto
1307 2148 1552 2214 affectu
1583 2151 1839 2213 student
1870 2151 1936 2213 in
1967 2151 2145 2215 omni
2166 2151 2364 2216 virtu-

877 2255 937 2312 te
973 2247 1306 2330 proficere,
1346 2248 1746 2330 quotidianas
1791 2269 1937 2312 suas
1980 2250 2365 2314 defectuosi-

877 2355 1037 2410 tates
1067 2355 1131 2410 et
1159 2347 1380 2430 culpas
1413 2347 1734 2411 uberrime
1769 2349 2197 2430 deplorantes,
2222 2350 2363 2414 Hoec

877 2447 1092 2528 itaque
1139 2446 1566 2528 contigerunt,
1607 2451 1805 2509 donec
1852 2451 2119 2519 sterilia,
2154 2448 2220 2511 id
2270 2457 2366 2511 est

875 2547 1090 2610 anima
1116 2546 1293 2629 prius
1327 2546 1746 2624 infructuosa,
1765 2551 2018 2626 peperit
2042 2551 2367 2626 plurimos

877 2644 1122 2708 fructus
1167 2645 1519 2720 virtutum3
1562 2656 1621 2706 ec
1653 2667 1795 2726 (μω
1835 2650 2068 2707 multos
2098 2650 2367 2708 habebat

875 2747 1069 2822 filios,
1104 2745 1166 2806 id
1199 2752 1315 2821 est,
1349 2763 1495 2826 quae
1523 2752 1711 2808 antea
1740 2753 1876 2808 erat
1909 2745 1973 2807 in
2006 2745 2193 2808 bonis
2223 2746 2368 2809 acti—

878 2843 997 2905 bus
1031 2842 1324 2920 fecunda,
1361 2845 1701 2922 infirmata
1731 2853 1843 2916 est,
1875 2843 2144 2923 gratiam
2188 2845 2369 2906 amit-

880 2942 1092 3004 tendo.
1112 2942 1256 3005 Ideo
1278 2942 1493 3004 nullus
1518 2942 2049 3024 alium‚quamvis
2073 2942 2367 3024 iniquum

2476 1955 2781 2018 intuitum
2828 1954 3229 2035 gaudiorum.
3264 1955 3583 2014 Dominus
3600 1970 3963 2030 pauperem

2473 2057 2637 2137 facit
2667 2065 2727 2114 et
2751 2055 2948 2123 dicat,
2976 2053 3310 2124 humiliat,
3339 2051 3551 2113 dando
3579 2047 3833 2112 homini
3862 2066 3963 2112 ve-

2474 2171 2610 2216 ram
2642 2162 2704 2216 et
2734 2151 3044 2214 humilem
3076 2150 3174 2212 sui
3206 2149 3411 2231 ipsius
3433 2147 3957 2229 recognitionem,

2475 2251 2875 2315 infundendo
2904 2248 3284 2312 humilitatis
3313 2249 3639 2323 virtutem,
3670 2257 3731 2306 et
3758 2248 3961 2306 suble—

2476 2361 2583 2412 vat
2614 2358 2895 2412 mentem
2918 2349 2997 2410 de
3016 2347 3317 2410 vitiorum
3348 2344 3693 2428 profundo,
3712 2344 3795 2406 de
3818 2343 3959 2406 lacu

2472 2449 2771 2525 miseriae,
2804 2448 2883 2510 de
2916 2445 3460 2529 pusillanimitate,
3486 2463 3598 2527 per
3626 2442 3768 2525 spei
3800 2441 3963 2504 fidu-

2475 2548 2663 2623 ciam,
2698 2555 2762 2609 et
2792 2543 3263 2610 confessionem
3298 2543 3777 2606 remediantem.
3812 2545 3963 2602 Sus-

2474 2649 2631 2708 citat
2670 2649 2749 2707 de
2781 2649 3052 2723 pulvere
3090 2663 3389 2720 eymnm,
3428 2649 3576 2714 etc..
3622 2640 3687 2702 id
3734 2648 3853 2715 est,
3896 2638 3963 2700 in

2478 2743 2725 2806 infimis
2776 2740 3288 2822 cogitationibuS,
3332 2736 3967 2820 inquinamentisque

2476 2843 2688 2908 carnis
2719 2843 3032 2916 detentoS,
3067 2838 3375 2921 paulatim
3414 2837 3707 2920 perducit
3748 2836 3830 2898 ad
3872 2835 3968 2897 vi-

2478 2951 2606 3005 tam
2668 2940 3063 3024 spiritualem
3112 2945 3178 3001 et
3225 2945 3531 3013 sanctam,
3582 2933 3971 3017 contempla·

879 3047 989 3103 aut
1022 3039 1744 3121 negligentem‚incaute
1765 3040 2074 3122 dijudicet
2099 3051 2209 3104 aut
2229 3060 2369 3105 con·
2397 3039 2441 3102 C
2480 3041 2803 3124 tionisque
2848 3037 3117 3121 apicem,
3152 3037 3242 3099 ita
3287 3043 3355 3098 ut
3393 3035 3551 3098 tales
3593 3035 3757 3097 inter
3796 3032 3969 3096 viros

883 3146 1124 3201 temnat
1159 3156 1174 3201 :
1209 3139 1361 3221 quia
1401 3140 1519 3202 etsi
1560 3139 1751 3204 hodie
1792 3139 1905 3203 illo
1941 3140 2230 3204 fortassis
2274 3151 2371 3205 est

882 3236 1129 3314 melior,
1165 3256 1302 3300 cras
1349 3237 1563 3302 forsan
1602 3239 1724 3302 erit
1763 3239 2060 3302 deterior.
2095 3241 2240 3304 ldeo
2282 3241 2371 3303 ait

885 3334 1169 3399 Salvator
1205 3354 1218 3397 :
1254 3336 1460 3400 Nolite
1501 3336 1811 3418 judicare.
1847 3338 1923 3399 Et
1963 3338 2192 3401 Paulus
2230 3357 2244 3401 :
2278 3340 2368 3403 Tu

883 3434 1028 3516 quis
1058 3454 1148 3511 οε,
1177 3435 1288 3516 qui
1319 3436 1567 3517 judicas
1599 3436 1876 3499 alienum
1911 3441 2212 3500 servum?
2244 3438 2369 3501 Suo

884 3532 1150 3596 Domino
1181 3541 1302 3595 stat
1339 3542 1450 3595 aut
1488 3533 1676 3596 cadit.
1714 3534 1915 3597 Stabit
1957 3544 2172 3598 autem
2210 3554 2223 3598 ε
2259 3554 2371 3618 po-

885 3639 1024 3693 tens
1053 3632 1226 3695 enim
1257 3640 1354 3695 est
1383 3632 1546 3695 Deus
1577 3640 1853 3695 statuere
1881 3632 2084 3696 illum.

943 3732 1258 3791 Dominus
1278 3733 1647 3809 mortificat,
1669 3730 1900 3813 impios
1929 3733 2279 3796 occidendo
2308 3742 2372 3796 et

883 3830 1390 3906 condemnando,
1425 3850 1535 3892 seu
1569 3830 1764 3893 vitam
1795 3830 2012 3910 gratiae
2053 3850 2180 3894 non
2213 3851 2372 3913 prae-

885 3928 1130 4003 stando,
1165 3936 1274 3989 aut
1305 3926 1572 4007 gratiam
1605 3927 2008 4009 delinquenti
2043 3930 2215 4010 juste
2254 3929 2372 3994 tol-

886 4024 1112 4099 lendo;
1152 4035 1213 4086 et
1245 4028 1535 4102 vivificat
1566 4047 1588 4086 .·
1619 4026 1772 4108 quia
1808 4026 1888 4089 ab
1923 4027 2064 4109 ipso
2105 4036 2203 4091 est
2240 4029 2373 4091 vita

886 4132 1148 4199 naturae,
1185 4123 1316 4186 vita
1352 4123 1591 4204 gratiae,
1628 4134 1690 4189 et
1721 4125 1852 4189 vita
1879 4125 2119 4205 gloriae,
2153 4126 2267 4208 qui
2307 4135 2371 4189 et

2480 3140 2767 3205 heroicos
2796 3146 3192 3221 reputentur,
3210 3143 3274 3199 et
3294 3134 3471 3215 digni
3498 3134 3629 3195 sint
3649 3132 3795 3196 aliis
3815 3150 3971 3214 prae·

2478 3242 2709 3303 sidere.

2556 3341 2763 3402 Pedes
2811 3346 3181 3398 sanctorum
3229 3354 3497 3395 suorum
3542 3333 3845 3398 servabit,
3892 3340 3965 3393 ut

2480 3442 2890 3520 perseverent
2921 3454 2993 3497 ac
3025 3432 3517 3515 progrediantur
3538 3430 3605 3492 in
3638 3429 3813 3509 regia
3830 3428 3959 3505 via,

2478 3545 2540 3599 et
2594 3554 2710 3597 nec
2760 3532 3109 3595 deflectant
3156 3532 3234 3593 ad
3282 3530 3603 3593 dexteram
3652 3536 3759 3590 aut
3806 3525 3963 3588 sini-

2480 3642 2671 3695 stram
2682 3680 2696 3694 .
2712 3629 3178 3694 incessabiliter
3193 3628 3487 3710 equidem
3512 3625 3801 3705 indigent
3818 3642 3966 3687 eon-

2479 3730 2839 3794 servatione
2877 3727 3115 3803 divina,
3151 3744 3279 3807 qua
3306 3724 3430 3787 sibi
3462 3723 3789 3807 paulisper
3818 3722 3965 3785 sub—

2480 3837 2702 3905 tracta,
2728 3846 2875 3890 mox
2904 3834 3232 3890 corruunt.
3262 3827 3347 3885 Et
3370 3823 3563 3901 impii
3592 3826 3663 3883 in
3696 3824 3967 3883 temon-is

2478 3930 2910 3989 conticescent.
2962 3922 3329 3987 Obnubilati
3388 3920 3624 3985 etenim
3686 3920 3965 3983 tenebris

2482 4024 2855 4106 ignorantiae
2884 4033 2947 4087 et
2976 4040 3283 4098 errorum,
3318 4020 3689 4103 passionum
3720 4039 3795 4082 ac
3825 4018 3969 4081 viti·

2479 4145 2684 4201 orum,
2728 4130 2939 4186 tacent
2983 4130 3047 4185 et
3090 4121 3539 4184 obmutescunt
3582 4137 3621 4181 a
3668 4116 3965 4181 laudibus

887 4220 1154 4303 impium
1176 4240 1289 4303 per
1309 4223 1752 4304 poenitentiam
1775 4223 1880 4306 pie
1901 4224 2372 4289 vivificat.Mor-
2402 4226 2447 4288 D
2476 4225 2586 4288 Dei
2640 4222 2908 4299 devotiS,
2962 4221 3042 4283 ab
3098 4217 3493 4283 orationibus
3549 4216 3835 4292 fervidiS,
3882 4216 3965 4278 ab

887 4317 1092 4381 tificat
1135 4339 1394 4402 quoque
1437 4321 1802 4399 salubriter,
1836 4322 2047 4386 dando
2097 4323 2371 4387 mortifi-

885 4416 1201 4481 cationem
1228 4418 1582 4497 vivificam,
1600 4422 1680 4484 de
1710 4440 1838 4503 qua
1867 4422 1956 4483 ait
1985 4422 2325 4503 Apostolus
2352 4440 2365 4484 ε

2478 4321 2918 4386 exhortatione
2958 4318 3206 4395 idonea,
3241 4338 3279 4380 a
3307 4316 3708 4398 correptione
3739 4315 3966 4377 frater-

2480 4441 2581 4497 na,
2616 4429 2681 4483 et
2709 4420 2790 4483 ab
2821 4418 3087 4481 utilibus
3118 4416 3353 4480 verbis.
3387 4416 3463 4477 Et
3491 4416 3670 4497 juxta
3698 4414 3967 4496 Aposto-

4032 1281 4199 1324 Galat.
4224 1295 4265 1329 ιι,

3986 1345 4061 1386 20.

4018 2357 4099 2399 PB·
4114 2370 4255 2400 1111!-

3986 2423 4034 2464 3.

4012 3544 4265 3589 Deulsjss.

3994 3610 4067 3649 2³:
4086 3622 4183 3649 svn.
4204 3612 4265 3651 tt:

3994 3670 4063 3712 1⁸.
4084 3684 4187 3719 nx,
4202 3675 4265 3712 2¹.

887 4514 1258 4581 Mortificate
1287 4518 1574 4581 membra
1593 4527 1804 4583 vestra
1829 4538 1974 4602 quae
2001 4529 2152 4582 sunt
2181 4540 2371 4603 super
2479 4520 2635 4597 lum,
2656 4538 2693 4581 a
2723 4518 2987 4581 veritate
3017 4523 3311 4579 avertunt
3334 4513 3643 4590 auditum,
3668 4521 3863 4594 atque
3884 4513 3966 4574 ad
4026 4530 4067 4573 n
4086 4532 4262 4575 rem«.

887 4623 1143 4678 terram.
1179 4616 1256 4678 Et
1299 4616 1528 4680 iterum
1565 4635 1578 4679 :
1616 4618 1836 4682 Mortui
1879 4618 2051 4681 enim
2101 4619 2275 4697 estiS,
2310 4627 2373 4682 et

2482 4617 2732 4681 fabulas
2760 4622 3241 4681 convertuntur.

3998 4596 4037 4635 ὁ.
