4359 6250
113 911 342 962 Gemmx,

89 977 148 1016 32.

907 532 1256 578 mantnano
1300 533 1358 577 ΙΝ
1403 532 1538 577 CAP.
1585 531 1693 576 XIX
1738 532 1892 576 unm
1935 532 2187 577 szcuxm
2227 532 2450 578 REGUM.
2495 551 2576 560 —
2618 531 2759 576 ΛΒΤ.
2804 530 2958 577 XXIX

3356 508 3491 571 549·

373 701 586 764 decim
635 701 841 764 tribus
883 703 1293 766 continentur
1337 702 1401 764 in
1439 702 1647 778 nobiS‚
1683 711 1744 765 et
1785 701 1876 764 sic
1907 701 1957 762 A
1993 700 2230 777 futura,
2266 711 2329 765 et
2373 703 2540 764 mala
2572 702 2849 784 poenalia
2894 702 3247 783 ponderant
3274 699 3477 778 magis

373 800 617 864 deeem-
655 801 951 864 tribubus
1003 809 1063 864 te
1111 803 1398 876 excedo;
1447 821 1574 864 una
1621 820 1877 882 quoque

377 899 586 962 tribus
620 899 688 962 in
720 919 824 962 me
858 908 1178 975 contenta,
1215 901 1293 964 de
1325 900 1752 982 primogenito
1781 900 1878 962 Ja-

371 998 497 1062 cob
523 1007 623 1060 est
661 1007 829 1076 nata,
865 999 1162 1062 videlicet
1211 999 1416 1061 tribus
1447 998 1664 1061 Ruben
1693 1023 1708 1074 3
1744 1020 1879 1058 ma>-

363 1100 604 1178 9isqae
633 1100 922 1176 pertinet
951 1101 1040 1159 ad
1077 1119 1177 1158 me
1197 1101 1418 1158 David
1446 1120 1644 1178 quam
1674 1101 1763 1159 ad
1795 1109 1870 1168 te,

371 1205 642 1278 propter
687 1196 802 1259 has
846 1197 1004 1259 duas
1046 1216 1293 1274 causaS,
1328 1197 1629 1260 videlicet
1667 1196 1748 1260 ob
1783 1197 1878 1258 di-

371 1295 690 1374 gnitatem
741 1296 1262 1378 primogeniturae
1311 1304 1372 1358 et
1421 1296 1875 1359 abundantiam

372 1393 817 1455 multitudinis
849 1413 1028 1470 meae,
1064 1413 1178 1476 per
1224 1413 1416 1475 quam
1446 1395 1625 1458 valeo
1657 1395 1717 1456 ei
1747 1414 1878 1456 am-

373 1491 552 1574 plius
583 1493 930 1569 deservire,
967 1493 1034 1554 in
1078 1512 1206 1574 qua
1251 1493 1445 1556 etiam
1474 1492 1750 1574 dignitas
1785 1512 1879 1554 re-

257 1623 343 1659 m.
370 1591 474 1672 gis
505 1590 823 1668 consistit,
847 1591 1026 1673 juxta
1058 1591 1218 1654 illud
1247 1591 1694 1656 Proverbiizln
1716 1593 1879 1655 mul·
1929 1627 1934 1632 ·

371 1689 655 1752 titudine
685 1689 926 1772 populi,
946 1690 1224 1769 dignitas
1247 1690 1446 1771 regis;
1473 1690 1538 1752 in
1561 1691 1878 1773 paucitate

370 1788 610 1871 plebis,
637 1787 994 1869 ignominia
1023 1788 1357 1871 principiS.
1382 1793 1510 1851 Cur
1529 1791 1744 1870 fecisti
1767 1792 1878 1850 mi-

1987 821 2180 882 quam
2205 801 2372 863 mala
2391 801 2608 882 eulpae,
2628 818 3078 881 summumque
3098 798 3336 861 malum
3359 797 3479 859 exi-

1989 900 2251 961 stimant
2299 900 2647 982 praecipuas
2694 899 3105 961 adversitates
3145 897 3291 959 vitae
3330 915 3480 978 prae-

1989 998 2210 1074 sentiS,
2244 1017 2403 1080 quas
2448 998 2546 1062 vir
2590 1017 2739 1062 vere
2781 995 3152 1079 spiritualis,
3188 995 3477 1056 internus

1990 1105 2052 1159 et
2080 1097 2639 1178 contemplativus,
2674 1104 2967 1179 respectu
2997 1094 3308 1157 malorum
3340 1092 3477 1155 cul-

1990 1213 2087 1276 pae
2115 1215 2189 1257 ac
2222 1195 2557 1258 infernalis
2589 1195 2883 1272 miserim,
2920 1213 3035 1276 pro
3080 1192 3283 1255 nihilo
3312 1191 3479 1254 arbi-

1988 1303 2207 1356 tratur.
2228 1295 2491 1376 lnsuper
2510 1295 2694 1357 docet
2724 1313 2839 1356 nos
2871 1293 3136 1356 historia
3156 1293 3289 1366 ista,
3306 1291 3477 1372 quod

1989 1393 2240 1455 vexatio
2262 1411 2429 1475 saepe
2448 1393 2555 1455 dat
2586 1393 2981 1456 intellectum
3010 1409 3023 1453 :
3048 1391 3351 1473 quoniam
3374 1408 3479 1471 po-
3546 1412 3609 1458 [ε.
3628 1427 3771 1464 mm,

1989 1491 2179 1573 pulus
2209 1491 2398 1553 lsrael
2427 1510 2627 1572 quum
2658 1489 3101 1553 succubuisset
3131 1489 3195 1551 in
3229 1488 3449 1570 praelio
3510 1478 3575 1518 ¹⁹·

1988 1588 2419 1653 consideravit
2444 1588 2762 1652 beneficia
2791 1588 3009 1665 David,
3036 1596 3098 1650 et
3127 1587 3311 1670 petiit
3330 1607 3475 1650 eum
3508 1604 3549 1646 7.

1989 1687 2219 1751 redire.
2241 1687 2343 1751 Sic
2371 1688 2557 1750 multi
2590 1688 2654 1750 in
2688 1687 3176 1751 adversitatibus
3208 1694 3482 1769 pensant

1989 1785 2310 1849 beneficia
2336 1785 2591 1864 Christi,
2628 1786 2739 1868 qui
2776 1804 2881 1850 eos
2913 1786 2993 1848 de
3030 1786 3182 1868 jugo
3212 1784 3473 1861 diaboli,

369 1889 446 1948 hi
478 1889 833 1965 injuriam,
868 1898 928 1949 et
971 1908 1103 1948 non
1148 1889 1320 1948 mihi
1361 1891 1748 1950 nuntiatum
1788 1899 1878 1950 esc
1915 1889 1961 1950 B
1987 1886 2066 1948 de
2097 1885 2404 1949 servitute
2426 1886 2691 1968 peccati,
2712 1886 2791 1948 de
2824 1884 3154 1948 tormentis
3187 1884 3481 1946 liberavit

370 2094 596 2146 autem
619 2087 1088 2161 responderunt
1109 2086 1244 2144 viri
1259 2087 1438 2146 Juda
1456 2086 1618 2162 filiis
1637 2087 1878 2146 Israel:

285 2260 295 2270 ·
370 2201 654 2264 quorum
679 2181 874 2245 verba
904 2200 1032 2246 non
1065 2189 1215 2245 sunt
1242 2181 1581 2264 descripta.
1608 2181 1726 2244 Sed
1753 2182 1879 2245 sor-

120 2390 216 2432 Gen.
227 2405 338 2442 xux,

97 2457 152 2494 11).

93 2587 122 2630 II
135 2589 230 2644 Ray.
242 2603 284 2640 ιι,
297 2592 340 2632 ⁴.

95 4366 154 4471 311η
165 4370 318 4426 neam

143 4564 294 4611 Sennis

102 4628 334 4681 spiritualia.

370 2299 492 2342 san
543 2280 847 2343 dixerunt
891 2301 958 2344 se
1003 2281 1348 2360 digniore3‚
1380 2280 1532 2361 quia
1577 2297 1752 2360 reges
1801 2300 1878 2343 ex

370 2379 537 2441 Juda
569 2379 924 2442 nascituros
945 2379 1137 2442 Jacob
1169 2378 1480 2462 praedixit,
1497 2387 1559 2441 et
1579 2378 1702 2440 alia
1723 2379 1879 2441 mul-

373 2485 440 2538 ta
467 2476 812 2559 privilegia
854 2477 1050 2539 tribui
1083 2478 1178 2540 illi
1229 2476 1487 2540 fuerunt
1529 2476 1780 2554 collata,
1815 2486 1878 2540 et

371 2576 590 2658 primo
621 2595 816 2658 super
847 2596 915 2639 se
945 2576 1012 2638 in
1044 2595 1256 2658 regem
1290 2577 1501 2658 ipsum
1534 2576 1731 2639 David
1761 2596 1878 2638 un-

369 2683 631 2737 xerunt.
681 2673 1082 2738 Credendum
1129 2683 1342 2737 autem
1384 2673 1658 2751 videtur,
1703 2675 1875 2755 quod

371 2773 440 2835 in
475 2773 596 2836 hac
641 2773 1052 2836 contentione
1090 2773 1385 2855 superba,
1420 2772 1654 2855 puerili
1683 2781 1874 2853 atque

371 2871 617 2948 inutili,
669 2871 868 2934 David
909 2891 1016 2934 rex
1068 2871 1342 2934 libenter
1391 2870 1878 2953 interposuisset

367 2991 440 3033 se
475 2969 762 3034 medium
793 2971 870 3032 ad
903 2971 1445 3046 concordandum,
1481 2970 1592 3032 sed
1623 2989 1754 3052 prae
1782 2977 1876 3032 tu-

359 1988 612 2064 priori,
635 1996 709 2046 uc
728 1989 1096 2046 reducerem
1116 2006 1326 2064 reqem
1349 2007 1564 2048 meum
1583 1989 1878 2048 ?Durius
1990 1983 2230 2047 inferni
2257 2001 2271 2046 ε
2298 1992 2559 2067 propter
2589 1986 2759 2066 quod
2791 1985 3231 2066 deprecantur,
3258 1991 3327 2045 ut
3346 2001 3481 2063 gra-

1986 2084 2147 2147 tiose
2206 2091 2561 2147 revertatur
2618 2085 2697 2146 ad
2754 2101 2884 2146 eos,
2939 2082 3477 2157 Quemadmodum

1986 2182 2179 2246 etiam
2226 2182 2423 2246 David
2475 2182 2837 2264 specialiter
2896 2181 3221 2246 revocavit
3277 2182 3353 2244 ad
3410 2201 3479 2245 se

1986 2282 2227 2344 tribum
2265 2280 2422 2344 Juda
2464 2290 2527 2343 et
2565 2282 2881 2358 Amasam,
2916 2281 3008 2344 sic
3048 2280 3333 2344 Christus
3379 2299 3481 2343 ec-

1986 2381 2375 2445 clesiasticos
2422 2381 2594 2444 viros
2642 2400 2715 2443 ac
2767 2381 3057 2463 praelatos
3118 2380 3479 2464 specialiter

1987 2481 2355 2544 exhortatur
2390 2481 2469 2542 ad
2511 2480 2658 2543 vitae
2702 2481 3058 2556 emendam,
3094 2481 3170 2543 ad
3208 2479 3478 2560 gratiam

1987 2579 2346 2662 pristinam,
2380 2579 2457 2641 ad
2488 2578 2958 2660 praesidentiam
2988 2579 3350 2641 salutarem.

2065 2678 2144 2740 At
2185 2696 2336 2741 vero
2379 2697 2492 2760 per
2536 2677 2741 2740 Semei
2780 2677 3213 2758 designantur,
3245 2677 3357 2760 qui
3408 2678 3476 2741 in

1985 2776 2269 2840 adversis
2301 2777 2691 2858 injuriantur
2720 2776 2911 2858 justis
2943 2783 3006 2839 et
3038 2775 3475 2858 superioribus

1985 2874 2141 2952 suiS,
2165 2876 2277 2938 sed
2310 2875 2549 2938 eisdem
2583 2875 2647 2937 in
2681 2874 3003 2957 prosperis
3036 2873 3469 2952 blandiuntur,

1985 2974 2369 3056 veniamque
2400 2981 2762 3056 precantur.
2785 2973 2901 3036 Per
2927 2972 3349 3054 Miphiboseth
3380 2993 3478 3038 ve-

367 3069 584 3132 multu
615 3068 932 3152 nequivit.
967 3068 1045 3131 Et
1075 3087 1223 3133 ecce
1252 3076 1493 3151 quanta
1521 3075 1616 3131 est
1659 3068 1875 3132 incon·
1907 3073 1951 3137 C
1984 3092 2055 3137 ro
2105 3072 2511 3155 accipiuntur
2559 3071 2712 3136 boni
2765 3070 3016 3149 fideleS,
3065 3071 3178 3154 qui
3226 3070 3476 3136 Christo

366 3168 611 3231 stantia
641 3168 998 3245 hominum,
1017 3177 1256 3250 quanta
1273 3169 1669 3232 mutabilitas
1689 3187 1875 3233 even-

369 3277 556 3331 tuum
607 3268 1084 3331 bumanorum:
1128 3268 1433 3350 quoniam
1481 3268 1684 3331 tribus
1735 3269 1871 3332 istae

366 3386 516 3448 quae
560 3366 756 3448 paulo
803 3374 952 3429 ante
1004 3367 1135 3447 regi
1185 3367 1583 3430 concorditer
1626 3367 1873 3430 restite-

367 3473 544 3541 runt,
577 3466 710 3545 jam
745 3464 910 3527 inter
955 3484 1024 3527 se
1060 3466 1547 3543 contenderunt,
1581 3484 1658 3529 eo
1700 3467 1870 3547 quod

369 3582 502 3627 una
533 3582 666 3645 prae
696 3562 838 3625 aliis
881 3561 1008 3624 suit
1045 3564 1357 3627 honorata
1395 3563 1462 3625 in
1493 3564 1660 3644 regis
1692 3565 1871 3626 redu-

364 3662 610 3725 ctione.
647 3661 773 3724 Hoc
806 3678 1068 3744 quoque
1099 3663 1520 3743 pensandum,
1554 3663 1727 3744 quod
1758 3682 1871 3745 per

363 3760 562 3823 lsrael
595 3760 715 3822 hoc
757 3759 899 3823 loco
937 3760 1376 3842 intelligantur
1421 3760 1718 3823 undecim
1761 3761 1871 3823 tri-

365 3860 517 3923 bus,
553 3858 768 3921 Tertio
799 3866 1013 3921 autem
1045 3866 1108 3921 et
1138 3866 1367 3940 quarto
1406 3859 1608 3936 libris,
1645 3878 1758 3942 per
1777 3859 1873 3921 ‘ls-

365 3957 503 4020 rael
539 3956 991 4037 intelliguntur
1018 3958 1238 4020 decem
1280 3957 1483 4019 tribus
1516 3966 1659 4040 post
1690 3957 1869 4039 regni

363 4056 784 4131 divisionem,
819 4055 972 4136 quia
999 4075 1075 4118 ex
1109 4064 1258 4118 tunc
1293 4055 1496 4117 tribus
1537 4055 1866 4138 Benjamin

365 4154 644 4217 adhaesit
676 4154 871 4217 tribui
902 4154 1062 4216 Juda
1086 4171 1101 4216 ι
1126 4162 1384 4236 propter
1414 4156 1584 4235 quod
1615 4174 1730 4237 per
1762 4154 1870 4217 tri-

1982 3173 2176 3256 capiti
2209 3191 2324 3235 suo
2353 3172 2631 3254 compati
2675 3172 2951 3249 student,
2988 3179 3051 3234 et
3080 3172 3219 3253 ejus
3260 3190 3476 3236 amore

1981 3270 2288 3352 affligunt
2338 3290 2405 3334 se
2455 3270 2649 3353 ipSOS,
2684 3290 2757 3334 ac
2803 3270 2965 3334 viles
3009 3270 3473 3334 consolationes

1981 3370 2361 3452 despiciunt,
2376 3370 2529 3432 dum
2562 3368 2914 3451 spiritualis
2937 3368 3287 3431 consolatio
3307 3368 3477 3431 Chri-

1981 3468 2063 3531 sti
2113 3468 2206 3531 eis
2256 3458 2674 3544 subtrahitur,
2730 3486 2847 3529 nec
2896 3466 3195 3529 exteriori
3246 3475 3473 3529 ornatu

1982 3566 2343 3650 pompatico
2375 3586 2443 3629 se
2474 3567 2777 3629 decorant
2803 3582 2817 3627 ε
2843 3564 3079 3647 quibus
3108 3572 3320 3628 tamen
3351 3586 3474 3627 ma-

1982 3664 2138 3745 ligni
2170 3662 2616 3745 multipliciter
2642 3661 3098 3743 obloquuntur.
3121 3661 3213 3723 Ex
3233 3662 3352 3725 hoc
3374 3664 3473 3725 de-

1980 3783 2177 3840 mum,
2201 3762 2370 3843 quod
2394 3760 2591 3824 David
2622 3760 2956 3824 occasione
2988 3759 3153 3822 Sibae
3183 3761 3471 3842 peccavit
3502 3775 3683 3819 man

1979 3871 2106 3925 tam
2137 3860 2437 3942 graviter,
2472 3867 2719 3923 constat
2761 3878 2952 3941 quam
2984 3858 3229 3923 vitandi
3258 3879 3332 3923 ac
3362 3880 3471 3943 pe-

1979 3960 2238 4023 riculosi
2270 3958 2400 4021 sint
2428 3959 2812 4021 detractores
2832 3965 2896 4019 et
2916 3957 3275 4020 adulatores
3304 3958 3471 4040 prin-

1978 4058 2230 4141 cipibus
2262 4076 2334 4120 ac
2374 4056 2672 4139 praelatiS.
2704 4056 2896 4119 Porro
2936 4074 3013 4119 ex
3055 4056 3469 4137 responsione

1978 4166 2040 4220 et
2075 4156 2244 4219 lacto
2280 4154 2578 4219 Berzellai
2610 4155 3164 4236 reprehenduntur
3194 4153 3467 4235 antiqui,

370 4254 531 4316 bum
565 4253 725 4315 Juda
757 4252 1204 4333 intelliguntur
1235 4252 1326 4315 ibi
1356 4254 1497 4316 duae
1527 4253 1730 4315 tribus
1761 4261 1870 4317 aut
1901 4261 1950 4322 D
1979 4256 2088 4338 qui
2121 4274 2250 4319 non
2273 4255 2567 4318 obstante
2596 4253 2775 4316 senio
2806 4272 2943 4331 suo,
2970 4253 3175 4316 adhuc
3204 4253 3473 4317 moliun-

323 4404 336 4424 ,
365 4361 524 4429 treS,
573 4352 728 4434 quia
773 4360 838 4415 et
886 4350 1094 4414 tribus
1130 4352 1281 4415 Levi
1328 4352 1422 4415 eis
1472 4352 1755 4430 adhaesit,
1801 4361 1872 4415 ut

366 4450 544 4514 infra
574 4449 867 4513 habetur.

454 4548 888 4632 Spiritualiter
917 4568 992 4611 ex
1023 4549 1145 4612 isto
1184 4550 1524 4613 edocemur
1563 4550 1865 4631 capitulo,

365 4648 668 4729 exemplo
699 4646 903 4710 sancti
945 4647 1163 4725 David,
1198 4648 1581 4729 deplangere
1619 4666 1726 4711 eos
1758 4648 1869 4729 qui

363 4750 436 4811 in
470 4753 734 4829 peccato
765 4745 1130 4808 moriuntur
1168 4747 1442 4824 mortali,
1477 4755 1540 4809 et
1571 4747 1872 4828 improvi-

364 4866 438 4909 se
469 4864 583 4919 seu
627 4842 756 4907 alio
800 4845 990 4908 modo
1034 4844 1100 4905 in
1139 4844 1270 4907 suis
1311 4845 1690 4908 occiduntur
1729 4864 1872 4928 pec-

364 4943 532 5008 catis
568 4960 582 5005 :
620 4943 687 5005 in
717 4942 954 5024 quibus
988 4941 1574 5025 incomparabiliter
1605 4944 1748 5027 plus
1771 4944 1874 5007 do-

365 5044 562 5107 lenda
605 5050 704 5105 est
745 5060 917 5104 mors
962 5042 1192 5106 animae
1237 5042 1644 5126 sempiterna,
1678 5063 1871 5125 quam

365 5161 544 5205 mors
591 5140 944 5224 corporalis
993 5140 1396 5205 brevissima.
1430 5142 1544 5205 Per
1573 5141 1727 5205 Joab
1774 5161 1875 5205 ve-

367 5259 443 5303 ro
475 5240 928 5319 intelliguntur
960 5239 1254 5303 homines
1287 5240 1598 5318 carnaleS‚
1619 5241 1876 5303 munda-

371 5340 468 5417 ni,
507 5338 622 5421 qui
672 5337 1012 5420 praesentia
1047 5339 1384 5402 attendunt
1430 5338 1642 5421 potius
1681 5358 1873 5421 quam

1979 4363 2083 4416 tur
2120 4354 2374 4437 placere
2414 4351 2841 4433 magnatibuS‚
2874 4360 2939 4415 et
2984 4369 3357 4431 magnorum
3404 4372 3471 4415 se

1981 4455 2278 4533 ingerunt
2308 4451 2525 4528 curiiS,
2562 4460 2753 4533 atque
2797 4451 2863 4513 in
2895 4451 3187 4515 delicatis
3216 4450 3380 4515 cibis
3410 4461 3473 4515 et

1980 4552 2257 4635 potibus,
2311 4551 2377 4613 in
2428 4550 2693 4613 canticis
2745 4558 2809 4612 et
2856 4549 3119 4612 musicis
3167 4551 3470 4614 delectari

1979 4650 2343 4732 exquirunt,
2379 4668 2580 4731 quum
2608 4649 2740 4730 jam
2785 4648 3176 4730 poenitentiae
3209 4648 3471 4713 fletibus

1979 4758 2042 4813 et
2072 4747 2471 4811 meditationi
2502 4746 2725 4810 mortis
2756 4746 3011 4809 assidue
3041 4746 3346 4811 deberent
3376 4748 3472 4812 in-

1980 4848 2226 4910 sistere.
2260 4846 2711 4909 Verumtamen
2743 4844 2997 4925 regibus
3043 4845 3193 4908 licet
3236 4847 3471 4911 talibus

1980 4946 2273 5009 melodiis
2304 4952 2495 5026 atque
2514 4944 2757 5007 solatiis
2778 4961 2894 5025 pro
2917 4944 3307 5009 recreatione
3326 4967 3471 5010 cum

1981 5044 2416 5108 moderamine
2443 5042 2558 5119 uti,
2594 5042 2748 5123 quia
2776 5040 3047 5104 diversis
3078 5043 3249 5105 curis
3284 5052 3474 5127 atque

1982 5138 2286 5207 oneribus
2318 5140 2722 5220 affliguntur,
2748 5148 3124 5221 premuntur
3152 5149 3214 5203 et
3247 5142 3477 5206 disten-

1982 5242 2241 5303 duntur.
2274 5240 2615 5314 PostremO,
2650 5257 2766 5320 per
2795 5238 3264 5301 contentionem
3299 5241 3474 5305 illam

1991 5339 2249 5401 stultam
2289 5356 2362 5400 ac
2404 5336 2701 5401 frivolam
2746 5334 2911 5398 inter
2948 5334 3183 5398 tribum
3217 5338 3376 5403 Juda
3414 5350 3478 5404 et

3457 1538 3472 1564 ’
3508 1537 3543 1582 ΙΙ
3554 1538 3772 1594 Benarni,

3688 3778 3761 3827 ηδ.
