4359 6250
1047 538 1394 586 mannum
1437 539 1498 584 ΙΝ
1544 538 1680 585 cAP.
1727 538 1747 581 l
1789 538 1947 583 unm
1985 536 2186 583 TEnTu
2227 535 2449 582 REGUH.
2495 556 2576 566 —
2618 535 2760 582 Am.
2807 536 2828 581 1

2530 478 2561 499 ἱ

3354 514 3474 578 585

465 714 668 773 Dia-it
695 714 916 791 itaque
947 712 1214 775 Nathan
1253 713 1342 771 ad
1379 712 1717 773 Bethsabee
1755 730 1887 771 ma·
1915 707 1965 769 A
1998 710 2126 769 lius
2171 729 2346 769 meus
2384 711 2693 770 Salomon.
2723 717 3079 785 peccatores
3108 728 3131 767 .·
3163 705 3227 768 id
3268 710 3387 781 est,
3420 704 3474 767 si

382 820 554 871 trem
605 812 1029 871 Salomonis:
1065 812 1242 873 Num
1292 812 1542 871 audisti
1583 812 1754 889 quod
1791 830 1887 869 re-

369 912 693 986 ynaverit
721 912 1016 972 Adonias
1044 912 1226 988 filius
1259 912 1574 987 IIagyyith,
1595 919 1653 970 et
1681 912 1888 969 domi-

377 1030 514 1069 nus
545 1019 761 1070 noster
788 1011 1008 1070 David
1036 1012 1150 1069 leoc
1181 1010 1438 1085 iqnorat
1456 1011 1486 1067 ?
1515 1011 1712 1069 Nunc
1739 1028 1884 1085 erqo

379 1112 564 1181 veni,
599 1110 816 1185 accipe
843 1109 1186 1169 consilium
1218 1129 1258 1168 a
1289 1128 1408 1179 me,
1442 1116 1500 1166 et
1529 1111 1713 1168 salva
1743 1109 1886 1167 ani-

379 1228 566 1268 mam
601 1218 805 1278 tuam,
828 1209 1086 1287 filiique
1117 1207 1217 1267 tui
1245 1207 1632 1276 Salomon-is,
1669 1205 1730 1267 id
1765 1214 1882 1282 est,

379 1314 446 1368 te
475 1306 685 1387 ipsam
708 1313 772 1367 et
795 1304 1008 1368 filium
1032 1313 1208 1367 tuum
1236 1322 1552 1387 praeserva
1575 1322 1614 1365 a
1640 1313 1879 1367 morte:

375 1404 541 1485 quia
574 1404 630 1467 si
661 1404 940 1466 Adonias
971 1411 1113 1486 post
1149 1402 1345 1467 David
1375 1402 1755 1482 regnaverit,
1794 1400 1886 1464 fa-

375 1504 512 1567 ciet
545 1512 606 1567 te
629 1503 833 1567 occidi
868 1510 1170 1584 tanquam
1194 1502 1567 1579 adulteram,
1588 1509 1652 1565 et
1672 1501 1884 1565 filium

377 1612 571 1665 tuum
605 1611 907 1684 tanquam
941 1600 1242 1664 adulterae
1273 1601 1539 1684 prolem,
1561 1600 1662 1665 vel
1692 1600 1885 1663 aliam

375 1710 610 1765 contra
659 1719 805 1763 eum
855 1708 1098 1782 quaeret
1145 1699 1546 1762 occasionem
1596 1700 1674 1762 ad
1723 1700 1884 1763 occi-

375 1802 692 1863 dendum.
737 1803 907 1862 Vade
946 1809 1006 1860 et
1052 1802 1387 1875 inyredere
1429 1801 1516 1858 ad
1558 1818 1794 1875 reqem‚
1824 1810 1883 1859 et

1995 806 2363 888 permiseris
2385 805 2693 869 Adoniam
2727 806 2840 869 tibi
2874 806 2939 867 in
2968 821 3164 885 regno
3195 803 3480 867 succede-

1996 924 2084 981 re,
2117 904 2256 988 ipse
2287 912 2347 967 te
2375 904 2677 968 defuncto
2708 904 2969 985 objiciet
2994 902 3152 966 mihi
3183 902 3481 965 adulterii

1995 1004 2261 1081 crimen,
2293 1013 2355 1067 et
2395 1003 2793 1067 Salomonem
2840 1002 3031 1065 faciet
3074 1000 3377 1076 accusari,
3411 1008 3483 1063 ut

1995 1103 2243 1166 occidat
2273 1121 2387 1166 nos
2416 1102 2658 1179 ambOS‚
2680 1102 2860 1184 quasi
2886 1101 3070 1163 aliter
3089 1119 3218 1163 non
3249 1100 3333 1162 sit
3360 1118 3483 1182 pax

1997 1203 2063 1264 in
2095 1202 2551 1265 communitate
2583 1200 2930 1283 possibilis

2073 1304 2308 1362 Adhuc
2348 1303 2467 1361 illa
2510 1306 2800 1381 loquente
2837 1320 2983 1360 cum
3015 1318 3181 1375 reye,
3212 1300 3479 1359 Nathan

1985 1402 2299 1477 propheta
2332 1402 2527 1459 venit.
2561 1401 2647 1460 Et
2678 1400 3153 1460 nuntiaverunt
3188 1398 3345 1474 reyi,
3380 1398 3482 1456 di-

1993 1509 2195 1559 centes
2215 1519 2237 1558 .·
2259 1500 2457 1559 Adest
2488 1500 2757 1561 Nathan
2779 1498 3117 1575 propheta.
3147 1498 3483 1575 Qzaeumque

1993 1599 2317 1657 introisset
2356 1599 2426 1657 in
2465 1607 2797 1673 conspectu
2836 1598 3029 1673 reyis,
3060 1606 3119 1657 et
3158 1598 3481 1656 adorasset

1993 1716 2138 1755 eum
2161 1714 2410 1773 pronus
2442 1696 2513 1754 in
2549 1704 2813 1766 terram,
2834 1696 3011 1755 dixit
3035 1696 3346 1756 Nathan:
3366 1696 3483 1753 Do-

1997 1794 2168 1853 mine
2207 1795 2302 1853 mi
2341 1814 2477 1864 reat,
2514 1803 2581 1854 tu
2622 1795 2858 1855 dixisti
2888 1814 2911 1853 .·
2942 1795 3235 1855 Adonias
3265 1801 3482 1869 reynct

373 1903 494 1960 dic
523 1920 548 1959 .·
581 1901 814 1961 Nonne
865 1908 956 1970 tu,
1003 1900 1266 1959 domine
1314 1899 1409 1957 mi
1456 1918 1597 1967 rex,
1626 1899 1883 1974 jurasti
1919 1897 1965 1960 B
1987 1902 2128 1971 post
2188 1912 2312 1962 me,
2359 1902 2419 1953 et
2478 1894 2611 1969 ipse
2666 1896 2877 1953 sedeat
2932 1912 3125 1969 super
3178 1893 3479 1951 thronum

377 1999 556 2058 mihi
599 1998 861 2058 ancilla».
909 2006 1058 2065 tuce,
1087 1998 1328 2066 dicens,
1363 1999 1533 2074 quod
1576 1999 1880 2057 Salomon

371 2099 569 2173 filius
605 2106 777 2166 tuuS,
811 2112 848 2157 o
877 2092 1246 2169 Bethsabee,
1272 2096 1564 2170 reynabit
1585 2104 1730 2172 post
1759 2116 1877 2165 me,

370 2206 437 2255 et
469 2198 608 2273 ipse
638 2195 875 2254 sedebit
903 2194 976 2253 in
1005 2194 1162 2252 solio
1193 2212 1326 2252 meo
1349 2193 1378 2252 ?
1407 2191 1523 2255 Ubi
1557 2192 1656 2255 vel
1689 2211 1882 2274 quan-

371 2294 462 2355 do
495 2292 696 2355 David
730 2292 849 2355 hoc
886 2291 1126 2373 juravit
1155 2289 1522 2367 Bethsabee,
1557 2289 1881 2372 Scriptura

373 2407 512 2452 non
561 2388 782 2466 refert,
819 2388 930 2450 sed
975 2388 1230 2468 cognita
1273 2387 1600 2451 voluntate
1628 2388 1736 2450 Dei
1770 2407 1881 2470 per

371 2488 630 2550 Nathan
680 2489 759 2550 de
810 2486 1164 2549 Salomonis
1216 2486 1616 2569 promotione
1657 2487 1735 2549 ad
1786 2505 1880 2550 re-

371 2604 606 2665 gnum,
657 2585 966 2649 indicavit
1014 2585 1135 2648 hoc
1183 2592 1470 2667 tempore
1517 2593 1879 2667 opportuno

373 2685 507 2766 ipsi
542 2684 912 2758 Bethsabee,
947 2691 1011 2746 et
1050 2684 1289 2764 juravit
1333 2684 1392 2746 ei
1435 2704 1504 2746 se
1549 2683 1636 2745 ita
1679 2682 1879 2746 factu-

374 2804 548 2847 rum.
588 2787 802 2852 Quare
830 2802 976 2859 erqo
1008 2792 1237 2859 reynat
1264 2784 1559 2844 Adonias
1582 2785 1611 2843 ?
1640 2784 1726 2843 Et
1763 2786 1878 2843 ad·-

371 2887 508 2945 huc
541 2884 636 2942 ibi
667 2892 723 2943 te
754 2886 1046 2961 loquente
1083 2902 1229 2942 cum
1271 2901 1436 2959 reae,
1469 2901 1578 2958 eqo
1619 2884 1878 2942 veniam

361 2992 517 3060 post
551 2991 630 3053 te,
663 2991 724 3042 et
753 2982 1070 3057 complebo
1099 3000 1414 3041 sermones
1446 2990 1604 3041 tuos.

1991 2012 2205 2052 meum
2226 1994 2257 2051 ,2
2285 1990 2698 2072 Interrogatio
2736 1998 2853 2067 est,
2892 1989 3076 2072 quasi
3118 1989 3287 2052 dicat
3322 2006 3336 2050 ε
3370 1988 3479 2050 Mi-

1993 2108 2132 2150 rum
2163 2089 2217 2150 si
2250 2089 2369 2152 hoc
2400 2089 2641 2166 dixisti,
2675 2107 2873 2169 quum
2914 2107 3031 2169 ego
3062 2108 3137 2151 ex
3171 2088 3280 2150 Dei
3322 2106 3479 2169 proe-
3528 2106 3770 2162 naemu,

3506 2173 3767 2283 aaa:

1991 2295 2051 2350 te
2083 2287 2473 2369 praesidebit.
2496 2290 2664 2358 Quia
2686 2289 3011 2349 descendit
3042 2290 3251 2358 hodie,
3274 2296 3333 2347 et
3364 2288 3475 2348 im·
3506 2300 3547 2348 9,
3572 2298 3635 2340 ιο.

1989 2197 2174 2269 cepto
2207 2189 2624 2253 reve-laverim
2656 2188 2795 2265 tibi,
2816 2189 2987 2270 quod
3009 2187 3302 2251 Salomon
3336 2196 3479 2270 post

1991 2389 2259 2447 molavit
2290 2390 2467 2447 boves
2498 2398 2556 2448 et
2583 2388 2887 2465 pinquia,
2920 2397 2979 2448 et
3010 2388 3241 2447 arietes
3262 2388 3479 2465 pluri-

1990 2506 2145 2557 mos,
2184 2495 2244 2546 et
2292 2488 2544 2547 vocavit
2592 2488 2926 2547 universos
2976 2487 3147 2564 filios
3198 2487 3391 2563 reyis,
3420 2495 3479 2546 et

1978 2586 2314 2661 principes
2355 2586 2695 2657 emercitus,
2738 2586 3063 2646 Abiathar
3099 2604 3345 2665 quoque
3380 2606 3481 2645 sa-

1987 2685 2320 2744 cerdotem.
2341 2685 2612 2761 Illisque
2642 2686 3032 2744 vescentibus
3050 2694 3109 2744 et
3129 2685 3479 2744 bibentibus

1987 2802 2203 2843 coram
2224 2802 2315 2855 eo,
2338 2793 2397 2843 et
2414 2785 2797 2857 dicentibus,
2822 2784 3011 2843 Vivat
3030 2805 3147 2844 rea·
3160 2786 3478 2855 Adonim,

1988 2903 2085 2942 me
2121 2902 2379 2941 servum
2420 2892 2627 2954 tuum,
2658 2892 2719 2943 et
2749 2886 2959 2944 Sadoc
2984 2886 3392 2955 sacerdotem,
3419 2892 3480 2943 et

1989 2982 2315 3041 Banaiam
2345 2982 2567 3057 filium
2595 2983 2941 3050 Joiadoe,et
2960 2984 3367 3043 Salomonem
3386 2982 3481 3059 fa-

457 3083 764 3159 Inyressa
792 3089 882 3141 est
914 3081 1134 3160 itaque
1165 3081 1504 3140 Bethsabee
1542 3082 1630 3140 ad
1666 3099 1875 3158 reyem
1912 3076 1956 3142 C
1987 3082 2239 3140 mulum
2272 3089 2457 3141 tuum
2485 3099 2615 3142 non
2648 3081 2917 3141 vocavit.
2938 3080 3283 3160 Numquid
3310 3100 3350 3140 a
3378 3082 3481 3141 do-

371 3183 448 3240 in
482 3181 803 3240 cubiculo,
826 3182 970 3240 Rem
997 3189 1214 3238 autem
1243 3188 1542 3239 senuerat
1571 3181 1795 3250 nimis,
1817 3189 1876 3240 et

369 3279 624 3354 Abisag
671 3278 1042 3338 Sunamitis
1093 3279 1508 3338 ministrabat
1555 3278 1636 3337 ei.
1675 3280 1877 3338 Incli-

369 3377 568 3437 navit
595 3395 660 3436 se
689 3377 1056 3444 Beth-sabee,
1086 3385 1146 3436 ct
1175 3377 1478 3436 adoravit
1515 3395 1747 3450 reyem.
1771 3379 1878 3436 Ad

367 3497 580 3556 quam
629 3496 748 3535 rex
777 3495 800 3534 .·
833 3477 1008 3543 Quid
1057 3476 1174 3534 tibi
1215 3476 1488 3554 (inquit)
1537 3476 1632 3534 vis
1663 3477 1692 3535 ?
1727 3478 1878 3544 Quce

368 3577 793 3653 respondens,
833 3575 931 3634 ait
963 3595 984 3632 .·
1017 3575 1288 3634 Domine
1337 3575 1433 3633 mi
1478 3594 1619 3643 rem,
1663 3584 1732 3635 tu
1764 3576 1879 3652 ju-

369 3674 546 3733 rasti
575 3692 700 3750 per
739 3674 1096 3733 Dominum
1142 3673 1348 3731 Deum
1393 3681 1578 3732 tuum
1619 3675 1878 3734 ancillae

371 3781 510 3832 tuae
552 3788 576 3831 .·
625 3773 934 3832 Salomon
980 3772 1166 3848 filius
1217 3780 1364 3831 tuus
1405 3773 1700 3847 reqnabit
1735 3782 1878 3850 post

371 3891 500 3941 me,
532 3879 595 3930 et
639 3871 777 3947 ipse
817 3869 1055 3929 sedebit
1101 3871 1173 3928 in
1217 3871 1375 3928 solio
1419 3889 1575 3930 meo,
1625 3872 1705 3931 Εἰ
1745 3891 1879 3930 ecce

370 3989 558 4029 nunc
587 3968 881 4028 Adonias
920 3977 1169 4044 reynat,
1207 3977 1283 4038 te,
1317 3969 1576 4028 domine
1607 3970 1700 4028 mi
1735 3989 1874 4040 rex,

370 4069 743 4144 iynorante.
771 4069 1086 4128 Mactavit
1113 4068 1292 4126 boves
1320 4077 1378 4126 et
1400 4069 1684 4144 pinquia
1715 4089 1880 4146 quoe-

1985 3179 2163 3238 mino
2194 3197 2329 3238 meo
2358 3197 2501 3256 reye
2526 3181 2734 3240 exivit
2764 3179 2879 3238 hoc
2908 3181 3197 3249 verbum,
3226 3188 3286 3239 et
3314 3180 3482 3240 mihi

1985 3297 2116 3337 non
2147 3279 2461 3338 indicasti
2488 3297 2665 3337 servo
2699 3288 2805 3338 tuo
2834 3280 2979 3357 quis
3016 3297 3301 3338 sessurus
3326 3287 3480 3338 esset

1982 3397 2176 3454 super
2200 3379 2503 3438 thronum
2522 3378 2778 3436 domini
2798 3379 2925 3436 mei
2948 3379 3115 3454 reyis
3130 3387 3274 3454 post
3291 3381 3480 3438 eum?

1985 3475 2170 3557 quasi
2210 3475 2379 3538 dicat
2414 3492 2427 3536 ε
2462 3474 2751 3537 Absurda
2780 3494 2879 3538 res
2918 3483 3034 3552 est,
3068 3477 3243 3557 qnod
3277 3485 3337 3540 te
3373 3497 3479 3540 ne-

1987 3574 2227 3636 sciente
2247 3582 2438 3654 atque
2460 3573 2731 3650 vivente,
2747 3575 3151 3657 usurpaverit
3176 3575 3296 3638 sibi
3321 3576 3479 3639 Ado-

1988 3673 2124 3736 nias
2157 3672 2394 3754 regiam
2426 3671 2823 3751 dignitatem.

2066 3775 2150 3833 Et
2181 3774 2512 3850 respondit
2542 3793 2659 3832 rea:
2688 3775 2932 3843 David,
2964 3775 3181 3834 dicens
3203 3795 3226 3834 .·
3261 3777 3479 3836 Vocate

1985 3875 2073 3932 ad
2101 3891 2201 3932 me
2218 3873 2587 3941 Bethsabee,
2616 3890 2758 3953 quae
2791 3869 2979 3934 finito
3012 3889 3127 3934 suo
3158 3891 3473 3950 sermone,

1985 3970 2182 4033 exivit
2212 3968 2379 4050 regis
2411 3969 2801 4032 cubiculum.
2838 3973 2989 4039 Quae
3017 3991 3221 4050 quum
3248 3973 3477 4052 fuisset

1987 4072 2277 4146 inqressa
2306 4089 2521 4130 coram
2553 4089 2715 4146 reye,
2752 4079 2813 4130 et
2840 4073 3105 4129 stetisset
3133 4080 3282 4130 ante
3302 4091 3472 4142 eum,

368 4185 526 4244 que,
555 4177 614 4225 et
646 4166 879 4225 arietes
900 4167 1252 4242 plurimos,
1282 4176 1342 4225 et
1378 4167 1626 4226 vocavit
1666 4187 1878 4226 omnes
1971 4170 2239 4246 juravit
2286 4190 2403 4228 rem
2446 4177 2506 4228 et
2552 4170 2650 4229 ait
2694 4189 2717 4230 .·
2764 4171 2937 4229 Vivit
2984 4171 3323 4240 Dominus,
3360 4173 3478 4250 qui

367 4265 552 4343 filios
581 4266 778 4341 reyis,
807 4265 1131 4324 Abiathar
1168 4284 1418 4343 quoque
1459 4269 1876 4336 sacerdotem,
1908 4268 1956 4330 D
1983 4270 2160 4328 eruit
2202 4269 2497 4327 animam
2540 4287 2749 4328 meam
2792 4270 2872 4327 de
2917 4269 3097 4328 omni
3142 4272 3475 4344 anqustia,

367 4373 432 4424 et
484 4364 644 4423 Joab
685 4363 1058 4440 principem
1108 4363 1421 4434 militioe,·
1468 4365 1876 4424 Salomonem

368 4470 594 4522 autem
631 4481 890 4520 servum
926 4470 1112 4521 tuum
1143 4481 1270 4521 non
1305 4463 1574 4522 vocavit.
1617 4463 1877 4524 Verum-

373 4569 618 4631 tamen,
651 4561 913 4620 domine
955 4561 1050 4618 mi
1092 4579 1234 4628 reat,
1267 4561 1334 4620 in
1381 4569 1437 4618 te
1475 4561 1647 4619 oculi
1683 4562 1877 4638 respi-

369 4661 564 4718 ciunt
597 4659 791 4718 totius
821 4661 1049 4729 Israel,
1085 4668 1157 4718 ut
1185 4659 1431 4718 indices
1459 4660 1576 4728 eis,
1607 4661 1753 4738 quis
1786 4681 1876 4720 se-

367 4761 527 4817 dere
564 4757 788 4816 debeat
831 4758 904 4817 in
939 4759 1100 4817 solio
1143 4767 1274 4825 tue,
1305 4759 1562 4817 domine
1602 4760 1697 4817 mi
1733 4779 1871 4830 νοω,

361 4865 514 4932 post
560 4864 636 4914 te.
673 4853 862 4927 Quasi
907 4853 1077 4916 dicat
1111 4872 1125 4916 :
1160 4853 1457 4928 Quamvis
1503 4856 1635 4937 Jam
1685 4857 1872 4919 multi

369 4953 508 5016 sint
537 4971 688 5014 cum
720 4951 985 5028 Adonia‚
1010 4952 1432 5015 communitas
1468 4962 1674 5016 tamen
1718 4975 1874 5036 prae-

367 5049 648 5113 stolatur
671 5070 708 5112 a
738 5057 801 5112 te
831 5049 1051 5114 audire
1081 5048 1440 5128 definitive,
1468 5053 1616 5134 quis
1646 5053 1873 5117 debeat

367 5149 493 5212 tibi
535 5149 880 5212 succedere
907 5149 974 5210 in
1005 5149 1306 5231 primatu.
1349 5153 1636 5230 Eritque,
1672 5152 1734 5215 id
1777 5162 1873 5216 est

365 5247 652 5323 eveniet,
702 5267 907 5327 quum
951 5250 1296 5310 dormierit
1342 5251 1648 5310 dominus
1695 5271 1872 5312 meus

362 5367 488 5407 reoe
533 5367 686 5407 cum
722 5347 1026 5424 patribus
1045 5345 1224 5430 :suis‚
1262 5349 1506 5412 erimus
1543 5367 1652 5428 eqo
1690 5359 1750 5410 et
1790 5355 1870 5427 fi'·

1984 4367 2144 4446 quia
2175 4368 2344 4426 sicut
2355 4365 2598 4442 juravi
2621 4367 2739 4425 tibi
2756 4385 2875 4444 per
2895 4367 3245 4426 Dominum
3268 4370 3475 4428 Deum

1984 4466 2455 4535 Israel,d·iccns
2476 4484 2498 4523 .·
2521 4466 2828 4525 Salomon
2859 4465 3043 4542 filius
3076 4473 3223 4524 tuus
3254 4485 3477 4541 reyna-

1985 4565 2076 4624 bit
2111 4575 2255 4642 post
2299 4584 2416 4635 me,
2459 4573 2518 4624 et
2564 4565 2697 4641 ipse
2738 4565 2975 4623 sedebit
3012 4583 3205 4640 super
3240 4567 3476 4628 solium

1985 4683 2198 4722 meum
2242 4682 2363 4740 pro
2415 4683 2511 4722 me
2529 4687 2557 4734 ,·
2595 4665 2689 4722 sic
2732 4663 2980 4739 faciam
3032 4665 3239 4724 hodie.
3284 4667 3477 4726 Sum-

1985 4763 2298 4840 missoque
2340 4763 2680 4822 Bethsabee
2728 4763 2799 4820 in
2850 4771 3094 4822 terram
3148 4767 3359 4836 vultu,
3412 4763 3474 4826 id

1983 4867 2078 4920 est
2118 4855 2283 4920 facie
2327 4857 2643 4941 profunde
2687 4858 2995 4922 inclinata
3038 4861 3117 4923 ad
3164 4861 3328 4940 regis
3373 4860 3477 4924 ho-

1984 4975 2202 5020 norem
2236 4966 2425 5037 atquc
2456 4956 2520 5017 in
2554 4957 2805 5036 signum
2836 4957 3269 5036 gratitudiniS,
3304 4961 3474 5041 quod

1982 5075 2090 5118 rex
2139 5075 2271 5118 suae
2316 5054 2635 5135 acquievit
2682 5055 3001 5137 petitioni,
3038 5062 3341 5120 adoravit
3383 5081 3477 5120 rc-

1972 5175 2144 5232 9em,
2194 5153 2563 5216 adoratione
2610 5154 2821 5231 dulim,
2876 5155 3046 5218 sicut
3092 5166 3155 5219 et
3204 5157 3471 5235 Nathan,

1978 5255 2250 5316 dicens:
2290 5254 2479 5313 Vivat
2520 5255 2825 5315 dominus
2874 5275 3053 5315 meus
3095 5275 3213 5315 rem
3253 5258 3477 5318 David

1979 5353 2052 5412 in
2099 5359 2438 5414 oeternum.
2480 5349 2667 5424 Quasi
2718 5352 2887 5416 dicat
2932 5369 2945 5415 :
2994 5352 3293 5428 Quamvis
3344 5351 3471 5419 filii
