4359 6250
896 474 1012 536 144
1703 484 2049 531 ananam-10
2092 484 2154 528 m
2197 482 2335 529 car.
2382 482 2444 527 vi
2482 482 2756 529 tunicum.
2801 502 2882 512 —
2923 482 3065 529 aar.
3110 483 3175 529 11

889 661 1124 737 locine,
1177 661 1490 739 ceterique
1535 658 1956 717 orientalium
2008 657 2375 724 nationum,
2410 652 2459 714 A
2489 652 2642 733 quia
2678 662 2821 735 post
2859 654 3053 717 verba
3088 655 3413 736 Prophetae
3448 654 3659 717 statim
3705 654 3967 735 subjun-

883 770 943 819 οι
978 763 1157 837 apud
1193 779 1292 819 eos
1333 763 1596 835 fiaentcs
1649 757 1946 827 tentoria,
1981 755 2149 813 sicut
2188 762 2375 812 crant

884 862 958 918 in
979 860 1212 927 herbiS,
1229 866 1461 916 cuncta
1490 856 1821 915 vastabant
1837 872 1860 914 .·
1884 852 1979 933 siq
1990 851 2201 913 uidem
2228 859 2379 913 tem-

885 976 1040 1039 pore
1097 956 1265 1019 veris
1323 963 1385 1017 et
1443 952 1744 1033 deinceps
1811 960 1992 1014 terrae
2051 949 2379 1011 nascentia

881 1054 1362 1129 consumebant,
1399 1062 1462 1115 et
1504 1052 1798 1134 jumenta
1849 1049 2136 1111 filiorum
2188 1047 2375 1110 lsrael

882 1154 1271 1235 diripiebant
1311 1152 1448 1213 sive
1485 1148 1888 1223 mactabant3
1937 1168 2135 1226 usque
2165 1150 2253 1207 ad
2284 1149 2378 1207 in-

887 1256 1150 1315 troitum
1181 1255 1412 1321 Gazam·
1435 1251 1730 1329 nihilque
1759 1249 2020 1307 omnino
2053 1249 2140 1307 ad
2171 1248 2377 1305 vitam

881 1354 1212 1431 percinens
1239 1350 1688 1429 relinquebant
1722 1348 1791 1406 in
1812 1349 2039 1415 Israel,
2060 1366 2191 1404 non
2210 1364 2376 1414 oveS,

885 1472 1014 1511 non
1043 1454 1242 1521 bovae,
1279 1469 1408 1509 non
1451 1448 1686 1507 asino-3.
1721 1446 1862 1521 Ipsi
1903 1445 2078 1505 enim
2124 1453 2185 1503 et.
2228 1444 2403 1501 uni--

887 1551 1057 1609 versi
1087 1567 1308 1625 qreqes
1353 1566 1575 1606 eorum
1607 1545 1944 1603 veniebant
1982 1561 2129 1601 cum
2174 1542 2378 1601 taber-

888 1649 1142 1708 naculis
1161 1647 1320 1715 suis,
1342 1655 1401 1705 et
1425 1646 1636 1703 instar
1655 1646 2048 1702 locustarum
2069 1642 2379 1699 univer-sa

885 1746 1278 1822 complebant
1301 1746 1645 1803 innumera
1671 1742 2020 1800 multitado
2039 1739 2379 1797 homimem

2488 752 2680 832 gitur,
2702 753 2778 813 Et
2808 752 2983 815 venit
3012 754 3296 834 angeluS‚
3325 772 3451 815 non
3482 753 3755 815 absurde
3787 751 3969 815 intel-

2490 852 2707 932 ligitur
2740 854 3003 933 angelus
3035 854 3156 915 iste
3195 854 3452 916 nomine
3492 853 3613 916 viri
3646 852 3966 933 significa-

2490 958 2611 1011 tus,
2657 951 2923 1013 Nomine
2952 952 3124 1014 enim
3157 951 3433 1016 virorum
3477 970 3644 1033 saepe
3674 951 3967 1013 dicuntur
3992 974 4231 1076 2:²¹¹‘'‘''

4064 1042 4225 1080 mmet

2488 1048 2720 1127 angeli.
2769 1050 2885 1112 Sed
2937 1050 3196 1130 angelos
3247 1050 3585 1133 prophetas
3635 1050 3786 1125 dici,
3840 1068 3963 1113 non

2488 1148 2802 1221 occurrit3
2837 1150 3127 1230 quamvis
3168 1168 3313 1211 eum
3353 1149 3463 1230 qui
3508 1149 3817 1231 propheta
3848 1158 3960 1225 cst,
4016 1169 4243 1211 sattim.

2487 1255 2778 1308 occurrat
2818 1247 3113 1326 angelum
3159 1246 3490 1330 appellari.
3534 1246 3652 1309 Sed
3686 1246 3739 1309 si
3778 1266 3967 1327 ange-
3994 1235 4057 1273 ¹⁰·

2490 1344 2694 1405 lorum
2726 1345 2896 1407 dicta
2924 1346 3316 1427 prophetica,
3339 1354 3484 1409 nota
3515 1344 3684 1407 fiunt
3715 1345 3816 1407 his
3836 1346 3969 1427 qui-

2488 1442 2606 1503 bus
2630 1441 2657 1503 s
2660 1452 2842 1506 utura
2860 1444 3312 1525 praenuntiant,
3331 1462 3445 1506 cur
3466 1462 3591 1505 non
3614 1453 3821 1525 potest
3843 1444 3971 1507 dici

2487 1540 2752 1620 angelus
2782 1550 2843 1604 et
2875 1542 3232 1624 propheta?
3264 1542 3406 1604 Haec
3436 1542 3851 1622 Augustinus.
3874 1542 3972 1603 At-

2488 1646 2699 1701 tamen
2732 1640 2945 1721 potius
2977 1658 3141 1718 reor,
3166 1641 3335 1721 quod
3370 1640 3467 1702 vir
3494 1640 3605 1703 ille
3636 1641 3966 1722 propheta,

2488 1734 2681 1799 fuerit
2714 1756 2899 1801 verus
2930 1739 3143 1802 hom0.

880 1854 940 1903 ec
981 1846 1395 1911 camelorum,
1427 1841 1756 1920 quidquid
1803 1840 2145 1913 tctiycrant.
2186 1840 2375 1896 deva-
2410 1838 2457 1899 B
2565 1834 2753 1897 Venit
2782 1854 2931 1916 ergo
2961 1836 3322 1917 angeIUS,et
3352 1840 3515 1897 sedit
3542 1840 3661 1897 sub
3690 1858 3971 1916 quercu:

879 1953 1020 2003 stan
1033 1952 1138 2003 tea.
1159 1940 1691 2016 Humiliatusque
1717 1946 1806 1997 esc
1834 1939 2040 1997 Israel
2083 1938 2271 1994 valde
2304 1935 2372 1993 in

878 2048 1212 2119 conspectu
1243 2038 1544 2099 Madian.

960 2141 1044 2199 Ec
1091 2137 1401 2198 clamavit
1445 2138 1729 2213 popalus
1769 2136 1974 2194 Israel
2023 2134 2110 2192 ad
2151 2132 2374 2192 Domi-

879 2258 1064 2307 num,
1088 2254 1209 2299 non
1241 2242 1451 2296 tamen
1485 2231 1844 2307 sinceriter,
1879 2248 2086 2311 neque
2119 2248 2366 2305 omnes»,

882 2344 952 2398 ut
999 2354 1075 2397 ex
1132 2332 1549 2415 sequentibus
1610 2328 1984 2405 innotescit,
2031 2332 2370 2405 postulans

881 2437 1216 2495 auxili-am
1237 2442 1460 2493 contra
1482 2430 1908 2491 MadianitaS.
1927 2430 2053 2497 Qui
2081 2428 2261 2487 misit
2284 2429 2372 2486 ad

880 2553 982 2593 eos
1021 2536 1238 2592 virum
1275 2532 1654 2609 prophetam
1686 2548 1708 2586 .·
1752 2545 1942 2607 quem
1988 2524 2232 2588 Hebraei
2283 2524 2373 2586 di-

881 2638 1036 2695 cunt
1079 2629 1278 2691 fuisse
1307 2628 1599 2702 PhineeS,
1639 2643 1765 2688 non
1812 2623 1982 2705 quod
2029 2623 2237 2685 adhuc
2278 2622 2373 2683 vi·-

879 2739 1056 2794 veret
1085 2750 1122 2791 a
1155 2738 1438 2809 tempore
1466 2726 1676 2799 Josue,
1713 2723 1840 2786 imo
1871 2730 1932 2784 et
1971 2722 2219 2804 Μηδὶς,
2256 2723 2365 2784 sed

879 2829 1048 2910 quod
1099 2827 1166 2889 in
1209 2826 1336 2888 alio
1379 2821 1744 2906 apparuerit
1795 2838 2079 2902 corpore.
2117 2820 2367 2883 Etenim

878 2934 1169 2990 asserunt
1198 2925 1490 3004 angelum
1523 2940 1669 2985 eum
1704 2920 1904 2983 fuisse
1927 2936 1940 2980 ε
1962 2920 2132 3000 quod
2161 2926 2366 2983 totum

2483 1935 2777 2016 apparuit
2798 1935 2969 1997 enim
3003 1936 3067 1997 in
3094 1935 3297 1999 forma
3317 1936 3593 1998 humana
3618 1959 3633 2009 3
3670 1956 3813 2015 quoe
3830 1947 3971 1996 erat

2487 2037 2555 2094 in
2590 2034 2917 2111 Ephra,id
2952 2043 3046 2097 est
3076 2035 3233 2097 urbe
3264 2035 3355 2097 sic
3376 2034 3563 2111 dicta,
3584 2034 3685 2096 vel
3718 2034 3783 2095 in
3814 2052 3967 2113 agro

2482 2132 2717 2209 vicino,
2752 2143 2811 2193 et
2834 2135 3222 2210 percinebat,
3256 2152 3528 2215 quercus
3572 2131 3682 2195 illa
3714 2142 3777 2194 et
3818 2152 3969 2215 ager

2481 2251 2554 2294 ac
2586 2231 2749 2313 lapis
2780 2250 2971 2313 super
2990 2250 3182 2313 quem
3214 2232 3478 2313 angelus
3509 2232 3691 2307 sedit,
3714 2217 3801 2293 ac‘z
3818 2236 3968 2293 Joas

2474 2341 2729 2408 patrem
2756 2332 3034 2405 familias
3066 2334 3250 2402 Ezri,
3295 2330 3360 2392 id
3404 2339 3497 2392 est
3543 2329 3968 2393 honorabilio-

2483 2447 2615 2491 rem
2649 2428 2712 2490 in
2745 2428 2855 2491 illa
2897 2428 3162 2505 familia,
3199 2429 3286 2491 ita
3315 2429 3485 2510 quod
3517 2428 3749 2490 dicitur
3788 2436 3969 2511 pater

2480 2526 2621 2606 ejus
2654 2544 2780 2589 non
2812 2526 3241 2607 generatione,
3266 2526 3376 2588 sed
3408 2534 3733 2608 potentatu
3764 2534 3828 2587 et
3856 2526 3969 2589 ho-

2483 2624 2908 2687 norabilitate.
2946 2628 3279 2705 Quumque
3314 2628 3559 2685 Gedeon
3603 2626 3785 2702 filius
3826 2628 3967 2701 ejas

2478 2734 2797 2785 coeeaceret
2820 2735 3010 2803 atque
3031 2734 3344 2801 Jiurqarec
3371 2725 3705 2801 framenta
3739 2726 3803 2783 in
3846 2735 3968 2785 tor—

2477 2825 2693 2882 culari
2722 2842 2837 2905 per
2866 2840 3012 2885 suos
3034 2821 3381 2899 ministroS‚
3408 2841 3555 2885 nam
3587 2822 3821 2885 multos
3856 2823 3967 2887 ha·-

2479 2920 2617 2983 buit
2648 2940 2878 2985 servos
2895 2922 3035 2985 ldeo
3066 2929 3277 2984 autem
3299 2922 3575 2984 excussit
3596 2921 3793 2997 blada,
3811 2923 3965 3004 quia

879 3035 975 3090 cst
1005 3025 1262 3088 falsum.
1295 3026 1381 3085 Et
1413 3026 1657 3083 locutus
1689 3030 1776 3080 est
1807 3039 1830 3081 .·
1863 3021 2017 3081 Haec
2054 3020 2219 3080 dicit
2250 3023 2369 3080 Do-
2396 3021 2439 3084 C
2480 3018 2699 3099 sugere
2743 3020 3132 3098 intendebat,
3166 3028 3229 3083 et
3276 3020 3594 3083 frumenta
3638 3038 3849 3083 secum
3895 3021 3961 3083 in

879 3129 1097 3189 minus
1129 3129 1298 3186 Deus
1333 3125 1530 3184 Israel
1562 3138 1584 3180 .·
1621 3122 1756 3197 qu
1791 3139 1893 3180 vos
1928 3120 2055 3198 feci
2084 3139 2368 3180 conscen-

877 3230 1027 3287 dere
1071 3227 1151 3284 de
1193 3224 1503 3299 AEyyptm
1543 3229 1602 3279 et
1648 3219 1852 3278 edwi
1903 3237 2006 3277 vos
2052 3221 2132 3278 de
2179 3221 2365 3277 domo

877 3323 1231 3392 servitutiS,
1272 3329 1331 3380 ec
1365 3319 1638 3380 liberavi
1671 3321 1749 3378 de
1787 3336 1990 3377 manu
2019 3317 2365 3393 AE'yyptio-

877 3443 1029 3484 rum
1068 3432 1127 3482 et
1170 3420 1468 3480 omnium
1511 3417 1928 3477 inimicorum
1965 3416 2084 3494 qui
2125 3415 2367 3490 affliye-

877 3525 1030 3582 bani
1061 3541 1188 3591 υοε,
1223 3527 1368 3594 etc.,
1402 3528 1461 3577 ec
1495 3517 1746 3576 tradidi
1789 3515 1959 3574 vobis
2002 3523 2242 3573 terram
2270 3534 2367 3573 eo-

875 3628 1119 3689 ram,et
1147 3618 1297 3678 dixi
1312 3617 1483 3692 :qu
1503 3614 1821 3674 Dominus
1841 3613 2014 3671 Deus
2045 3620 2269 3679 vester,
2288 3631 2365 3670 ne

876 3720 1156 3780 timeatis
1184 3720 1328 3776 cleos
1363 3714 1914 3775 Amorrhoeorum.
1951 3710 2168 3790 ltaque
2200 3709 2363 3770 Deus

873 3836 986 3899 per
1017 3816 1223 3879 virum
1266 3813 1446 3875 illum
1489 3809 1894 3892 exprobravit
1934 3808 2199 3889 ingratis
2234 3809 2362 3870 illis

869 3914 1188 3979 beneficia
1219 3931 1354 3974 sua.

968 4016 1150 4074 Venit
1181 4020 1396 4071 autem
1427 4011 1694 4084 anyclus
1724 4007 2014 4067 Domini.
2049 4005 2269 4068 Glossa
2301 4014 2363 4068 et

871 4109 1260 4176 Scholastica
1300 4105 1587 4180 historia,
1623 4103 1937 4184 multique
1967 4103 2076 4166 alii
2111 4103 2355 4180 dicunt,

2476 3116 2691 3200 aliquo
2722 3118 2860 3182 loco
2892 3118 3139 3182 munito
3181 3137 3489 3201 reponere
3528 3137 3642 3200 pro
3674 3137 3963 3183 necessa-

2477 3215 2571 3280 rio
2622 3215 2795 3279 victu
2843 3217 2911 3279 in
2962 3216 3245 3295 longum.
3292 3216 3580 3280 Excussit
3628 3226 3839 3280 autem
3891 3217 3959 3279 in

2478 3315 2799 3390 torculari,
2847 3325 2919 3376 uc
2961 3317 3211 3394 sufferet
3258 3317 3557 3376 Madian.
3594 3315 3714 3379 Sed
3764 3335 3963 3397 quare

2476 3432 2604 3477 non
2636 3413 2837 3495 magis
2870 3413 2935 3476 in
2968 3414 3238 3476 horreo?
3268 3413 3451 3476 Forte
3479 3413 3629 3495 quia
3660 3415 3963 3476 secretius

2476 3512 2676 3576 fiebat
2709 3513 2773 3574 in
2808 3511 3325 3575 torculari.Circa
3354 3512 3474 3575 hoc
3502 3512 3809 3594 Iosephus
3830 3513 3955 3576 ait:

2474 3611 2601 3674 Hoc
2639 3609 2759 3673 tuit
2791 3611 3061 3672 maxime
3094 3610 3563 3692 propitiationis
3596 3610 3831 3674 divinae
3861 3613 3959 3673 in-

2474 3710 2737 3786 dicium,
2772 3710 2943 3791 quod
2976 3709 3271 3771 utebatur
3301 3709 3599 3772 torculari
3644 3728 3757 3792 pro
3788 3729 3955 3786 area,

2474 3808 2624 3891 quia
2659 3808 2943 3870 futurum
2977 3816 3109 3870 erat
3141 3826 3253 3889 per
3274 3817 3527 3884 eum,ut
3548 3827 3707 3870 areae
3738 3808 3963 3890 imple-

2476 3916 2694 3970 rentur
2724 3925 2798 3970 ac
2844 3905 3202 3968 torcularia.
3244 3908 3573 3984 Apparuit
3602 3909 3665 3966 ei
3692 3913 3960 3984 anyelns

2472 4009 2741 4068 Domini
2779 4027 2927 4066 oum
2973 4009 3291 4077 salutans,
3324 4015 3383 4066 ec
3434 4007 3529 4066 ait
3575 4026 3597 4064 .·
3644 4008 3960 4068 Dominus

2476 4115 2699 4176 lecum,
2736 4105 3024 4164 virorum
3058 4105 3427 4181 fortissimo.
3454 4103 3611 4166 Ecce
3640 4123 3833 4184 quam
3868 4123 3961 4167 so—

870 4209 1167 4291 angelum
1200 4206 1390 4268 istum
1429 4203 1626 4264 luisse
1657 4201 2022 4282 virum,qui
2051 4203 2180 4282 Jam
2214 4210 2359 4264 ante
2396 4204 2444 4265 D
2474 4203 2682 4264 lennis
2734 4202 3044 4278 salutatio,
3088 4201 3217 4264 imo
3260 4209 3323 4264 et
3373 4201 3530 4264 lauS.
3575 4202 3699 4266 Nec
3747 4203 3958 4266 recolo

872 4309 1072 4372 fertur
1103 4306 1336 4368 missus
1366 4323 1403 4365 a
1424 4302 1550 4365 Deo
1580 4301 1658 4363 ad
1693 4299 2361 4382 populum-increpan-

871 4408 1046 4468 dum.
1098 4401 1324 4483 Angeli
1375 4398 1611 4463 etenim
1679 4397 1742 4458 in
1795 4396 2134 4478 Scripturis
2188 4416 2354 4479 saepe

872 4505 992 4568 viri
1025 4509 1354 4576 vocantur,
1390 4496 1738 4580 praesertim
1768 4495 1920 4576 quia
1948 4503 2257 4577 apparent
2290 4495 2356 4556 in

870 4603 1078 4665 forma
1108 4598 1303 4662 virili.
1341 4596 1459 4660 Sed
1492 4594 1641 4657 huic
1673 4593 1841 4656 dicto
1871 4592 2189 4674 objiciunt
2219 4592 2353 4669 alii,

865 4702 1037 4783 quod
1069 4699 1168 4761 vir
1200 4697 1319 4759 iste
1351 4702 1612 4758 vocatur
1642 4692 1971 4775 propheta.
2000 4691 2223 4771 Angeli
2257 4711 2358 4754 ve-

865 4820 936 4863 ro
967 4817 1094 4862 non
1123 4801 1590 4860 consueverunt
1613 4792 1678 4852 in
1711 4790 2053 4873 Scripturis
2085 4791 2357 4872 prophe-

863 4908 942 4962 tae
975 4896 1209 4961 vocari.
1244 4893 1528 4974 Denique
1559 4890 1872 4972 scriptura
1903 4888 2024 4950 ista
2062 4888 2355 4969 loquitur

864 4999 942 5062 de
973 4994 1201 5076 angelo
1234 4993 1354 5055 isto
1383 5000 1446 5053 et
1477 4991 1556 5052 de
1587 4989 1724 5051 viro
1766 4987 1900 5062 illo,
1939 4995 2239 5068 tanquam
2276 4987 2355 5050 dc

865 5093 1187 5160 distinctis
1233 5088 1542 5174 personis.
1579 5087 2026 5150 Verumtamen
2058 5086 2355 5165 Augusti-

867 5215 987 5258 nus
1031 5192 1135 5255 hic
1179 5191 1268 5252 ait
1303 5207 1317 5252 :
1351 5188 1473 5251 Cur
1516 5204 1642 5249 non
1684 5185 2075 5267 exprimatur
2122 5201 2353 5246 nomen

865 5294 1059 5375 hujus
1111 5289 1459 5371 Prophetae,
1515 5285 1762 5350 occulta
1823 5292 1918 5351 est
1965 5302 2176 5346 causa.
2234 5283 2353 5346 Sed

2472 4301 2749 4382 aliquem
2799 4300 2865 4361 in
2911 4299 3108 4362 veteri
3142 4300 3540 4362 Testamento
3582 4309 3708 4362 tam
3755 4301 3961 4364 solen·

2473 4399 2638 4462 niter
2668 4399 2939 4481 desuper
2968 4397 3464 4460 salutatum.Sed
3496 4400 3813 4479 quomodo
3835 4398 3961 4462 fuit

2473 4494 2755 4557 virorum
2800 4494 3211 4570 fortissimuS‚
3244 4494 3354 4575 qui
3404 4493 3621 4575 lugere
3664 4495 3958 4577 dispone-

2475 4596 2578 4658 bat
2612 4597 2634 4654 ?
2680 4594 2907 4658 Dicunt
2945 4593 3227 4675 quidam,
3264 4594 3435 4674 quod
3482 4593 3689 4657 taliter
3728 4595 3959 4659 saluta-

2472 4694 2657 4756 batur
2709 4712 2781 4755 ac
2837 4692 3213 4754 laudabatur
3274 4701 3533 4774 propter
3590 4701 3764 4773 gesta
3814 4693 3955 4775 ejus

2472 4791 2706 4853 futura.
2731 4791 3022 4853 Attamen
3054 4790 3180 4853 dici
3210 4799 3436 4872 potest,
3456 4792 3627 4873 quod
3658 4793 3818 4856 sicut
3850 4813 3955 4856 ce-

2468 4891 2585 4954 teri
2625 4891 2871 4972 judices
2911 4898 3092 4952 erant
3123 4889 3244 4950 viri
3284 4890 3350 4950 in
3390 4891 3627 4952 virtute
3664 4892 3954 4973 praeclari

2467 4989 2721 5070 quando
2763 4987 3178 5050 mittebantur
3208 4988 3285 5050 ad
3326 4987 3633 5070 populum
3677 4989 3957 5053 liberan-

2466 5088 2641 5162 dum,
2662 5086 2751 5148 ita
2780 5093 2843 5148 et
2871 5085 3146 5148 Gedeon.
3167 5084 3242 5145 Et
3272 5086 3443 5166 quod
3478 5085 3697 5167 fugere
3728 5087 3954 5164 voluit,

2468 5183 2819 5267 prudentiae
2860 5182 3004 5260 fuit,
3041 5201 3169 5246 non
3201 5182 3341 5246 vitii
3387 5201 3402 5245 ε
3436 5184 3586 5265 quia
3622 5188 3959 5268 conspexit

2466 5301 2533 5345 se
2564 5301 2692 5346 non
2739 5300 2925 5363 posse
2955 5281 3201 5345 viribus
3244 5281 3377 5344 suis
3422 5282 3715 5346 resistere
3757 5284 3959 5348 hosti-
