4359 6250
989 511 1341 558 manuario
1382 511 1445 558 m
1488 511 1623 558 car.
1672 513 1733 558 v1
1776 511 1931 560 unm
1974 511 2225 562 saeuum
2269 513 2492 564 neuun.
2537 537 2616 548 —
2657 520 2800 566 aar.
2845 519 2888 566 x
3367 498 3484 567 1267

374 677 679 760 ligneum
712 682 1233 762 instrumentum,
1269 684 1335 746 in
1368 703 1498 764 quo·
1525 684 1887 747 extenditur
1918 682 1971 746 A
2001 687 2294 751 sacerdos
2331 705 2344 750 :
2379 688 2600 770 sicque
2629 689 2944 754 diceretur
2990 691 3278 768 ulteriuS‚
3313 692 3484 772 quod

360 778 637 842 corium
679 782 761 844 ad
802 782 969 846 bene
1013 785 1393 847 sonandum.
1430 783 1701 846 Sistrum
1730 782 1888 844 dici-
2000 803 2146 847 arca
2176 804 2306 849 non
2337 785 2460 849 fuit
2488 797 2616 850 tam
2649 789 2920 851 multum
2956 789 3279 865 inclinata,
3315 790 3486 870 quod

356 879 698 942 tur-tuba.
722 879 1027 962 Cymbala
1058 903 1134 945 ex
1162 882 1583 946 concussione
1614 882 1691 944 ad
1723 880 1889 942 invi·
2001 885 2359 948 necessaria
2410 884 2532 948 fuit
2582 887 2959 950 sustentatio
3013 887 3144 950 illa.
3192 887 3370 950 Unde
3403 887 3486 950 ·in

374 995 531 1040 cem
564 996 793 1041 sonum
826 981 1098 1044 reddunt
1129 1001 1433 1044 suavem·
2002 980 2165 1044 libro
2215 982 2738 1066 Paralipomenon
2790 985 3110 1062 scribitur,
3151 987 3318 1068 quod
3371 986 3486 1049 bos

482 1080 841 1158 Postquam
891 1091 1107 1142 autem
1168 1088 1481 1143 venerunt
1530 1084 1617 1142 ad
1666 1100 1887 1142 aream
2001 1080 2333 1161 paululum
2366 1083 2784 1147 inclinaverat
2805 1085 3087 1147 eam.Vel
3120 1085 3360 1165 absque
3385 1085 3490 1147 de-

366 1177 695 1247 avaclzon,
728 1178 791 1240 id
822 1187 919 1242 est
947 1179 1247 1243 horreum
1280 1181 1400 1243 viri
1434 1180 1524 1243 sic
1557 1180 1735 1242 dieti.
1770 1179 1889 1242 Ve-
2000 1177 2135 1240 bita
2178 1182 2534 1244 reverentia
2577 1183 2781 1245 tenuit
2825 1183 3023 1246 illam.
3069 1183 3486 1266 Hieronymus

379 1284 755 1340 rumtamen
805 1279 1014 1361 primo
1064 1280 1585 1363 Paralipomenon
1629 1279 1883 1356 dicitur,
2000 1295 2151 1339 vero
2190 1285 2254 1339 et
2289 1277 2509 1342 Glossa
2556 1298 2742 1361 super
2782 1279 3018 1342 librum
3067 1279 3488 1362 Paralipome-

106 1381 343 1432 ¹Pur·x··¹.
376 1373 483 1434 Ad
531 1393 743 1438 aream
788 1376 1057 1454 Chidon‚
1106 1378 1260 1459 quia
1304 1378 1517 1442 forsan
1561 1378 1886 1442 binomius
2000 1392 2126 1437 non
2160 1376 2420 1439 dicunt:
2447 1378 2728 1440 Tradunt
2758 1378 3000 1441 Hebraei
3033 1378 3362 1441 Abinadab
3394 1398 3488 1442 sa-

381 1469 540 1535 fuit.
574 1473 819 1538 Chidon
863 1477 1565 1560 tameninterpretatur
1596 1477 1880 1560 clypeuS.
1998 1474 2318 1537 cerdotem
2356 1475 2624 1556 jussisse
2667 1475 2828 1538 filiis
2870 1477 3002 1538 suis
3033 1476 3172 1540 Ozae
3201 1485 3264 1540 et
3294 1476 3478 1554 Ahio,

374 1571 571 1636 Unde
598 1573 859 1654 quidam
888 1576 1114 1639 dicunt
1143 1597 1284 1640 esse
1314 1578 1482 1640 hunc
1514 1577 1747 1654 locum,
1770 1574 1883 1638 ubi
2002 1580 2068 1633 ut
2092 1581 2419 1654 portarent
2437 1593 2647 1636 arcam
2670 1575 2953 1638 humeris
2977 1575 3108 1637 suis
3133 1577 3481 1639 secundum
3552 1598 3688 1642 Num.
3721 1612 3776 1650 w,

112 1678 343 1730 smum,
371 1671 577 1736 Josne
608 1673 843 1738 levavit
875 1674 1171 1758 clypeum
1201 1685 1422 1740 contra
1451 1677 1668 1752 Hai‚ut
1698 1676 1765 1739 in
1796 1677 1887 1739 Jo-
1999 1681 2384 1754 praeceptum
2437 1673 2631 1752 legis;
2673 1674 2783 1735 sed
2827 1674 2981 1755 quia
3025 1693 3152 1737 non
3199 1683 3486 1756 portave-
3515 1665 3726 1714 ¹⁵³⁸'''·⁹·

88 1743 230 1787 ¹⁸³⁹·
376 1789 505 1834 sue
546 1770 713 1835 lihro
753 1783 1067 1836 narratur.
1095 1777 1413 1836 Extendit
1448 1781 1581 1839 Oza
1615 1797 1885 1838 manum
1999 1780 2169 1848 runt,
2216 1790 2330 1834 nec
2375 1772 2676 1834 Caatbitis
2726 1774 3098 1855 portandam
3147 1774 3480 1848 dederunt,

360 1873 475 1930 ad
520 1891 743 1933 arcam
786 1875 931 1945 Dei,
963 1884 1023 1934 et
1056 1877 1263 1935 tenuit
1293 1895 1459 1944 eam,
1493 1874 1557 1936 id
1596 1883 1711 1950 est,
1746 1894 1885 1937 sus·
1923 1869 1969 1932 B
2000 1871 2312 1950 percussit
2349 1871 2656 1934 Dominus
2694 1871 2902 1948 Ozam,
2947 1881 3010 1935 et
3046 1872 3289 1935 divisit.
3331 1873 3489 1934 Aru-

362 1970 661 2034 ·'tentavit
698 1991 779 2034 ne
818 1973 899 2034 de
942 1991 1133 2034 curru
1179 1981 1521 2050 corrueret,
1571 1975 1880 2053 quoniam
1996 1978 2182 2032 erunt
2215 1989 2489 2051 namque
2515 1971 2616 2051 (ut
2653 1971 2861 2052 aiunt)
2891 1971 3224 2038 brachium
3256 1971 3394 2052 ejus
3427 1977 3490 2032 et

374 2072 821 2131 calcitrabant
860 2073 1063 2141 boveS,
1092 2081 1153 2132 et
1190 2073 1683 2133 declinaverunt
1720 2092 1882 2143 eam,
1998 2068 2323 2145 humeruS,
2355 2069 2592 2151 quibus
2625 2088 2769 2133 arca
2799 2069 2925 2132 fuit
2956 2070 3286 2152 portanda,
3313 2078 3376 2132 et
3406 2069 3492 2131 fa-

1997 2176 2098 2230 cta
2124 2175 2221 2231 est
2251 2169 2580 2232 distinctio
2619 2169 2998 2232 obedientiae
3026 2179 3090 2233 et
3130 2169 3492 2234 inobedien-

1999 2266 2122 2328 tiae.
2155 2267 2390 2329 Verum
2419 2267 2520 2329 his
2559 2253 2776 2330 rursus
2817 2268 3014 2349 objici
3055 2277 3284 2351 potest,
3318 2269 3488 2352 quod

2000 2364 2065 2425 in
2098 2364 2485 2429 Scholastica
2515 2365 2721 2429 fertur
2751 2367 3020 2430 historia
3055 2385 3067 2428 :
3096 2368 3342 2432 Hebraei
3373 2376 3493 2429 tra-

1998 2464 2179 2539 dunt,
2203 2465 2374 2546 quod
2406 2484 2481 2527 ea
2511 2473 2696 2528 nocte
2715 2463 2834 2529 Oza
2861 2485 3008 2528 cum
3042 2487 3157 2529 sua
3189 2466 3492 2530 dormivit

2000 2580 2195 2624 uxore
2222 2579 2236 2622 ε
2262 2562 2500 2625 idcirco
2533 2582 2871 2645 percussus
2902 2573 3020 2640 est,
3041 2565 3195 2645 quia
3215 2584 3326 2646 per
3347 2583 3492 2628 con-

2003 2661 2338 2724 tinentiam
2367 2662 2589 2725 debuit
2619 2682 2686 2726 se
2717 2682 2964 2746 parare.
2994 2663 3070 2724 Et
3099 2663 3489 2745 responden-

2000 2761 2175 2838 dum,
2194 2761 2366 2842 quod
2388 2761 2648 2842 quidam
2671 2761 2913 2826 Hebraei
2937 2762 3266 2843 assignant
3295 2781 3490 2824 unam

378 2167 451 2228 id
504 2176 626 2244 est,
680 2187 939 2231 currum
988 2169 1079 2232 sic
1128 2169 1473 2249 agitabant,
1522 2170 1691 2250 quod
1743 2189 1889 2233 arca

364 2265 577 2346 quasi
622 2266 965 2330 deciderat.
1000 2267 1191 2331 Porro
1223 2269 1432 2350 primo
1472 2268 1889 2349 Paralipome-

120 2374 347 2424 ¹Pnr·x··1.
382 2383 525 2427 non
576 2364 809 2446 legitur
844 2383 857 2428 :
894 2366 1012 2428 Bos
1049 2366 1293 2449 quippe
1336 2367 1696 2443 lascivienS‚
1734 2385 1887 2448 pau-

384 2463 599 2524 lulum
632 2461 1054 2528 inclinaverat
1083 2483 1245 2527 eam.
1282 2469 1624 2545 [ratusque
1650 2475 1745 2525 est
1770 2469 1889 2526 Do-

378 2564 617 2624 minus
652 2564 1113 2640 indiynatione
1154 2573 1378 2624 contra
1412 2569 1635 2634 Ozam,
1671 2562 1734 2624 id
1768 2570 1883 2640 est,

378 2660 806 2742 zelojustitiae
826 2669 889 2724 et
911 2660 1195 2740 rigorosa
1220 2661 1464 2724 ultione
1485 2679 1597 2742 per
1628 2661 1888 2724 modum

380 2777 457 2823 se
504 2759 729 2822 habuit
778 2759 1135 2836 irascentis,
1172 2771 1235 2821 et
1266 2763 1583 2838 percussit
1622 2782 1791 2832 eum,
1826 2759 1890 2821 id

379 2866 509 2934 est,
546 2865 808 2939 repente
854 2858 1155 2940 plagavit,
1188 2879 1383 2936 super
1416 2861 1789 2930 temeritate,
1826 2859 1890 2920 id
2001 2879 2280 2936 causam,
2332 2859 2441 2922 alii
2491 2860 2777 2923 alteram.
2830 2860 3134 2924 Nonnulli
3197 2861 3492 2924 dixerunt

376 2967 489 3021 est
539 2965 801 3039 propter
849 2957 1417 3039 praesumptionem
1468 2965 1532 3020 et
1582 2957 1893 3039 insipien·
2002 2958 2188 3022 Ozam
2237 2957 2436 3020 fuisse
2483 2977 2876 3040 percussum,
2923 2959 3230 3042 quoniam
3275 2979 3486 3023 arcam

390 3056 551 3119 tiam
582 3075 787 3118 suam.
824 3058 953 3125 Qui
980 3066 1269 3116 mortuus
1298 3066 1388 3116 est
1426 3058 1521 3116 ibi
1542 3057 1751 3133 juxta
1790 3077 1893 3117 ar·
1928 3054 1972 3116 C
2003 3057 2213 3139 tetigit
2239 3056 2476 3119 nudam
2513 3074 2526 3118 ε
2563 3057 2734 3139 quod
2768 3058 3164 3141 reprobatur,
3185 3059 3490 3141 quoniam

388 3178 537 3217 cam
580 3158 726 3217 Dei.
758 3156 825 3217 In
878 3154 1044 3217 libro
1085 3154 1609 3237 Paralipomenon
1664 3155 1884 3232 fertur,
2003 3156 2448 3221 involvebatur
2498 3156 2630 3218 suis
2679 3158 3091 3239 operimentis
3140 3168 3483 3239 antequam
3543 3171 3782 3225 zefanus,

150 3269 262 3313 ma,
288 3272 353 3312 w.
387 3254 569 3337 quod
626 3253 935 3316 Dominus
990 3272 1137 3316 eum
1200 3254 1535 3335 percussit,
1590 3272 1665 3316 eo
1716 3255 1886 3336 quod
2003 3255 2476 3337 deportabatur,
2511 3274 2592 3317 ne
2621 3274 2658 3317 a
2689 3256 2922 3320 Levitis
2955 3257 3055 3318 vel
3090 3255 3277 3338 plebe
3319 3256 3489 3319 nuda
3520 3238 3588 3279 ²⁰·
3693 3264 3708 3277 '

384 3352 707 3434 tetigisset
736 3350 1134 3425 arcam.Quae
1159 3359 1371 3413 autem
1396 3351 1589 3424 fuerit
1620 3352 1730 3415 illa
1761 3351 1891 3435 pla·
2003 3352 2500 3435 conspiceretur,
2521 3370 2601 3414 ne
2633 3352 2844 3416 subito
2873 3361 3293 3431 morerentur,
3317 3362 3389 3416 ut
3418 3353 3486 3416 in

382 3470 493 3533 ga,
528 3470 658 3514 non
691 3450 1005 3532 expressit
1036 3449 1382 3532 Scriptura.
1416 3450 1707 3530 Magister
1736 3470 1888 3515 vero
2002 3452 2418 3515 Numerorum
2469 3449 2632 3513 libro
2675 3450 2964 3513 habetur.
3017 3451 3304 3533 Denique
3353 3472 3492 3535 per-

385 3552 454 3613 in
490 3549 779 3627 historiis
808 3548 917 3625 ait,
936 3549 1115 3630 quod
1145 3548 1314 3610 aruit
1348 3550 1607 3613 dextera
1633 3550 1791 3627 Ozae,
1826 3558 1889 3613 et
1994 3570 2242 3614 cussus·
2263 3559 2358 3613 est
2384 3550 2512 3613 Oza-
2542 3550 2744 3629 magis
2782 3568 2972 3631 quam
3005 3550 3189 3626 Ahio,
3225 3552 3378 3631 quia
3421 3551 3488 3613 in

380 3660 545 3712 tune
574 3647 787 3711 subito
818 3647 1181 3729 exspiravit.
1203 3647 1343 3711 Haec
1363 3666 1621 3729 quoque
1641 3667 1890 3730 percus-
1990 3648 2118 3711 hac
2162 3666 2229 3710 re
2273 3646 2655 3728 culpabilior
2701 3646 2844 3723 suit,
2879 3654 2942 3709 et
2984 3645 3248 3710 fratrem
3301 3668 3487 3710 suum

380 3749 485 3811 sio
531 3748 689 3824 Ozae,
724 3747 1082 3810 ministerio
1120 3746 1331 3827 angeli
1372 3748 1653 3810 creditur
1691 3747 1882 3827 facta,
2000 3748 2095 3826 (ut
2126 3745 2326 3827 aliqui
2357 3744 2730 3827 opinantur)
2761 3744 3010 3807 induxit
3048 3746 3127 3808 ad
3168 3745 3488 3808 temerita-

377 3846 687 3929 quamvis
716 3845 1035 3909 incertum
1066 3854 1373 3927 appareat
1408 3864 1487 3907 an
1530 3846 1886 3911 ministerio
2000 3854 2125 3909 tem
2160 3840 2512 3927 prietatam.
2548 3843 2888 3906 Percussus
2918 3852 3014 3906 est
3042 3862 3300 3925 quoque
3333 3845 3486 3907 dum
3565 3836 3574 3843 ’

382 3944 603 4025 angeli
628 3943 1155 4025 boni,an.potius
1184 3944 1393 4023 angeli
1426 3944 1601 4006 mali.
2001 3944 2208 4024 tetigit
2236 3960 2468 4019 arcam,
2501 3942 2652 4023 quia
2683 3950 2832 4003 tunc
2864 3941 3224 4006 evidentius
3255 3942 3481 4025 patuit,

468 4044 594 4108 Sed
617 4044 853 4106 mirum
876 4042 1149 4119 videtur,
1168 4062 1282 4105 cur
1306 4042 1607 4105 Dominus
1640 4043 1725 4106 ita
1754 4062 1889 4126 per·
1988 4043 2169 4124 quod
2198 4060 2345 4104 arca
2377 4059 2502 4103 non
2535 4040 2753 4103 debuit
2777 4040 2868 4102 sic
2887 4039 3151 4103 deferri.
3171 4040 3477 4115 Quocirca

382 4142 663 4207 eusserit
684 4141 875 4205 Ozam
904 4142 1057 4204 dum
1091 4140 1301 4222 tetigit
1330 4160 1562 4218 arcam,
1588 4141 1741 4221 quia
1774 4142 1883 4204 tali
1998 4140 2366 4224 inquiritur,
2399 4139 2552 4221 quia
2580 4138 2635 4200 si
2653 4138 2810 4202 ideo
2841 4158 3177 4220 percussus
3218 4148 3334 4217 est,
3366 4154 3485 4204 ‘cur

388 4260 549 4304 casu
592 4241 770 4322 pium
801 4238 929 4301 fuit
970 4246 1328 4301 sustentare
1357 4258 1519 4315 eam,
1555 4238 1685 4302 imo
1721 4248 1785 4302 et
1818 4240 1889 4303 li·
1918 4240 1965 4300 D
1998 4258 2127 4303 non
2189 4238 2449 4301 fuerunt
2505 4237 2807 4300 Philistaei
2867 4238 3152 4319 percussi
3204 4240 3285 4303 ob
3336 4240 3476 4319 hoc,

376 4340 593 4403 eitum
633 4338 825 4400 etiam
866 4338 1247 4417 cuicumque
1280 4337 1357 4399 de
1388 4338 1649 4419 populo,
1684 4358 1886 4421 quum
1996 4339 2167 4421 quod
2215 4356 2426 4401 arcam
2481 4336 2865 4399 remiserunt
2913 4337 2978 4399 in
3029 4338 3332 4419 plaustro.
3371 4339 3484 4403 Re·
3542 4356 3768 4415 naemu.

356 4439 457 4499 -in
492 4446 671 4499 tanta
698 4436 1077 4499 necessitate
1106 4435 1499 4517 dispensatio
1531 4436 1769 4500 habeat
1799 4438 1889 4502 lo-
1996 4437 2366 4520 spondetur,
2399 4435 2568 4515 quod
2610 4453 2737 4498 non
2777 4434 3157 4497 tenebantur
3199 4437 3277 4498 ad
3323 4452 3484 4519 prae-
3513 4425 3580 4467 ¹¹·

386 4554 563 4612 cum,
580 4535 1121 4617 quemadmodum
1154 4534 1317 4597 laico
1348 4533 1499 4597 licet
1527 4554 1763 4617 corpus
1783 4537 1890 4599 do-

380 4634 705 4697 minicum
740 4632 951 4697 lev‘are
980 4634 1061 4696 de
1091 4640 1279 4709 terra,
1298 4631 1355 4694 si
1390 4650 1516 4694 non
1548 4633 1715 4695 adsit
1742 4652 1891 4697 con-

388 4734 655 4797 stitutus
696 4732 761 4795 in
794 4731 1017 4796 ordine
1056 4750 1258 4794 sacro.
1295 4730 1601 4795 Similiter
1641 4732 1889 4795 licitum

386 4839 560 4895 esset
586 4830 889 4911 colligere
916 4829 1395 4893 Sacramentum
1425 4830 1505 4892 de
1533 4830 1769 4911 'pyxide
1803 4830 1891 4893 la-

389 4950 606 5014 psum,
639 4948 723 4992 ‚ne
766 4928 1087 4991 laberetur
1128 4929 1195 4991 in
1240 4938 1495 4992 terram.
1529 4928 1605 4990 Et
1638 4947 1752 4991 cur
1785 4948 1891 5011 po-

388 5030 522 5093 tius
553 5046 893 5111 percussus
933 5036 1029 5089 est
1057 5026 1197 5105 Oza,
1232 5046 1425 5108 quam
1470 5026 1665 5089 frater
1706 5028 1891 5108 ejus?

388 5129 511 5191 Pro
572 5127 800 5190 horum
860 5126 1177 5189 solutione
1236 5126 1661 5209 pensandum,
1718 5126 1891 5207 quod

386 5226 775 5307 (secundum
814 5224 1561 5307 sompnum-percussus
1605 5232 1703 5287 est
1746 5223 1885 5301 Oza,

388 5322 701 5409 quoniam
751 5324 960 5404 tetigit
1007 5342 1241 5401 aream,
1292 5342 1491 5406 quum
1548 5340 1673 5387 non
1724 5329 1892 5385 esset

1995 4544 2252 4617 ceptum
2285 4534 2440 4613 legis
2467 4534 3006 4615 praetactumdmo
3025 4534 3290 4617 Oza,qui
3323 4534 3483 4599 illud

1998 4633 2161 4697 scire
2191 4641 2256 4696 et
2286 4628 2551 4713 implere
2581 4631 2873 4708 debebat,
2896 4632 3208 4713 peccavit,
3231 4633 3385 4714 quia
3419 4634 3484 4696 in

1998 4733 2116 4795 hac
2144 4751 2214 4794 re
2244 4730 2580 4792 Philistaeis
2611 4748 2679 4792 se
2709 4729 3157 4793 conformavit.
3421 4746 3426 4751 ·

2080 4831 2505 4891 Contristatus
2546 4838 2634 4888 est
2676 4838 2894 4890 autem
2929 4831 3170 4901 David,
3207 4849 3276 4890 eo
3318 4832 3490 4911 quod

1992 4931 2400 5007 percussisset
2445 4929 2760 4988 Dominus
2805 4930 3030 4997 Ozam,
3076 4926 3140 4989 id
3183 4937 3300 5005 est,
3351 4948 3492 5011 per-

2000 5044 2187 5089 cusso
2235 5025 2580 5103 condolui-t,
2635 5034 2698 5088 et
2744 5026 2822 5089 de
2879 5026 3017 5107 ejus
3068 5025 3492 5107 percussione

2004 5124 2127 5186 fuit
2156 5142 2455 5201 moerenS,
2489 5123 2554 5185 in
2586 5132 2896 5205 quantum
2932 5123 3054 5186 fuit
3085 5116 3321 5186 malum
3359 5142 3492 5207 poe-

2002 5222 2167 5299 nale,
2202 5223 2494 5304 quamvis
2535 5240 2662 5285 non
2704 5222 3121 5304 inquantum
3166 5222 3294 5285 ruit
3336 5222 3493 5288 effe-

2000 5330 2140 5383 ctus
2170 5320 2406 5385 divinae
2435 5320 2718 5403 justitiae.
2755 5320 3174 5385 contristatus
3209 5331 3306 5385 est
3337 5322 3490 5385 item
