4359 6250
66 795 249 838 Ges-nv

70 872 217 908 anu,
229 860 303 900 31.

82 1195 196 1237 leid.
214 1211 303 1246 xxi,

66 1261 177 1302 233.

116 3859 217 3901 md.
232 3874 271 3911 x,
287 3866 329 3913 e,

98 3924 149 3962 u.

98 4141 194 4186 1⁶:31.
210 4150 249 4195 6,
269 4150 329 4189 1⁶.

136 4638 235 4681 1⁶56.
254 4655 333 4693 ni,

104 4702 157 4747 2³.
174 4706 233 4745 2⁴.

112 5128 220 5229 ilim
237 5146 333 5184 xm,

938 511 1283 558 mannum
1328 512 1387 558 IN
1431 512 1568 558 CAP.
1615 513 1653 555 V
1696 513 1852 558 amnt
1894 513 2147 559 securim
2190 512 2413 558 REGUM.
2457 531 2539 540 -
2580 510 2720 556 ART.
2769 510 2876 556 vul

3328 489 3447 552 459

336 691 537 744 erant
568 683 713 745 duae
743 681 1087 763 imagines:
1118 701 1245 744 una
1268 688 1729 764 repraesentans
1760 681 1851 764 ip-
1879 682 1928 743 A
1954 680 2224 745 Jebusaei
2244 681 2721 744 descendissent
2738 682 2819 743 de
2837 680 3446 760 Abimelech,nihilo

254 808 301 844 n.
334 801 497 844 sum
532 782 854 863 Isaac,qui
887 790 1034 844 ante
1065 780 1263 844 finem
1295 781 1445 844 vitae
1476 779 1599 842 fuit
1628 799 1845 852 caecus

338 880 483 942 alia
513 881 729 962 ipsum
758 879 971 956 Jacob,
997 879 1108 960 qui
1142 899 1217 942 ex
1249 879 1418 941 lucta
1448 898 1594 940 cum
1626 879 1852 957 angelo

336 979 763 1042 claudicavit.
793 978 869 1040 Et
900 979 1096 1055 addit,
1114 979 1285 1059 quod
1315 978 1584 1041 lebusaei
1616 977 1721 1040 isti
1752 979 1853 1040 de-

337 1080 745 1141 scenderunt
781 1077 860 1140 de
899 1077 1268 1140 Abimelech
1310 1095 1457 1158 rege
1496 1076 1854 1139 Palaestino-

338 1197 521 1252 rum,
555 1196 704 1239 cum
734 1194 864 1258 quo
893 1175 1211 1238 Abraham
1252 1175 1397 1238 iniit
1440 1174 1645 1238 foedus
1677 1175 1851 1256 pacis

338 1284 409 1339 et
431 1277 898 1357 juramentum,
919 1284 986 1336 ut
1010 1274 1242 1354 legitur
1273 1273 1339 1336 in
1358 1273 1609 1336 Genesi.
1636 1275 1849 1356 ltaque

338 1372 595 1456 posteri
638 1373 833 1453 hujus
871 1371 1265 1448 Abimelech,
1300 1371 1543 1435 scilieet
1578 1373 1848 1436 Jebusaei

341 1473 485 1545 isti,
538 1472 829 1550 videntes
875 1469 1049 1533 filios
1093 1470 1361 1533 Abrahae
1408 1471 1844 1552 multiplicari,

340 1572 711 1633 timuerunt
744 1589 823 1632 ne
846 1577 1065 1652 postea
1095 1569 1622 1651 impugnarentur
1652 1570 1731 1632 ab
1762 1571 1853 1653 ip-

340 1671 437 1732 sis
476 1689 493 1733 :
540 1670 685 1732 ide-o
726 1669 793 1730 in
834 1667 1153 1750 superiori
1190 1675 1369 1750 parte
1418 1667 1707 1730 fortalitii
1751 1670 1847 1731 sui

342 1777 711 1850 posuerunt
738 1767 1075 1850 praedictas
1112 1767 1270 1829 duas
1310 1767 1619 1845 imagines
1659 1769 1723 1830 in
1768 1769 1850 1830 si-

1958 780 2173 843 minus
2207 781 2564 863 potuissent
2594 799 2701 843 eos
2725 779 2846 842 filii
2869 781 3056 843 Israel
3089 781 3447 864 impugnas-

1959 899 2040 942 se.
2061 879 2497 961 Praesupponit
2526 897 2805 961 quoque,
2825 881 2994 960 quod
3015 878 3444 959 juramentum

1958 978 2226 1042 Abrahae
2269 979 2522 1042 duravit
2567 979 2644 1040 ad
2690 987 2934 1041 certum
2972 987 3240 1062 tempuS‚
3274 982 3442 1062 quod

1962 1085 2244 1158 tempore
2284 1076 2471 1139 Josue
2514 1077 2796 1139 nondum
2839 1076 3119 1155 effluxit,
3153 1079 3264 1141 sed
3296 1086 3446 1142 tem·

1961 1195 2113 1259 pore
2156 1175 2352 1238 David
2397 1193 2412 1236 ε
2455 1177 2626 1257 quod
2667 1177 2914 1238 nullum
2962 1176 3444 1242 fundamentum

1959 1275 2211 1338 videtur
2243 1274 2308 1336 in
2340 1274 2682 1357 Scripturis
2713 1275 2967 1338 habere.
2990 1276 3248 1358 Propter
3275 1279 3445 1358 quod

1960 1374 2037 1435 de
2074 1372 2180 1435 tali
2215 1372 2610 1454 expositione
2641 1391 2762 1436 non
2796 1375 3048 1437 videtur
3087 1374 3326 1437 mentio
3359 1375 3447 1438 fa-

1958 1473 2205 1535 cienda.
2229 1472 2552 1554 Expositio
2580 1482 2790 1535 autem
2821 1474 3153 1536 doctorum
3184 1475 3448 1538 catholi—

1958 1590 2177 1634 corum
2210 1579 2306 1633 est
2337 1572 2488 1633 satis
2520 1571 2922 1653 applicabilis
2958 1572 3203 1635 litterae.
3230 1609 3310 1620 -
3340 1575 3450 1635 Est

1961 1661 2169 1732 tamen
2205 1679 2268 1732 et
2297 1670 2462 1733 alius
2503 1670 2728 1732 modus
2765 1670 3042 1748 dicendi,
3077 1671 3190 1752 qui
3222 1671 3448 1735 litterae

1960 1768 2176 1831 forsan
2223 1769 2424 1849 magis
2464 1768 2721 1852 proprie
2759 1770 3112 1850 adaptatur,
3151 1771 3449 1835 videlicet

338 1885 551 1946 gnum
600 1866 771 1948 pacti
814 1864 1089 1948 praefati,
1134 1874 1197 1928 et
1238 1865 1303 1927 in
1352 1883 1462 1928 ore
1506 1865 1851 1946 cujuslibet
1888 1871 1934 1932 B
1960 1868 2129 1950 quod
2162 1869 2310 1930 caeci
2346 1868 2442 1930 illi
2471 1876 2534 1930 et
2565 1868 2774 1931 claudi
2809 1867 3070 1931 fuerunt
3109 1869 3450 1934 simulacra

344 1964 655 2045 imaginis
701 1972 839 2028 erat
881 1964 1185 2047 scriptum
1228 1963 1494 2026 Abrahae
1530 1965 1851 2044 ¹iuramen-

343 2070 489 2124 tum
528 2080 543 2123 :
582 2062 764 2143 quasi
798 2060 1103 2138 dicerent,
1139 2062 1376 2125 Posteri
1417 2062 1683 2125 Abrahae
1722 2080 1848 2125 non

342 2169 627 2242 possunt
669 2161 842 2224 hune
887 2160 1095 2224 locum
1142 2160 1466 2224 invadere.
1510 2162 1585 2223 Et
1630 2181 1854 2224 secun-

342 2260 507 2322 dum
542 2260 663 2322 hoc
693 2259 997 2322 dicuntur
1028 2259 1165 2322 istae
1197 2259 1530 2340 imagines„
1563 2258 1852 2323 odientes

342 2359 639 2421 animam
694 2355 911 2434 David,
958 2358 1261 2440 quoniam
1314 2359 1852 2441 repraesentabant

344 2477 499 2520 eum
534 2475 675 2520 esse
706 2465 1237 2537 transgressorem
1278 2457 1622 2538 juramenti
1665 2457 1854 2520 Abra-

342 2557 472 2633 hae,
516 2564 583 2618 et
628 2574 742 2637 per
784 2574 1184 2637 consequens
1225 2556 1531 2618 odibilem
1577 2557 1743 2620 Isaac
1790 2564 1854 2620 et

343 2655 569 2731 Jacob,
605 2673 881 2736 quorum
916 2662 1097 2716 erant
1135 2654 1466 2734 imagines,
1506 2655 1627 2718 Sed
1656 2656 1851 2718 David

345 2753 535 2816 licite
582 2752 987 2834 impugnavit
1038 2751 1415 2815 fortalitium
1468 2752 1651 2828 illud,
1699 2771 1853 2834 quo-

348 2853 529 2916 niam
581 2853 1017 2934 juramentum
1080 2851 1347 2914 Abrahae
1402 2871 1531 2914 non
1594 2851 1717 2915 fuit
1773 2855 1850 2916 ad

346 2970 631 3032 semper,
652 2950 764 3012 sed
784 2950 865 3011 ad
893 2957 1139 3032 tempus
1162 2949 1665 3027 determinatum,
1682 2953 1852 3033 quod

1959 1967 2220 2029 deorum
2259 1967 2688 2029 Jebusaeorum
2730 1967 2938 2048 posita
2979 1967 3045 2028 in
3085 1969 3448 2032 summitate

1960 2065 2410 2128 fortalitiorum
2460 2083 2718 2128 suorum
2769 2083 2782 2127 :
2823 2066 2934 2146 qui
2978 2065 3245 2129 Jebusaei
3296 2067 3448 2130 deos

1960 2183 2107 2226 suos
2148 2164 2554 2246 appellabant
2591 2183 2790 2228 caecos
2821 2172 2884 2226 et
2913 2166 3193 2242 elaudOS,
3229 2185 3450 2229 secun-

1960 2264 2111 2325 dum
2152 2263 2391 2325 sentire
2431 2263 2645 2339 David,
2681 2263 2794 2345 qui
2839 2264 2990 2326 deos
3030 2263 3174 2328 illos
3215 2265 3450 2347 impro-

1962 2364 2266 2444 perand0,
2301 2361 2552 2424 dicebat
2596 2379 2610 2423 t
2652 2361 2878 2425 Oculos
2925 2363 3182 2439 habent,
3219 2373 3282 2426 et
3321 2383 3448 2428 non

1961 2458 2312 2534 videbunt;
2361 2480 2542 2524 aures
2585 2462 2844 2539 habent,
2881 2471 2942 2525 et
2984 2481 3111 2524 non
3149 2463 3446 2538 audient3

1964 2560 2154 2641 pedes
2188 2559 2446 2635 habent,
2480 2568 2542 2621 et
2574 2578 2701 2621 non
2733 2559 3174 2623 ambulabunt.
3211 2561 3448 2624 Idcirco

1962 2659 2316 2734 eredenteS,
2351 2659 2524 2738 quod
2568 2657 2764 2720 David
2811 2677 2938 2722 non
2989 2660 3331 2722 sustineret
3381 2659 3446 2721 in

1964 2758 2135 2838 regia
2185 2757 2342 2820 urbe
2392 2757 2502 2819 illa
2549 2758 2914 2839 hujusmodi
2966 2760 3139 2836 deoS,
3193 2778 3450 2822 excusa-

1963 2857 2117 2918 bant
2146 2876 2214 2918 se
2247 2875 2283 2918 a
2315 2856 2677 2938 receptione
2716 2857 2942 2938 ipsiuS,
2977 2857 3248 2920 dicendo
3274 2876 3287 2919 :
3313 2857 3448 2920 Non

1965 2955 2344 3036 ingredieris
2404 2957 2529 3019 huc
2581 2956 2704 3018 nisi
2754 2956 3092 3020 abstuleris
3142 2976 3340 3020 caecos
3388 2966 3454 3021 et

350 3057 646 3132 tempore
664 3048 853 3111 Josue
876 3048 1158 3110 nondum
1192 3046 1557 3127 effluxerat,
1572 3050 1680 3112 sed
1705 3058 1855 3113 tem·
1891 3056 1934 3120 C
1961 3055 2248 3117 claudos,
2289 3054 2478 3129 Quasi
2518 3055 2804 3118 dicerent
2847 3074 2860 3118 :
2903 3056 3149 3119 Scimus
3188 3057 3360 3139 quod
3399 3056 3452 3118 si

349 3168 513 3232 pore
544 3148 743 3211 David
779 3147 904 3210 fuit
936 3145 1221 3210 finitum.

433 3248 673 3310 Verum
725 3254 949 3309 contra
998 3246 1133 3310 haec
1178 3246 1407 3309 scribit
1455 3247 1655 3310 Rabbi
1703 3249 1855 3311 Pau-

352 3345 772 3421 luS,dicendo
794 3345 967 3425 quod
999 3344 1119 3407 ista
1152 3344 1390 3427 positio
1423 3345 1673 3408 videtur
1703 3364 1857 3428 prae-

352 3462 723 3527 supponere
765 3442 981 3525 aliqua
1012 3442 1196 3519 falsa,
1233 3452 1295 3507 et
1332 3443 1526 3507 etiam
1567 3445 1854 3526 quaedam

352 3544 623 3607 ineerta.
662 3542 1105 3625 Praesupponit
1144 3543 1339 3620 enim,
1376 3544 1547 3625 quod
1589 3543 1853 3607 Jebusaei

352 3642 829 3704 descenderunt
849 3642 929 3703 de
948 3640 1339 3719 Abimelech,
1355 3661 1499 3705 cum
1522 3659 1650 3723 quo
1672 3642 1860 3705 Abra-

354 3740 507 3802 ham
560 3739 708 3802 iniit
760 3738 992 3814 soeduS,
1026 3739 1138 3821 qui
1182 3739 1303 3801 fuit
1341 3760 1452 3802 rex
1496 3740 1857 3805 Palaestino·

356 3859 527 3901 rum.
562 3837 868 3903 Philistaei
900 3846 1114 3901 autem
1146 3839 1612 3901 descenderunt
1643 3859 1680 3901 a
1709 3839 1860 3903 Mes-

344 3938 521 3999 -raim
554 3927 835 4000 secundo
870 3936 1011 3999 filio
1040 3936 1235 4000 Cham
1269 3936 1396 3999 filii
1418 3936 1567 4013 Noe,
1593 3946 1661 3999 ut
1688 3946 1859 4020 patet

358 4034 424 4097 in
478 4034 733 4097 Genesi.
780 4034 1052 4097 Jebusaei
1105 4054 1254 4099 vero
1304 4036 1771 4099 descenderunt
1822 4056 1859 4099 a

352 4134 659 4197 Chanaan
702 4140 930 4214 quarto
973 4132 1116 4197 filio
1155 4134 1374 4211 Cham,
1412 4143 1482 4197 ut
1523 4143 1693 4216 patet
1739 4135 1857 4197 ibi-

1963 3153 2323 3234 possideres
2356 3153 2525 3217 hunc
2557 3153 2789 3232 locum,
2827 3154 3112 3218 auferres
3154 3156 3304 3219 deos
3344 3175 3456 3220 no—

1964 3260 2150 3327 strOS,
2187 3270 2347 3331 quos
2378 3260 2561 3334 putas
2602 3271 2800 3316 caecos
2843 3262 2904 3316 et
2942 3253 3200 3317 claudos
3235 3272 3250 3317 t
3285 3257 3454 3336 quod

1966 3348 2335 3411 nullatenus
2405 3350 2868 3431 permittemus.
2938 3351 3116 3415 Unde
3179 3361 3451 3434 oportet,

1963 3447 2134 3528 quod
2175 3466 2290 3529 per
2329 3449 2681 3529 potentiam
2720 3448 2973 3512 auferas
3003 3468 3132 3527 eoS,
3170 3451 3224 3511 si
3256 3451 3451 3527 valeS,

1964 3546 2118 3627 quia
2163 3565 2289 3609 non
2338 3566 2445 3611 eos
2491 3548 2604 3610 tibi
2652 3550 2996 3611 trademus,
3039 3549 3216 3612 Unde
3260 3550 3456 3614 David

1966 3645 2044 3706 de
2083 3644 2204 3706 hoc
2247 3644 2634 3726 indignatuS,
2671 3655 3008 3729 postquam
3049 3648 3218 3729 cepit
3247 3668 3454 3710 arcem

1969 3741 2121 3804 Sion
2154 3749 2464 3823 potenter,
2483 3742 2697 3824 posuit
2717 3745 3048 3826 praemium
3073 3744 3458 3809 facientibus

1967 3840 2089 3902 tria
2134 3840 2201 3901 in
2250 3840 2676 3905 debellatione
2722 3842 3172 3906 Jebusaeorum.
3221 3843 3453 3921 Primo,

1968 3938 2063 4001 illi
2095 3939 2205 4020 qui
2241 3939 2658 4022 percussisset
2687 3941 3039 4003 Jebusaeum
3081 3959 3094 4003 :
3127 3943 3299 4023 quod
3336 3942 3458 4005 fuit

1966 4046 2189 4100 contra
2235 4056 2537 4119 personas
2581 4058 2824 4101 eorum.
2861 4039 3172 4117 Secundo,
3208 4040 3302 4102 illi
3343 4042 3454 4122 qui

1966 4135 2278 4216 tetigisset
2309 4137 2640 4198 domorum
2675 4137 2949 4215 fistulaS‚
2985 4148 3048 4201 et
3077 4139 3200 4201 hoc
3238 4148 3458 4202 contra

356 4233 531 4295 dem.
580 4230 1022 4314 Praesupponit
1070 4250 1351 4313 quoque,
1394 4235 1565 4314 quod
1619 4235 1855 4315 posteri
1891 4237 1940 4299 D
1966 4234 2460 4296 sustentationes
2483 4235 3094 4300 eorum.Jerusalem
3125 4236 3294 4299 enim
3330 4256 3457 4300 non

357 4330 632 4393 Abrahae
676 4348 804 4392 non
845 4338 1141 4412 poterant
1179 4330 1482 4394 invadere
1510 4331 1853 4395 Jerusalem

354 4430 611 4492 ratione
650 4428 994 4511 juramenti
1037 4429 1325 4510 praedicti
1360 4431 1579 4511 :quod
1626 4430 1857 4493 falsum

358 4536 475 4590 est.
510 4526 665 4589 Nam
708 4525 773 4588 in
816 4534 1118 4608 praetacto
1160 4526 1399 4590 foedere
1429 4547 1575 4590 cum
1607 4528 1859 4593 Abime-

362 4624 503 4688 lech
538 4626 723 4701 inite,
758 4624 1054 4705 quamvis
1095 4625 1407 4689 Abraham
1448 4626 1690 4708 juravit
1730 4646 1854 4690 non

362 4741 595 4786 nocere
638 4722 1012 4786 Abimelech
1056 4742 1173 4786 nee
1218 4724 1489 4806 posteris
1530 4725 1691 4807 ejuS‚
1729 4744 1855 4788 non

362 4830 575 4885 tamen
606 4822 847 4903 juravit
875 4823 1047 4903 quod
1079 4822 1415 4904 posteritas
1448 4843 1564 4886 sua
1592 4842 1718 4887 non
1752 4842 1859 4887 no-

360 4926 533 4983 ceret
580 4920 936 5003 posteritati
992 4921 1189 4999 illius,
1245 4931 1313 4984 ut
1363 4914 1534 5004 patet
1584 4922 1858 4985 intuenti

364 5017 635 5081 formam
683 5017 861 5081 illius
894 5020 1263 5101 juramenti.
1301 5020 1562 5104 Insuper
1608 5020 1859 5084 Abime-

360 5116 501 5180 lech
532 5115 999 5181 confoederavit
1029 5138 1097 5180 se
1130 5136 1273 5181 eum
1307 5118 1474 5181 Isaac
1507 5118 1648 5181 filio
1669 5120 1859 5182 Abra—

359 5215 455 5278 hae
477 5233 493 5277 :
518 5216 845 5296 quodnon
876 5217 1178 5298 oportuit,
1197 5217 1250 5278 si
1274 5216 1589 5279 Abraham
1619 5217 1857 5298 juravit

1966 4333 2242 4395 habebat
2282 4352 2512 4415 aquam
2553 4334 2723 4396 intra
2760 4354 3038 4413 murum,
3071 4338 3182 4400 sed
3213 4356 3288 4401 ex
3319 4338 3460 4418 plu-

1968 4429 2244 4492 vialibus
2277 4430 2460 4511 aquis
2495 4432 2559 4493 in
2592 4432 2888 4495 cisternis
2911 4435 3196 4498 collectis
3219 4444 3460 4499 susten-

1966 4528 2286 4591 tabantur.
2346 4530 2489 4593 Ideo
2542 4529 2897 4612 frangendo
2947 4533 3275 4597 stillicidia
3325 4535 3454 4611 illa,

1967 4627 2268 4691 videlicet
2300 4627 2576 4707 fistulaS,
2613 4650 2725 4711 per
2755 4651 2912 4712 quas
2951 4652 3116 4713 aqua
3157 4633 3460 4715 pluvialis

1967 4725 2232 4801 fluebat,
2268 4728 2542 4790 maxime
2581 4728 2728 4809 quis
2770 4728 3105 4810 affligebat
3150 4750 3279 4794 eos,
3315 4732 3461 4794 Ter-

1966 4825 2078 4902 tio,
2114 4825 2436 4889 ordinavit
2481 4835 2702 4889 contra
2746 4827 2896 4890 deos
2938 4847 3178 4905 eorum,
3213 4829 3454 4907 dicenS,

1966 4923 2082 4997 Qui
2117 4924 2487 4987 abstulisset
2517 4944 2715 4988 coeeos
2749 4935 2811 4988 et
2838 4926 3120 5004 claudOS,
3153 4938 3300 5006 etc.‚
3340 4930 3461 4993 hoe

1966 5031 2062 5085 est
2098 5023 2442 5086 simulacra
2478 5023 2932 5086 Jebusaeorum.
2967 5026 3043 5087 Et
3084 5035 3251 5103 nota,
3287 5030 3460 5109 quod

1969 5121 2079 5183 ubi
2126 5121 2452 5185 translatio
2495 5130 2709 5184 nostra
2747 5122 2956 5196 habet,
3000 5124 3295 5188 Odientes
3327 5126 3462 5189 ani-

1967 5238 2138 5281 mam
2171 5219 2392 5296 David‚
2427 5219 2736 5283 Hebraica
2777 5220 3009 5284 veritas
3045 5221 3256 5299 habet,
3292 5223 3458 5297 Quos

357 5314 547 5377 etiam
574 5332 693 5396 pro
714 5334 829 5377 sua
851 5314 1241 5396 posteritate.
1264 5314 1496 5397 Sicque
1516 5316 1663 5379 dato
1683 5318 1854 5398 qued
1964 5316 2167 5381 odivit
2197 5316 2414 5380 anima
2443 5316 2662 5382 David.
2699 5318 2853 5380 Nam
2887 5318 3082 5383 David
3115 5320 3456 5386 simulacra

3500 2386 3578 2428 Pa.
3596 2398 3688 2426 exin
