4359 6250
1504 502 1852 549 mauriano
1895 504 1956 550 IN
1998 504 2134 550 cAP.
2184 504 2244 550 vl
2286 505 2443 551 unm
2484 503 2653 550 Pnuu
2694 505 2917 551 amun.
2962 524 3044 534 —
3084 507 3227 552 Amr.
3274 505 3359 552 111

1991 915 2641 1002 ARTICULUS
2716 918 2880 1002 XII

1063 1189 1438 1236 DECLARATlo
1482 1190 1757 1235 CAPITULI
1801 1189 1974 1234 sEXTt
2021 1189 2035 1234 :
2085 1189 2223 1234 Fun·
2267 1187 2423 1234 ERGO
2465 1189 2630 1235 Anca
2673 1189 2885 1236 Dolum
2928 1191 2991 1236 IN
3033 1191 3293 1238 REGIONE
3336 1192 3801 1238 Pultlsvmonuu

2135 1288 2364 1334 SEPTEM
2408 1287 2725 1334 uENslnus.

1003 1566 1416 1630 APITULUM
1455 1567 1575 1630 hoc
1605 1575 1880 1644 enarrat,
1914 1565 2191 1648 qualiter
2229 1573 2374 1630 a'rca
2403 1563 2454 1626 A
2482 1572 2713 1631 delicto
2742 1574 3007 1632 reddere
3035 1572 3373 1632 debeamus
3402 1574 3510 1632 ei?
3539 1572 3605 1633 id
3632 1579 3751 1648 est,
3776 1591 3969 1654 quam

1014 1665 1124 1730 Dei
1165 1667 1430 1730 remissa
1469 1667 1575 1742 sit,
1610 1674 1674 1729 et
1703 1667 1782 1728 de
1813 1664 2219 1727 mirabilibus
2259 1664 2369 1728 Dei

877 1765 946 1826 in
995 1766 1116 1829 hoc
1165 1785 1356 1848 opere
1401 1765 1804 1848 perpetratis
1839 1767 2000 1827 Fuit
2040 1773 2186 1841 erqo
2217 1785 2369 1825 area

875 1866 1145 1926 Domini
1183 1867 1256 1926 in
1295 1867 1553 1942 reqione
1592 1866 2102 1926 Philistinorum
2129 1873 2359 1940 septem

875 1965 1198 2024 mensibus
1229 1985 1252 2023 .·
1285 1961 1455 2024 infra
1487 1981 1646 2044 quos
1679 1961 1962 2044 prael'atis
1995 1961 2203 2024 modis
2235 1961 2367 2042 pla-

872 2061 1003 2141 gati
1054 2070 1224 2138 sunt,
1277 2069 1342 2124 et
1391 2081 1521 2124 non
1567 2060 1964 2125 cessantibus
2015 2060 2243 2142 plagiS.
2278 2063 2364 2122 Et

867 2171 1010 2238 post
1055 2161 1189 2222 hoee
1231 2171 1617 2222 vocaverunt
1659 2161 2050 2231 Philistiim,
2087 2167 2149 2222 et
2199 2177 2369 2222 com-

874 2258 1154 2320 munitas
1185 2257 1430 2340 populi,
1448 2261 1798 2320 sacerdotes
1821 2268 1882 2318 et
1901 2259 2165 2318 divinos
2186 2274 2359 2333 ειιοε,

873 2363 1176 2438 tanquam
1237 2356 1462 2419 ceteris
1524 2356 1989 2440 prudentiores,
2043 2355 2366 2419 Vocantur

872 2462 1084 2518 autem
1128 2455 1356 2532 divini,
1389 2456 1501 2537 qui
1543 2455 1663 2518 sibi
1706 2462 2018 2538 usurpant
2047 2454 2219 2536 quod
2250 2453 2361 2516 Dei

871 2561 987 2631 est,
1033 2555 1276 2618 scilicet
1320 2555 1882 2636 praecognitionem
1922 2563 1985 2617 et
2024 2553 2365 2616 annuntia-

872 2652 1110 2717 tionem
1138 2652 1499 2716 futurorum
1527 2672 1684 2736 pure
1704 2652 2215 2734 contingentium
2248 2671 2359 2715 seu

2483 1667 3004 1746 satisfactionem,
3044 1678 3113 1731 ut
3150 1669 3339 1751 culpa
3386 1679 3601 1733 nostra
3650 1671 3839 1733 nobis
3880 1671 3975 1732 di·

2482 1767 2811 1829 mittatur?

2560 1869 3173 1947 Responderuntque
3202 1869 3312 1927 illi
3340 1889 3364 1928 .·
3391 1871 3593 1928 Juxta
3620 1889 3971 1930 numerum

2468 1966 2969 2042 provincia-rum
3000 1966 3533 2036 Philistinorum,
3569 1964 3634 2027 id
3664 1973 3763 2028 est
3794 1965 3975 2048 prin-

2478 2061 2781 2144 cipalium
2827 2062 3080 2125 urbium
3122 2081 3268 2125 cum
3309 2061 3481 2127 villis
3518 2071 3583 2126 et
3610 2063 3973 2126 attinentiis

2478 2161 2633 2238 suiS,
2666 2179 2821 2242 quae.
2840 2160 3030 2224 urbes
3060 2159 3313 2224 fuerant
3340 2162 3647 2243 quinque,
3682 2165 3975 2242 quinque

2475 2276 2631 2318 anos
2674 2277 2899 2318 aureos
2941 2268 3002 2319 et
3040 2260 3327 2338 quinque
3366 2279 3579 2320 mures
3608 2279 3838 2320 aureos
3864 2262 3973 2336 fa-

2474 2358 2653 2417 cietis
2676 2354 2938 2420 formari
2972 2375 3085 2438 per
3116 2376 3343 2420 manus
3379 2355 3811 2435 artificum,ut
3837 2358 3971 2420 sint

2474 2454 2842 2518 memoriale
2873 2454 3110 2518 divinae
3140 2455 3471 2536 potestatis
3510 2463 3574 2518 et
3613 2475 3745 2520 suae
3773 2456 3971 2519 ultio-

2475 2551 2575 2612 nis
2607 2551 2673 2613 in
2708 2551 2910 2616 vobis.
2946 2551 3396 2615 Verumtamen
3428 2552 3739 2634 Iosephus
3780 2553 3963 2631 dicit,

2472 2651 2644 2732 quod
2688 2658 2869 2714 erant
2905 2651 3195 2733 quinque
3246 2651 3582 2714 simulacra
3625 2653 3963 2715 hominum

871 2751 1178 2814 similium
1221 2751 1514 2816 notitiam
1555 2761 1966 2828 secretorum,
2002 2752 2081 2814 de
2121 2751 2361 2833 quibus
2394 2753 2439 2814 B
2472 2768 2683 2812 aurea.
2724 2752 2891 2820 Quia
2930 2754 3132 2829 playa
3170 2771 3307 2811 una
3344 2749 3481 2830 fuit
3518 2753 3817 2812 omnibus
3860 2774 3967 2813 vo-

871 2850 1247 2913 interdum'a
1266 2850 1663 2913 daemonibus
1695 2851 2100 2912 instruuntur
2124 2868 2200 2913 eo
2232 2867 2363 2912 mo-

871 2948 973 3025 do,
1007 2968 1136 3030 quo
1176 2950 1496 3012 daemones
1525 2948 1677 3012 talia
1715 2947 1878 3011 scire
1909 2957 2172 3030 queunt,
2212 2967 2363 3012 con-

866 3047 1260 3130 jecturaliter
1279 3047 1480 3127 magis
1504 3066 1696 3130 quam
1721 3047 2267 3122 certitudinaliter,
2283 3067 2360 3111 ex

869 3144 1222 3209 subtilitate
1264 3146 1548 3227 ingenita
1595 3155 1658 3209 et
1701 3146 2092 3228 experientia
2143 3147 2352 3227 longa.

866 3246 1160 3305 Dicentes
1180 3266 1204 3304 .·
1230 3248 1400 3313 Quid
1427 3247 1745 3323 faciemus
1774 3248 1852 3305 de
1881 3265 2037 3306 arca
2057 3247 2225 3306 Dei?
2242 3248 2355 3306 In-

864 3343 1076 3404 dieate
1104 3346 1309 3414 nobis,
1329 3347 1642 3424 quomodo
1673 3346 2079 3405 remittamus
2108 3364 2251 3405 eam
2280 3347 2355 3404 in

867 3443 1074 3503 locum
1103 3462 1317 3505 suum.
1357 3445 1483 3512 Qui
1508 3444 1826 3504 dixerunt
1857 3464 1880 3501 .·
1911 3444 1992 3504 Si
2021 3444 2355 3503 remittitis

863 3561 1084 3601 arcam
1103 3544 1226 3601 Dei
1243 3543 1476 3611 Israel,
1497 3543 1696 3603 nolite
1716 3543 2046 3601 dimittere
2075 3562 2217 3601 eam
2250 3562 2353 3602 υα-

863 3658 1078 3708 cuam,
1109 3638 1174 3700 id
1218 3647 1314 3702 est
1351 3639 1818 3702 inhonoratam.
1853 3638 2041 3713 Quasi
2083 3638 2299 3702 dicant
2335 3656 2348 3700 ε

2472 2850 2567 2908 bis
2604 2859 2664 2909 et
2693 2851 2973 2926 satrapis
3020 2849 3267 2919 vestris,
3302 2848 3366 2910 id
3410 2858 3504 2911 est
3541 2849 3761 2912 eadem
3802 2851 3967 2914 ultio

2472 2946 2538 3008 in
2572 2947 2785 3029 specie
2820 2965 2833 3008 :
2870 2956 2933 3010 et
2968 2947 3112 3010 ideo
3155 2947 3321 3010 sicut
3354 2946 3478 3009 fuit
3506 2949 3871 3011 communis
3900 2959 3969 3012 ct

2469 3064 2584 3128 par
2634 3045 2840 3128 plaga,
2886 3045 3074 3109 debet
3122 3064 3262 3108 esse
3313 3045 3660 3111 satisfactio
3708 3066 3839 3110 una
3888 3068 3967 3112 ac

2466 3145 2805 3225 generaliS‚
2850 3153 2921 3207 ut
2957 3164 3147 3228 poena
3186 3146 3676 3227 correspondeat
3724 3147 3961 3230 eulpae.

2467 3245 2867 3325 Facietisque
2894 3246 3367 3306 similitudines
3400 3265 3677 3305 ano-rum
3722 3258 3961 3307 vestro-

2464 3362 2640 3412 rum,
2660 3353 2720 3403 et
2748 3345 3219 3404 similitudines
3251 3345 3574 3414 murium,
3594 3348 3715 3424 qui
3742 3364 3959 3409 mures

2463 3443 2759 3503 demoliti
2785 3452 2937 3503 sunt
2974 3452 3213 3503 terram
3234 3463 3255 3501 .·
3288 3460 3501 3503 mures
3532 3442 3703 3505 enim
3736 3444 3959 3507 ebulli-

2464 3548 2651 3603 erunt
2680 3540 2759 3603 de
2790 3548 2976 3617 terra,
3012 3548 3075 3604 et
3106 3540 3353 3603 fructus
3392 3540 3594 3622 ipsius
3632 3542 3959 3606 destruxe—

2466 3647 2639 3713 runt3
2674 3639 2803 3702 imo
2834 3647 2897 3701 et
2928 3638 3365 3721 prominentes
3396 3639 3633 3702 extales
3665 3639 3955 3722 ipsorum

860 3736 976 3800 Pro
1017 3736 1431 3801 irreverentia
1469 3738 1596 3800 Deo
1638 3736 1825 3799 Israel
1868 3736 2144 3818 irrogata
2184 3737 2352 3801 circa
2460 3737 2941 3799 Philistinorum
2983 3737 3363 3800 mordebant
3395 3745 3457 3800 et
3487 3739 3953 3815 corrodebant3

860 3854 1071 3899 arcam
1115 3835 1336 3918 ipsiuS,
1373 3834 1726 3917 impendite
1771 3834 1831 3897 ei
1881 3834 2189 3899 honorem
2239 3854 2353 3918 per
2460 3846 2520 3897 et
2548 3838 2790 3897 dabitis
2807 3840 2937 3897 Deo
2954 3839 3162 3897 Israel
3184 3838 3485 3912 yteriam,
3504 3835 3568 3898 id
3598 3844 3715 3913 est,
3736 3846 3961 3919 poten-

861 3934 1214 3997 oblationes
1263 3944 1326 3998 et
1375 3935 1590 4009 dona3
1645 3932 1831 3997 aliter
1881 3952 2006 3997 non
2059 3935 2351 4016 poteritis
2379 3938 2422 4001 C
2462 3934 2615 3996 tiam
2661 3941 2852 4016 atque
2892 3933 3205 4016 justitiam
3257 3933 3397 4014 ejus
3438 3934 3957 4015 protestabimini

861 4051 1008 4096 eum
1039 4032 1310 4115 placare.
1346 4032 1506 4096 Hinc
1537 4032 1829 4095 subditur
1866 4050 1880 4095 ε
1913 4037 2024 4094 sed
2051 4038 2223 4115 quod
2250 4038 2353 4095 de-

860 4134 1036 4204 betis,
1061 4134 1311 4192 reddite
1338 4134 1401 4191 ei
1421 4152 1544 4209 pro
1565 4142 1822 4210 peccato
1857 4132 2039 4195 vobis
2071 4131 2351 4196 relaxan-

859 4231 965 4307 do,
997 4238 1057 4291 et
1090 4240 1242 4291 tune
1268 4233 1674 4291 curabimini
1685 4254 1713 4303 ,·
1749 4240 1809 4291 et
1836 4232 2046 4292 scietis
2087 4250 2200 4312 per
2244 4250 2348 4294 ex-

860 4327 1238 4410 perientiam
1273 4336 1498 4391 vestrae
1525 4328 1893 4405 curationiS‚
1929 4348 2130 4411 quum
2169 4329 2348 4410 juxta

859 4434 1142 4491 nostram
1203 4425 1734 4490 consultationem
1797 4426 2082 4508 egeritiS,
2144 4449 2348 4507 quare

857 4545 988 4587 non.
1012 4529 1263 4587 recedat
1292 4547 1524 4589 manus
1553 4527 1694 4603 ejas
1713 4548 1755 4586 a
1777 4528 1972 4597 vobis,
1995 4526 2063 4588 id
2095 4534 2214 4603 est,
2232 4546 2347 4589 cur

857 4622 1116 4687 interim
1160 4622 1434 4687 effeetus
1475 4624 1711 4688 divinae
1755 4625 2080 4705 potentiae,
2126 4633 2347 4707 utpote

857 4722 1108 4805 punitio
1138 4731 1368 4800 vestra,
1406 4741 1535 4788 non
1567 4731 1792 4787 cessat.
1826 4722 1980 4785 Nam
2010 4723 2346 4804 hucusque

856 4822 982 4884 fuit
1013 4822 1178 4886 inter
1198 4822 1549 4884 Philistaeos
1580 4822 1830 4885 diversa
1860 4821 2080 4903 opinio
2101 4822 2182 4884 de
2206 4841 2349 4885 cau-

854 4940 924 5009 sa
960 4921 1276 5003 praedictae
1316 4919 1719 5003 plagationiS.
1766 4920 2004 5002 Nempe
2046 4920 2343 4983 nonnulli

853 5020 1152 5083 dixerunt
1193 5039 1333 5083 eam
1375 5019 1718 5099 contigisse
1762 5038 1837 5081 ex
1885 5018 2050 5082 aeris
2096 5017 2349 5082 infecti-

2462 4033 2583 4096 ista
2610 4032 2897 4114 agendo:
2924 4052 3037 4115 per
3058 4050 3200 4113 quae
3228 4032 3419 4095 etiam
3454 4030 3817 4096 fatebimini
3842 4053 3959 4099 vos

2460 4150 2598 4193 esse
2621 4148 2953 4214 percussos
2984 4130 3064 4192 ab
3096 4130 3255 4212 ipso,
3276 4148 3352 4193 eo
3374 4130 3545 4212 quod
3574 4148 3785 4193 arcam
3808 4132 3957 4213 ejus

2458 4228 2755 4312 ceperitis
2793 4252 2807 4303 3
2859 4232 2919 4288 si
2965 4231 3131 4305 forte
3187 4232 3418 4289 relevet
3466 4229 3633 4291 Deus
3680 4250 3953 4293 manum

2456 4350 2665 4400 suam,
2698 4328 2763 4389 id
2796 4334 2913 4403 est,
2952 4327 3168 4409 plagas
3218 4346 3365 4389 suas
3416 4326 3615 4405 tollat,
3660 4349 3703 4388 a
3746 4331 3947 4390 vobis.

2455 4426 2587 4488 Jam
2640 4432 2787 4488 ante
2830 4425 3145 4501 dixerunt,
3181 4424 3257 4485 Et
3308 4432 3458 4487 tunc
3502 4424 3887 4488 curabimini
3930 4444 3947 4488 :

2458 4534 2654 4605 quare
2682 4541 2833 4604 ergo
2862 4522 3218 4587 dubitative
3250 4541 3421 4586 nunc
3456 4522 3698 4599 dicunt,
3726 4523 3789 4587 Si
3824 4524 3954 4588 for-

2459 4633 2541 4700 te,
2577 4626 2747 4685 etcft
2778 4622 3238 4704 Respondetur,
3262 4622 3436 4703 quod
3469 4621 3629 4684 illud
3662 4621 3782 4684 fuit
3816 4643 3955 4687 ver-

2456 4721 2609 4784 bum
2640 4721 2825 4785 bonae
2854 4720 3132 4798 fiduciae,
3154 4738 3284 4783 non
3316 4728 3505 4783 certae
3534 4720 3845 4783 scientiae.
3866 4726 3953 4785 Et

2457 4842 2499 4881 a
2526 4823 2659 4881 diis
2692 4821 2915 4880 vestris
2946 4829 3005 4879 et
3038 4830 3207 4879 terra
3242 4829 3471 4881 vestra.
3507 4818 3597 4880 Ex
3626 4819 3748 4881 hoc
3780 4820 3957 4883 vide-

2456 4928 2581 4996 tur,
2615 4918 2786 5000 quod
2833 4917 3134 4981 Philistaei
3185 4935 3314 4980 non
3357 4918 3563 4981 solum
3616 4918 3955 4980 coluerunt

2457 5019 2693 5098 Dagon,
2728 5027 2792 5081 et
2832 5017 3001 5097 quod
3046 5017 3208 5079 Deus
3252 5034 3378 5079 non
3422 5016 3628 5079 solum
3668 5017 3955 5079 exercuit

854 5137 996 5196 one,
1040 5119 1152 5183 alii
1197 5138 1274 5183 ex
1318 5118 1723 5199 corruptione
1767 5117 2090 5181 fructuum
2136 5126 2344 5196 terrae,
2376 5128 2425 5188 D
2458 5116 2768 5180 ultionem
2801 5116 2866 5177 in
2902 5116 3135 5195 Dagon,
3162 5116 3271 5177 sed
3305 5114 3457 5177 item
3490 5114 3558 5176 in
3586 5114 3733 5176 aliis
3762 5114 3956 5176 Phili-

853 5218 1114 5299 quidam
1144 5238 1183 5280 a
1211 5236 1383 5294 casu,
1423 5216 1717 5280 nonnulli
1756 5217 1840 5280 ob
1873 5235 2034 5281 arcae
2066 5235 2348 5299 praesen-

855 5316 1033 5379 tiam.
1077 5319 1205 5387 Qui
1242 5319 1558 5379 disserunt
1597 5336 1619 5375 .·
1662 5319 1834 5385 Quid
1882 5326 1971 5378 est
2015 5319 2187 5397 quod
2222 5336 2346 5394 pro

2458 5216 2770 5281 stinorum
2810 5215 2934 5278 diis
2977 5233 3089 5277 seu
3130 5213 3343 5291 idolis,
3378 5214 3543 5277 sicut
3580 5221 3645 5275 et
3682 5212 3837 5277 olim
3880 5212 3949 5276 in

2460 5314 2583 5377 diis
2614 5312 3069 5397 AEgyptiorum.
3108 5316 3317 5383 Quare
3347 5314 3720 5389 ayyravatis
3750 5314 3951 5373 eorda
