4359 6250
85 2742 238 2798 naeu.
252 2758 330 2794 vn,

75 2808 118 2848 12
134 2812 174 2849 et
193 2820 293 2861 seq.

75 3151 168 3193 ια’.
181 3155 340 3202 xvim&

117 5260 249 5307 Exod.
263 5277 337 5318 xx,

97 5323 154 5371 14,
175 5327 235 5369 Π.

1019 484 1366 531 RNARRATIO
1410 485 1470 529 IN
1514 484 1649 530 CAP.
1697 484 1740 529 11
1783 483 1940 529 LIBRI
1981 483 2180 531 ‘raum
2224 488 2447 535 REGUH.
2494 509 2575 519 —
2614 490 2760 537 ΛΒΤ.
2805 490 2872 537 111

3362 474 3481 541 593

376 654 712 721 casionem
745 656 1112 740 adspirandi
1142 657 1220 719 ad
1253 676 1544 737 regnum.
1573 655 1635 717 Si
1667 662 1880 717 autem
1910 652 1963 714 A
1990 675 2106 719 nae.
2141 657 2349 740 Atque
2380 679 2493 741 per
2524 661 2746 724 lsaiam
2776 663 3083 726 Dominus
3110 664 3271 727 dixit
3306 683 3319 727 :
3356 666 3479 728 Au·
3534 688 3599 732 le.
3619 704 3650 741 ι,
3674 693 3739 735 1⁶.

63 769 334 823 nneqass.
375 754 652 819 haberet
671 756 906 837 Abisag
937 775 1370 836 uxorem,quae
1403 754 1524 816 fuit
1555 754 1718 835 patri
1741 770 1882 815 meo
1991 754 2148 817 ferte
2198 757 2434 820 malum
2486 760 2941 839 cogitationum
2992 770 3343 825 vestrarum
3396 764 3476 827 ab

373 855 792 937 desponsata,
820 864 1079 937 propter
1109 854 1283 936 quod
1313 854 1492 935 quasi
1519 852 1734 933 regina
1767 860 1875 927 est,

372 952 588 1032 magis
618 961 949 1016 conaretur
971 954 1049 1015 ad
1072 970 1336 1031 regnum
1367 952 1730 1025 ascendere,
1749 958 1882 1011 tan-

369 1068 576 1130 quam
627 1051 894 1114 maritus
942 1050 1176 1115 relictae
1221 1050 1409 1130 regiS,
1456 1058 1520 1112 et
1562 1048 1881 1130 adjutorio

371 1147 590 1211 tribus
623 1169 696 1213 ac
725 1150 1344 1230 consanguineorum
1382 1148 1584 1230 ipsius
1621 1147 1874 1225 Abisag,

369 1264 522 1326 quae
545 1247 784 1311 nobilis
804 1256 901 1311 est
932 1247 1168 1330 puella.
1192 1247 1424 1309 Dicunt
1443 1247 1699 1309 demum
1727 1263 1880 1306 non-

367 1344 566 1423 nulli,
603 1348 774 1427 quod
819 1366 894 1409 ex
944 1346 1354 1427 instigatione
1397 1344 1552 1408 Joab
1602 1343 1878 1407 Adonias

369 1444 534 1507 fecit
573 1445 752 1508 illam
791 1446 1192 1527 petitionem.

455 1548 850 1625 Iuravitque
877 1567 997 1605 γεω
1031 1549 1338 1606 Salomon
1359 1564 1478 1621 per
1495 1544 1879 1610 Dominum,

367 1644 600 1732 (licens
629 1663 652 1701 .·
677 1646 832 1705 Haec
858 1645 1066 1721 faciat
1101 1644 1271 1702 mik-i
1299 1647 1470 1703 Deus
1511 1650 1570 1701 et
1608 1642 1742 1701 lzoec
1769 1641 1880 1699 acl-

367 1744 694 1821 dat,quia
714 1751 936 1802 contra
956 1743 1254 1803 animam
1279 1762 1492 1811 suam,
1512 1740 1575 1801 id
1607 1747 1703 1801 est
1735 1755 1878 1800 con-

1987 854 2191 916 oculis
2242 856 2423 917 meis,
2473 857 2587 920 Pcr
2629 858 2949 922 Miehaeam
2998 880 3256 944 quoque
3305 880 3319 923 ε
3367 862 3475 925 Vae
3516 888 3769 941 mea-m.

1986 953 2098 1034 qui
2131 953 2422 1035 cogitatis
2463 956 2713 1021 inutile.

2065 1055 2388 1116 Abiatlzar
2424 1077 2671 1135 quoque
2716 1061 3031 1119 sacerdoti
3072 1062 3251 1120 dimit
3288 1082 3405 1120 rex
3452 1083 3476 1121 .·

2004 1154 2172 1211 Vade
2205 1156 2277 1213 in
2306 1156 2635 1215 Anatkotk
2656 1159 2745 1215 ad
2767 1176 3003 1233 ayrum
3036 1167 3247 1228 tuum,
3270 1157 3333 1219 id
3354 1168 3472 1236 est,

1988 1247 2066 1309 dc
2098 1248 2215 1311 hac
2245 1250 2503 1313 civitate
2543 1251 2739 1331 regali
2784 1254 3006 1316 recede
3045 1262 3107 1317 et
3146 1254 3366 1319 habita
3408 1256 3476 1317 in

1989 1365 2186 1427 parvo
2228 1348 2465 1429 oppido
2510 1369 2621 1412 seu
2654 1350 2865 1414 viculo
2911 1354 3333 1431 sacerdotum,
3366 1374 3478 1419 no-

1989 1445 2162 1508 mine
2191 1443 2513 1510 Anathoth
2544 1449 2650 1527 (de
2692 1467 2822 1530 quo
2868 1448 2992 1512 fuit
3019 1451 3371 1534 Ieremias),
3415 1462 3478 1517 et

1989 1542 2077 1605 ibi
2110 1546 2409 1623 egredere
2436 1547 2514 1608 ad
2549 1565 2771 1626 agrum
2791 1567 2983 1630 quem
3008 1550 3205 1614 habes
3235 1551 3302 1613 in
3332 1552 3478 1615 sub-

1989 1642 2251 1705 urbanis
2302 1644 2652 1713 lociillius
2702 1648 2783 1709 ad
2832 1648 3241 1729 spatiandum
3284 1658 3477 1732 atque

1985 1740 2064 1802 ad
2091 1740 2468 1805 intuendum
2498 1762 2729 1825 pecora
2750 1752 2877 1807 tua.
2910 1746 3208 1820 Quamvis
3240 1749 3477 1811 etenim

3530 1484 3625 1555 ier.
3642 1497 3671 1536 ι,
3690 1488 3729 1529 1.

370 1848 474 1902 tra
505 1860 690 1903 suam
720 1841 988 1903 salutem
1020 1848 1082 1903 et
1113 1848 1334 1903 contra
1371 1840 1518 1903 vitae
1558 1856 1686 1900 suae
1722 1854 1873 1900 eon·
1912 1843 1959 1905 B
1987 1841 2343 1903 sacerdotes
2388 1860 2514 1904 non
2552 1841 2894 1906 habuerint
2941 1845 3324 1909 hereditaria
3368 1847 3479 1911 bo—

367 1939 830 2015 servationom,
868 1943 1114 2001 locutus
1151 1949 1240 2000 est
1271 1940 1562 1999 Adonias
1609 1939 1871 1996 verbum

365 2040 514 2109 hoc,
537 2037 602 2099 id
623 2045 742 2114 cst,
768 2036 1098 2118 instigavit
1121 2045 1180 2100 te
1201 2037 1280 2099 ad
1301 2035 1472 2098 istud
1503 2035 1870 2116 petendum.

363 2135 820 2200 Consideravit
838 2136 1010 2199 enim
1032 2135 1328 2198 Salomon
1353 2134 1724 2217 petitionem
1747 2152 1877 2195 suae

365 2234 602 2297 matris
631 2254 709 2297 ex
737 2234 1191 2297 informatione
1210 2234 1471 2297 Adoniae
1502 2232 1774 2297 venisse.
1795 2236 1876 2293 Et

367 2354 563 2395 nunc
599 2335 766 2394 vivit
796 2335 1142 2406 Dominus,
1174 2335 1293 2413 qui
1332 2334 1626 2410 firmavit
1666 2352 1790 2400 me,
1817 2340 1876 2391 et

369 2435 717 2494 collocavit
743 2452 939 2511 super
966 2434 1204 2492 solium
1234 2434 1455 2492 David
1477 2433 1692 2509 patris
1733 2432 1874 2500 mei,

368 2542 435 2593 et
465 2534 588 2613 qui
615 2533 770 2612 fecit
803 2533 968 2593 mihi
995 2533 1262 2592 domum
1291 2532 1458 2590 sicut
1488 2534 1735 2589 locutas
1760 2539 1872 2601 est,

373 2630 444 2691 id
496 2637 616 2707 est,
661 2627 972 2691 familiam
1022 2629 1198 2691 dedit
1245 2628 1404 2689 mihi
1456 2636 1526 2690 ut
1574 2627 1878 2689 condecet

375 2748 598 2809 regem
638 2728 894 2805 habere,
929 2726 1098 2790 sicut
1130 2746 1242 2809 per
1279 2726 1524 2789 Nathan
1560 2725 1873 2808 praedixit,

369 2830 540 2909 quia
590 2830 780 2889 hodie
825 2828 1153 2887 occidetur
1200 2828 1518 2895 AdoniaS,
1571 2834 1874 2906 tanquam

373 2927 786 2990 machinator
817 2925 1197 2988 turbationis
1237 2925 1428 2987 totius
1460 2926 1880 2988 communita-

1986 1955 2087 2013 na,
2125 1938 2235 2000 sed
2274 1939 2481 2001 solum
2522 1940 2661 2003 loca
2701 1942 2781 2004 ad
2820 1945 3367 2022 commorandum,
3415 1953 3479 2008 et

1984 2036 2305 2100 sacrificia
2325 2038 2575 2101 Domini
2597 2058 2668 2102 ac
2691 2040 2969 2103 decimas
3001 2042 3135 2108 sive
3159 2044 3477 2125 primitias

1985 2154 2100 2217 pro
2131 2136 2516 2213 hereditate3
2554 2137 2916 2201 habuerunt
2952 2141 3340 2217 tamenloca
3370 2161 3478 2225 pa-

1985 2235 2225 2297 scualia
2253 2254 2365 2298 seu
2407 2236 2772 2299 suburbana
2802 2240 2880 2300 ad
2912 2239 3211 2302 alendum
3244 2260 3358 2304 sua
3386 2242 3479 2323 ju-

1985 2342 2220 2409 menta,
2256 2343 2317 2397 et
2345 2335 2668 2417 pascualia
2697 2335 2807 2399 illa
2840 2346 3131 2419 poterant
3161 2338 3285 2401 sibi
3319 2339 3478 2403 invi-

1984 2451 2123 2495 cem
2172 2434 2469 2509 vendere‚
2503 2428 3040 2515 quemadmodum
3091 2436 3157 2499 in
3204 2438 3477 2501 Jeremia

1985 2530 2252 2593 habetur
2284 2548 2298 2592 :
2336 2532 2501 2595 Dixit
2543 2532 2867 2610 Ieremias,
2901 2534 3161 2597 Factum
3196 2543 3292 2597 est
3341 2556 3477 2601 ver·
3516 2562 3754 2616 mmm,

1984 2627 2138 2691 bum
2181 2629 2431 2692 Domini
2474 2631 2553 2692 ad
2597 2650 2719 2707 me,
2764 2630 2982 2694 dicens
3020 2650 3033 2693 :
3068 2633 3228 2697 Ecce
3275 2633 3477 2697 Hana-
3504 2628 3545 2678 ⁶*
3562 2628 3600 2677 ⁷·
3618 2630 3657 2671 ⁹·

1983 2727 2145 2789 mccl
2197 2728 2501 2809 patruelis
2544 2736 2689 2791 tuus
2728 2729 2943 2792 veniet
2983 2731 3061 2792 ad
3109 2739 3192 2807 te,
3228 2730 3469 2809 dicenS,

1985 2826 2136 2889 Eme
2177 2825 2296 2889 tibi
2346 2846 2568 2907 agrum
2616 2846 2851 2903 meum,
2886 2828 2999 2910 qui
3050 2838 3147 2891 est
3198 2830 3264 2892 in
3313 2829 3476 2893 Ana·

1986 2925 2199 2999 thoth;
2225 2933 2286 2988 et
2317 2925 2443 2990 emi
2474 2928 2821 3005 agrum.Et
2843 2930 3105 3006 quidem
3126 2931 3234 2989 vir
3254 2932 3475 2992 mortis

375 3026 486 3102 tis,
514 3034 578 3089 et
609 3044 755 3089 reus
787 3025 852 3087 in
887 3042 1100 3105 regem
1133 3032 1322 3104 atque
1354 3023 1420 3085 in
1451 3023 1647 3085 Deum
1690 3032 1752 3086 et
1797 3025 1879 3087 le·
1911 3026 1956 3090 C
1983 3046 2067 3096 eS,
2093 3023 2155 3085 id
2188 3033 2304 3101 est,
2331 3023 2619 3087 meruisti
2651 3024 2878 3102 occidi,
2903 3026 3286 3090 adhaerendo
3319 3028 3477 3091 Ado-

369 3145 549 3208 gem,
575 3126 880 3209 quoniam
910 3131 1132 3187 contra
1161 3122 1318 3203 legis
1351 3131 1736 3204 praeceptum
1769 3143 1878 3206 pc-

377 3227 488 3289 tiit
521 3226 864 3307 conjugem
906 3222 1004 3285 sui
1043 3221 1242 3304 patris
1286 3221 1520 3284 habere
1561 3241 1821 3285 uxorem
1858 3241 1872 3285 ε

370 3326 556 3407 quod
577 3325 770 3387 etiam
791 3321 982 3386 cessit
1003 3321 1068 3382 in
1095 3321 1291 3403 patris
1313 3320 1414 3383 sui
1434 3320 1872 3402 opprobrium,

370 3424 496 3506 qui
519 3423 586 3484 in
609 3422 784 3485 illius
806 3419 1035 3503 puellae
1055 3419 1200 3481 sinu
1222 3418 1545 3482 dormivit.
1570 3420 1878 3499 Misitque

369 3545 499 3584 rex
528 3527 838 3584 Salomon
861 3540 981 3599 per
1013 3541 1283 3582 manum
1313 3520 1590 3581 Banaioe
1617 3521 1752 3596 filii
1777 3523 1877 3581 Jo-

372 3625 578 3692 z‘adae,
611 3621 676 3684 id
714 3628 810 3684 est
849 3620 1060 3701 ipsum
1089 3618 1386 3680 Banaiam
1418 3637 1566 3680 eum
1599 3617 1754 3681 viris
1785 3637 1878 3682 ro-

371 3721 613 3796 bustiS‚
635 3722 755 3801 qui
781 3720 1110 3796 interfecit
1139 3738 1313 3787 eum,
1333 3726 1391 3776 et
1425 3726 1715 3778 mortuus
1745 3727 1834 3778 est
1852 3739 1874 3777 .·

369 3819 534 3902 quia
562 3827 824 3901 propter
854 3816 1094 3880 bonum
1125 3834 1465 3878 commune
1495 3833 1878 3878 conservan-

371 3920 536 3982 dum
596 3917 664 3978 in
721 3935 899 3998 pace,
961 3922 1216 3998 oportet
1281 3914 1553 3994 rigorem
1610 3913 1876 3994 justitiae

373 4035 700 4094 exercere,
719 4016 912 4079 etiam
945 4015 1011 4076 in
1045 4012 1518 4095 quantumlibet
1550 4012 1874 4094 proximos

373 4128 440 4181 et
473 4115 899 4199 propinquos.

1987 3122 2109 3186 niae
2139 3133 2361 3187 contra
2390 3124 2854 3187 ordinationem
2893 3125 3198 3203 divinam,
3228 3136 3291 3190 et
3328 3146 3478 3190 con-

1986 3230 2084 3284 tra
2123 3243 2226 3286 me
2270 3223 2693 3305 conspirando
2732 3241 2878 3285 cum
2917 3223 3091 3300 soah,
3127 3233 3236 3286 aut
3284 3225 3474 3288 etiam

1987 3321 2296 3384 Adoniam
2327 3321 2562 3403 pariter
2584 3321 2943 3384 inducendo
2974 3331 3043 3384 ut
3074 3331 3317 3405 peteret
3336 3324 3475 3386 Abi-

1987 3439 2098 3501 sag
2129 3419 2196 3480 in
2226 3437 2509 3496 uxorem,
2544 3427 2617 3481 ut
2645 3419 2737 3482 sic
2771 3419 3027 3483 facilius
3066 3429 3282 3502 posset
3312 3421 3471 3483 mihi

1987 3517 2315 3593 rebellare,
2369 3526 2432 3580 et
2480 3518 2559 3579 ad
2610 3535 2875 3597 regnum
2928 3520 3311 3596 ascendere3
3363 3523 3473 3580 sed

1982 3619 2169 3678 hodie
2202 3626 2259 3676 tc
2287 3636 2411 3676 non
2449 3618 2863 3694 interficiam,
2898 3616 2961 3678 id
3006 3625 3123 3694 est,
3157 3635 3273 3699 pro
3302 3618 3470 3681 malo

1985 3715 2303 3797 praeterito
2333 3713 2449 3776 tibi
2482 3713 2739 3794 ignosco
2775 3731 2789 3774 :
2824 3714 2878 3776 si
2909 3722 3118 3777 tamen
3151 3716 3231 3778 de
3258 3723 3469 3779 cetero

1985 3813 2108 3876 tale
2155 3813 2310 3896 quid
2361 3811 2791 3889 attentaveriS,
2830 3810 3058 3875 faciam
3108 3821 3171 3876 te
3218 3813 3463 3888 occidi;

1983 3916 2142 3992 quia
2181 3914 2462 3990 portasti
2505 3932 2726 3973 arcam
2772 3913 3041 3972 Domini
3086 3913 3212 3973 Dei
3252 3933 3467 3973 coram

1981 4013 2202 4072 David
2222 4021 2411 4088 patre
2440 4031 2593 4081 meO,
2612 4019 2672 4070 et
2692 4011 3063 4070 sustinuisti
3095 4013 3373 4072 laborem
3395 4013 3469 4072 in

1981 4112 2280 4170 omnibus
2310 4111 2381 4169 in
2410 4110 2642 4188 quibus
2672 4110 2986 4169 laboravit
3007 4117 3201 4186 pater
3227 4130 3422 4171 meu-5⁸.

459 4215 644 4278 Circa
674 4214 808 4277 haec
839 4211 1062 4275 scribit
1081 4208 1281 4273 Rabbi
1313 4208 1540 4271 Paulus
1571 4227 1745 4272 more
1777 4229 1876 4273 so·
1905 4210 1956 4272 D
2061 4210 2273 4286 Effecit
2320 4227 2467 4284 erqo
2510 4211 2815 4268 Salomon
2846 4209 3193 4277 Abiathar,
3222 4219 3295 4269 ut
3338 4229 3471 4270 non

373 4316 498 4378 lito
545 4321 768 4378 contra
815 4312 1040 4394 Lyram
1076 4327 1090 4371 ε
1126 4308 1299 4371 Licet
1348 4306 1740 4390 prohibitum
1792 4310 1873 4371 sit

371 4415 444 4476 in
478 4412 620 4492 lege
657 4409 1134 4473 matrimonium
1169 4405 1544 4470 contrahere
1588 4425 1732 4468 cum
1766 4426 1874 4489 pa-

371 4511 496 4574 tris
527 4529 745 4588 uxore,
779 4517 992 4572 tamen
1025 4507 1200 4569 illam
1235 4513 1448 4588 petere
1484 4504 1550 4567 in
1583 4523 1868 4583 uxorem,

371 4630 512 4675 non
541 4616 640 4673 est
678 4607 1095 4692 prohibitum.
1129 4606 1304 4681 Quod
1350 4623 1475 4667 non
1521 4611 1615 4666 est
1647 4603 1873 4668 idonee

371 4711 648 4783 dictum,
683 4717 745 4773 et
775 4708 1027 4774 videtur
1056 4707 1398 4789 procedere
1425 4724 1501 4767 ex
1532 4722 1745 4766 errore
1775 4705 1873 4767 di-

369 4809 689 4887 centium,
719 4810 890 4892 quod
934 4808 1036 4872 lex
1073 4814 1254 4871 vetus
1305 4803 1634 4886 prohibuit
1681 4822 1868 4886 opuS,

370 4928 510 4972 non
559 4907 910 4982 affeetum3
943 4915 1006 4968 et
1039 4904 1211 4986 quod
1251 4901 1539 4966 cohibuit
1583 4921 1865 4982 manum,

369 5009 491 5072 sed
542 5025 672 5070 non
721 5006 1002 5068 animum
1057 5021 1070 5064 ε
1124 5002 1297 5084 quod
1346 5009 1441 5064 est
1492 4999 1756 5076 falsum,
1809 5009 1871 5064 et

368 5115 604 5171 contra
633 5105 922 5168 doctores
953 5101 1320 5165 catholicos
1355 5101 1486 5162 lmo
1516 5098 1682 5162 inter
1714 5118 1872 5180 prae-

369 5213 566 5288 cepta
613 5200 905 5282 Decalogi
957 5219 1084 5263 non
1133 5198 1339 5263 solum
1383 5197 1508 5260 fuit
1550 5197 1872 5279 prohibita

369 5303 742 5381 moechatio‚
775 5301 886 5366 sed
929 5308 992 5364 et
1023 5296 1542 5381 concupiscentia
1584 5295 1676 5359 rei
1720 5296 1874 5360 alie-

631 5437 696 5490 Τ.
731 5438 780 5489 3.

1979 4317 2132 4368 esset
2171 4309 2463 4368 sacerdos
2489 4307 2781 4378 Domini,
2828 4305 2893 4366 id
2938 4314 3054 4382 est,
3108 4306 3469 4388 pontificali

1982 4405 2206 4469 officio
2250 4404 2525 4486 amplius
2572 4422 2701 4466 non
2752 4403 3141 4484 fungeretur,
3178 4403 3309 4468 imo
3352 4424 3468 4470 nec

1983 4502 2356 4567 sacerdotali
2378 4504 2455 4565 ad
2487 4510 2757 4584 tempus.
2777 4502 3227 4566 Verumtamen
3249 4512 3471 4586 postea

1984 4603 2136 4667 fecit
2163 4603 2223 4665 ei
2268 4600 2693 4678 clementiam,
2729 4600 3117 4664 admittendo
3149 4601 3358 4684 ipsum
3388 4603 3467 4665 ad

1982 4701 2370 4765 sacerdotale
2398 4699 2716 4764 officium.
2750 4699 2901 4761 Nam
2945 4698 3113 4761 infra
3142 4699 3411 4764 habetur
3446 4720 3461 4765 τ

1981 4801 2178 4864 Sadoc
2222 4807 2287 4863 et
2324 4798 2626 4861 Abiathar
2664 4798 3040 4861 sacerdotes.
3074 4797 3282 4861 Primo
3314 4817 3467 4880 quo-
3495 4829 3653 4893 {unq
3669 4839 3763 4890 M,

1979 4918 2104 4981 que
2122 4897 2646 4979 Paralipomenon
2670 4896 2900 4978 legitur
2918 4895 3116 4958 David
3138 4897 3465 4962 ordinasse

1979 5007 2050 5060 ut
2071 4997 2269 5060 Sadoc
2300 4995 2685 5058 etAbiathar
2705 4995 3005 5059 omnibus
3033 5004 3380 5078 praeessent
3400 4997 3465 5058 in
3522 5023 3668 5068 war,
3688 5039 3757 5078 xv,

3498 5089 3564 5138 ¹1,
3588 5091 3655 5132 12.

1978 5097 2220 5179 templo
2248 5119 2263 5170 3
2298 5096 2407 5158 sed
2439 5095 2558 5158 hoc
2589 5093 2715 5157 fuit
2742 5101 2889 5157 ante
2929 5093 3131 5176 ipsius
3160 5093 3468 5158 Abiathar
3515 5149 3765 5204 canum.

1977 5195 2379 5277 ejectionem,
2428 5192 3045 5275 intelligendumque
3086 5203 3240 5270 erat,
3283 5195 3470 5256 dum-

1976 5295 2165 5359 modo
2188 5291 2507 5356 Salomoni
2541 5289 2819 5355 fideliter
2846 5292 3220 5356 adhaereret.
3250 5295 3331 5356 Ut
3351 5294 3477 5354 im·

3160 5427 3221 5478 38
