4359 6250
671 1751 823 1797 ludin.
835 1766 906 1803 vn,

646 1816 716 1860 22.

941 469 1059 532 336

1501 486 1848 534 manuue
1892 486 1952 531 IN
1996 486 2132 532 GAP.
2181 485 2284 530 xlv
2328 485 2483 532 uam
2525 485 2694 531 rann
2735 485 2959 532 REGUU.
3003 503 3085 514 -
3125 487 3267 533 ΛΒΤ.
3314 486 3482 535 xxvn

935 667 1002 720 to
1032 657 1110 720 ad
1142 657 1614 739 inspiciendum
1648 657 1836 738 longe
1872 673 1944 720 ac
1984 656 2109 719 late
2151 655 2309 738 quid
2352 655 2429 718 fi·
2458 655 2509 716 Α
2540 659 2673 719 litae
2700 659 2819 738 qui
2846 679 2909 718 se
2938 661 3401 720 absconderant
3430 659 3501 719 in
3534 667 3747 718 monte
3764 659 4013 733 Ephra-

933 763 1086 831 cret‚
1130 767 1189 817 et
1232 777 1367 816 ecce
1408 758 1756 816 multitudo
1799 765 2152 832 prostrata,
2196 764 2256 813 et
2302 757 2428 815 huc

933 857 1218 933 illucque
1265 857 1640 932 diffuyienS.
1695 853 1811 927 Qui
1872 853 2169 935 prostrati
2222 860 2422 928 erant,

934 971 1064 1016 non
1097 951 1398 1033 fugerunt
1427 952 1578 1014 hinc
1613 952 1782 1029 inde,
1817 952 1928 1014 sed
1959 971 2035 1014 ex
2066 960 2197 1016 toto
2236 949 2427 1012 Phili-

932 1051 1244 1114 stinornm
1275 1051 1556 1114 exercitu
1588 1050 1774 1113 multi
1815 1051 1944 1130 Jam
1986 1058 2168 1112 erant
2203 1048 2419 1124 occisi,

932 1148 1042 1211 alii
1093 1149 1443 1230 perturbati
1493 1149 1620 1211 huc
1666 1149 1948 1230 illucque
1993 1147 2317 1227 fugerunt,
2362 1154 2427 1208 et

933 1266 1000 1310 se
1045 1247 1317 1312 invicem
1365 1256 1793 1330 peremerunt,
1830 1247 1981 1327 quia
2025 1265 2151 1309 non
2200 1262 2427 1324 cogno-

933 1355 1163 1408 verunt
1193 1367 1262 1410 se
1296 1355 1540 1408 mutuo.
1575 1347 1724 1408 Tres
1770 1346 1959 1408 etiam
2007 1343 2194 1407 cunei
2237 1343 2425 1406 Phili-

933 1445 1108 1508 stiim
1157 1446 1494 1508 redeuntes
1538 1446 1616 1507 ad
1661 1463 1810 1507 suos
1851 1443 1917 1505 in
1959 1452 2187 1520 eastra,
2225 1443 2428 1525 impu-

837 1583 846 1592 ·
935 1552 1291 1624 gnaverunt
1311 1544 1567 1607 eosdem
1583 1561 1598 1605 ε
1612 1542 2149 1624 quemadmodum
2174 1542 2240 1603 in
2263 1541 2427 1604 libro

933 1641 1226 1708 ludicum
1276 1642 1506 1722 legitur
1547 1643 1626 1704 de
1670 1640 2048 1718 MadianitiS,
2096 1641 2270 1723 quod
2321 1639 2424 1703 fu-

935 1741 1180 1820 gientes
1209 1750 1273 1805 et
1302 1741 1585 1822 undique
1615 1741 2065 1817 discurrenteS,
2101 1747 2325 1802 mutua
2356 1757 2425 1802 se

2537 759 2656 825 im,
2700 759 3033 817 audientes
3082 759 3253 836 quod
3301 757 3619 833 fuqissent
3664 757 4017 821 Philiscu-i,

2533 855 2942 916 sociaverunt
2970 875 3034 914 se
3063 876 3210 915 cum
3238 855 3329 914 eis
3362 857 3435 915 in
3458 856 3709 931 praelio,
3733 856 3818 915 Et
3839 861 4017 912 erant

2535 973 2679 1013 cum
2726 956 2895 1014 Saul
2942 956 3133 1033 quasi
3177 957 3391 1014 decem
3439 955 3653 1014 millia
3706 953 4013 1021 virorum,

2535 1069 2678 1112 cum
2722 1069 2851 1133 quo
2894 1051 3085 1133 paulo
3128 1059 3275 1114 ante
3320 1069 3447 1114 non
3491 1058 3693 1126 erant,
3730 1049 4019 1115 nisi-sex·
4062 1063 4259 1118 lReme.

2535 1149 2817 1226 centi,ut
2846 1157 3020 1232 patet
3048 1149 3329 1232 capitulo
3358 1149 3763 1231 praecedenti.
3784 1148 4011 1210 Tamen
4041 1129 4097 1170 ¹⁵·

2535 1248 2640 1310 hic
2682 1268 2903 1311 versus
2954 1248 3155 1312 fertur
3202 1267 3329 1312 non
3379 1267 3517 1312 esse
3564 1249 3644 1312 de
3696 1255 3893 1310 textu.
3936 1249 4014 1308 Ee

2532 1349 2815 1407 salvavit
2846 1348 3163 1408 Dominus
3192 1350 3361 1408 Deus
3391 1350 3597 1408 Israel
3626 1349 3699 1407 in
3727 1347 3838 1406 die
3874 1349 4008 1406 illa.

2532 1448 2771 1521 Pugna
2816 1455 3031 1506 autem
3064 1448 3361 1522 pervenit
3409 1465 3607 1525 usque
3654 1447 3745 1506 ad
3788 1445 4013 1505 Betha-

2536 1563 2677 1614 ven,
2700 1542 2854 1624 quia
2882 1562 3087 1626 usque
3116 1544 3195 1606 ad
3227 1544 3450 1608 urbem
3481 1543 3657 1606 illam
3692 1543 4011 1606 insecutus

2534 1649 2630 1703 est
2659 1640 2806 1704 Saul
2835 1642 3071 1706 hostcS.
3092 1645 3178 1704 Et
3209 1645 3343 1703 viri
3370 1646 3578 1704 Israel
3604 1643 3837 1702 sociati
3866 1651 4009 1701 sunt

2534 1741 2661 1799 sibi
2688 1742 2762 1801 in
2790 1744 2899 1801 die
2928 1744 3069 1802 illa.
3446 1759 3449 1764 ·

939 1841 1110 1904 caede
1146 1840 1546 1903 truncabant.
1583 1843 1667 1902 Et
1705 1841 1801 1900 ait
1831 1843 2000 1900 Saul
2029 1841 2270 1916 populo
2310 1839 2428 1918 qui
2460 1841 2505 1902 B
2614 1841 2977 1917 Adjuravit
3004 1851 3221 1902 autem
3248 1844 3416 1903 Saul
3444 1845 3761 1918 populum
3798 1839 4003 1914 lsrael,

936 1950 1076 2000 erat
1115 1959 1260 2002 cum
1299 1961 1368 2000 eo
1400 1961 1422 2000 .·
1451 1939 1788 2018 Requirite
1813 1949 1874 1999 et
1904 1939 2110 1998 videte
2138 1939 2289 2017 quis
2316 1939 2427 1997 ab-

937 2041 1090 2102 ierit
1115 2061 1197 2100 ea·
1225 2042 1425 2101 nobis.
1459 2039 1587 2101 Hoc
1629 2037 1788 2100 dixit
1830 2045 2168 2119 postquam
2209 2055 2428 2118 specu·

938 2136 1168 2201 latores
1225 2137 1688 2200 nuntiaverunt
1745 2136 1806 2199 ei
1866 2135 2190 2218 praedicta.
2247 2135 2423 2198 Tunc

937 2238 1110 2300 enim
1132 2237 1279 2300 Saul
1309 2236 1550 2318 optavit
1580 2235 1743 2299 scire
1771 2255 1885 2318 per
1906 2253 2066 2316 quos
2099 2235 2263 2297 facta
2293 2241 2428 2297 erat

937 2346 1176 2417 strages
1209 2336 1320 2398 illa
1337 2334 1840 2399 Philistinorum.
1861 2337 2198 2412 Quumque
2220 2335 2426 2413 requi-

933 2437 1186 2504 sissent,
1216 2443 1540 2511 repertum
1567 2444 1658 2494 est
1691 2453 1821 2493 non
1851 2436 2066 2493 adesse
2091 2433 2423 2492 Jonathan

933 2545 995 2594 et
1015 2534 1410 2610 armi-oerum
1433 2533 1691 2610 eju8.Et
1711 2535 1806 2592 ait
1823 2534 1990 2593 Saul
2009 2533 2098 2590 ad
2111 2531 2389 2592 Achiam
2402 2549 2423 2588 .·

935 2635 1213 2711 Applica
1245 2652 1466 2692 arcam
1495 2632 1784 2702 Domini,
1805 2630 1926 2692 hoc
1957 2637 2075 2704 est,
2094 2648 2305 2692 arcam
2336 2647 2426 2690 as-

937 2750 1139 2808 sume,
1161 2739 1230 2793 ut
1258 2749 1471 2793 eoram
1497 2748 1572 2792 ea
1601 2728 1896 2792 consulas
1927 2747 2000 2792 ac
2032 2728 2291 2792 invoces
2315 2727 2424 2790 Do·

935 2829 1206 2906 minum,
1241 2836 1556 2910 quatenus
1590 2826 1774 2890 nobis
1807 2826 2062 2902 revelet,
2097 2827 2254 2909 quid
2286 2845 2426 2907 age-

937 2946 1004 2990 re
1037 2926 1402 2989 debeamus,
1439 2929 1602 2988 Erat
1629 2927 1939 2987 enim¹ibi
1971 2946 2126 2986 arca
2157 2926 2427 2986 Domini

2532 1939 2752 1999 dicens
2780 1961 2803 1999 .·
2836 1941 3218 2002 Maledictus
3248 1941 3356 2000 vir
3380 1941 3498 2019 qui
3530 1941 3876 2000 comederit
3896 1959 4011 2015 pa-

2534 2057 2679 2098 nem
2708 2057 2908 2118 usque
2936 2041 3025 2099 ad
3062 2058 3410 2116 vesperam,
3444 2038 3563 2100 hoc
3604 2045 3724 2112 est,
3756 2037 3879 2100 hoc
3916 2036 4013 2116 ju-

2536 2155 2628 2213 ro,
2661 2138 2832 2219 quod
2875 2145 3077 2200 morte
3118 2137 3351 2218 dignus
3390 2137 3532 2212 erit,
3566 2145 3631 2200 et
3668 2135 4008 2207 occidetur,

2533 2236 2925 2317 quicumque
2984 2255 3060 2298 ex
3122 2253 3265 2299 meo
3326 2235 3605 2299 exercitu
3666 2234 4011 2298 comederit

2534 2335 2798 2417 aliquid,
2840 2339 3038 2396 donec
3076 2338 3356 2396 ulciscar
3390 2338 3471 2396 de
3511 2337 3801 2396 inimicis
3838 2337 4007 2404 meis,

2534 2435 2596 2497 id
2636 2441 2754 2511 est,
2795 2433 3145 2496 Philistaeos
3194 2432 3511 2513 fugientes
3558 2433 3865 2496 occidam.
3900 2432 4003 2493 ‘ri-

2534 2534 2694 2598 muit
2740 2535 2942 2610 enim,
2994 2534 3166 2616 quod
3216 2533 3453 2616 populo
3509 2533 3678 2596 circa
3724 2531 4011 2596 refectio-

2536 2653 2680 2697 nem
2712 2633 2977 2709 intento,
3013 2632 3106 2695 illi
3140 2631 3539 2712 aufugerent.
3561 2632 3734 2695 Vidit
3760 2651 4011 2714 quoque

2534 2732 2843 2814 populum
2872 2732 2951 2796 ad
2982 2731 3493 2794 manducandum
3534 2731 3907 2794 inclinatum
3936 2731 4011 2792 de

2534 2832 2745 2913 praeda
2796 2829 3179 2911 fugientium
3222 2829 3725 2892 philistinorum.
3763 2834 3847 2893 Et
3886 2851 4009 2892 non

2530 2931 2949 2991 manducavit
2971 2931 3312 2990 universus
3323 2932 3604 3006 populus
3616 2948 3879 3006 panem,
3896 2928 4009 2990 hoc

936 3028 1010 3085 in
1039 3028 1148 3086 die
1179 3027 1301 3086 illa
1327 3045 1476 3085 cum
1507 3027 1672 3102 filiis
1701 3027 1928 3085 Israel·
1966 3026 2305 3102 Quumque
2338 3027 2425 3082 ΖΟ·
2451 3031 2496 3095 C
2532 3029 2880 3105 est,nullus
2909 3027 2988 3091 de
3008 3025 3287 3091 exercitu
3310 3025 3459 3089 Saul
3487 3047 3677 3090 ausus
3698 3025 3822 3089 fuit
3840 3027 4011 3110 quid·

935 3135 1240 3204 queretur
1287 3127 1456 3186 Saul
1503 3127 1591 3184 ad
1637 3126 2046 3194 sacerdotem,
2103 3126 2424 3183 tumultus

935 3242 1212 3301 maynus
1230 3233 1410 3303 ortus
1427 3232 1516 3283 est
1539 3225 1612 3281 in
1640 3224 1868 3282 castris
1888 3223 2416 3283 Philistinorum.

938 3324 1378 3401 Crescebatque
1407 3322 1742 3397 paulatim
1785 3330 1844 3379 et
1887 3320 2132 3380 clarius
2169 3338 2425 3379 resona-

935 3424 1075 3493 bat„
1108 3420 1260 3502 quia
1307 3438 1376 3482 se
1424 3418 1700 3482 invicem
1749 3417 2142 3481 invaserunt.
2194 3421 2278 3479 Et
2326 3420 2423 3479 ait

933 3523 1237 3582 Saul.=ad
1281 3522 1668 3579 sacerdotem
1712 3538 1734 3577 .·
1782 3518 2098 3577 Contrane
2148 3536 2421 3577 manum

934 3629 1136 3691 tuam,
1173 3618 1235 3679 id
1266 3625 1382 3693 est,
1407 3616 1655 3681 retrahe
1684 3634 1846 3691 eam,
1881 3616 1964 3678 ab
1993 3614 2266 3697 inceptis
2296 3634 2422 3678 ces-

932 3717 1152 3779 sando,
1184 3716 1318 3779 Jam
1348 3714 1518 3778 enim
1553 3712 1918 3777 extenderat
1949 3731 2174 3774 manus
2205 3712 2283 3774 ad
2315 3732 2419 3794 ap-

929 3816 986 3897 pl
997 3816 1294 3879 icandum
1316 3813 1439 3875 sibi
1459 3819 1882 3892 arcam,atque
1901 3812 1979 3873 ad
2001 3811 2382 3874 exorandum
2400 3835 2414 3886 3

931 3924 992 3978 et
1026 3916 1177 3977 dum
1211 3914 1516 3977 Dominus
1543 3912 1816 3974 tardaret
1837 3912 1987 3975 dare
2017 3929 2413 3992 responsum,

929 4013 1196 4095 cupiens
1236 4011 1380 4075 Saul
1422 4012 1636 4074 hostes
1677 4010 1997 4085 invadere,
2033 4017 2096 4071 et
2128 4007 2269 4071 filio
2301 4028 2416 4072 suo

929 4129 1320 4187 succurrere,
1338 4109 1498 4172 dixit
1529 4108 1839 4172 sacerdoti
1869 4107 2062 4170 verba
2093 4116 2411 4189 praetacta.

2529 3148 2721 3211 qnam
2744 3128 3074 3191 comedere
3101 3136 3249 3190 ante
3272 3127 3491 3190 horam
3517 3126 3863 3209 praefixam.
3880 3133 4011 3191 Om-

2528 3250 2728 3309 neque
2779 3239 2963 3290 terroe
3008 3231 3243 3304 vulqus
3292 3228 3468 3287 venit
3516 3229 3590 3288 in
3634 3232 3897 3301 saltum,
3938 3230 4005 3287 in

2528 3348 2653 3408 quo
2681 3338 2821 3388 erat
2850 3330 2978 3387 mel
3004 3346 3194 3404 super
3221 3327 3461 3404 faciem
3489 3328 3657 3403 ayri.
3682 3330 4009 3403 Inqressus

2527 3436 2617 3489 est
2664 3430 2885 3506 itaque
2923 3428 3208 3503 populus
3252 3423 3399 3486 Saul
3446 3428 3711 3495 saltum,
3752 3425 3871 3488 hoc
3916 3433 4007 3489 est

2530 3524 2757 3589 silvam
2788 3544 2899 3587 seu
2931 3532 3255 3599 nemus,et
3285 3525 3597 3600 apparuit
3622 3526 3833 3599 fluens
3863 3528 4003 3595 mel,

2526 3627 2874 3701 nullusque
2916 3622 3236 3700 applicuit
3276 3642 3545 3682 manum
3582 3624 3672 3683 ad
3696 3642 3763 3682 os
3790 3643 4000 3691 suum,

2528 3722 2591 3784 id
2620 3730 2737 3799 est,
2758 3739 2943 3784 nemo
2974 3738 3193 3783 eorum
3222 3718 3334 3801 qui
3366 3719 3829 3801 adjurationem
3860 3720 4007 3783 Sau-

2528 3821 2606 3883 lis
2636 3820 2902 3895 audivit,
2922 3838 3113 3881 ausus
3146 3815 3267 3880 fuit
3296 3817 3539 3900 aliquid
3570 3819 3649 3881 de
3676 3819 3869 3882 melle
3898 3819 4005 3881 illo

2528 3920 2856 4001 imponere
2900 3916 2995 3980 ori
3041 3934 3177 3979 suo.
3220 3918 3502 3979 Timebat
3526 3918 3705 3977 enim
3732 3922 4006 3996 populus

2510 4020 2993 4097 juramentum.
3023 4014 3189 4078 Dicit
3230 4022 3439 4076 antem
3478 4013 3771 4094 Magister
3802 4016 3871 4077 in
3912 4017 4005 4078 hi-

2525 4114 2737 4179 storiis
2765 4131 2778 4177 :
2811 4114 3033 4177 Fertur
3056 4113 3226 4194 quod
3258 4120 3433 4174 tanta
3460 4112 3647 4195 eopia
3676 4113 3887 4176 mellis
3917 4114 4001 4177 ibi

1012 4212 1447 4271 Conclamavit
1476 4228 1620 4286 erqo
1660 4212 1830 4270 Saul
1865 4217 1924 4267 et
1969 4209 2176 4268 omnis
2212 4228 2419 4285 popu·
2447 4215 2495 4276 D
2527 4214 2609 4275 sit
2654 4213 2721 4273 in
2764 4210 2987 4275 cannis
3028 4210 3325 4273 arborum
3371 4218 3433 4273 et
3476 4210 3767 4274 cavernis
3809 4219 4003 4294 petra-

931 4312 1034 4369 lus
1051 4311 1324 4389 quierat
1345 4328 1492 4369 cum
1511 4328 1596 4377 eo,
1614 4306 2016 4369 exhortantes
2049 4324 2116 4368 sc
2137 4304 2414 4369 invicem

926 4407 1004 4469 ad
1052 4406 1562 4488 persequendum
1604 4404 1969 4481 Philistiim‚
2003 4415 2061 4465 et
2091 4414 2415 4465 venerunt

925 4526 1127 4585 usque
1155 4508 1243 4567 ad
1273 4510 1480 4565 locum
1509 4505 1902 4565 certaminis.
1925 4506 2008 4565 Et
2037 4523 2170 4562 ecce
2200 4524 2416 4564 versus

921 4606 1145 4681 fuerat
1183 4606 1452 4682 yladius
1501 4603 2012 4681 uniuscujusque
2061 4605 2148 4662 ad
2188 4603 2417 4678 proxi-

823 4750 826 4753 ·
871 4748 874 4753 -
923 4726 1106 4766 mum
1148 4725 1365 4775 suum,
1395 4713 1454 4765 et
1496 4706 1693 4764 coedes
1741 4722 1981 4779 mayna
2023 4702 2245 4761 nimis.
2284 4704 2415 4763 Sed

918 4816 979 4868 et
1009 4807 1266 4869 Hebraei
1294 4807 1412 4886 qui
1440 4808 1708 4885 fuerant
1739 4823 1887 4863 cum
1909 4804 2281 4864 Philistiim
2310 4805 2416 4863 ke-

919 4909 985 4967 ri
1032 4915 1091 4966 et
1139 4904 1641 4972 nudiustertius,
1672 4904 2219 4981 ascenderantque
2265 4922 2413 4961 cum

917 5008 1010 5067 eis
1039 5008 1112 5067 in
1149 5005 1397 5075 casti-2⁰⁸,
1429 5002 1542 5083 qui
1586 5021 1662 5064 ex
1705 5000 1932 5063 timore
1975 4999 2408 5080 confugerunt

917 5106 997 5168 ad
1027 5104 1398 5179 Philistaeos,
1418 5104 1658 5162 reversi
1676 5109 1829 5161 sunt
1860 5100 1938 5162 ad
1969 5100 2408 5162 adsistendum

922 5202 1091 5279 Saul,
1111 5213 1184 5264 ut
1210 5211 1410 5263 essent
1438 5220 1586 5262 cum
1605 5201 1832 5269 Israel,
1857 5210 1916 5260 et
1947 5200 2049 5259 his
2072 5200 2193 5279 qui
2220 5208 2411 5259 erant

919 5322 1067 5363 cum
1087 5304 1254 5365 Saul
1271 5309 1329 5361 et
1347 5300 1650 5361 Ionatha.
1671 5303 1897 5363 Omnes
1927 5318 2176 5379 quoque
2202 5300 2417 5360 Israe-

2528 4331 2665 4372 rum
2710 4319 2774 4372 et
2822 4308 3053 4372 abditis
3100 4316 3302 4385 terrm,
3338 4309 3508 4390 quod
3558 4308 3773 4391 plures
3824 4328 3999 4391 repe-

2526 4409 2769 4471 riantur
2800 4407 2928 4471 l'avi
2959 4424 3149 4488 super
3178 4415 3413 4469 terram
3442 4407 3833 4470 decidenteS.

2604 4510 2808 4569 Porro
2833 4507 3142 4567 Jonathas
3170 4525 3301 4567 non
3321 4507 3647 4577 audierat,
3666 4526 3873 4584 quum
3900 4508 4002 4567 ad-

2506 4608 2774 4683 juraret
2794 4614 2984 4682 pater
3019 4604 3159 4681 ejus
3188 4607 3527 4681 populum.
3564 4606 4002 4685 Extenditque

2520 4706 2957 4765 summitatem
2996 4704 3196 4779 viryae
3232 4722 3429 4781 quam
3466 4704 3729 4765 habebat
3772 4706 3845 4765 in
3874 4726 4002 4765 ma-

2522 4824 2640 4873 nu,
2668 4812 2727 4864 et
2768 4802 3048 4863 intinoeit
3092 4803 3165 4862 in
3202 4802 3431 4879 favum
3474 4803 3707 4863 mellis.
3742 4804 3830 4864 Et
3868 4824 4001 4864 con-

2522 4904 2714 4963 vertit
2750 4920 3021 4961 manum
3056 4920 3246 4960 suam
3282 4902 3370 4960 ad
3408 4920 3475 4960 os
3510 4920 3733 4971 suum,
3762 4912 3823 4963 et
3854 4905 3999 4962 iltu-

2520 5003 2760 5062 minati
2784 5009 2935 5060 sunt
2966 4999 3138 5059 ocuti
3169 4999 3336 5076 ejus,
3366 4998 3485 5060 hoc
3528 5006 3625 5061 est
3664 5000 3995 5063 exhilarati

2520 5107 2582 5163 et
2612 5097 2843 5161 melius
2872 5096 3134 5161 colorati
3164 5114 3240 5158 ex
3266 5095 3533 5179 aliquali
3564 5096 3805 5161 virium
3838 5118 3997 5181 repa-

2522 5197 2785 5274 ratione,
2816 5194 2930 5277 qui
2976 5214 3051 5257 ex
3092 5194 3465 5258 lassitudine
3510 5194 3703 5259 famis
3742 5206 3811 5260 et
3850 5197 3993 5260 belli

2518 5296 2727 5360 calore
2756 5293 3039 5376 depressi
3069 5302 3133 5356 et
3170 5292 3581 5371 reverberati,
3617 5314 3691 5357 ae
3736 5295 3999 5360 discolo-
