4359 6250
1203 526 1550 575 mannum
1593 528 1656 573 m
1697 527 1832 573 GAP.
1880 526 1984 573 x1v
2025 525 2227 572 Josmt.
2273 544 2353 554 —
2395 525 2537 571 ΛΒΤ.
2582 523 2715 569 xxn
3416 500 3494 563 73

397 699 524 763 hoc
553 718 814 781 quoque
842 700 1012 779 quod
1035 697 1272 761 Levitis
1303 714 1433 762 non
1454 706 1551 760 est
1579 693 1898 778 possessio
1926 694 1978 755 A
2008 693 2271 776 plicare,
2314 694 2424 757 sed
2461 692 2737 775 simplici
2774 690 2948 755 victu
2982 710 3055 753 ac
3088 689 3321 755 vestitu
3356 706 3495 753 esse
3525 704 3785 757 trimme.

398 799 570 875 data,
619 798 926 862 Dominus
966 797 1347 879 designavit,
1390 796 1561 877 quod
1611 795 1898 857 sacerdo·
2006 794 2312 869 contenti,
2347 801 2662 875 quatenus
2704 801 2933 855 terram
2974 788 3495 873 parvipendendo

401 905 497 959 tes
528 906 592 959 et
627 897 842 960 clerici
876 896 1256 977 evangelicas
1300 896 1458 975 legis
1494 913 1892 975 nequaquam
2007 893 2344 955 ostendant
2379 892 2689 955 veraciter
2728 910 2796 954 se
2834 908 3047 953 amare
3085 887 3388 964 eoelestia,
3421 906 3494 949 ac

395 995 638 1059 debent
687 995 972 1059 avaritiae
1024 995 1234 1058 locum
1285 995 1456 1070 dare,
1495 1012 1609 1056 nec
1655 991 1896 1056 benefi-
2008 990 2289 1053 suturam
2314 989 2637 1071 inquirere
2668 989 2887 1065 vitam,
2923 988 3143 1069 sicque
3172 984 3497 1049 aedificent

395 1094 500 1157 cia
553 1094 988 1159 ecclesiastica
1039 1093 1162 1157 sibi
1215 1092 1632 1156 vitiosissime
1681 1090 1897 1154 multi-
2007 1089 2339 1173 populum.

1469 1520 2114 1607 ARTICULUS
2191 1522 2447 1605 XXII

611 1800 991 1847 nt-:GLARATIO
1033 1797 1309 1845 CAPITULI
1351 1796 1780 1853 QUARTIDECIMI
1827 1797 1841 1841 :
1890 1796 2005 1842 Hoc
2049 1796 2157 1842 EST
2202 1796 2358 1851 QUOD
2403 1796 2827 1844 POSSEDERUNT
2870 1796 3009 1842 FILII
3054 1796 3289 1841 ISRAEL.

563 2190 750 2244 terrae
769 2180 1218 2262 promissionis
1241 2178 1534 2241 tribubus
1557 2196 1785 2241 novem
1806 2184 1897 2238 at-
2004 2175 2215 2238 bubus
2247 2175 2575 2257 praefatam
2616 2176 3105 2258 possessionem,
3132 2175 3223 2239 sic
3255 2184 3489 2253 tamen,

393 2300 523 2362 que
554 2278 863 2355 dimidiae,
899 2296 1070 2341 nunc
1111 2277 1406 2341 refertur.
1443 2280 1580 2338 Hoc
1605 2279 1896 2355 estquod
2002 2276 2171 2357 quod
2206 2274 2439 2337 Levitis
2476 2294 2603 2337 non
2645 2274 2821 2337 dedit
2862 2274 3309 2337 hereditariam
3351 2291 3494 2355 por-

383 2382 813 2457 posszderunt
841 2379 977 2455 filii
1005 2380 1213 2439 Israel
1243 2378 1316 2437 in
1349 2386 1520 2437 terra
1556 2376 1894 2444 Chanaan,
2001 2373 2264 2436 tionem.
2303 2376 2430 2442 Qui
2458 2375 2634 2435 nihil
2677 2383 2863 2435 terra*
2902 2384 3281 2451 acceperunt
3322 2376 3493 2435 incer

395 2476 466 2538 id
506 2484 626 2553 est,
676 2474 1090 2552 territorium,
1144 2475 1317 2557 quod
1367 2472 1433 2534 in
1479 2471 1894 2554 sequentibus
1999 2474 2241 2549 fratres
2268 2492 2413 2532 suos
2441 2494 2465 2531 .·
2504 2472 2625 2535 hoc
2668 2480 2785 2548 est,
2829 2471 2994 2534 inter
3034 2480 3275 2535 ceteros
3316 2470 3491 2534 filios

391 2574 698 2657 capitulis
757 2572 1061 2637 recitatur
1119 2572 1420 2648 divisum,
1476 2571 1896 2653 possederunt
2001 2569 2189 2632 Israel
2242 2588 2367 2633 non
2418 2578 2569 2631 sunt
2618 2569 3033 2633 hereditatem
3086 2569 3332 2643 sortiti3
3382 2573 3493 2630 sed

393 2674 604 2737 tribus
636 2671 916 2755 praesatae
947 2672 1014 2733 in
1049 2680 1214 2735 terra
1251 2668 1719 2753 promissioniS‚
1752 2688 1896 2751 quae
2001 2669 2076 2727 in
2109 2688 2333 2729 eorum
2360 2679 2792 2730 successerunt
2834 2672 3041 2729 locum
3074 2670 3209 2748 filii
3235 2671 3490 2747 Ioseph,

391 2772 696 2835 Chanaan
750 2771 1141 2847 nominatur,
1189 2791 1386 2850 quam
1433 2772 1778 2838 dederunt,
1829 2768 1892 2830 id
2003 2768 2073 2827 in
2105 2770 2271 2828 duas
2307 2769 2510 2827 tribus
2542 2768 2772 2838 divisi,
2810 2767 2873 2829 id
2914 2776 3031 2844 cst,
3074 2766 3195 2829 filii
3230 2767 3485 2848 loseph,

391 2880 514 2948 est,
537 2890 576 2933 a
607 2872 736 2934 Deo
765 2871 975 2933 datam
997 2868 1487 2951 assignaverunt
1513 2870 1605 2928 eis
1633 2886 1746 2950 per
1767 2886 1894 2929 sor·
2001 2864 2301 2928 videlicet
2337 2869 2665 2927 Manasses
2702 2877 2761 2927 et
2799 2868 3146 2943 Ephraim,
3184 2885 3221 2928 a
3254 2866 3491 2946 quibus

395 2968 558 3031 tium
591 2968 990 3043 missionem,
1018 2971 1303 3030 Eleazar
1329 2970 1636 3038 sacerdos,
1657 2964 1767 3046 qui
1790 2984 1894 3048 pa·
2002 2971 2154 3026 ortae
2201 2972 2265 3026 et
2306 2963 2648 3027 nominatae
2700 2973 2847 3026 sunt
2888 2965 3029 3027 duae
3080 2964 3307 3041 tribuS,
3351 2984 3491 3029 suc-

393 3067 477 3130 tri
524 3086 645 3132 suo
673 3065 909 3130 Aaroni
945 3066 1009 3128 in
1049 3063 1434 3150 pontificatu
1474 3064 1800 3142 successit,
1834 3074 1893 3126 et
2002 3069 2331 3126 cesserunt
2374 3062 2439 3125 in
2482 3062 2692 3126 locum
2734 3061 3018 3126 filiorum
3069 3062 3242 3141 Levi,
3291 3082 3490 3145 quan-

387 3171 583 3229 Josue
612 3169 798 3245 filius
831 3168 1013 3238 Nun,
1047 3176 1106 3227 et
1127 3168 1432 3244 princeps
1469 3166 1893 3242 familiarum
2003 3169 2139 3222 tum
2189 3160 2267 3222 ad
2323 3160 2443 3224 hoc
2496 3161 2668 3243 quod
2722 3162 3207 3243 compleverunt
3253 3162 3491 3226 duode-

385 3287 508 3344 ρον
541 3267 750 3326 tribus
779 3268 1012 3334 Israel,
1043 3264 1110 3326 id
1139 3272 1236 3326 est
1265 3261 1465 3344 aliqui
1505 3261 1891 3345 principales
1921 3261 1963 3323 C
2001 3259 2253 3322 narium
2289 3280 2627 3324 numerum
2664 3261 2946 3324 tribuum
2977 3261 3484 3325 Israeliticarum.

393 3365 464 3427 in
501 3363 637 3426 suis
679 3361 970 3440 familiis,
1006 3371 1068 3426 et
1119 3362 1184 3424 in
1226 3361 1514 3445 qualibet
1548 3361 1718 3424 tribu
1771 3359 1894 3422 fuit
1999 3358 2237 3441 Nempe
2276 3360 2468 3422 Jacob
2517 3359 2877 3442 patriarcha
2924 3360 3259 3425 duodecim
3312 3361 3487 3424 filios

399 2080 910 2282 QUALITER
939 2089 1003 2143 et
1032 2099 1146 2163 per
1168 2099 1332 2161 quos
1365 2078 1531 2141 facta
1560 2078 1643 2139 sit
1664 2076 1896 2141 divisio
1931 2076 1977 2137 B
2006 2076 2148 2139 Ideo
2181 2096 2405 2141 sensus
2430 2085 2547 2155 est,
2574 2078 2743 2158 quod
2776 2078 3014 2159 Moyses
3036 2076 3209 2139 dedit
3236 2076 3364 2138 illis
3387 2078 3496 2139 tri-

392 3481 564 3524 unus
587 3460 958 3543 huJusmodi
989 3461 1320 3543 princeps3
1347 3470 1514 3521 sorte
1533 3462 1756 3521 omnia
1777 3467 1894 3522 ter·
1999 3456 2244 3534 habuit,
2279 3477 2318 3519 a
2354 3458 2590 3541 quibus
2642 3467 2803 3522 natae
2846 3479 2920 3523 ac
2962 3460 3295 3541 appellata)
3340 3469 3490 3522 sunt

391 3560 620 3624 ritoria
667 3559 781 3621 illa
831 3558 1244 3641 particularia
1289 3560 1674 3630 dividentes,
1725 3560 1892 3618 sicut
1997 3555 2333 3619 duodecim
2357 3557 2558 3620 tribus
2587 3558 2776 3621 lsrael
2800 3575 2813 3620 :
2839 3578 2876 3620 a
2895 3558 3129 3642 quibus
3149 3559 3311 3621 Deus
3342 3559 3488 3622 sub-

387 3669 785 3739 proeceperat
821 3661 1142 3720 Dominus
1177 3659 1250 3718 in
1287 3678 1489 3718 manu
1525 3659 1794 3735 Moysis,
1825 3655 1891 3718 id
1997 3653 2187 3716 traxit
2232 3655 2467 3717 tribum
2513 3656 2687 3735 Levi,
2722 3656 3054 3738 applicans
3098 3676 3237 3721 eam
3282 3658 3484 3721 cultui

391 3766 490 3820 est
523 3776 638 3839 per
669 3755 1100 3818 ministerium
1139 3764 1332 3836 atque
1369 3754 1697 3837 eloquium
1729 3754 1892 3836 Moy·
1997 3772 2110 3817 suo
2156 3753 2222 3815 in
2268 3754 2527 3837 templo,
2573 3763 2637 3818 et
2684 3755 3033 3839 prohibens
3078 3775 3216 3819 eam
3264 3775 3487 3820 nume-

147 3877 286 3918 κω.
391 3855 504 3918 siS.
530 3855 712 3918 Unde
738 3855 804 3916 in
841 3854 1008 3918 libro
1027 3854 1447 3918 Numerorum
1469 3853 1780 3917 habetur:
1817 3853 1892 3915 Et
1996 3852 2122 3914 rari
2153 3871 2227 3916 ac
2258 3853 2462 3916 dotari
2505 3854 2669 3918 inter
2712 3863 2953 3918 ceteras
2985 3855 3172 3918 Israel
3224 3855 3429 3918 tribus
3464 3875 3479 3920 :

85 3954 224 4043 ἵζω
259 3941 334 3982 ¹⁶·
387 3954 482 4018 ait
512 3954 826 4018 Dominus
846 3954 926 4016 ad
957 3953 1210 4034 Moysen
1237 3971 1252 4014 ε
1277 3953 1418 4015 Haec
1449 3961 1598 4014 sunt
1629 3952 1890 4015 nomina
1995 3959 2058 4013 et
2089 3952 2175 4014 ita
2216 3961 2651 4016 remanserant
2689 3953 2897 4016 solum
2938 3954 3233 4017 undecim
3280 3955 3484 4018 tribus

391 4053 682 4117 virorum
710 4052 824 4133 qui
846 4061 1076 4115 terram
1102 4052 1286 4115 vobis
1308 4051 1611 4128 divident,
1635 4051 1890 4114 Eleazar
1996 4050 2287 4114 dotandae
2318 4052 2385 4114 in
2420 4061 2585 4116 terra
2616 4053 2747 4115 illa.
2771 4053 2850 4115 Ut
2880 4071 3027 4133 crgo
3057 4053 3485 4118 duodenarius

390 4153 713 4228 sacerdos,
749 4160 815 4214 et
840 4152 1051 4228 Josue,
1081 4159 1144 4214 et
1177 4150 1414 4232 singuli
1447 4149 1770 4233 principes
1811 4152 1890 4213 dc
1995 4148 2279 4212 tribuum
2331 4170 2635 4214 numerus
2674 4151 3125 4234 compleretur,
3158 4153 3361 4215 divisa
3391 4161 3487 4215 est

385 4250 665 4332 singulis
707 4249 1003 4313 tribubus
1039 4268 1054 4313 :
1089 4251 1262 4331 quod
1307 4248 1646 4331 exponitur
1679 4250 1757 4312 de
1787 4249 1889 4312 de·
1999 4248 2201 4310 tribus
2228 4250 2461 4332 loseph
2505 4250 2569 4311 in
2614 4251 2792 4327 duaS,
2827 4250 3277 4332 duplicemque
3319 4251 3487 4314 funi-

384 4369 528 4413 cem
551 4348 872 4426 tribubuS,
900 4349 1136 4429 quibus
1166 4357 1334 4411 terra
1354 4348 1650 4411 Chanaan
1685 4347 1890 4410 fuerat
1995 4347 2214 4410 culum
2252 4367 2324 4410 ac
2364 4349 2720 4430 portionem
2753 4349 2997 4431 accepit
3032 4367 3045 4411 ε
3083 4359 3145 4412 et
3174 4359 3482 4430 quantum

385 4447 760 4524 diVidenda,
796 4455 954 4530 puta
982 4447 1062 4510 dc
1095 4445 1497 4529 principibus
1531 4464 1757 4510 novem
1781 4446 1888 4508 tri-
1916 4449 1963 4510 D
1993 4447 2073 4509 ad
2104 4446 2246 4523 hoc,
2283 4449 2587 4511 successit
2619 4449 2741 4531 ipsi
2773 4449 2990 4512 Ruben
3024 4457 3088 4512 et
3120 4448 3311 4512 tribui
3344 4449 3483 4530 ejus

383 4547 588 4610 buum
621 4555 816 4628 atque
847 4545 1150 4609 dimidiae.
1178 4545 1295 4608 Sed
1320 4553 1383 4607 et
1412 4545 1738 4627 principes
1760 4544 1882 4620 isti,
1995 4543 2060 4606 in
2092 4545 2235 4625 jure
2265 4547 2805 4629 primogeniturae,
2832 4548 2983 4629 quia
3006 4549 3069 4610 in
3095 4556 3380 4630 tempore
3410 4548 3486 4610 il-

125 4664 352 4714 ιῡω.ι,ι-
381 4645 496 4707 alii
529 4653 715 4708 erant
753 4644 837 4708 ab
871 4643 1021 4722 illis,
1050 4662 1210 4726 quos
1241 4643 1480 4725 Moyses
1509 4643 1636 4706 Deo
1665 4643 1887 4724 juben·
1994 4644 2056 4706 lo
2089 4645 2501 4726 primogeniti
2526 4647 2887 4709 habuerunt
2917 4647 3239 4728 duplicem
3274 4666 3481 4710 rerum

85 4730 152 4769 ¹⁶·
382 4753 450 4806 te
478 4743 820 4807 constituit
849 4743 1176 4826 principes
1207 4741 1488 4804 tribuum
1521 4740 1730 4804 lsrael.
1757 4743 1886 4806 lmo
1991 4743 2281 4806 omnium
2312 4745 2691 4827 portionem.
2716 4745 2907 4809 Porro
2929 4744 3132 4807 tribus
3160 4747 3319 4808 Juda
3340 4764 3483 4808 suc-

381 4842 486 4904 ilIi
513 4843 648 4923 jam
681 4849 862 4904 erant
893 4841 1127 4904 mortui
1162 4840 1226 4902 in
1259 4842 1532 4904 deserto.
1990 4841 2185 4903 cessit
2216 4842 2406 4905 tribui
2432 4843 2649 4906 Ruben
2683 4843 2748 4904 in
2779 4843 2921 4924 jure
2939 4844 3479 4926 primogeniturae,

461 4943 739 5003 Duabus
765 4942 942 5002 enim
969 4942 1260 5000 tribubus
1280 4941 1660 5001 ecdimz‘dz'oe
1684 4941 1886 5000 tribui
1991 4948 2304 5021 quantum
2336 4942 2413 5004 ad
2455 4941 2988 5024 superioritatem,
3023 4942 3176 5024 quia
3219 4942 3299 5005 ad
3342 4961 3482 5004 eam

374 5043 650 5100 dederat
681 5042 934 5116 Moyses
973 5049 1154 5099 trans
1180 5041 1532 5099 ,Iordanem
1557 5041 1884 5116 possessio·
1989 5047 2085 5100 est
2114 5039 2411 5102 devoluta
2442 5041 2615 5119 regia
2634 5041 3079 5122 dignitaS.Hoc
3111 5039 3345 5102 etenim
3377 5041 3481 5122 jus

377 5157 550 5210 nem,
606 5139 846 5217 absque
891 5139 1160 5198 Levitis.
1217 5134 1338 5198 Ista
1385 5144 1481 5198 est
1533 5136 1882 5218 impropria
1989 5136 2509 5219 primogeniturae
2540 5138 2759 5200 Ruben
2800 5138 3014 5200 amisit
3044 5139 3127 5201 ob
3168 5156 3349 5200 suum
3386 5137 3481 5200 in-

375 5235 674 5317 exceptio
718 5251 732 5295 :
777 5235 932 5316 quia
967 5234 1202 5299 Levitae
1246 5253 1374 5298 non
1419 5241 1601 5297 erant
1644 5234 1722 5296 de
1767 5255 1882 5297 nu-
1987 5244 2255 5311 cestum‚
2291 5244 2552 5318 propter
2581 5237 2752 5317 quod
2790 5235 2981 5299 Jacob
3027 5236 3187 5299 dixit
3223 5237 3300 5298 ad
3334 5255 3477 5299 eum

377 5351 558 5397 mero
605 5333 880 5396 duarum
925 5332 1212 5396 tribuum
1258 5352 1330 5396 ac
1375 5331 1602 5396 mediae
1649 5332 1872 5396 tribus.
1988 5334 2053 5396 in
2087 5333 2354 5400 Genesi:
2382 5333 2515 5397 Non
2546 5352 2813 5412 crescaS,
2836 5334 2989 5415 quia
3009 5334 3353 5397 ascendisti
3374 5353 3479 5398 cu·
3509 5351 3771 5402 Gen.xux.⁴.
