<?xml version="1.0" encoding="UTF-8"?>
<!DOCTYPE html PUBLIC "-//W3C//DTD XHTML 1.0 Transitional//EN"
    "http://www.w3.org/TR/xhtml1/DTD/xhtml1-transitional.dtd">
<html xmlns="http://www.w3.org/1999/xhtml" xml:lang="en" lang="en">
 <head>
  <title>
</title>
<meta http-equiv="Content-Type" content="text/html;charset=utf-8" />
  <meta name='ocr-system' content='tesseract 3.04.00' />
  <meta name='ocr-capabilities' content='ocr_page ocr_carea ocr_par ocr_line ocrx_word'/>
</head>
<body>
  <div class='ocr_page' id='page_1' title='image "./doctorisecstati02denigoog_0463.png"; bbox 0 0 4359 6250; ppageno 0'>
   <div class='ocr_carea' id='block_1_1' title="bbox 874 483 3376 547">
    <p class='ocr_par' dir='ltr' id='par_1_1' title="bbox 874 483 3376 547">
     <span class='ocr_line' id='line_1_1' title="bbox 874 483 3376 547; baseline -0.004 0"><span class='ocrx_word' id='word_1_1' title='bbox 874 483 992 547; x_wconf 63' lang='grc'><strong>420</strong></span> <span class='ocrx_word' id='word_1_2' title='bbox 1458 499 1805 546; x_wconf 62' lang='lat' dir='ltr'><strong>manuario</strong></span> <span class='ocrx_word' id='word_1_3' title='bbox 1848 499 1908 544; x_wconf 79' lang='lat' dir='ltr'><strong>IN</strong></span> <span class='ocrx_word' id='word_1_4' title='bbox 1952 499 2087 544; x_wconf 71' lang='lat' dir='ltr'><strong>CAP.</strong></span> <span class='ocrx_word' id='word_1_5' title='bbox 2134 494 2288 541; x_wconf 73' lang='lat' dir='ltr'><strong>xxxi</strong></span> <span class='ocrx_word' id='word_1_6' title='bbox 2331 494 2486 540; x_wconf 73' lang='lat' dir='ltr'><strong>unm</strong></span> <span class='ocrx_word' id='word_1_7' title='bbox 2527 494 2694 539; x_wconf 73' lang='lat' dir='ltr'><strong>Pl&#39;lssss</strong></span> <span class='ocrx_word' id='word_1_8' title='bbox 2739 494 2964 540; x_wconf 71' lang='lat' dir='ltr'><strong>amun.</strong></span> <span class='ocrx_word' id='word_1_9' title='bbox 3008 511 3088 522; x_wconf 93' lang='lat'><strong>—</strong></span> <span class='ocrx_word' id='word_1_10' title='bbox 3130 493 3272 539; x_wconf 67' lang='grc' dir='ltr'><strong>ΛΒΤ.</strong></span> <span class='ocrx_word' id='word_1_11' title='bbox 3319 493 3376 538; x_wconf 79' lang='lat' dir='ltr'><strong>u</strong></span> 
     </span>
    </p>
   </div>
   <div class='ocr_carea' id='block_1_2' title="bbox 872 661 4228 749">
    <p class='ocr_par' dir='ltr' id='par_1_2' title="bbox 872 661 4228 749">
     <span class='ocr_line' id='line_1_2' title="bbox 872 661 4228 749; baseline -0.003 -17"><span class='ocrx_word' id='word_1_12' title='bbox 872 675 1007 732; x_wconf 79' lang='lat' dir='ltr'><strong>viri</strong></span> <span class='ocrx_word' id='word_1_13' title='bbox 1045 673 1417 749; x_wconf 74' lang='lat' dir='ltr'><strong>fortissimi,</strong></span> <span class='ocrx_word' id='word_1_14' title='bbox 1448 682 1507 732; x_wconf 80' lang='lat' dir='ltr'><strong>et</strong></span> <span class='ocrx_word' id='word_1_15' title='bbox 1548 673 2048 731; x_wconf 75' lang='lat' dir='ltr'><strong>ambulaverunt</strong></span> <span class='ocrx_word' id='word_1_16' title='bbox 2092 679 2220 729; x_wconf 76' lang='lat' dir='ltr'><strong>tota</strong></span> <span class='ocrx_word' id='word_1_17' title='bbox 2253 687 2360 728; x_wconf 79' lang='lat' dir='ltr'><strong>no·</strong></span> <span class='ocrx_word' id='word_1_18' title='bbox 2389 663 2440 725; x_wconf 91' lang='lat' dir='ltr'>A</span> <span class='ocrx_word' id='word_1_19' title='bbox 2468 665 2658 726; x_wconf 90' lang='lat' dir='ltr'><strong>etiam</strong></span> <span class='ocrx_word' id='word_1_20' title='bbox 2688 665 2943 728; x_wconf 89' lang='lat' dir='ltr'><strong>credere</strong></span> <span class='ocrx_word' id='word_1_21' title='bbox 2974 663 3186 726; x_wconf 89' lang='lat' dir='ltr'><strong>verbis</strong></span> <span class='ocrx_word' id='word_1_22' title='bbox 3225 682 3446 727; x_wconf 88' lang='lat' dir='ltr'><strong>eorum</strong></span> <span class='ocrx_word' id='word_1_23' title='bbox 3481 681 3495 726; x_wconf 74' lang='grc' dir='ltr'>ε</span> <span class='ocrx_word' id='word_1_24' title='bbox 3529 680 3680 742; x_wconf 89' lang='lat' dir='ltr'><strong>ergo</strong></span> <span class='ocrx_word' id='word_1_25' title='bbox 3709 670 3772 725; x_wconf 87' lang='lat' dir='ltr'><strong>et</strong></span> <span class='ocrx_word' id='word_1_26' title='bbox 3802 661 3948 724; x_wconf 90' lang='lat' dir='ltr'><strong>Saul</strong></span> <span class='ocrx_word' id='word_1_27' title='bbox 3991 682 4228 726; x_wconf 58' lang='lat' dir='ltr'><strong>naam·</strong></span> 
     </span>
    </p>
   </div>
   <div class='ocr_carea' id='block_1_3' title="bbox 869 747 4192 945">
    <p class='ocr_par' dir='ltr' id='par_1_3' title="bbox 869 747 4192 945">
     <span class='ocr_line' id='line_1_3' title="bbox 870 747 4192 860; baseline -0.002 -32"><span class='ocrx_word' id='word_1_28' title='bbox 870 781 1067 840; x_wconf 81' lang='lat' dir='ltr'><strong>cte,ec</strong></span> <span class='ocrx_word' id='word_1_29' title='bbox 1099 775 1410 841; x_wconf 77' lang='lat' dir='ltr'><strong>tulerunt,</strong></span> <span class='ocrx_word' id='word_1_30' title='bbox 1430 769 1493 831; x_wconf 92' lang='lat' dir='ltr'><strong>id</strong></span> <span class='ocrx_word' id='word_1_31' title='bbox 1516 777 1613 832; x_wconf 90' lang='lat' dir='ltr'><strong>est</strong></span> <span class='ocrx_word' id='word_1_32' title='bbox 1644 768 2065 843; x_wconf 86' lang='lat' dir='ltr'><strong>abstulerunt,</strong></span> <span class='ocrx_word' id='word_1_33' title='bbox 2085 770 2359 826; x_wconf 80' lang='lat' dir='ltr'><strong>cadaver</strong></span> <span class='ocrx_word' id='word_1_34' title='bbox 2467 763 2774 844; x_wconf 87' lang='lat' dir='ltr'><strong>peccavit,</strong></span> <span class='ocrx_word' id='word_1_35' title='bbox 2804 764 3119 826; x_wconf 90' lang='lat' dir='ltr'><strong>credendo</strong></span> <span class='ocrx_word' id='word_1_36' title='bbox 3151 762 3551 845; x_wconf 74' lang='lat' dir='ltr'><strong>responsioni</strong></span> <span class='ocrx_word' id='word_1_37' title='bbox 3585 760 3948 843; x_wconf 87' lang='lat' dir='ltr'><strong>apparentis</strong></span> <span class='ocrx_word' id='word_1_38' title='bbox 3981 747 4051 848; x_wconf 63' lang='lat'><strong>¹⁴5</strong></span> <span class='ocrx_word' id='word_1_39' title='bbox 4087 809 4192 860; x_wconf 27' lang='grc' dir='ltr'><strong>Μ,</strong></span> 
     </span>
     <span class='ocr_line' id='line_1_4' title="bbox 869 870 2358 945; baseline -0.005 -15"><span class='ocrx_word' id='word_1_40' title='bbox 869 872 1039 930; x_wconf 81' lang='lat' dir='ltr'><strong>Saul</strong></span> <span class='ocrx_word' id='word_1_41' title='bbox 1078 880 1138 930; x_wconf 81' lang='lat' dir='ltr'><strong>et</strong></span> <span class='ocrx_word' id='word_1_42' title='bbox 1178 873 1496 930; x_wconf 81' lang='lat' dir='ltr'><strong>cadavera</strong></span> <span class='ocrx_word' id='word_1_43' title='bbox 1537 870 1829 945; x_wconf 75' lang='lat' dir='ltr'><strong>filiorum</strong></span> <span class='ocrx_word' id='word_1_44' title='bbox 1868 870 2009 943; x_wconf 76' lang='lat' dir='ltr'><strong>ejus</strong></span> <span class='ocrx_word' id='word_1_45' title='bbox 2048 870 2127 926; x_wconf 84' lang='lat' dir='ltr'><strong>de</strong></span> <span class='ocrx_word' id='word_1_46' title='bbox 2172 883 2358 925; x_wconf 82' lang='lat' dir='ltr'><strong>muro</strong></span> 
     </span>
    </p>
   </div>
   <div class='ocr_carea' id='block_1_4' title="bbox 2468 861 4219 943">
    <p class='ocr_par' dir='ltr' id='par_1_4' title="bbox 2468 861 4219 943">
     <span class='ocr_line' id='line_1_5' title="bbox 2468 861 4219 943; baseline -0.006 -19"><span class='ocrx_word' id='word_1_47' title='bbox 2468 862 2693 938; x_wconf 83' lang='lat' dir='ltr'><strong>sibi,et</strong></span> <span class='ocrx_word' id='word_1_48' title='bbox 2722 862 2862 943; x_wconf 90' lang='lat' dir='ltr'><strong>ejus</strong></span> <span class='ocrx_word' id='word_1_49' title='bbox 2893 861 3272 925; x_wconf 90' lang='lat' dir='ltr'><strong>sententiam</strong></span> <span class='ocrx_word' id='word_1_50' title='bbox 3302 861 3949 942; x_wconf 79' lang='lat' dir='ltr'><strong>acceptando.Verum</strong></span> <span class='ocrx_word' id='word_1_51' title='bbox 3979 885 4126 915; x_wconf 59' lang='lat' dir='ltr'><strong>mat</strong></span> <span class='ocrx_word' id='word_1_52' title='bbox 4157 875 4219 911; x_wconf 59' lang='lat' dir='ltr'><strong>zu.</strong></span> 
     </span>
    </p>
   </div>
   <div class='ocr_carea' id='block_1_5' title="bbox 580 1469 841 1578">
    <p class='ocr_par' dir='ltr' id='par_1_5' title="bbox 580 1469 841 1578">
     <span class='ocr_line' id='line_1_6' title="bbox 596 1469 841 1522; baseline -0.004 -9"><span class='ocrx_word' id='word_1_53' title='bbox 596 1469 630 1514; x_wconf 88' lang='lat'><strong>11</strong></span> <span class='ocrx_word' id='word_1_54' title='bbox 643 1470 750 1514; x_wconf 80' lang='lat' dir='ltr'><strong>Par.</strong></span> <span class='ocrx_word' id='word_1_55' title='bbox 760 1485 841 1522; x_wconf 73' lang='lat' dir='ltr'><strong>xvi,</strong></span> 
     </span>
     <span class='ocr_line' id='line_1_7' title="bbox 580 1537 647 1578; baseline 0.045 -3"><span class='ocrx_word' id='word_1_56' title='bbox 580 1537 647 1578; x_wconf 70' lang='grc'><strong>14.</strong></span> 
     </span>
    </p>
   </div>
   <div class='ocr_carea' id='block_1_6' title="bbox 596 1961 773 2004">
    <p class='ocr_par' dir='ltr' id='par_1_6' title="bbox 596 1961 773 2004">
     <span class='ocr_line' id='line_1_8' title="bbox 596 1961 773 2004; baseline -0.011 0"><span class='ocrx_word' id='word_1_57' title='bbox 596 1961 705 2004; x_wconf 83' lang='lat' dir='ltr'><strong>Gen.</strong></span> <span class='ocrx_word' id='word_1_58' title='bbox 720 1975 773 2002; x_wconf 82' lang='lat' dir='ltr'><strong>xx</strong></span> 
     </span>
    </p>
   </div>
   <div class='ocr_carea' id='block_1_7' title="bbox 577 2852 837 2909">
    <p class='ocr_par' dir='ltr' id='par_1_7' title="bbox 577 2852 837 2909">
     <span class='ocr_line' id='line_1_9' title="bbox 577 2852 837 2909; baseline 0.004 -13"><span class='ocrx_word' id='word_1_59' title='bbox 577 2852 792 2909; x_wconf 58' lang='lat' dir='ltr'><strong>istm-xm</strong></span> <span class='ocrx_word' id='word_1_60' title='bbox 803 2857 837 2897; x_wconf 87' lang='lat'><strong>1.</strong></span> 
     </span>
    </p>
   </div>
   <div class='ocr_carea' id='block_1_8' title="bbox 565 5250 822 5366">
    <p class='ocr_par' dir='ltr' id='par_1_8' title="bbox 565 5250 822 5366">
     <span class='ocr_line' id='line_1_10' title="bbox 616 5250 822 5305; baseline 0.019 -12"><span class='ocrx_word' id='word_1_61' title='bbox 616 5250 721 5295; x_wconf 75' lang='lat' dir='ltr'><strong>Leo.</strong></span> <span class='ocrx_word' id='word_1_62' title='bbox 738 5266 822 5305; x_wconf 80' lang='lat' dir='ltr'><strong>xnt.</strong></span> 
     </span>
     <span class='ocr_line' id='line_1_11' title="bbox 565 5316 785 5366; baseline 0.018 -11"><span class='ocrx_word' id='word_1_63' title='bbox 565 5316 611 5355; x_wconf 75' lang='lat'><strong>³1</strong></span> <span class='ocrx_word' id='word_1_64' title='bbox 630 5329 641 5365; x_wconf 76' lang='grc' dir='ltr'>ς</span> <span class='ocrx_word' id='word_1_65' title='bbox 657 5328 727 5366; x_wconf 79' lang='lat' dir='ltr'><strong>xx,</strong></span> <span class='ocrx_word' id='word_1_66' title='bbox 743 5318 785 5359; x_wconf 75' lang='grc'><strong>8.</strong></span> 
     </span>
    </p>
   </div>
   <div class='ocr_carea' id='block_1_9' title="bbox 868 967 2362 1830">
    <p class='ocr_par' dir='ltr' id='par_1_9' title="bbox 868 967 2362 1830">
     <span class='ocr_line' id='line_1_12' title="bbox 868 967 2360 1044; baseline -0.005 -16"><span class='ocrx_word' id='word_1_67' title='bbox 868 970 1179 1028; x_wconf 66' lang='lat' dir='ltr'><strong>Beth-san.</strong></span> <span class='ocrx_word' id='word_1_68' title='bbox 1242 970 1684 1044; x_wconf 74' lang='lat' dir='ltr'><strong>Venerunlque</strong></span> <span class='ocrx_word' id='word_1_69' title='bbox 1727 968 1911 1027; x_wconf 76' lang='lat' dir='ltr'><strong>labes</strong></span> <span class='ocrx_word' id='word_1_70' title='bbox 1965 967 2250 1033; x_wconf 83' lang='lat' dir='ltr'><strong>Galaad,</strong></span> <span class='ocrx_word' id='word_1_71' title='bbox 2300 971 2360 1022; x_wconf 74' lang='lat' dir='ltr'><strong>et</strong></span> 
     </span>
     <span class='ocr_line' id='line_1_13' title="bbox 868 1067 2360 1142; baseline -0.001 -18"><span class='ocrx_word' id='word_1_72' title='bbox 868 1067 1341 1126; x_wconf 74' lang='lat' dir='ltr'><strong>combusserant</strong></span> <span class='ocrx_word' id='word_1_73' title='bbox 1388 1087 1463 1125; x_wconf 85' lang='lat' dir='ltr'><strong>ea</strong></span> <span class='ocrx_word' id='word_1_74' title='bbox 1512 1067 1681 1141; x_wconf 70' lang='lat' dir='ltr'><strong>iqui,</strong></span> <span class='ocrx_word' id='word_1_75' title='bbox 1730 1071 2013 1126; x_wconf 78' lang='lat' dir='ltr'><strong>aromata</strong></span> <span class='ocrx_word' id='word_1_76' title='bbox 2071 1069 2135 1124; x_wconf 90' lang='lat' dir='ltr'><strong>et</strong></span> <span class='ocrx_word' id='word_1_77' title='bbox 2189 1079 2360 1142; x_wconf 83' lang='lat' dir='ltr'><strong>quae-</strong></span> 
     </span>
     <span class='ocr_line' id='line_1_14' title="bbox 869 1159 2358 1243; baseline -0.003 -20"><span class='ocrx_word' id='word_1_78' title='bbox 869 1181 997 1243; x_wconf 92' lang='lat' dir='ltr'><strong>que</strong></span> <span class='ocrx_word' id='word_1_79' title='bbox 1052 1162 1399 1225; x_wconf 86' lang='lat' dir='ltr'><strong>aromatica</strong></span> <span class='ocrx_word' id='word_1_80' title='bbox 1454 1181 1646 1243; x_wconf 88' lang='lat' dir='ltr'><strong>super</strong></span> <span class='ocrx_word' id='word_1_81' title='bbox 1699 1180 1773 1223; x_wconf 81' lang='lat' dir='ltr'><strong>ea</strong></span> <span class='ocrx_word' id='word_1_82' title='bbox 1832 1159 2228 1222; x_wconf 89' lang='lat' dir='ltr'><strong>incendendo</strong></span> <span class='ocrx_word' id='word_1_83' title='bbox 2285 1177 2358 1220; x_wconf 89' lang='lat' dir='ltr'><strong>ac</strong></span> 
     </span>
     <span class='ocr_line' id='line_1_15' title="bbox 869 1257 2361 1340; baseline -0.003 -19"><span class='ocrx_word' id='word_1_84' title='bbox 869 1259 1301 1323; x_wconf 89' lang='lat' dir='ltr'><strong>comburendo</strong></span> <span class='ocrx_word' id='word_1_85' title='bbox 1332 1277 1447 1340; x_wconf 92' lang='lat' dir='ltr'><strong>pro</strong></span> <span class='ocrx_word' id='word_1_86' title='bbox 1479 1259 1833 1321; x_wconf 85' lang='lat' dir='ltr'><strong>reverentia</strong></span> <span class='ocrx_word' id='word_1_87' title='bbox 1863 1257 2147 1340; x_wconf 87' lang='lat' dir='ltr'><strong>speciali,</strong></span> <span class='ocrx_word' id='word_1_88' title='bbox 2168 1263 2361 1338; x_wconf 87' lang='lat' dir='ltr'><strong>prout</strong></span> 
     </span>
     <span class='ocr_line' id='line_1_16' title="bbox 871 1353 2361 1436; baseline -0.003 -17"><span class='ocrx_word' id='word_1_89' title='bbox 871 1356 1025 1419; x_wconf 94' lang='lat' dir='ltr'><strong>olim</strong></span> <span class='ocrx_word' id='word_1_90' title='bbox 1067 1356 1192 1419; x_wconf 86' lang='lat' dir='ltr'><strong>ruit</strong></span> <span class='ocrx_word' id='word_1_91' title='bbox 1228 1357 1423 1420; x_wconf 88' lang='lat' dir='ltr'><strong>moris</strong></span> <span class='ocrx_word' id='word_1_92' title='bbox 1464 1356 1529 1418; x_wconf 90' lang='lat' dir='ltr'><strong>in</strong></span> <span class='ocrx_word' id='word_1_93' title='bbox 1570 1355 2029 1419; x_wconf 75' lang='lat' dir='ltr'><strong>celebrioribus</strong></span> <span class='ocrx_word' id='word_1_94' title='bbox 2075 1353 2361 1436; x_wconf 90' lang='lat' dir='ltr'><strong>sepultu-</strong></span> 
     </span>
     <span class='ocr_line' id='line_1_17' title="bbox 874 1453 2362 1536; baseline -0.001 -20"><span class='ocrx_word' id='word_1_95' title='bbox 874 1455 982 1532; x_wconf 67' lang='grc' dir='ltr'><strong>τίς,</strong></span> <span class='ocrx_word' id='word_1_96' title='bbox 1005 1456 1541 1536; x_wconf 82' lang='lat' dir='ltr'><strong>quemadmodum</strong></span> <span class='ocrx_word' id='word_1_97' title='bbox 1574 1455 1763 1517; x_wconf 89' lang='lat' dir='ltr'><strong>etiam</strong></span> <span class='ocrx_word' id='word_1_98' title='bbox 1796 1453 2088 1517; x_wconf 83' lang='lat' dir='ltr'><strong>cadaveri</strong></span> <span class='ocrx_word' id='word_1_99' title='bbox 2112 1453 2235 1514; x_wconf 86' lang='lat' dir='ltr'><strong>Asa</strong></span> <span class='ocrx_word' id='word_1_100' title='bbox 2267 1471 2362 1514; x_wconf 88' lang='lat' dir='ltr'><strong>re-</strong></span> 
     </span>
     <span class='ocr_line' id='line_1_18' title="bbox 870 1549 2360 1634; baseline -0.003 -21"><span class='ocrx_word' id='word_1_101' title='bbox 870 1553 990 1632; x_wconf 78' lang='lat' dir='ltr'><strong>giS‚</strong></span> <span class='ocrx_word' id='word_1_102' title='bbox 1025 1553 1303 1616; x_wconf 88' lang='lat' dir='ltr'><strong>secundo</strong></span> <span class='ocrx_word' id='word_1_103' title='bbox 1349 1552 1512 1615; x_wconf 91' lang='lat' dir='ltr'><strong>libro</strong></span> <span class='ocrx_word' id='word_1_104' title='bbox 1554 1552 2080 1634; x_wconf 79' lang='lat' dir='ltr'><strong>Paralipomenon</strong></span> <span class='ocrx_word' id='word_1_105' title='bbox 2126 1549 2360 1629; x_wconf 88' lang='lat' dir='ltr'><strong>legitur</strong></span> 
     </span>
     <span class='ocr_line' id='line_1_19' title="bbox 874 1649 2362 1724; baseline -0.003 -13"><span class='ocrx_word' id='word_1_106' title='bbox 874 1649 1135 1713; x_wconf 77' lang='lat' dir='ltr'><strong>factum.</strong></span> <span class='ocrx_word' id='word_1_107' title='bbox 1178 1655 1491 1712; x_wconf 67' lang='lat' dir='ltr'><strong>Talentm</strong></span> <span class='ocrx_word' id='word_1_108' title='bbox 1532 1660 1591 1710; x_wconf 75' lang='lat' dir='ltr'><strong>et</strong></span> <span class='ocrx_word' id='word_1_109' title='bbox 1634 1671 1771 1712; x_wconf 85' lang='lat' dir='ltr'><strong>ossa</strong></span> <span class='ocrx_word' id='word_1_110' title='bbox 1814 1671 2064 1719; x_wconf 86' lang='lat' dir='ltr'><strong>eorum,</strong></span> <span class='ocrx_word' id='word_1_111' title='bbox 2092 1659 2151 1709; x_wconf 73' lang='lat' dir='ltr'><strong>et</strong></span> <span class='ocrx_word' id='word_1_112' title='bbox 2195 1668 2362 1724; x_wconf 79' lang='lat' dir='ltr'><strong>sepe-</strong></span> 
     </span>
     <span class='ocr_line' id='line_1_20' title="bbox 874 1746 2357 1830; baseline -0.001 -22"><span class='ocrx_word' id='word_1_113' title='bbox 874 1751 1118 1809; x_wconf 81' lang='lat' dir='ltr'><strong>lierunt</strong></span> <span class='ocrx_word' id='word_1_114' title='bbox 1148 1751 1221 1808; x_wconf 83' lang='lat' dir='ltr'><strong>in</strong></span> <span class='ocrx_word' id='word_1_115' title='bbox 1252 1769 1505 1809; x_wconf 78' lang='lat' dir='ltr'><strong>nemore</strong></span> <span class='ocrx_word' id='word_1_116' title='bbox 1530 1751 1740 1818; x_wconf 62' lang='lat' dir='ltr'><strong>labe-3,</strong></span> <span class='ocrx_word' id='word_1_117' title='bbox 1772 1757 2071 1830; x_wconf 86' lang='lat' dir='ltr'><strong>tanquam</strong></span> <span class='ocrx_word' id='word_1_118' title='bbox 2114 1747 2179 1808; x_wconf 87' lang='lat' dir='ltr'><strong>in</strong></span> <span class='ocrx_word' id='word_1_119' title='bbox 2220 1746 2357 1808; x_wconf 81' lang='lat' dir='ltr'><strong>loco</strong></span> 
     </span>
    </p>
   </div>
   <div class='ocr_carea' id='block_1_10' title="bbox 2467 959 3957 1822">
    <p class='ocr_par' dir='ltr' id='par_1_10' title="bbox 2467 959 3957 1822">
     <span class='ocr_line' id='line_1_21' title="bbox 2467 959 3952 1040; baseline -0.003 -16"><span class='ocrx_word' id='word_1_120' title='bbox 2467 961 2743 1040; x_wconf 88' lang='lat' dir='ltr'><strong>objectio</strong></span> <span class='ocrx_word' id='word_1_121' title='bbox 2793 961 2914 1023; x_wconf 88' lang='lat' dir='ltr'><strong>ista</strong></span> <span class='ocrx_word' id='word_1_122' title='bbox 2972 979 3098 1023; x_wconf 90' lang='lat' dir='ltr'><strong>non</strong></span> <span class='ocrx_word' id='word_1_123' title='bbox 3153 969 3248 1024; x_wconf 89' lang='lat' dir='ltr'><strong>est</strong></span> <span class='ocrx_word' id='word_1_124' title='bbox 3294 960 3512 1023; x_wconf 82' lang='lat' dir='ltr'><strong>valida</strong></span> <span class='ocrx_word' id='word_1_125' title='bbox 3559 969 3779 1022; x_wconf 88' lang='lat' dir='ltr'><strong>contra</strong></span> <span class='ocrx_word' id='word_1_126' title='bbox 3831 959 3952 1020; x_wconf 90' lang='lat' dir='ltr'><strong>He-</strong></span> 
     </span>
     <span class='ocr_line' id='line_1_22' title="bbox 2468 1057 3954 1140; baseline -0.002 -19"><span class='ocrx_word' id='word_1_127' title='bbox 2468 1059 2691 1137; x_wconf 82' lang='lat' dir='ltr'><strong>braeOS,</strong></span> <span class='ocrx_word' id='word_1_128' title='bbox 2712 1059 3012 1140; x_wconf 88' lang='lat' dir='ltr'><strong>quoniam</strong></span> <span class='ocrx_word' id='word_1_129' title='bbox 3046 1059 3268 1122; x_wconf 90' lang='lat' dir='ltr'><strong>dicunt</strong></span> <span class='ocrx_word' id='word_1_130' title='bbox 3293 1057 3647 1122; x_wconf 83' lang='lat' dir='ltr'><strong>Samuelem</strong></span> <span class='ocrx_word' id='word_1_131' title='bbox 3673 1077 3822 1122; x_wconf 90' lang='lat' dir='ltr'><strong>vere</strong></span> <span class='ocrx_word' id='word_1_132' title='bbox 3849 1075 3954 1138; x_wconf 91' lang='lat' dir='ltr'><strong>ap-</strong></span> 
     </span>
     <span class='ocr_line' id='line_1_23' title="bbox 2467 1155 3954 1239; baseline -0.003 -19"><span class='ocrx_word' id='word_1_133' title='bbox 2467 1158 2775 1239; x_wconf 81' lang='lat' dir='ltr'><strong>paruisse,</strong></span> <span class='ocrx_word' id='word_1_134' title='bbox 2833 1178 2950 1220; x_wconf 90' lang='lat' dir='ltr'><strong>nec</strong></span> <span class='ocrx_word' id='word_1_135' title='bbox 3001 1157 3201 1221; x_wconf 85' lang='lat' dir='ltr'><strong>Rabbi</strong></span> <span class='ocrx_word' id='word_1_136' title='bbox 3255 1157 3486 1220; x_wconf 91' lang='lat' dir='ltr'><strong>Paulus</strong></span> <span class='ocrx_word' id='word_1_137' title='bbox 3545 1155 3954 1219; x_wconf 81' lang='lat' dir='ltr'><strong>sufficienter</strong></span> 
     </span>
     <span class='ocr_line' id='line_1_24' title="bbox 2470 1255 3957 1339; baseline -0.002 -21"><span class='ocrx_word' id='word_1_138' title='bbox 2470 1257 2588 1319; x_wconf 91' lang='lat' dir='ltr'><strong>hoc</strong></span> <span class='ocrx_word' id='word_1_139' title='bbox 2633 1256 2950 1339; x_wconf 88' lang='lat' dir='ltr'><strong>reprobat,</strong></span> <span class='ocrx_word' id='word_1_140' title='bbox 2988 1264 3178 1338; x_wconf 89' lang='lat' dir='ltr'><strong>prout</strong></span> <span class='ocrx_word' id='word_1_141' title='bbox 3220 1255 3286 1318; x_wconf 91' lang='lat' dir='ltr'><strong>in</strong></span> <span class='ocrx_word' id='word_1_142' title='bbox 3333 1255 3730 1338; x_wconf 84' lang='lat' dir='ltr'><strong>expositione</strong></span> <span class='ocrx_word' id='word_1_143' title='bbox 3771 1273 3957 1336; x_wconf 89' lang='lat' dir='ltr'><strong>supe-</strong></span> 
     </span>
     <span class='ocr_line' id='line_1_25' title="bbox 2471 1354 3954 1418; baseline -0.001 -4"><span class='ocrx_word' id='word_1_144' title='bbox 2471 1355 2708 1418; x_wconf 87' lang='lat' dir='ltr'><strong>riorum</strong></span> <span class='ocrx_word' id='word_1_145' title='bbox 2739 1363 2834 1417; x_wconf 90' lang='lat' dir='ltr'><strong>est</strong></span> <span class='ocrx_word' id='word_1_146' title='bbox 2863 1355 3219 1418; x_wconf 89' lang='lat' dir='ltr'><strong>inductum.</strong></span> <span class='ocrx_word' id='word_1_147' title='bbox 3253 1391 3335 1400; x_wconf 91' lang='lat'><strong>—</strong></span> <span class='ocrx_word' id='word_1_148' title='bbox 3363 1355 3574 1417; x_wconf 87' lang='lat' dir='ltr'><strong>Nihilo</strong></span> <span class='ocrx_word' id='word_1_149' title='bbox 3603 1354 3818 1415; x_wconf 90' lang='lat' dir='ltr'><strong>minus</strong></span> <span class='ocrx_word' id='word_1_150' title='bbox 3855 1371 3954 1414; x_wconf 88' lang='lat' dir='ltr'><strong>ar-</strong></span> 
     </span>
     <span class='ocr_line' id='line_1_26' title="bbox 2469 1451 3954 1534; baseline -0.001 -20"><span class='ocrx_word' id='word_1_151' title='bbox 2469 1453 2608 1534; x_wconf 89' lang='lat' dir='ltr'><strong>guit</strong></span> <span class='ocrx_word' id='word_1_152' title='bbox 2655 1453 2720 1514; x_wconf 87' lang='lat' dir='ltr'><strong>in</strong></span> <span class='ocrx_word' id='word_1_153' title='bbox 2769 1455 2890 1516; x_wconf 90' lang='lat' dir='ltr'><strong>hoc</strong></span> <span class='ocrx_word' id='word_1_154' title='bbox 2941 1454 3078 1517; x_wconf 89' lang='lat' dir='ltr'><strong>loco</strong></span> <span class='ocrx_word' id='word_1_155' title='bbox 3113 1471 3129 1514; x_wconf 89' lang='lat'>:</span> <span class='ocrx_word' id='word_1_156' title='bbox 3162 1454 3337 1530; x_wconf 89' lang='lat' dir='ltr'><strong>Dato,</strong></span> <span class='ocrx_word' id='word_1_157' title='bbox 3370 1453 3542 1534; x_wconf 87' lang='lat' dir='ltr'><strong>quod</strong></span> <span class='ocrx_word' id='word_1_158' title='bbox 3589 1452 3838 1515; x_wconf 84' lang='lat' dir='ltr'><strong>Samuel</strong></span> <span class='ocrx_word' id='word_1_159' title='bbox 3885 1451 3954 1512; x_wconf 87' lang='lat' dir='ltr'><strong>in</strong></span> 
     </span>
     <span class='ocr_line' id='line_1_27' title="bbox 2469 1549 3953 1635; baseline -0.001 -23"><span class='ocrx_word' id='word_1_160' title='bbox 2469 1552 2726 1633; x_wconf 87' lang='lat' dir='ltr'><strong>propria</strong></span> <span class='ocrx_word' id='word_1_161' title='bbox 2773 1553 3173 1635; x_wconf 79' lang='lat' dir='ltr'><strong>apparuisset</strong></span> <span class='ocrx_word' id='word_1_162' title='bbox 3218 1570 3514 1633; x_wconf 90' lang='lat' dir='ltr'><strong>persona,</strong></span> <span class='ocrx_word' id='word_1_163' title='bbox 3546 1552 3754 1614; x_wconf 91' lang='lat' dir='ltr'><strong>adhuc</strong></span> <span class='ocrx_word' id='word_1_164' title='bbox 3805 1549 3953 1612; x_wconf 87' lang='lat' dir='ltr'><strong>Saul</strong></span> 
     </span>
     <span class='ocr_line' id='line_1_28' title="bbox 2469 1649 3954 1733; baseline -0.003 -19"><span class='ocrx_word' id='word_1_165' title='bbox 2469 1651 2754 1733; x_wconf 87' lang='lat' dir='ltr'><strong>peccavit</strong></span> <span class='ocrx_word' id='word_1_166' title='bbox 2784 1653 3098 1716; x_wconf 89' lang='lat' dir='ltr'><strong>credendo</strong></span> <span class='ocrx_word' id='word_1_167' title='bbox 3132 1650 3342 1715; x_wconf 89' lang='lat' dir='ltr'><strong>verbis</strong></span> <span class='ocrx_word' id='word_1_168' title='bbox 3385 1651 3584 1713; x_wconf 90' lang='lat' dir='ltr'><strong>illius.</strong></span> <span class='ocrx_word' id='word_1_169' title='bbox 3617 1649 3732 1724; x_wconf 86' lang='lat' dir='ltr'><strong>Qui</strong></span> <span class='ocrx_word' id='word_1_170' title='bbox 3777 1650 3954 1712; x_wconf 88' lang='lat' dir='ltr'><strong>enim</strong></span> 
     </span>
     <span class='ocr_line' id='line_1_29' title="bbox 2469 1747 3954 1822; baseline -0.001 -11"><span class='ocrx_word' id='word_1_171' title='bbox 2469 1750 2691 1812; x_wconf 89' lang='lat' dir='ltr'><strong>dicunt</strong></span> <span class='ocrx_word' id='word_1_172' title='bbox 2732 1749 3086 1812; x_wconf 84' lang='lat' dir='ltr'><strong>Samuelem</strong></span> <span class='ocrx_word' id='word_1_173' title='bbox 3127 1768 3276 1812; x_wconf 86' lang='lat' dir='ltr'><strong>vere</strong></span> <span class='ocrx_word' id='word_1_174' title='bbox 3316 1749 3689 1812; x_wconf 88' lang='lat' dir='ltr'><strong>suscitatum</strong></span> <span class='ocrx_word' id='word_1_175' title='bbox 3729 1747 3954 1822; x_wconf 77' lang='lat' dir='ltr'><strong>fuisse,</strong></span> 
     </span>
    </p>
   </div>
   <div class='ocr_carea' id='block_1_11' title="bbox 874 1845 3960 1929">
    <p class='ocr_par' dir='ltr' id='par_1_11' title="bbox 874 1845 3960 1929">
     <span class='ocr_line' id='line_1_30' title="bbox 874 1845 3960 1929; baseline -0.001 -21"><span class='ocrx_word' id='word_1_176' title='bbox 874 1847 1174 1911; x_wconf 89' lang='lat' dir='ltr'><strong>umbroso</strong></span> <span class='ocrx_word' id='word_1_177' title='bbox 1204 1855 1267 1910; x_wconf 88' lang='lat' dir='ltr'><strong>et</strong></span> <span class='ocrx_word' id='word_1_178' title='bbox 1297 1847 1565 1929; x_wconf 89' lang='lat' dir='ltr'><strong>pulchro</strong></span> <span class='ocrx_word' id='word_1_179' title='bbox 1588 1847 1921 1909; x_wconf 85' lang='lat' dir='ltr'><strong>arboribus</strong></span> <span class='ocrx_word' id='word_1_180' title='bbox 1946 1846 2216 1921; x_wconf 83' lang='lat' dir='ltr'><strong>consito,</strong></span> <span class='ocrx_word' id='word_1_181' title='bbox 2239 1845 2356 1906; x_wconf 89' lang='lat' dir='ltr'><strong>sic·</strong></span> <span class='ocrx_word' id='word_1_182' title='bbox 2397 1846 2444 1910; x_wconf 91' lang='lat' dir='ltr'>B</span> <span class='ocrx_word' id='word_1_183' title='bbox 2470 1846 2804 1909; x_wconf 82' lang='lat' dir='ltr'><strong>affirmant</strong></span> <span class='ocrx_word' id='word_1_184' title='bbox 2846 1848 2966 1910; x_wconf 90' lang='lat' dir='ltr'><strong>hoc</strong></span> <span class='ocrx_word' id='word_1_185' title='bbox 3013 1846 3251 1910; x_wconf 87' lang='lat' dir='ltr'><strong>factum</strong></span> <span class='ocrx_word' id='word_1_186' title='bbox 3293 1867 3369 1910; x_wconf 86' lang='lat' dir='ltr'><strong>ex</strong></span> <span class='ocrx_word' id='word_1_187' title='bbox 3408 1846 3828 1929; x_wconf 88' lang='lat' dir='ltr'><strong>dispositione</strong></span> <span class='ocrx_word' id='word_1_188' title='bbox 3865 1847 3960 1906; x_wconf 86' lang='lat' dir='ltr'><strong>di-</strong></span> 
     </span>
    </p>
   </div>
   <div class='ocr_carea' id='block_1_12' title="bbox 776 1945 2358 2026">
    <p class='ocr_par' dir='ltr' id='par_1_12' title="bbox 776 1945 2358 2026">
     <span class='ocr_line' id='line_1_31' title="bbox 776 1945 2358 2026; baseline -0.003 -18"><span class='ocrx_word' id='word_1_189' title='bbox 776 1975 840 2013; x_wconf 71' lang='grc' dir='ltr'><strong>κν.</strong></span> <span class='ocrx_word' id='word_1_190' title='bbox 873 1955 943 2007; x_wconf 89' lang='lat' dir='ltr'><strong>ut</strong></span> <span class='ocrx_word' id='word_1_191' title='bbox 971 1947 1037 2008; x_wconf 92' lang='lat' dir='ltr'><strong>in</strong></span> <span class='ocrx_word' id='word_1_192' title='bbox 1066 1946 1291 2008; x_wconf 90' lang='lat' dir='ltr'><strong>Genesi</strong></span> <span class='ocrx_word' id='word_1_193' title='bbox 1334 1945 1633 2008; x_wconf 89' lang='lat' dir='ltr'><strong>recitatur</strong></span> <span class='ocrx_word' id='word_1_194' title='bbox 1671 1945 1915 2008; x_wconf 89' lang='lat' dir='ltr'><strong>Debora</strong></span> <span class='ocrx_word' id='word_1_195' title='bbox 1956 1945 2076 2006; x_wconf 90' lang='lat' dir='ltr'><strong>sub</strong></span> <span class='ocrx_word' id='word_1_196' title='bbox 2115 1962 2358 2026; x_wconf 89' lang='lat' dir='ltr'><strong>quercu</strong></span> 
     </span>
    </p>
   </div>
   <div class='ocr_carea' id='block_1_13' title="bbox 861 2042 2363 3012">
    <p class='ocr_par' dir='ltr' id='par_1_13' title="bbox 861 2042 2363 3012">
     <span class='ocr_line' id='line_1_32' title="bbox 875 2042 2360 2127; baseline -0.001 -21"><span class='ocrx_word' id='word_1_197' title='bbox 875 2045 1143 2127; x_wconf 86' lang='lat' dir='ltr'><strong>sepulta,</strong></span> <span class='ocrx_word' id='word_1_198' title='bbox 1177 2056 1236 2106; x_wconf 80' lang='lat' dir='ltr'><strong>et</strong></span> <span class='ocrx_word' id='word_1_199' title='bbox 1249 2046 1725 2123; x_wconf 70' lang='lat' dir='ltr'><strong>jejunaverunt</strong></span> <span class='ocrx_word' id='word_1_200' title='bbox 1752 2054 1987 2122; x_wconf 73' lang='lat' dir='ltr'><strong>septem</strong></span> <span class='ocrx_word' id='word_1_201' title='bbox 2015 2047 2254 2115; x_wconf 71' lang='lat' dir='ltr'><strong>diebu-5,</strong></span> <span class='ocrx_word' id='word_1_202' title='bbox 2293 2042 2360 2104; x_wconf 89' lang='lat' dir='ltr'><strong>in</strong></span> 
     </span>
     <span class='ocr_line' id='line_1_33' title="bbox 873 2141 2363 2224; baseline -0.001 -20"><span class='ocrx_word' id='word_1_203' title='bbox 873 2142 1124 2224; x_wconf 90' lang='lat' dir='ltr'><strong>signum</strong></span> <span class='ocrx_word' id='word_1_204' title='bbox 1173 2142 1464 2207; x_wconf 89' lang='lat' dir='ltr'><strong>moeroris</strong></span> <span class='ocrx_word' id='word_1_205' title='bbox 1508 2151 1571 2205; x_wconf 88' lang='lat' dir='ltr'><strong>et</strong></span> <span class='ocrx_word' id='word_1_206' title='bbox 1613 2143 1843 2217; x_wconf 82' lang='lat' dir='ltr'><strong>luctuS‚</strong></span> <span class='ocrx_word' id='word_1_207' title='bbox 1879 2151 1941 2205; x_wconf 89' lang='lat' dir='ltr'><strong>et</strong></span> <span class='ocrx_word' id='word_1_208' title='bbox 1982 2162 2097 2224; x_wconf 91' lang='lat' dir='ltr'><strong>pro</strong></span> <span class='ocrx_word' id='word_1_209' title='bbox 2136 2141 2363 2204; x_wconf 86' lang='lat' dir='ltr'><strong>defun-</strong></span> 
     </span>
     <span class='ocr_line' id='line_1_34' title="bbox 871 2241 2358 2324; baseline -0.003 -18"><span class='ocrx_word' id='word_1_210' title='bbox 871 2251 1119 2306; x_wconf 89' lang='lat' dir='ltr'><strong>ctorum</strong></span> <span class='ocrx_word' id='word_1_211' title='bbox 1169 2241 1525 2324; x_wconf 85' lang='lat' dir='ltr'><strong>spiritibuS.</strong></span> <span class='ocrx_word' id='word_1_212' title='bbox 1578 2242 1793 2322; x_wconf 87' lang='lat' dir='ltr'><strong>ltaque</strong></span> <span class='ocrx_word' id='word_1_213' title='bbox 1840 2241 1961 2304; x_wconf 91' lang='lat' dir='ltr'><strong>viri</strong></span> <span class='ocrx_word' id='word_1_214' title='bbox 2020 2241 2125 2302; x_wconf 92' lang='lat' dir='ltr'><strong>isti</strong></span> <span class='ocrx_word' id='word_1_215' title='bbox 2178 2259 2358 2302; x_wconf 87' lang='lat' dir='ltr'><strong>suam</strong></span> 
     </span>
     <span class='ocr_line' id='line_1_35' title="bbox 871 2338 2360 2419; baseline 0 -19"><span class='ocrx_word' id='word_1_216' title='bbox 871 2338 1249 2402; x_wconf 81' lang='lat' dir='ltr'><strong>fidelitatem</strong></span> <span class='ocrx_word' id='word_1_217' title='bbox 1280 2347 1344 2401; x_wconf 91' lang='lat' dir='ltr'><strong>ct</strong></span> <span class='ocrx_word' id='word_1_218' title='bbox 1369 2339 1846 2419; x_wconf 80' lang='lat' dir='ltr'><strong>gratitudinem,</strong></span> <span class='ocrx_word' id='word_1_219' title='bbox 1881 2338 2011 2404; x_wconf 92' lang='lat' dir='ltr'><strong>imo</strong></span> <span class='ocrx_word' id='word_1_220' title='bbox 2041 2347 2104 2400; x_wconf 91' lang='lat' dir='ltr'><strong>et</strong></span> <span class='ocrx_word' id='word_1_221' title='bbox 2134 2338 2360 2402; x_wconf 88' lang='lat' dir='ltr'><strong>carita-</strong></span> 
     </span>
     <span class='ocr_line' id='line_1_36' title="bbox 871 2436 2360 2501; baseline -0.001 -1"><span class='ocrx_word' id='word_1_222' title='bbox 871 2445 997 2500; x_wconf 88' lang='lat' dir='ltr'><strong>tem</strong></span> <span class='ocrx_word' id='word_1_223' title='bbox 1028 2439 1324 2501; x_wconf 83' lang='lat' dir='ltr'><strong>audacter</strong></span> <span class='ocrx_word' id='word_1_224' title='bbox 1352 2445 1867 2500; x_wconf 83' lang='lat' dir='ltr'><strong>moustraverunt</strong></span> <span class='ocrx_word' id='word_1_225' title='bbox 1894 2436 1960 2499; x_wconf 89' lang='lat' dir='ltr'><strong>in</strong></span> <span class='ocrx_word' id='word_1_226' title='bbox 1994 2437 2141 2500; x_wconf 90' lang='lat' dir='ltr'><strong>Saul</strong></span> <span class='ocrx_word' id='word_1_227' title='bbox 2175 2447 2238 2500; x_wconf 89' lang='lat' dir='ltr'><strong>et</strong></span> <span class='ocrx_word' id='word_1_228' title='bbox 2278 2436 2360 2498; x_wconf 81' lang='lat' dir='ltr'><strong>ri-</strong></span> 
     </span>
     <span class='ocr_line' id='line_1_37' title="bbox 871 2534 2356 2617; baseline 0 -21"><span class='ocrx_word' id='word_1_229' title='bbox 871 2534 991 2598; x_wconf 93' lang='lat' dir='ltr'><strong>lios</strong></span> <span class='ocrx_word' id='word_1_230' title='bbox 1033 2536 1195 2617; x_wconf 82' lang='lat' dir='ltr'><strong>ejuS,</strong></span> <span class='ocrx_word' id='word_1_231' title='bbox 1229 2554 1503 2617; x_wconf 86' lang='lat' dir='ltr'><strong>quorum</strong></span> <span class='ocrx_word' id='word_1_232' title='bbox 1549 2534 1961 2614; x_wconf 86' lang='lat' dir='ltr'><strong>ignominiam</strong></span> <span class='ocrx_word' id='word_1_233' title='bbox 2010 2534 2177 2598; x_wconf 86' lang='lat' dir='ltr'><strong>serre</strong></span> <span class='ocrx_word' id='word_1_234' title='bbox 2228 2553 2356 2598; x_wconf 90' lang='lat' dir='ltr'><strong>non</strong></span> 
     </span>
     <span class='ocr_line' id='line_1_38' title="bbox 871 2633 2356 2717; baseline -0.003 -19"><span class='ocrx_word' id='word_1_235' title='bbox 871 2643 1248 2717; x_wconf 81' lang='lat' dir='ltr'><strong>potuerunt3</strong></span> <span class='ocrx_word' id='word_1_236' title='bbox 1292 2643 1355 2698; x_wconf 91' lang='lat' dir='ltr'><strong>et</strong></span> <span class='ocrx_word' id='word_1_237' title='bbox 1396 2633 1586 2697; x_wconf 88' lang='lat' dir='ltr'><strong>tantis</strong></span> <span class='ocrx_word' id='word_1_238' title='bbox 1626 2652 1693 2695; x_wconf 90' lang='lat' dir='ltr'><strong>sc</strong></span> <span class='ocrx_word' id='word_1_239' title='bbox 1723 2642 2151 2715; x_wconf 88' lang='lat' dir='ltr'><strong>exposuerunt</strong></span> <span class='ocrx_word' id='word_1_240' title='bbox 2191 2634 2356 2716; x_wconf 89' lang='lat' dir='ltr'><strong>peri-</strong></span> 
     </span>
     <span class='ocr_line' id='line_1_39' title="bbox 868 2732 2357 2815; baseline -0.001 -19"><span class='ocrx_word' id='word_1_241' title='bbox 868 2733 1053 2811; x_wconf 84' lang='lat' dir='ltr'><strong>culiS,</strong></span> <span class='ocrx_word' id='word_1_242' title='bbox 1080 2733 1383 2815; x_wconf 89' lang='lat' dir='ltr'><strong>quoniam</strong></span> <span class='ocrx_word' id='word_1_243' title='bbox 1414 2733 1623 2814; x_wconf 91' lang='lat' dir='ltr'><strong>primo</strong></span> <span class='ocrx_word' id='word_1_244' title='bbox 1652 2732 1851 2814; x_wconf 84' lang='lat' dir='ltr'><strong>adjuti</strong></span> <span class='ocrx_word' id='word_1_245' title='bbox 1885 2740 1947 2795; x_wconf 88' lang='lat' dir='ltr'><strong>et</strong></span> <span class='ocrx_word' id='word_1_246' title='bbox 1979 2732 2229 2796; x_wconf 90' lang='lat' dir='ltr'><strong>liberati</strong></span> <span class='ocrx_word' id='word_1_247' title='bbox 2265 2732 2357 2794; x_wconf 83' lang='lat' dir='ltr'><strong>fu-</strong></span> 
     </span>
     <span class='ocr_line' id='line_1_40' title="bbox 868 2829 2356 2913; baseline -0.001 -19"><span class='ocrx_word' id='word_1_248' title='bbox 868 2840 1055 2894; x_wconf 89' lang='lat' dir='ltr'><strong>erunt</strong></span> <span class='ocrx_word' id='word_1_249' title='bbox 1089 2850 1203 2913; x_wconf 91' lang='lat' dir='ltr'><strong>per</strong></span> <span class='ocrx_word' id='word_1_250' title='bbox 1242 2830 1386 2893; x_wconf 89' lang='lat' dir='ltr'><strong>Saul</strong></span> <span class='ocrx_word' id='word_1_251' title='bbox 1437 2848 1476 2891; x_wconf 91' lang='lat' dir='ltr'><strong>a</strong></span> <span class='ocrx_word' id='word_1_252' title='bbox 1522 2847 1668 2910; x_wconf 91' lang='lat' dir='ltr'><strong>rege</strong></span> <span class='ocrx_word' id='word_1_253' title='bbox 1705 2829 2238 2907; x_wconf 86' lang='lat' dir='ltr'><strong>Ammonitarum,</strong></span> <span class='ocrx_word' id='word_1_254' title='bbox 2285 2839 2356 2893; x_wconf 91' lang='lat' dir='ltr'><strong>ut</strong></span> 
     </span>
     <span class='ocr_line' id='line_1_41' title="bbox 861 2936 1562 3012; baseline -0.001 -22"><span class='ocrx_word' id='word_1_255' title='bbox 861 2948 1059 3012; x_wconf 85' lang='lat' dir='ltr'><strong>supra</strong></span> <span class='ocrx_word' id='word_1_256' title='bbox 1090 2937 1409 2991; x_wconf 88' lang='lat' dir='ltr'><strong>narratum</strong></span> <span class='ocrx_word' id='word_1_257' title='bbox 1443 2936 1562 2990; x_wconf 87' lang='lat' dir='ltr'><strong>est.</strong></span> 
     </span>
    </p>
   </div>
   <div class='ocr_carea' id='block_1_14' title="bbox 2461 1944 3962 3012">
    <p class='ocr_par' dir='ltr' id='par_1_14' title="bbox 2461 1944 3962 3012">
     <span class='ocr_line' id='line_1_42' title="bbox 2469 1944 3953 2028; baseline -0.002 -19"><span class='ocrx_word' id='word_1_258' title='bbox 2469 1946 2638 2022; x_wconf 90' lang='lat' dir='ltr'><strong>vina,</strong></span> <span class='ocrx_word' id='word_1_259' title='bbox 2671 1965 2816 2027; x_wconf 85' lang='lat' dir='ltr'><strong>quae</strong></span> <span class='ocrx_word' id='word_1_260' title='bbox 2844 1945 3281 2028; x_wconf 81' lang='lat' dir='ltr'><strong>pythonissam</strong></span> <span class='ocrx_word' id='word_1_261' title='bbox 3323 1945 3509 2008; x_wconf 89' lang='lat' dir='ltr'><strong>latuit</strong></span> <span class='ocrx_word' id='word_1_262' title='bbox 3547 1965 3618 2008; x_wconf 91' lang='lat' dir='ltr'><strong>ac</strong></span> <span class='ocrx_word' id='word_1_263' title='bbox 3650 1944 3900 2008; x_wconf 88' lang='lat' dir='ltr'><strong>Saulem</strong></span> <span class='ocrx_word' id='word_1_264' title='bbox 3937 1963 3953 2006; x_wconf 92' lang='lat'>:</span> 
     </span>
     <span class='ocr_line' id='line_1_43' title="bbox 2468 2043 3962 2126; baseline -0.001 -20"><span class='ocrx_word' id='word_1_265' title='bbox 2468 2062 2616 2124; x_wconf 90' lang='lat' dir='ltr'><strong>ergo</strong></span> <span class='ocrx_word' id='word_1_266' title='bbox 2637 2044 2784 2107; x_wconf 88' lang='lat' dir='ltr'><strong>Saul</strong></span> <span class='ocrx_word' id='word_1_267' title='bbox 2812 2063 2937 2108; x_wconf 88' lang='lat' dir='ltr'><strong>non</strong></span> <span class='ocrx_word' id='word_1_268' title='bbox 2959 2045 3228 2108; x_wconf 89' lang='lat' dir='ltr'><strong>credidit</strong></span> <span class='ocrx_word' id='word_1_269' title='bbox 3257 2043 3468 2126; x_wconf 89' lang='lat' dir='ltr'><strong>ipsum</strong></span> <span class='ocrx_word' id='word_1_270' title='bbox 3490 2063 3628 2108; x_wconf 89' lang='lat' dir='ltr'><strong>esse</strong></span> <span class='ocrx_word' id='word_1_271' title='bbox 3649 2044 3962 2107; x_wconf 85' lang='lat' dir='ltr'><strong>veraciter</strong></span> 
     </span>
     <span class='ocr_line' id='line_1_44' title="bbox 2468 2142 3956 2225; baseline -0.001 -20"><span class='ocrx_word' id='word_1_272' title='bbox 2468 2143 2844 2220; x_wconf 86' lang='lat' dir='ltr'><strong>Samuelem,</strong></span> <span class='ocrx_word' id='word_1_273' title='bbox 2881 2145 2990 2206; x_wconf 91' lang='lat' dir='ltr'><strong>sed</strong></span> <span class='ocrx_word' id='word_1_274' title='bbox 3035 2143 3332 2225; x_wconf 89' lang='lat' dir='ltr'><strong>spiritum</strong></span> <span class='ocrx_word' id='word_1_275' title='bbox 3377 2142 3750 2223; x_wconf 88' lang='lat' dir='ltr'><strong>malignum.</strong></span> <span class='ocrx_word' id='word_1_276' title='bbox 3785 2143 3956 2205; x_wconf 85' lang='lat' dir='ltr'><strong>Istud</strong></span> 
     </span>
     <span class='ocr_line' id='line_1_45' title="bbox 2466 2241 3952 2323; baseline -0.001 -21"><span class='ocrx_word' id='word_1_277' title='bbox 2466 2250 2910 2320; x_wconf 86' lang='lat' dir='ltr'><strong>argumentum</strong></span> <span class='ocrx_word' id='word_1_278' title='bbox 2934 2261 3010 2304; x_wconf 93' lang='lat' dir='ltr'><strong>ex</strong></span> <span class='ocrx_word' id='word_1_279' title='bbox 3034 2241 3616 2304; x_wconf 81' lang='lat' dir='ltr'><strong>inconsideratione</strong></span> <span class='ocrx_word' id='word_1_280' title='bbox 3639 2241 3952 2323; x_wconf 87' lang='lat' dir='ltr'><strong>procedit.</strong></span> 
     </span>
     <span class='ocr_line' id='line_1_46' title="bbox 2463 2337 3957 2422; baseline 0.001 -21"><span class='ocrx_word' id='word_1_281' title='bbox 2463 2337 2760 2412; x_wconf 90' lang='lat' dir='ltr'><strong>Quamvis</strong></span> <span class='ocrx_word' id='word_1_282' title='bbox 2790 2339 2962 2401; x_wconf 87' lang='lat' dir='ltr'><strong>enim</strong></span> <span class='ocrx_word' id='word_1_283' title='bbox 2993 2339 3214 2403; x_wconf 86' lang='lat' dir='ltr'><strong>divina</strong></span> <span class='ocrx_word' id='word_1_284' title='bbox 3242 2339 3602 2422; x_wconf 87' lang='lat' dir='ltr'><strong>dispositio,</strong></span> <span class='ocrx_word' id='word_1_285' title='bbox 3639 2339 3704 2400; x_wconf 91' lang='lat' dir='ltr'><strong>id</strong></span> <span class='ocrx_word' id='word_1_286' title='bbox 3735 2347 3831 2402; x_wconf 90' lang='lat' dir='ltr'><strong>est</strong></span> <span class='ocrx_word' id='word_1_287' title='bbox 3863 2359 3957 2402; x_wconf 87' lang='lat' dir='ltr'><strong>ra-</strong></span> 
     </span>
     <span class='ocr_line' id='line_1_47' title="bbox 2467 2437 3962 2520; baseline 0.001 -21"><span class='ocrx_word' id='word_1_288' title='bbox 2467 2438 2553 2501; x_wconf 91' lang='lat' dir='ltr'><strong>tio</strong></span> <span class='ocrx_word' id='word_1_289' title='bbox 2583 2447 2844 2519; x_wconf 89' lang='lat' dir='ltr'><strong>propter</strong></span> <span class='ocrx_word' id='word_1_290' title='bbox 2863 2457 3054 2519; x_wconf 90' lang='lat' dir='ltr'><strong>quam</strong></span> <span class='ocrx_word' id='word_1_291' title='bbox 3086 2439 3248 2500; x_wconf 91' lang='lat' dir='ltr'><strong>Deus</strong></span> <span class='ocrx_word' id='word_1_292' title='bbox 3274 2438 3592 2520; x_wconf 87' lang='lat' dir='ltr'><strong>disposuit</strong></span> <span class='ocrx_word' id='word_1_293' title='bbox 3621 2437 3831 2520; x_wconf 90' lang='lat' dir='ltr'><strong>ipsum</strong></span> <span class='ocrx_word' id='word_1_294' title='bbox 3853 2437 3962 2500; x_wconf 77' lang='lat' dir='ltr'><strong>Sa-</strong></span> 
     </span>
     <span class='ocr_line' id='line_1_48' title="bbox 2463 2536 3956 2618; baseline 0.001 -20"><span class='ocrx_word' id='word_1_295' title='bbox 2463 2536 2738 2598; x_wconf 80' lang='lat' dir='ltr'><strong>muelem</strong></span> <span class='ocrx_word' id='word_1_296' title='bbox 2783 2537 3074 2599; x_wconf 87' lang='lat' dir='ltr'><strong>suscitari</strong></span> <span class='ocrx_word' id='word_1_297' title='bbox 3113 2557 3188 2598; x_wconf 87' lang='lat' dir='ltr'><strong>ac</strong></span> <span class='ocrx_word' id='word_1_298' title='bbox 3227 2555 3556 2618; x_wconf 88' lang='lat' dir='ltr'><strong>apparere,</strong></span> <span class='ocrx_word' id='word_1_299' title='bbox 3593 2536 3843 2599; x_wconf 88' lang='lat' dir='ltr'><strong>Saulem</strong></span> <span class='ocrx_word' id='word_1_300' title='bbox 3877 2557 3956 2600; x_wconf 90' lang='lat' dir='ltr'><strong>ac</strong></span> 
     </span>
     <span class='ocr_line' id='line_1_49' title="bbox 2464 2635 3958 2719; baseline 0.001 -24"><span class='ocrx_word' id='word_1_301' title='bbox 2464 2635 2900 2716; x_wconf 75' lang='lat' dir='ltr'><strong>pythonissam</strong></span> <span class='ocrx_word' id='word_1_302' title='bbox 2931 2635 3208 2712; x_wconf 85' lang='lat' dir='ltr'><strong>latuerit,</strong></span> <span class='ocrx_word' id='word_1_303' title='bbox 3228 2653 3356 2699; x_wconf 92' lang='lat' dir='ltr'><strong>non</strong></span> <span class='ocrx_word' id='word_1_304' title='bbox 3382 2643 3593 2698; x_wconf 88' lang='lat' dir='ltr'><strong>tamen</strong></span> <span class='ocrx_word' id='word_1_305' title='bbox 3619 2636 3958 2719; x_wconf 88' lang='lat' dir='ltr'><strong>consequi-</strong></span> 
     </span>
     <span class='ocr_line' id='line_1_50' title="bbox 2461 2733 3948 2816; baseline 0.001 -22"><span class='ocrx_word' id='word_1_306' title='bbox 2461 2741 2586 2809; x_wconf 87' lang='lat' dir='ltr'><strong>tur,</strong></span> <span class='ocrx_word' id='word_1_307' title='bbox 2621 2735 2790 2814; x_wconf 89' lang='lat' dir='ltr'><strong>quod</strong></span> <span class='ocrx_word' id='word_1_308' title='bbox 2833 2734 3067 2796; x_wconf 90' lang='lat' dir='ltr'><strong>latebat</strong></span> <span class='ocrx_word' id='word_1_309' title='bbox 3105 2752 3234 2811; x_wconf 65' lang='grc' dir='ltr'><strong>θος,</strong></span> <span class='ocrx_word' id='word_1_310' title='bbox 3267 2733 3452 2796; x_wconf 91' lang='lat' dir='ltr'><strong>illum</strong></span> <span class='ocrx_word' id='word_1_311' title='bbox 3484 2735 3596 2816; x_wconf 91' lang='lat' dir='ltr'><strong>qui</strong></span> <span class='ocrx_word' id='word_1_312' title='bbox 3627 2735 3948 2816; x_wconf 88' lang='lat' dir='ltr'><strong>apparuit,</strong></span> 
     </span>
     <span class='ocr_line' id='line_1_51' title="bbox 2463 2831 3956 2912; baseline 0.002 -20"><span class='ocrx_word' id='word_1_313' title='bbox 2463 2831 2763 2894; x_wconf 86' lang='lat' dir='ltr'><strong>exsistere</strong></span> <span class='ocrx_word' id='word_1_314' title='bbox 2785 2831 3163 2894; x_wconf 87' lang='lat' dir='ltr'><strong>Samuelem.</strong></span> <span class='ocrx_word' id='word_1_315' title='bbox 3182 2831 3405 2894; x_wconf 85' lang='lat' dir='ltr'><strong>Latent</strong></span> <span class='ocrx_word' id='word_1_316' title='bbox 3435 2851 3712 2912; x_wconf 90' lang='lat' dir='ltr'><strong>namque</strong></span> <span class='ocrx_word' id='word_1_317' title='bbox 3730 2833 3956 2896; x_wconf 80' lang='lat' dir='ltr'><strong>divina</strong></span> 
     </span>
     <span class='ocr_line' id='line_1_52' title="bbox 2463 2930 3953 3012; baseline 0.001 -21"><span class='ocrx_word' id='word_1_318' title='bbox 2463 2930 2782 3011; x_wconf 73' lang='lat' dir='ltr'><strong>mysteria.</strong></span> <span class='ocrx_word' id='word_1_319' title='bbox 2816 2967 2898 2975; x_wconf 94' lang='lat'>—</span> <span class='ocrx_word' id='word_1_320' title='bbox 2924 2931 3186 3012; x_wconf 83' lang='lat' dir='ltr'><strong>Insuper</strong></span> <span class='ocrx_word' id='word_1_321' title='bbox 3234 2930 3411 3007; x_wconf 87' lang='lat' dir='ltr'><strong>dicit,</strong></span> <span class='ocrx_word' id='word_1_322' title='bbox 3460 2932 3630 3012; x_wconf 90' lang='lat' dir='ltr'><strong>quod</strong></span> <span class='ocrx_word' id='word_1_323' title='bbox 3681 2932 3953 2994; x_wconf 87' lang='lat' dir='ltr'><strong>rationa-</strong></span> 
     </span>
    </p>
   </div>
   <div class='ocr_carea' id='block_1_15' title="bbox 946 3025 3948 3110">
    <p class='ocr_par' dir='ltr' id='par_1_15' title="bbox 946 3025 3948 3110">
     <span class='ocr_line' id='line_1_53' title="bbox 946 3025 3948 3110; baseline 0.001 -21"><span class='ocrx_word' id='word_1_324' title='bbox 946 3028 1270 3104; x_wconf 81' lang='lat' dir='ltr'><strong>Praeterea,</strong></span> <span class='ocrx_word' id='word_1_325' title='bbox 1305 3028 1384 3090; x_wconf 89' lang='lat' dir='ltr'><strong>de</strong></span> <span class='ocrx_word' id='word_1_326' title='bbox 1413 3025 1809 3108; x_wconf 85' lang='lat' dir='ltr'><strong>expositione</strong></span> <span class='ocrx_word' id='word_1_327' title='bbox 1848 3026 2042 3108; x_wconf 90' lang='lat' dir='ltr'><strong>hujus</strong></span> <span class='ocrx_word' id='word_1_328' title='bbox 2086 3026 2350 3109; x_wconf 89' lang='lat' dir='ltr'><strong>capituli</strong></span> <span class='ocrx_word' id='word_1_329' title='bbox 2387 3032 2430 3095; x_wconf 91' lang='lat' dir='ltr'>C</span> <span class='ocrx_word' id='word_1_330' title='bbox 2463 3028 2655 3090; x_wconf 91' lang='lat' dir='ltr'><strong>bilius</strong></span> <span class='ocrx_word' id='word_1_331' title='bbox 2699 3029 2901 3110; x_wconf 90' lang='lat' dir='ltr'><strong>possit</strong></span> <span class='ocrx_word' id='word_1_332' title='bbox 2945 3028 3266 3110; x_wconf 66' lang='lat' dir='ltr'><strong>praesumi,</strong></span> <span class='ocrx_word' id='word_1_333' title='bbox 3301 3030 3471 3110; x_wconf 89' lang='lat' dir='ltr'><strong>quod</strong></span> <span class='ocrx_word' id='word_1_334' title='bbox 3517 3028 3663 3091; x_wconf 88' lang='lat' dir='ltr'><strong>Saul</strong></span> <span class='ocrx_word' id='word_1_335' title='bbox 3713 3030 3828 3092; x_wconf 88' lang='lat' dir='ltr'><strong>ivit</strong></span> <span class='ocrx_word' id='word_1_336' title='bbox 3865 3031 3948 3093; x_wconf 89' lang='lat' dir='ltr'><strong>ad</strong></span> 
     </span>
    </p>
   </div>
   <div class='ocr_carea' id='block_1_16' title="bbox 866 3125 2352 3207">
    <p class='ocr_par' dir='ltr' id='par_1_16' title="bbox 866 3125 2352 3207">
     <span class='ocr_line' id='line_1_54' title="bbox 866 3125 2352 3207; baseline 0 -16"><span class='ocrx_word' id='word_1_337' title='bbox 866 3127 1067 3191; x_wconf 88' lang='lat' dir='ltr'><strong>multa</strong></span> <span class='ocrx_word' id='word_1_338' title='bbox 1094 3126 1410 3190; x_wconf 88' lang='lat' dir='ltr'><strong>habentur</strong></span> <span class='ocrx_word' id='word_1_339' title='bbox 1445 3126 1510 3187; x_wconf 90' lang='lat' dir='ltr'><strong>in</strong></span> <span class='ocrx_word' id='word_1_340' title='bbox 1551 3125 1945 3207; x_wconf 86' lang='lat' dir='ltr'><strong>expositione</strong></span> <span class='ocrx_word' id='word_1_341' title='bbox 1982 3127 2213 3189; x_wconf 86' lang='lat' dir='ltr'><strong>decimi</strong></span> <span class='ocrx_word' id='word_1_342' title='bbox 2256 3147 2352 3191; x_wconf 88' lang='lat' dir='ltr'><strong>ca-</strong></span> 
     </span>
    </p>
   </div>
   <div class='ocr_carea' id='block_1_17' title="bbox 864 3224 2392 3312">
    <p class='ocr_par' dir='ltr' id='par_1_17' title="bbox 864 3224 2392 3312">
     <span class='ocr_line' id='line_1_55' title="bbox 864 3224 2392 3312; baseline 0.001 -25"><span class='ocrx_word' id='word_1_343' title='bbox 864 3225 1052 3307; x_wconf 91' lang='lat' dir='ltr'><strong>pituli</strong></span> <span class='ocrx_word' id='word_1_344' title='bbox 1103 3226 1295 3308; x_wconf 90' lang='lat' dir='ltr'><strong>primi</strong></span> <span class='ocrx_word' id='word_1_345' title='bbox 1347 3224 1872 3306; x_wconf 87' lang='lat' dir='ltr'><strong>Paralipomenon</strong></span> <span class='ocrx_word' id='word_1_346' title='bbox 1934 3224 2107 3301; x_wconf 89' lang='lat' dir='ltr'><strong>libri,</strong></span> <span class='ocrx_word' id='word_1_347' title='bbox 2160 3234 2392 3312; x_wconf 27' lang='lat' dir='ltr'><strong>atque·</strong></span> 
     </span>
    </p>
   </div>
   <div class='ocr_carea' id='block_1_18' title="bbox 860 3322 2353 4192">
    <p class='ocr_par' dir='ltr' id='par_1_18' title="bbox 860 3322 2353 4192">
     <span class='ocr_line' id='line_1_56' title="bbox 864 3322 2353 3406; baseline 0 -20"><span class='ocrx_word' id='word_1_348' title='bbox 864 3343 939 3386; x_wconf 89' lang='lat' dir='ltr'><strong>ex</strong></span> <span class='ocrx_word' id='word_1_349' title='bbox 988 3324 1175 3387; x_wconf 90' lang='lat' dir='ltr'><strong>dictis</strong></span> <span class='ocrx_word' id='word_1_350' title='bbox 1225 3323 1461 3387; x_wconf 92' lang='lat' dir='ltr'><strong>ibidem</strong></span> <span class='ocrx_word' id='word_1_351' title='bbox 1507 3331 1678 3405; x_wconf 89' lang='lat' dir='ltr'><strong>patet</strong></span> <span class='ocrx_word' id='word_1_352' title='bbox 1723 3322 1958 3386; x_wconf 90' lang='lat' dir='ltr'><strong>solutio</strong></span> <span class='ocrx_word' id='word_1_353' title='bbox 2001 3324 2079 3385; x_wconf 92' lang='lat' dir='ltr'><strong>ad</strong></span> <span class='ocrx_word' id='word_1_354' title='bbox 2120 3325 2353 3406; x_wconf 83' lang='lat' dir='ltr'><strong>quaesi-</strong></span> 
     </span>
     <span class='ocr_line' id='line_1_57' title="bbox 863 3421 2352 3504; baseline 0.002 -21"><span class='ocrx_word' id='word_1_355' title='bbox 863 3430 1021 3499; x_wconf 87' lang='lat' dir='ltr'><strong>tum,</strong></span> <span class='ocrx_word' id='word_1_356' title='bbox 1056 3440 1184 3504; x_wconf 91' lang='lat' dir='ltr'><strong>quo</strong></span> <span class='ocrx_word' id='word_1_357' title='bbox 1227 3422 1534 3503; x_wconf 81' lang='lat' dir='ltr'><strong>quaeritur</strong></span> <span class='ocrx_word' id='word_1_358' title='bbox 1570 3439 1583 3484; x_wconf 89' lang='lat'>:</span> <span class='ocrx_word' id='word_1_359' title='bbox 1620 3422 1714 3483; x_wconf 89' lang='lat' dir='ltr'><strong>An</strong></span> <span class='ocrx_word' id='word_1_360' title='bbox 1760 3421 1906 3484; x_wconf 91' lang='lat' dir='ltr'><strong>Saul</strong></span> <span class='ocrx_word' id='word_1_361' title='bbox 1952 3422 2236 3486; x_wconf 90' lang='lat' dir='ltr'><strong>virtuose</strong></span> <span class='ocrx_word' id='word_1_362' title='bbox 2285 3444 2352 3486; x_wconf 89' lang='lat' dir='ltr'><strong>se</strong></span> 
     </span>
     <span class='ocr_line' id='line_1_58' title="bbox 865 3520 2351 3603; baseline 0.002 -22"><span class='ocrx_word' id='word_1_363' title='bbox 865 3520 1205 3598; x_wconf 83' lang='lat' dir='ltr'><strong>interfecit,</strong></span> <span class='ocrx_word' id='word_1_364' title='bbox 1239 3540 1319 3582; x_wconf 90' lang='lat' dir='ltr'><strong>an</strong></span> <span class='ocrx_word' id='word_1_365' title='bbox 1351 3520 1601 3596; x_wconf 83' lang='lat' dir='ltr'><strong>vitiose,</strong></span> <span class='ocrx_word' id='word_1_366' title='bbox 1636 3528 1698 3582; x_wconf 91' lang='lat' dir='ltr'><strong>et</strong></span> <span class='ocrx_word' id='word_1_367' title='bbox 1727 3520 1881 3601; x_wconf 88' lang='lat' dir='ltr'><strong>quid</strong></span> <span class='ocrx_word' id='word_1_368' title='bbox 1920 3521 1999 3582; x_wconf 90' lang='lat' dir='ltr'><strong>de</strong></span> <span class='ocrx_word' id='word_1_369' title='bbox 2040 3522 2180 3603; x_wconf 85' lang='lat' dir='ltr'><strong>ejus</strong></span> <span class='ocrx_word' id='word_1_370' title='bbox 2231 3523 2351 3585; x_wconf 88' lang='lat' dir='ltr'><strong>sal-</strong></span> 
     </span>
     <span class='ocr_line' id='line_1_59' title="bbox 862 3618 2342 3700; baseline -0.002 -16"><span class='ocrx_word' id='word_1_371' title='bbox 862 3620 1115 3684; x_wconf 88' lang='lat' dir='ltr'><strong>vatione</strong></span> <span class='ocrx_word' id='word_1_372' title='bbox 1144 3619 1434 3683; x_wconf 86' lang='lat' dir='ltr'><strong>videatur</strong></span> <span class='ocrx_word' id='word_1_373' title='bbox 1464 3618 1807 3681; x_wconf 87' lang='lat' dir='ltr'><strong>tenendum</strong></span> <span class='ocrx_word' id='word_1_374' title='bbox 1835 3635 1849 3679; x_wconf 88' lang='lat'>:</span> <span class='ocrx_word' id='word_1_375' title='bbox 1875 3619 1954 3680; x_wconf 93' lang='lat' dir='ltr'><strong>dc</strong></span> <span class='ocrx_word' id='word_1_376' title='bbox 1975 3638 2105 3700; x_wconf 89' lang='lat' dir='ltr'><strong>qua</strong></span> <span class='ocrx_word' id='word_1_377' title='bbox 2133 3627 2342 3682; x_wconf 89' lang='lat' dir='ltr'><strong>tamen</strong></span> 
     </span>
     <span class='ocr_line' id='line_1_60' title="bbox 860 3716 2346 3798; baseline 0.001 -18"><span class='ocrx_word' id='word_1_378' title='bbox 860 3718 1125 3781; x_wconf 91' lang='lat' dir='ltr'><strong>materia</strong></span> <span class='ocrx_word' id='word_1_379' title='bbox 1167 3737 1336 3780; x_wconf 91' lang='lat' dir='ltr'><strong>nunc</strong></span> <span class='ocrx_word' id='word_1_380' title='bbox 1381 3716 1635 3798; x_wconf 89' lang='lat' dir='ltr'><strong>plenius</strong></span> <span class='ocrx_word' id='word_1_381' title='bbox 1675 3725 1771 3779; x_wconf 91' lang='lat' dir='ltr'><strong>est</strong></span> <span class='ocrx_word' id='word_1_382' title='bbox 1809 3718 2346 3796; x_wconf 87' lang='lat' dir='ltr'><strong>agendum..Qu0—</strong></span> 
     </span>
     <span class='ocr_line' id='line_1_61' title="bbox 860 3813 2345 3896; baseline 0 -17"><span class='ocrx_word' id='word_1_383' title='bbox 860 3817 1029 3880; x_wconf 90' lang='lat' dir='ltr'><strong>circa</strong></span> <span class='ocrx_word' id='word_1_384' title='bbox 1057 3816 1349 3879; x_wconf 90' lang='lat' dir='ltr'><strong>Nicolaus</strong></span> <span class='ocrx_word' id='word_1_385' title='bbox 1389 3816 1467 3877; x_wconf 92' lang='lat' dir='ltr'><strong>de</strong></span> <span class='ocrx_word' id='word_1_386' title='bbox 1506 3815 1664 3896; x_wconf 81' lang='lat' dir='ltr'><strong>Lyra</strong></span> <span class='ocrx_word' id='word_1_387' title='bbox 1704 3813 1898 3877; x_wconf 82' lang='lat' dir='ltr'><strong>refert</strong></span> <span class='ocrx_word' id='word_1_388' title='bbox 1939 3816 2345 3879; x_wconf 84' lang='lat' dir='ltr'><strong>Hebraeorum</strong></span> 
     </span>
     <span class='ocr_line' id='line_1_62' title="bbox 862 3912 2352 3998; baseline -0.001 -19"><span class='ocrx_word' id='word_1_389' title='bbox 862 3916 1241 3998; x_wconf 84' lang='lat' dir='ltr'><strong>positionem</strong></span> <span class='ocrx_word' id='word_1_390' title='bbox 1292 3912 1663 3989; x_wconf 88' lang='lat' dir='ltr'><strong>dicentium,</strong></span> <span class='ocrx_word' id='word_1_391' title='bbox 1716 3915 1886 3994; x_wconf 91' lang='lat' dir='ltr'><strong>quod</strong></span> <span class='ocrx_word' id='word_1_392' title='bbox 1936 3914 2081 3976; x_wconf 88' lang='lat' dir='ltr'><strong>Saul</strong></span> <span class='ocrx_word' id='word_1_393' title='bbox 2134 3916 2352 3978; x_wconf 89' lang='lat' dir='ltr'><strong>audita</strong></span> 
     </span>
     <span class='ocr_line' id='line_1_63' title="bbox 861 4011 2350 4096; baseline 0.001 -21"><span class='ocrx_word' id='word_1_394' title='bbox 861 4013 1177 4076; x_wconf 87' lang='lat' dir='ltr'><strong>sententia</strong></span> <span class='ocrx_word' id='word_1_395' title='bbox 1232 4012 1339 4075; x_wconf 93' lang='lat' dir='ltr'><strong>Dei</strong></span> <span class='ocrx_word' id='word_1_396' title='bbox 1399 4031 1513 4093; x_wconf 88' lang='lat' dir='ltr'><strong>per</strong></span> <span class='ocrx_word' id='word_1_397' title='bbox 1563 4011 1941 4087; x_wconf 87' lang='lat' dir='ltr'><strong>Samuelem,</strong></span> <span class='ocrx_word' id='word_1_398' title='bbox 1995 4014 2350 4096; x_wconf 87' lang='lat' dir='ltr'><strong>acceptavit</strong></span> 
     </span>
     <span class='ocr_line' id='line_1_64' title="bbox 862 4110 2347 4192; baseline 0.001 -19"><span class='ocrx_word' id='word_1_399' title='bbox 862 4111 1169 4187; x_wconf 89' lang='lat' dir='ltr'><strong>eamdem,</strong></span> <span class='ocrx_word' id='word_1_400' title='bbox 1206 4120 1400 4192; x_wconf 90' lang='lat' dir='ltr'><strong>atque</strong></span> <span class='ocrx_word' id='word_1_401' title='bbox 1443 4110 1765 4191; x_wconf 89' lang='lat' dir='ltr'><strong>poenituit,</strong></span> <span class='ocrx_word' id='word_1_402' title='bbox 1800 4117 1865 4172; x_wconf 89' lang='lat' dir='ltr'><strong>et</strong></span> <span class='ocrx_word' id='word_1_403' title='bbox 1904 4110 2232 4175; x_wconf 79' lang='lat' dir='ltr'><strong>festinavit</strong></span> <span class='ocrx_word' id='word_1_404' title='bbox 2270 4113 2347 4174; x_wconf 91' lang='lat' dir='ltr'><strong>ad</strong></span> 
     </span>
    </p>
   </div>
   <div class='ocr_carea' id='block_1_19' title="bbox 2456 3126 3948 3603">
    <p class='ocr_par' dir='ltr' id='par_1_19' title="bbox 2456 3126 3948 3603">
     <span class='ocr_line' id='line_1_65' title="bbox 2460 3126 3948 3211; baseline 0.001 -22"><span class='ocrx_word' id='word_1_405' title='bbox 2460 3127 2771 3209; x_wconf 80' lang='lat' dir='ltr'><strong>praelium,</strong></span> <span class='ocrx_word' id='word_1_406' title='bbox 2820 3128 3083 3190; x_wconf 91' lang='lat' dir='ltr'><strong>credens</strong></span> <span class='ocrx_word' id='word_1_407' title='bbox 3131 3126 3510 3191; x_wconf 88' lang='lat' dir='ltr'><strong>sententiam</strong></span> <span class='ocrx_word' id='word_1_408' title='bbox 3561 3127 3688 3191; x_wconf 89' lang='lat' dir='ltr'><strong>sibi</strong></span> <span class='ocrx_word' id='word_1_409' title='bbox 3735 3129 3948 3211; x_wconf 89' lang='lat' dir='ltr'><strong>prola-</strong></span> 
     </span>
     <span class='ocr_line' id='line_1_66' title="bbox 2459 3226 3948 3303; baseline 0.001 -15"><span class='ocrx_word' id='word_1_410' title='bbox 2459 3234 2607 3303; x_wconf 86' lang='lat' dir='ltr'><strong>tam,</strong></span> <span class='ocrx_word' id='word_1_411' title='bbox 2627 3245 2754 3289; x_wconf 92' lang='lat' dir='ltr'><strong>non</strong></span> <span class='ocrx_word' id='word_1_412' title='bbox 2785 3244 2922 3287; x_wconf 90' lang='lat' dir='ltr'><strong>esse</strong></span> <span class='ocrx_word' id='word_1_413' title='bbox 2951 3226 3256 3301; x_wconf 88' lang='lat' dir='ltr'><strong>divinam,</strong></span> <span class='ocrx_word' id='word_1_414' title='bbox 3276 3226 3384 3289; x_wconf 91' lang='lat' dir='ltr'><strong>sed</strong></span> <span class='ocrx_word' id='word_1_415' title='bbox 3407 3226 3786 3290; x_wconf 87' lang='lat' dir='ltr'><strong>diabolicam</strong></span> <span class='ocrx_word' id='word_1_416' title='bbox 3817 3248 3948 3289; x_wconf 88' lang='lat' dir='ltr'><strong>ma-</strong></span> 
     </span>
     <span class='ocr_line' id='line_1_67' title="bbox 2456 3323 3946 3405; baseline 0.003 -19"><span class='ocrx_word' id='word_1_417' title='bbox 2456 3324 2554 3405; x_wconf 87' lang='lat' dir='ltr'><strong>gis</strong></span> <span class='ocrx_word' id='word_1_418' title='bbox 2600 3323 2989 3387; x_wconf 88' lang='lat' dir='ltr'><strong>illusionem.</strong></span> <span class='ocrx_word' id='word_1_419' title='bbox 3045 3324 3164 3387; x_wconf 86' lang='lat' dir='ltr'><strong>Sed</strong></span> <span class='ocrx_word' id='word_1_420' title='bbox 3213 3324 3332 3387; x_wconf 91' lang='lat' dir='ltr'><strong>hoc</strong></span> <span class='ocrx_word' id='word_1_421' title='bbox 3380 3325 3630 3388; x_wconf 89' lang='lat' dir='ltr'><strong>videtur</strong></span> <span class='ocrx_word' id='word_1_422' title='bbox 3679 3327 3946 3389; x_wconf 80' lang='lat' dir='ltr'><strong>eviden—</strong></span> 
     </span>
     <span class='ocr_line' id='line_1_68' title="bbox 2459 3422 3941 3507; baseline 0.003 -23"><span class='ocrx_word' id='word_1_423' title='bbox 2459 3432 2555 3485; x_wconf 91' lang='lat' dir='ltr'><strong>ter</strong></span> <span class='ocrx_word' id='word_1_424' title='bbox 2583 3422 2971 3485; x_wconf 87' lang='lat' dir='ltr'><strong>eontrarium</strong></span> <span class='ocrx_word' id='word_1_425' title='bbox 3005 3422 3222 3498; x_wconf 83' lang='lat' dir='ltr'><strong>textui,</strong></span> <span class='ocrx_word' id='word_1_426' title='bbox 3257 3422 3324 3483; x_wconf 91' lang='lat' dir='ltr'><strong>in</strong></span> <span class='ocrx_word' id='word_1_427' title='bbox 3353 3441 3480 3504; x_wconf 89' lang='lat' dir='ltr'><strong>quo</strong></span> <span class='ocrx_word' id='word_1_428' title='bbox 3509 3423 3734 3500; x_wconf 88' lang='lat' dir='ltr'><strong>fertur,</strong></span> <span class='ocrx_word' id='word_1_429' title='bbox 3769 3426 3941 3507; x_wconf 87' lang='lat' dir='ltr'><strong>quod</strong></span> 
     </span>
     <span class='ocr_line' id='line_1_69' title="bbox 2459 3520 3938 3603; baseline 0.003 -21"><span class='ocrx_word' id='word_1_430' title='bbox 2459 3520 2669 3583; x_wconf 89' lang='lat' dir='ltr'><strong>verbis</strong></span> <span class='ocrx_word' id='word_1_431' title='bbox 2708 3520 3019 3583; x_wconf 83' lang='lat' dir='ltr'><strong>Samuelis</strong></span> <span class='ocrx_word' id='word_1_432' title='bbox 3059 3520 3312 3597; x_wconf 79' lang='lat' dir='ltr'><strong>auditiS,</strong></span> <span class='ocrx_word' id='word_1_433' title='bbox 3359 3520 3494 3603; x_wconf 92' lang='lat' dir='ltr'><strong>ipse</strong></span> <span class='ocrx_word' id='word_1_434' title='bbox 3537 3521 3682 3585; x_wconf 90' lang='lat' dir='ltr'><strong>Saul</strong></span> <span class='ocrx_word' id='word_1_435' title='bbox 3723 3524 3938 3586; x_wconf 89' lang='lat' dir='ltr'><strong>statim</strong></span> 
     </span>
    </p>
   </div>
   <div class='ocr_carea' id='block_1_20' title="bbox 2457 3618 4224 3700">
    <p class='ocr_par' dir='ltr' id='par_1_20' title="bbox 2457 3618 4224 3700">
     <span class='ocr_line' id='line_1_70' title="bbox 2457 3618 4224 3700; baseline -0.001 -18"><span class='ocrx_word' id='word_1_436' title='bbox 2457 3618 2686 3682; x_wconf 89' lang='lat' dir='ltr'><strong>cecidit</strong></span> <span class='ocrx_word' id='word_1_437' title='bbox 2742 3628 3068 3700; x_wconf 89' lang='lat' dir='ltr'><strong>porrectus</strong></span> <span class='ocrx_word' id='word_1_438' title='bbox 3117 3618 3185 3680; x_wconf 90' lang='lat' dir='ltr'><strong>in</strong></span> <span class='ocrx_word' id='word_1_439' title='bbox 3244 3626 3496 3682; x_wconf 85' lang='lat' dir='ltr'><strong>terram.</strong></span> <span class='ocrx_word' id='word_1_440' title='bbox 3549 3620 3940 3683; x_wconf 88' lang='lat' dir='ltr'><strong>Extimuerat</strong></span> <span class='ocrx_word' id='word_1_441' title='bbox 4019 3634 4224 3681; x_wconf 67' lang='lat' dir='ltr'><strong>mae-2.</strong></span> 
     </span>
    </p>
   </div>
   <div class='ocr_carea' id='block_1_21' title="bbox 2454 3716 3946 4195">
    <p class='ocr_par' dir='ltr' id='par_1_21' title="bbox 2454 3716 3946 4195">
     <span class='ocr_line' id='line_1_71' title="bbox 2457 3716 3943 3782; baseline 0.001 -2"><span class='ocrx_word' id='word_1_442' title='bbox 2457 3717 2627 3780; x_wconf 89' lang='lat' dir='ltr'><strong>enim</strong></span> <span class='ocrx_word' id='word_1_443' title='bbox 2659 3717 2851 3780; x_wconf 90' lang='lat' dir='ltr'><strong>verba</strong></span> <span class='ocrx_word' id='word_1_444' title='bbox 2882 3716 3190 3779; x_wconf 90' lang='lat' dir='ltr'><strong>Samuelis</strong></span> <span class='ocrx_word' id='word_1_445' title='bbox 3219 3724 3281 3779; x_wconf 92' lang='lat' dir='ltr'><strong>et</strong></span> <span class='ocrx_word' id='word_1_446' title='bbox 3313 3718 3602 3780; x_wconf 89' lang='lat' dir='ltr'><strong>turbatus</strong></span> <span class='ocrx_word' id='word_1_447' title='bbox 3635 3728 3770 3781; x_wconf 89' lang='lat' dir='ltr'><strong>erat</strong></span> <span class='ocrx_word' id='word_1_448' title='bbox 3806 3721 3943 3782; x_wconf 80' lang='lat' dir='ltr'><strong>val-</strong></span> 
     </span>
     <span class='ocr_line' id='line_1_72' title="bbox 2457 3814 3943 3899; baseline 0.001 -20"><span class='ocrx_word' id='word_1_449' title='bbox 2457 3817 2556 3879; x_wconf 92' lang='lat' dir='ltr'><strong>de.</strong></span> <span class='ocrx_word' id='word_1_450' title='bbox 2590 3852 2670 3861; x_wconf 93' lang='lat'><strong>—</strong></span> <span class='ocrx_word' id='word_1_451' title='bbox 2698 3815 2935 3878; x_wconf 89' lang='lat' dir='ltr'><strong>Deinde</strong></span> <span class='ocrx_word' id='word_1_452' title='bbox 2977 3814 3178 3878; x_wconf 89' lang='lat' dir='ltr'><strong>Rabbi</strong></span> <span class='ocrx_word' id='word_1_453' title='bbox 3225 3814 3454 3877; x_wconf 88' lang='lat' dir='ltr'><strong>Paulus</strong></span> <span class='ocrx_word' id='word_1_454' title='bbox 3496 3817 3790 3899; x_wconf 85' lang='lat' dir='ltr'><strong>reprobat</strong></span> <span class='ocrx_word' id='word_1_455' title='bbox 3841 3837 3943 3881; x_wconf 91' lang='lat' dir='ltr'><strong>so-</strong></span> 
     </span>
     <span class='ocr_line' id='line_1_73' title="bbox 2458 3913 3946 3997; baseline 0.003 -22"><span class='ocrx_word' id='word_1_456' title='bbox 2458 3914 2766 3977; x_wconf 91' lang='lat' dir='ltr'><strong>lutionem</strong></span> <span class='ocrx_word' id='word_1_457' title='bbox 2813 3913 3186 3989; x_wconf 91' lang='lat' dir='ltr'><strong>dicentium,</strong></span> <span class='ocrx_word' id='word_1_458' title='bbox 3239 3915 3406 3995; x_wconf 89' lang='lat' dir='ltr'><strong>quod</strong></span> <span class='ocrx_word' id='word_1_459' title='bbox 3459 3934 3528 3977; x_wconf 92' lang='lat' dir='ltr'><strong>se</strong></span> <span class='ocrx_word' id='word_1_460' title='bbox 3576 3916 3784 3997; x_wconf 89' lang='lat' dir='ltr'><strong>ipsum</strong></span> <span class='ocrx_word' id='word_1_461' title='bbox 3835 3934 3946 3980; x_wconf 90' lang='lat' dir='ltr'><strong>oc-</strong></span> 
     </span>
     <span class='ocr_line' id='line_1_74' title="bbox 2454 4012 3938 4091; baseline 0.001 -15"><span class='ocrx_word' id='word_1_462' title='bbox 2454 4014 2664 4077; x_wconf 90' lang='lat' dir='ltr'><strong>cidere</strong></span> <span class='ocrx_word' id='word_1_463' title='bbox 2707 4013 2940 4075; x_wconf 90' lang='lat' dir='ltr'><strong>intuitu</strong></span> <span class='ocrx_word' id='word_1_464' title='bbox 2986 4012 3189 4076; x_wconf 90' lang='lat' dir='ltr'><strong>divini</strong></span> <span class='ocrx_word' id='word_1_465' title='bbox 3241 4012 3522 4091; x_wconf 82' lang='lat' dir='ltr'><strong>honoriS,</strong></span> <span class='ocrx_word' id='word_1_466' title='bbox 3565 4032 3645 4077; x_wconf 91' lang='lat' dir='ltr'><strong>ne</strong></span> <span class='ocrx_word' id='word_1_467' title='bbox 3690 4015 3938 4078; x_wconf 90' lang='lat' dir='ltr'><strong>scilieet</strong></span> 
     </span>
     <span class='ocr_line' id='line_1_75' title="bbox 2457 4110 3940 4195; baseline 0.003 -22"><span class='ocrx_word' id='word_1_468' title='bbox 2457 4111 2844 4194; x_wconf 90' lang='lat' dir='ltr'><strong>vituperium</strong></span> <span class='ocrx_word' id='word_1_469' title='bbox 2884 4119 3248 4174; x_wconf 82' lang='lat' dir='ltr'><strong>exerceatur</strong></span> <span class='ocrx_word' id='word_1_470' title='bbox 3279 4110 3342 4172; x_wconf 92' lang='lat' dir='ltr'><strong>in</strong></span> <span class='ocrx_word' id='word_1_471' title='bbox 3376 4112 3634 4194; x_wconf 89' lang='lat' dir='ltr'><strong>proprio</strong></span> <span class='ocrx_word' id='word_1_472' title='bbox 3672 4132 3940 4195; x_wconf 88' lang='lat' dir='ltr'><strong>corpore</strong></span> 
     </span>
    </p>
   </div>
   <div class='ocr_carea' id='block_1_22' title="bbox 862 4208 3938 4292">
    <p class='ocr_par' dir='ltr' id='par_1_22' title="bbox 862 4208 3938 4292">
     <span class='ocr_line' id='line_1_76' title="bbox 862 4208 3938 4292; baseline 0.001 -21"><span class='ocrx_word' id='word_1_473' title='bbox 862 4218 1152 4286; x_wconf 89' lang='lat' dir='ltr'><strong>mortem,</strong></span> <span class='ocrx_word' id='word_1_474' title='bbox 1189 4217 1445 4292; x_wconf 87' lang='lat' dir='ltr'><strong>paratus</strong></span> <span class='ocrx_word' id='word_1_475' title='bbox 1486 4208 1647 4271; x_wconf 89' lang='lat' dir='ltr'><strong>mori</strong></span> <span class='ocrx_word' id='word_1_476' title='bbox 1688 4226 1802 4290; x_wconf 91' lang='lat' dir='ltr'><strong>pro</strong></span> <span class='ocrx_word' id='word_1_477' title='bbox 1840 4209 2061 4292; x_wconf 88' lang='lat' dir='ltr'><strong>populi</strong></span> <span class='ocrx_word' id='word_1_478' title='bbox 2104 4212 2203 4271; x_wconf 92' lang='lat' dir='ltr'><strong>sui</strong></span> <span class='ocrx_word' id='word_1_479' title='bbox 2244 4212 2350 4273; x_wconf 88' lang='lat' dir='ltr'><strong>de·</strong></span> <span class='ocrx_word' id='word_1_480' title='bbox 2377 4216 2426 4277; x_wconf 91' lang='lat' dir='ltr'>D</span> <span class='ocrx_word' id='word_1_481' title='bbox 2459 4211 2814 4273; x_wconf 90' lang='lat' dir='ltr'><strong>redundans</strong></span> <span class='ocrx_word' id='word_1_482' title='bbox 2855 4210 2920 4271; x_wconf 92' lang='lat' dir='ltr'><strong>in</strong></span> <span class='ocrx_word' id='word_1_483' title='bbox 2960 4210 3069 4271; x_wconf 90' lang='lat' dir='ltr'><strong>Dei</strong></span> <span class='ocrx_word' id='word_1_484' title='bbox 3111 4209 3434 4290; x_wconf 83' lang='lat' dir='ltr'><strong>injuriam,</strong></span> <span class='ocrx_word' id='word_1_485' title='bbox 3470 4229 3598 4273; x_wconf 91' lang='lat' dir='ltr'><strong>non</strong></span> <span class='ocrx_word' id='word_1_486' title='bbox 3634 4210 3718 4273; x_wconf 91' lang='lat' dir='ltr'><strong>sit</strong></span> <span class='ocrx_word' id='word_1_487' title='bbox 3746 4211 3938 4275; x_wconf 90' lang='lat' dir='ltr'><strong>illici-</strong></span> 
     </span>
    </p>
   </div>
   <div class='ocr_carea' id='block_1_23' title="bbox 858 4307 2349 4684">
    <p class='ocr_par' dir='ltr' id='par_1_23' title="bbox 858 4307 2349 4684">
     <span class='ocr_line' id='line_1_77' title="bbox 867 4307 2347 4389; baseline -0.001 -17"><span class='ocrx_word' id='word_1_488' title='bbox 867 4309 1155 4372; x_wconf 86' lang='lat' dir='ltr'><strong>fensione</strong></span> <span class='ocrx_word' id='word_1_489' title='bbox 1204 4316 1267 4370; x_wconf 90' lang='lat' dir='ltr'><strong>et</strong></span> <span class='ocrx_word' id='word_1_490' title='bbox 1316 4307 1485 4369; x_wconf 92' lang='lat' dir='ltr'><strong>bono</strong></span> <span class='ocrx_word' id='word_1_491' title='bbox 1533 4307 1882 4368; x_wconf 89' lang='lat' dir='ltr'><strong>communi.</strong></span> <span class='ocrx_word' id='word_1_492' title='bbox 1930 4308 2006 4369; x_wconf 87' lang='lat' dir='ltr'><strong>Et</strong></span> <span class='ocrx_word' id='word_1_493' title='bbox 2053 4310 2347 4389; x_wconf 88' lang='lat' dir='ltr'><strong>quamvis</strong></span> 
     </span>
     <span class='ocr_line' id='line_1_78' title="bbox 863 4404 2349 4487; baseline 0 -16"><span class='ocrx_word' id='word_1_494' title='bbox 863 4416 1047 4471; x_wconf 86' lang='lat' dir='ltr'><strong>antea</strong></span> <span class='ocrx_word' id='word_1_495' title='bbox 1074 4416 1201 4469; x_wconf 89' lang='lat' dir='ltr'><strong>tam</strong></span> <span class='ocrx_word' id='word_1_496' title='bbox 1232 4405 1544 4469; x_wconf 89' lang='lat' dir='ltr'><strong>sollicitus</strong></span> <span class='ocrx_word' id='word_1_497' title='bbox 1576 4404 1773 4467; x_wconf 79' lang='lat' dir='ltr'><strong>fuerit</strong></span> <span class='ocrx_word' id='word_1_498' title='bbox 1806 4424 1921 4487; x_wconf 91' lang='lat' dir='ltr'><strong>pro</strong></span> <span class='ocrx_word' id='word_1_499' title='bbox 1954 4407 2238 4471; x_wconf 78' lang='lat' dir='ltr'><strong>Ionathae</strong></span> <span class='ocrx_word' id='word_1_500' title='bbox 2270 4408 2349 4471; x_wconf 80' lang='lat' dir='ltr'><strong>ri-</strong></span> 
     </span>
     <span class='ocr_line' id='line_1_79' title="bbox 862 4504 2344 4588; baseline 0.003 -21"><span class='ocrx_word' id='word_1_501' title='bbox 862 4506 928 4568; x_wconf 92' lang='lat' dir='ltr'><strong>lii</strong></span> <span class='ocrx_word' id='word_1_502' title='bbox 964 4505 1060 4567; x_wconf 89' lang='lat' dir='ltr'><strong>sui</strong></span> <span class='ocrx_word' id='word_1_503' title='bbox 1095 4504 1493 4588; x_wconf 83' lang='lat' dir='ltr'><strong>promotione</strong></span> <span class='ocrx_word' id='word_1_504' title='bbox 1525 4504 1603 4566; x_wconf 89' lang='lat' dir='ltr'><strong>ad</strong></span> <span class='ocrx_word' id='word_1_505' title='bbox 1635 4522 1922 4583; x_wconf 88' lang='lat' dir='ltr'><strong>regnum,</strong></span> <span class='ocrx_word' id='word_1_506' title='bbox 1950 4514 2100 4568; x_wconf 89' lang='lat' dir='ltr'><strong>tunc</strong></span> <span class='ocrx_word' id='word_1_507' title='bbox 2134 4516 2344 4571; x_wconf 83' lang='lat' dir='ltr'><strong>tamen</strong></span> 
     </span>
     <span class='ocr_line' id='line_1_80' title="bbox 858 4602 2343 4684; baseline 0 -16"><span class='ocrx_word' id='word_1_508' title='bbox 858 4612 1193 4668; x_wconf 90' lang='lat' dir='ltr'><strong>contentus</strong></span> <span class='ocrx_word' id='word_1_509' title='bbox 1242 4602 1365 4664; x_wconf 86' lang='lat' dir='ltr'><strong>fuit</strong></span> <span class='ocrx_word' id='word_1_510' title='bbox 1408 4604 1577 4684; x_wconf 91' lang='lat' dir='ltr'><strong>quod</strong></span> <span class='ocrx_word' id='word_1_511' title='bbox 1624 4612 1975 4665; x_wconf 89' lang='lat' dir='ltr'><strong>moreretur</strong></span> <span class='ocrx_word' id='word_1_512' title='bbox 2018 4624 2234 4668; x_wconf 90' lang='lat' dir='ltr'><strong>secum</strong></span> <span class='ocrx_word' id='word_1_513' title='bbox 2279 4606 2343 4668; x_wconf 92' lang='lat' dir='ltr'><strong>in</strong></span> 
     </span>
    </p>
   </div>
   <div class='ocr_carea' id='block_1_24' title="bbox 858 4702 2393 4805">
    <p class='ocr_par' dir='ltr' id='par_1_24' title="bbox 858 4702 2393 4805">
     <span class='ocr_line' id='line_1_81' title="bbox 858 4702 2393 4805; baseline 0 -39"><span class='ocrx_word' id='word_1_514' title='bbox 858 4704 1098 4787; x_wconf 85' lang='lat' dir='ltr'><strong>praelio.</strong></span> <span class='ocrx_word' id='word_1_515' title='bbox 1134 4703 1393 4784; x_wconf 88' lang='lat' dir='ltr'><strong>Propter</strong></span> <span class='ocrx_word' id='word_1_516' title='bbox 1436 4702 1607 4783; x_wconf 91' lang='lat' dir='ltr'><strong>quod</strong></span> <span class='ocrx_word' id='word_1_517' title='bbox 1653 4720 1769 4764; x_wconf 87' lang='lat' dir='ltr'><strong>nec</strong></span> <span class='ocrx_word' id='word_1_518' title='bbox 1819 4721 1963 4764; x_wconf 76' lang='lat' dir='ltr'><strong>euin</strong></span> <span class='ocrx_word' id='word_1_519' title='bbox 2016 4704 2346 4767; x_wconf 87' lang='lat' dir='ltr'><strong>admonuit</strong></span> <span class='ocrx_word' id='word_1_520' title='bbox 2383 4794 2393 4805; x_wconf 96' lang='lat'><strong>.</strong></span> 
     </span>
    </p>
   </div>
   <div class='ocr_carea' id='block_1_25' title="bbox 857 4804 2344 4977">
    <p class='ocr_par' dir='ltr' id='par_1_25' title="bbox 857 4804 2344 4977">
     <span class='ocr_line' id='line_1_82' title="bbox 857 4804 1241 4865; baseline -0.013 0"><span class='ocrx_word' id='word_1_521' title='bbox 857 4804 937 4865; x_wconf 87' lang='lat' dir='ltr'><strong>de</strong></span> <span class='ocrx_word' id='word_1_522' title='bbox 967 4820 1241 4865; x_wconf 88' lang='lat' dir='ltr'><strong>recessu.</strong></span> 
     </span>
     <span class='ocr_line' id='line_1_83' title="bbox 938 4894 2344 4977; baseline 0 -18"><span class='ocrx_word' id='word_1_523' title='bbox 938 4898 1093 4960; x_wconf 89' lang='lat' dir='ltr'><strong>Huic</strong></span> <span class='ocrx_word' id='word_1_524' title='bbox 1113 4895 1517 4959; x_wconf 88' lang='lat' dir='ltr'><strong>Hebraeorum</strong></span> <span class='ocrx_word' id='word_1_525' title='bbox 1548 4894 1851 4977; x_wconf 88' lang='lat' dir='ltr'><strong>positioni</strong></span> <span class='ocrx_word' id='word_1_526' title='bbox 1885 4895 2082 4957; x_wconf 89' lang='lat' dir='ltr'><strong>Rabbi</strong></span> <span class='ocrx_word' id='word_1_527' title='bbox 2115 4895 2344 4959; x_wconf 91' lang='lat' dir='ltr'><strong>Paulus</strong></span> 
     </span>
    </p>
   </div>
   <div class='ocr_carea' id='block_1_26' title="bbox 856 4992 2340 5371">
    <p class='ocr_par' dir='ltr' id='par_1_26' title="bbox 856 4992 2340 5371">
     <span class='ocr_line' id='line_1_84' title="bbox 858 4992 2338 5076; baseline 0.001 -19"><span class='ocrx_word' id='word_1_528' title='bbox 858 4993 1301 5076; x_wconf 88' lang='lat' dir='ltr'><strong>multipliciter</strong></span> <span class='ocrx_word' id='word_1_529' title='bbox 1320 4992 1699 5055; x_wconf 88' lang='lat' dir='ltr'><strong>contradicit</strong></span> <span class='ocrx_word' id='word_1_530' title='bbox 1728 5002 1790 5055; x_wconf 89' lang='lat' dir='ltr'><strong>ct</strong></span> <span class='ocrx_word' id='word_1_531' title='bbox 1819 4993 2045 5074; x_wconf 88' lang='lat' dir='ltr'><strong>objicit</strong></span> <span class='ocrx_word' id='word_1_532' title='bbox 2072 5012 2084 5054; x_wconf 92' lang='lat'>:</span> <span class='ocrx_word' id='word_1_533' title='bbox 2110 4994 2338 5073; x_wconf 90' lang='lat' dir='ltr'><strong>Prim0,</strong></span> 
     </span>
     <span class='ocr_line' id='line_1_85' title="bbox 856 5091 2338 5175; baseline -0.001 -20"><span class='ocrx_word' id='word_1_534' title='bbox 856 5093 1028 5175; x_wconf 90' lang='lat' dir='ltr'><strong>quod</strong></span> <span class='ocrx_word' id='word_1_535' title='bbox 1053 5091 1211 5155; x_wconf 87' lang='lat' dir='ltr'><strong>ratio</strong></span> <span class='ocrx_word' id='word_1_536' title='bbox 1232 5091 1634 5153; x_wconf 86' lang='lat' dir='ltr'><strong>Hebraeorum</strong></span> <span class='ocrx_word' id='word_1_537' title='bbox 1658 5091 1907 5153; x_wconf 87' lang='lat' dir='ltr'><strong>Saulem</strong></span> <span class='ocrx_word' id='word_1_538' title='bbox 1932 5092 2338 5169; x_wconf 89' lang='lat' dir='ltr'><strong>salvantium,</strong></span> 
     </span>
     <span class='ocr_line' id='line_1_86' title="bbox 858 5188 2340 5272; baseline 0 -18"><span class='ocrx_word' id='word_1_539' title='bbox 858 5192 1059 5271; x_wconf 90' lang='lat' dir='ltr'><strong>magis</strong></span> <span class='ocrx_word' id='word_1_540' title='bbox 1098 5190 1181 5252; x_wconf 89' lang='lat' dir='ltr'><strong>sit</strong></span> <span class='ocrx_word' id='word_1_541' title='bbox 1222 5190 1285 5251; x_wconf 94' lang='lat' dir='ltr'><strong>in</strong></span> <span class='ocrx_word' id='word_1_542' title='bbox 1327 5188 1738 5266; x_wconf 90' lang='lat' dir='ltr'><strong>contrarium,</strong></span> <span class='ocrx_word' id='word_1_543' title='bbox 1774 5190 1927 5272; x_wconf 90' lang='lat' dir='ltr'><strong>quia</strong></span> <span class='ocrx_word' id='word_1_544' title='bbox 1965 5210 2091 5253; x_wconf 92' lang='lat' dir='ltr'><strong>non</strong></span> <span class='ocrx_word' id='word_1_545' title='bbox 2134 5191 2340 5254; x_wconf 91' lang='lat' dir='ltr'><strong>solum</strong></span> 
     </span>
     <span class='ocr_line' id='line_1_87' title="bbox 856 5288 2340 5371; baseline 0.001 -21"><span class='ocrx_word' id='word_1_546' title='bbox 856 5288 1228 5371; x_wconf 88' lang='lat' dir='ltr'><strong>prohibetur</strong></span> <span class='ocrx_word' id='word_1_547' title='bbox 1250 5288 1315 5350; x_wconf 92' lang='lat' dir='ltr'><strong>in</strong></span> <span class='ocrx_word' id='word_1_548' title='bbox 1346 5288 1483 5367; x_wconf 87' lang='lat' dir='ltr'><strong>lege</strong></span> <span class='ocrx_word' id='word_1_549' title='bbox 1512 5288 1823 5369; x_wconf 75' lang='lat' dir='ltr'><strong>pythones</strong></span> <span class='ocrx_word' id='word_1_550' title='bbox 1853 5289 2210 5365; x_wconf 90' lang='lat' dir='ltr'><strong>consulere,</strong></span> <span class='ocrx_word' id='word_1_551' title='bbox 2232 5290 2340 5352; x_wconf 83' lang='lat' dir='ltr'><strong>sed</strong></span> 
     </span>
    </p>
   </div>
   <div class='ocr_carea' id='block_1_27' title="bbox 2453 4306 3938 5076">
    <p class='ocr_par' dir='ltr' id='par_1_27' title="bbox 2453 4306 3938 5076">
     <span class='ocr_line' id='line_1_88' title="bbox 2459 4306 3935 4391; baseline 0.001 -22"><span class='ocrx_word' id='word_1_552' title='bbox 2459 4316 2613 4369; x_wconf 90' lang='lat' dir='ltr'><strong>tum.</strong></span> <span class='ocrx_word' id='word_1_553' title='bbox 2649 4308 2799 4369; x_wconf 86' lang='lat' dir='ltr'><strong>Nam</strong></span> <span class='ocrx_word' id='word_1_554' title='bbox 2851 4306 3130 4369; x_wconf 90' lang='lat' dir='ltr'><strong>ludibria</strong></span> <span class='ocrx_word' id='word_1_555' title='bbox 3173 4314 3238 4369; x_wconf 86' lang='lat' dir='ltr'><strong>et</strong></span> <span class='ocrx_word' id='word_1_556' title='bbox 3283 4307 3626 4389; x_wconf 87' lang='lat' dir='ltr'><strong>opprobria</strong></span> <span class='ocrx_word' id='word_1_557' title='bbox 3674 4318 3935 4391; x_wconf 83' lang='lat' dir='ltr'><strong>propter</strong></span> 
     </span>
     <span class='ocr_line' id='line_1_89' title="bbox 2454 4405 3938 4487; baseline 0.001 -20"><span class='ocrx_word' id='word_1_558' title='bbox 2454 4406 2648 4468; x_wconf 90' lang='lat' dir='ltr'><strong>Deum</strong></span> <span class='ocrx_word' id='word_1_559' title='bbox 2682 4406 3017 4477; x_wconf 85' lang='lat' dir='ltr'><strong>sustinere,</strong></span> <span class='ocrx_word' id='word_1_560' title='bbox 3053 4414 3150 4467; x_wconf 91' lang='lat' dir='ltr'><strong>est</strong></span> <span class='ocrx_word' id='word_1_561' title='bbox 3187 4412 3363 4468; x_wconf 88' lang='lat' dir='ltr'><strong>tanto</strong></span> <span class='ocrx_word' id='word_1_562' title='bbox 3404 4405 3550 4487; x_wconf 91' lang='lat' dir='ltr'><strong>plus</strong></span> <span class='ocrx_word' id='word_1_563' title='bbox 3579 4407 3658 4469; x_wconf 89' lang='lat' dir='ltr'><strong>ad</strong></span> <span class='ocrx_word' id='word_1_564' title='bbox 3688 4406 3793 4469; x_wconf 87' lang='lat' dir='ltr'><strong>Dei</strong></span> <span class='ocrx_word' id='word_1_565' title='bbox 3827 4407 3938 4469; x_wconf 89' lang='lat' dir='ltr'><strong>ho-</strong></span> 
     </span>
     <span class='ocr_line' id='line_1_90' title="bbox 2457 4502 3936 4584; baseline 0.003 -19"><span class='ocrx_word' id='word_1_566' title='bbox 2457 4512 2952 4584; x_wconf 89' lang='lat' dir='ltr'><strong>norem,quanto</strong></span> <span class='ocrx_word' id='word_1_567' title='bbox 2976 4502 3085 4564; x_wconf 86' lang='lat' dir='ltr'><strong>illa</strong></span> <span class='ocrx_word' id='word_1_568' title='bbox 3115 4512 3262 4565; x_wconf 91' lang='lat' dir='ltr'><strong>sunt</strong></span> <span class='ocrx_word' id='word_1_569' title='bbox 3291 4504 3492 4583; x_wconf 88' lang='lat' dir='ltr'><strong>magis</strong></span> <span class='ocrx_word' id='word_1_570' title='bbox 3516 4504 3936 4584; x_wconf 87' lang='lat' dir='ltr'><strong>ignominiosa</strong></span> 
     </span>
     <span class='ocr_line' id='line_1_91' title="bbox 2455 4600 3928 4683; baseline 0.003 -20"><span class='ocrx_word' id='word_1_571' title='bbox 2455 4610 2644 4683; x_wconf 86' lang='lat' dir='ltr'><strong>atque</strong></span> <span class='ocrx_word' id='word_1_572' title='bbox 2675 4601 2924 4678; x_wconf 87' lang='lat' dir='ltr'><strong>acerba,</strong></span> <span class='ocrx_word' id='word_1_573' title='bbox 2958 4609 3027 4663; x_wconf 87' lang='lat' dir='ltr'><strong>ut</strong></span> <span class='ocrx_word' id='word_1_574' title='bbox 3057 4600 3124 4662; x_wconf 90' lang='lat' dir='ltr'><strong>in</strong></span> <span class='ocrx_word' id='word_1_575' title='bbox 3156 4602 3540 4683; x_wconf 82' lang='lat' dir='ltr'><strong>martyribus</strong></span> <span class='ocrx_word' id='word_1_576' title='bbox 3571 4603 3928 4667; x_wconf 86' lang='lat' dir='ltr'><strong>innotescit.</strong></span> 
     </span>
     <span class='ocr_line' id='line_1_92' title="bbox 2453 4700 3936 4766; baseline 0.002 -4"><span class='ocrx_word' id='word_1_577' title='bbox 2453 4702 2528 4762; x_wconf 90' lang='lat' dir='ltr'><strong>Et</strong></span> <span class='ocrx_word' id='word_1_578' title='bbox 2572 4720 2789 4762; x_wconf 88' lang='lat' dir='ltr'><strong>rursus</strong></span> <span class='ocrx_word' id='word_1_579' title='bbox 2825 4718 2839 4762; x_wconf 76' lang='grc' dir='ltr'>ε</span> <span class='ocrx_word' id='word_1_580' title='bbox 2876 4700 2938 4762; x_wconf 92' lang='lat' dir='ltr'><strong>Si</strong></span> <span class='ocrx_word' id='word_1_581' title='bbox 2981 4700 3125 4763; x_wconf 89' lang='lat' dir='ltr'><strong>Saul</strong></span> <span class='ocrx_word' id='word_1_582' title='bbox 3157 4700 3278 4764; x_wconf 92' lang='lat' dir='ltr'><strong>hoc</strong></span> <span class='ocrx_word' id='word_1_583' title='bbox 3309 4703 3496 4765; x_wconf 90' lang='lat' dir='ltr'><strong>modo</strong></span> <span class='ocrx_word' id='word_1_584' title='bbox 3527 4711 3936 4766; x_wconf 84' lang='lat' dir='ltr'><strong>excusaretur</strong></span> 
     </span>
     <span class='ocr_line' id='line_1_93' title="bbox 2454 4798 3936 4882; baseline 0.001 -20"><span class='ocrx_word' id='word_1_585' title='bbox 2454 4820 2491 4862; x_wconf 91' lang='lat' dir='ltr'><strong>a</strong></span> <span class='ocrx_word' id='word_1_586' title='bbox 2517 4799 2725 4880; x_wconf 92' lang='lat' dir='ltr'><strong>culpa,</strong></span> <span class='ocrx_word' id='word_1_587' title='bbox 2747 4799 2810 4859; x_wconf 92' lang='lat' dir='ltr'><strong>in</strong></span> <span class='ocrx_word' id='word_1_588' title='bbox 2843 4798 2962 4861; x_wconf 93' lang='lat' dir='ltr'><strong>hoc</strong></span> <span class='ocrx_word' id='word_1_589' title='bbox 2992 4799 3163 4880; x_wconf 92' lang='lat' dir='ltr'><strong>quod</strong></span> <span class='ocrx_word' id='word_1_590' title='bbox 3197 4798 3465 4881; x_wconf 90' lang='lat' dir='ltr'><strong>peremit</strong></span> <span class='ocrx_word' id='word_1_591' title='bbox 3495 4818 3563 4862; x_wconf 88' lang='lat' dir='ltr'><strong>se</strong></span> <span class='ocrx_word' id='word_1_592' title='bbox 3591 4800 3820 4882; x_wconf 89' lang='lat' dir='ltr'><strong>ipsum,</strong></span> <span class='ocrx_word' id='word_1_593' title='bbox 3851 4802 3936 4863; x_wconf 91' lang='lat' dir='ltr'><strong>si-</strong></span> 
     </span>
     <span class='ocr_line' id='line_1_94' title="bbox 2453 4896 3936 4979; baseline 0.004 -23"><span class='ocrx_word' id='word_1_594' title='bbox 2453 4896 2588 4957; x_wconf 92' lang='lat' dir='ltr'><strong>mili</strong></span> <span class='ocrx_word' id='word_1_595' title='bbox 2620 4897 2806 4959; x_wconf 90' lang='lat' dir='ltr'><strong>modo</strong></span> <span class='ocrx_word' id='word_1_596' title='bbox 2824 4896 3202 4960; x_wconf 77' lang='lat' dir='ltr'><strong>Amalecites</strong></span> <span class='ocrx_word' id='word_1_597' title='bbox 3233 4897 3372 4960; x_wconf 91' lang='lat' dir='ltr'><strong>sine</strong></span> <span class='ocrx_word' id='word_1_598' title='bbox 3395 4908 3651 4979; x_wconf 85' lang='lat' dir='ltr'><strong>peccato</strong></span> <span class='ocrx_word' id='word_1_599' title='bbox 3675 4918 3817 4962; x_wconf 89' lang='lat' dir='ltr'><strong>eum</strong></span> <span class='ocrx_word' id='word_1_600' title='bbox 3843 4901 3936 4963; x_wconf 89' lang='lat' dir='ltr'><strong>in-</strong></span> 
     </span>
     <span class='ocr_line' id='line_1_95' title="bbox 2457 4993 3936 5076; baseline 0.004 -21"><span class='ocrx_word' id='word_1_601' title='bbox 2457 4993 2806 5057; x_wconf 83' lang='lat' dir='ltr'><strong>terfecisset</strong></span> <span class='ocrx_word' id='word_1_602' title='bbox 2829 5012 2843 5055; x_wconf 94' lang='lat'><strong>:</strong></span> <span class='ocrx_word' id='word_1_603' title='bbox 2869 4996 3052 5073; x_wconf 89' lang='lat' dir='ltr'><strong>cujus</strong></span> <span class='ocrx_word' id='word_1_604' title='bbox 3073 4995 3434 5076; x_wconf 90' lang='lat' dir='ltr'><strong>oppositum</strong></span> <span class='ocrx_word' id='word_1_605' title='bbox 3469 5005 3717 5060; x_wconf 88' lang='lat' dir='ltr'><strong>sanetus</strong></span> <span class='ocrx_word' id='word_1_606' title='bbox 3737 4998 3936 5061; x_wconf 81' lang='lat' dir='ltr'><strong>David</strong></span> 
     </span>
    </p>
   </div>
   <div class='ocr_carea' id='block_1_28' title="bbox 2453 5092 4246 5175">
    <p class='ocr_par' dir='ltr' id='par_1_28' title="bbox 2453 5092 4246 5175">
     <span class='ocr_line' id='line_1_96' title="bbox 2453 5092 4246 5175; baseline 0.004 -22"><span class='ocrx_word' id='word_1_607' title='bbox 2453 5092 2778 5168; x_wconf 84' lang='lat' dir='ltr'><strong>indicavit,</strong></span> <span class='ocrx_word' id='word_1_608' title='bbox 2799 5100 2869 5155; x_wconf 89' lang='lat' dir='ltr'><strong>ut</strong></span> <span class='ocrx_word' id='word_1_609' title='bbox 2888 5094 3182 5174; x_wconf 88' lang='lat' dir='ltr'><strong>sequenti</strong></span> <span class='ocrx_word' id='word_1_610' title='bbox 3203 5093 3471 5156; x_wconf 89' lang='lat' dir='ltr'><strong>habetur</strong></span> <span class='ocrx_word' id='word_1_611' title='bbox 3492 5094 3936 5161; x_wconf 65' lang='lat' dir='ltr'><strong>libra—Dicit</strong></span> <span class='ocrx_word' id='word_1_612' title='bbox 3975 5117 4246 5175; x_wconf 49' lang='lat' dir='ltr'><strong>uncam</strong></span> 
     </span>
    </p>
   </div>
   <div class='ocr_carea' id='block_1_29' title="bbox 2449 5191 3938 5371">
    <p class='ocr_par' dir='ltr' id='par_1_29' title="bbox 2449 5191 3938 5371">
     <span class='ocr_line' id='line_1_97' title="bbox 2450 5191 3936 5273; baseline 0.005 -21"><span class='ocrx_word' id='word_1_613' title='bbox 2450 5209 2706 5272; x_wconf 88' lang='lat' dir='ltr'><strong>quoque</strong></span> <span class='ocrx_word' id='word_1_614' title='bbox 2750 5191 2947 5253; x_wconf 86' lang='lat' dir='ltr'><strong>Rabbi</strong></span> <span class='ocrx_word' id='word_1_615' title='bbox 2991 5191 3242 5267; x_wconf 89' lang='lat' dir='ltr'><strong>Paulus,</strong></span> <span class='ocrx_word' id='word_1_616' title='bbox 3276 5193 3448 5273; x_wconf 88' lang='lat' dir='ltr'><strong>quod</strong></span> <span class='ocrx_word' id='word_1_617' title='bbox 3491 5194 3936 5260; x_wconf 87' lang='lat' dir='ltr'><strong>determinatio</strong></span> 
     </span>
     <span class='ocr_line' id='line_1_98' title="bbox 2449 5290 3938 5371; baseline 0.005 -20"><span class='ocrx_word' id='word_1_618' title='bbox 2449 5290 2776 5353; x_wconf 90' lang='lat' dir='ltr'><strong>doctorum</strong></span> <span class='ocrx_word' id='word_1_619' title='bbox 2809 5308 3002 5353; x_wconf 79' lang='lat' dir='ltr'><strong>sacrae</strong></span> <span class='ocrx_word' id='word_1_620' title='bbox 3021 5290 3381 5371; x_wconf 83' lang='lat' dir='ltr'><strong>Scripturae‚</strong></span> <span class='ocrx_word' id='word_1_621' title='bbox 3401 5292 3748 5355; x_wconf 89' lang='lat' dir='ltr'><strong>dicentium</strong></span> <span class='ocrx_word' id='word_1_622' title='bbox 3779 5292 3938 5359; x_wconf 80' lang='lat' dir='ltr'><strong>Sau-</strong></span> 
     </span>
    </p>
   </div>
  </div>
 </body>
</html>
