4359 6250
160 4532 321 4576 ‚Fatua

114 4610 231 4647 um,
258 4601 326 4640 57.

136 5226 185 5267 ll!
196 5228 303 5282 Rq.
315 5242 375 5281 tv,

1194 942 1199 948 ,
1416 797 2479 924 ENARRATIO

430 1109 643 1246 IN
744 1041 1491 1246 LIBRUM
1598 1105 2380 1245 PRIMUM
2485 1023 3452 1241 SAMUELIS

1350 1430 1681 1527 QUEM
1752 1428 1980 1512 NOS
2045 1429 2547 1512 DICIMUS

920 1683 1955 1862 PRIMUM
2091 1691 2974 1858 REGUM

384 2049 463 2098 IN
525 2047 663 2097 HOC
710 2047 977 2098 AGITUR
1023 2046 1117 2096 DE
1164 2045 1720 2097 GUBERNATloNE
1772 2044 2029 2095 POPULI
2083 2044 2340 2093 ISRAEL
2387 2043 2527 2093 PER
2573 2039 2896 2106 JUDICES,
2951 2042 3044 2090 DF:
3095 2040 3492 2090 ELECTIONE

890 2163 1097 2213 REGIS
1150 2161 1355 2228 SAUL,
1415 2161 1508 2212 DE
1562 2161 1943 2226 nmmum,
2000 2159 2248 2210 GEsTls
2305 2159 2391 2210 ET
2442 2155 2686 2208 MORTE
2737 2157 2998 2208 IPSIUS.

1371 2694 2021 2782 ARTICULUS
2101 2693 2542 2782 PRIMUS

624 2965 943 3013 Exposrrlo
990 2963 1345 3010 LITTERALIS
1389 2963 1663 3010 currum
1704 2963 1874 3009 mum
1917 2964 1930 3009 :
1978 2963 2115 3009 run·
2158 2962 2263 3008 vm
2305 2963 2460 3010 UNUS
2502 2963 2580 3009 DE
2621 2963 2990 3011 nAnATnAm
3034 2962 3276 3010 somni.

521 3235 961 3303 OCUTURUS
991 3244 1211 3300 auctor
1252 3234 1400 3297 libri
1446 3236 1641 3317 hujus
1680 3235 1761 3298 de
1794 3234 1901 3298 Sa·
1929 3235 1978 3297 A
2008 3242 2188 3315 parte
2231 3252 2344 3297 seu
2388 3234 2648 3316 regione
2692 3234 2886 3299 totius
2924 3236 3252 3299 israelitici
3296 3237 3496 3317 regni,

537 3335 775 3411 muele,
797 3342 861 3398 et
888 3353 1002 3398 cur
1032 3353 1105 3397 ac
1134 3333 1411 3415 qualiter
1441 3332 1747 3397 successit
1776 3332 1899 3413 ipsi

392 3435 540 3499 Heli
581 3435 650 3497 in
689 3432 978 3516 ¹iudicatu
1026 3452 1136 3497 seu
1185 3431 1525 3513 judiciaria
1566 3430 1895 3513 dignitate,

394 3532 647 3616 incepit
675 3552 714 3595 a
746 3540 923 3615 patre
955 3529 1289 3595 Samuelis,
1308 3534 1468 3593 Fuit
1498 3532 1605 3591 vir
1622 3551 1795 3592 unus
1822 3534 1901 3591 de

392 3632 851 3703 Ramathaim,
899 3629 965 3693 id
1014 3638 1113 3693 est
1160 3629 1320 3693 urbe
1364 3628 1459 3693 sic
1510 3636 1895 3710 nuncupata,

394 3750 547 3814 qnae
581 3729 709 3792 fuit
748 3728 899 3792 urbs
929 3731 1227 3807 sophim,
1259 3728 1323 3791 id
1366 3736 1463 3792 est
1506 3728 1897 3791 excelsorum

394 3851 515 3894 seu
559 3828 1093 3913 speculationum,
1128 3828 1280 3910 quia
1323 3827 1447 3891 fuit
1486 3828 1638 3890 urbs
1680 3825 1800 3889 sita
1832 3826 1898 3888 in

395 3928 544 3991 loco
590 3925 878 4003 sublimi,
912 3934 975 3988 et
1017 3924 1105 3989 ita
1148 3926 1227 3988 de
1270 3944 1343 3988 ea
1384 3923 1671 4007 undique
1712 3924 1901 4005 longe

394 4046 474 4091 ac
524 4026 651 4088 late
700 4032 950 4107 poterat
995 4024 1142 4107 quis
1192 4024 1433 4089 videre.
1476 4022 1591 4086 Vel
1642 4022 1897 4102 dieitur,

396 4124 559 4188 urbs
581 4121 977 4187 excelsorum
1000 4130 1063 4186 et
1086 4121 1621 4205 speculationum,
1638 4121 1789 4203 quia
1802 4122 1901 4201 (ut

398 4222 639 4302 fertur)
652 4220 775 4284 viri
802 4220 1071 4284 studiosi
1093 4228 1157 4284 et
1179 4219 1553 4303 speculativi
1575 4219 1901 4283 moraban-

400 4330 509 4384 tur
540 4320 609 4382 in
638 4339 735 4383 ea.
770 4319 987 4401 Itaque
1024 4318 1418 4383 Ramathaim
1458 4318 1578 4383 hoc
1622 4318 1762 4381 loco
1805 4327 1901 4381 est

2009 3341 2072 3395 et
2114 3332 2202 3395 ita
2241 3334 2590 3396 secundum
2633 3336 2942 3417 quosdam
2989 3354 3160 3398 nunc
3203 3335 3496 3399 sumitur.

2008 3433 2095 3492 Ec
2127 3452 2358 3493 nomen
2388 3434 2530 3509 ejus
2551 3436 2801 3495 Elcana
2833 3456 2856 3495 .·
2885 3433 3058 3517 quod
3091 3452 3325 3498 nomen
3356 3453 3502 3498 con-

2010 3530 2181 3612 gruit
2211 3529 2293 3593 ei.
2320 3531 2474 3594 Nam
2505 3532 2741 3595 Elcana
2770 3532 3224 3616 interpretatur
3255 3552 3502 3616 posses-

2010 3628 2107 3693 sio
2154 3629 2286 3692 Dei.
2322 3629 2398 3691 Et
2445 3630 2548 3693 vir
2597 3631 2715 3693 iste
2765 3630 2889 3694 fuit
2936 3632 3063 3695 Deo
3108 3632 3394 3696 intentus
3437 3642 3502 3697 et

2011 3726 2151 3808 ejus
2182 3726 2524 3809 possessio,
2543 3727 2696 3809 quia
2725 3747 2838 3809 per
2870 3728 3250 3792 electionem
3280 3735 3342 3792 et
3368 3747 3500 3810 gra-

2012 3825 2163 3887 tiam
2215 3826 2292 3887 ad
2337 3825 2533 3887 Deum
2581 3826 2908 3908 pertinuit,
2951 3826 3063 3908 qui
3112 3846 3224 3909 per
3274 3826 3494 3891 Isaiam

2009 3930 2440 4004 protestatur:
2485 3924 2748 3987 Omnem
2796 3924 2910 4007 qui
2961 3924 3216 3989 invocat
3263 3944 3493 3990 nomen
3543 3952 3788 4004 amna.

2008 4040 2246 4099 meum,
2283 4020 2348 4084 in
2390 4022 2658 4103 gloriam
2699 4041 2904 4086 meam
2945 4024 3153 4088 creavi
3185 4044 3355 4087 eum.
3389 4027 3498 4086 Fi-

2012 4122 2142 4181 lius
2182 4122 2483 4183 Jeroham
2525 4124 2662 4200 filii
2701 4124 2886 4194 Elin,
2915 4126 3051 4200 filii
3093 4126 3336 4195 Tkohu,
3363 4124 3499 4202 filii

2011 4224 2226 4299 Supk,
2261 4222 2668 4299 Ephrataeus.

2109 4317 2341 4382 Dicunt
2397 4319 2684 4403 quidam,
2737 4322 2908 4402 quod
2967 4329 3370 4404 nuncupatus
3417 4322 3502 4385 sit

399 4418 604 4482 dictio
635 4437 764 4481 una
794 4425 858 4480 et
889 4436 1121 4481 nomen
1153 4416 1456 4496 civitatiS‚
1490 4436 1629 4499 quae
1662 4416 1727 4479 in
1758 4416 1901 4479 Mat·
1936 4420 1983 4481 B
2011 4418 2404 4500 EphrataeuS,
2448 4419 2602 4501 quia
2641 4419 2708 4481 in
2748 4428 2966 4484 monte
2994 4420 3296 4502 Ephraim
3327 4420 3501 4485 habi-

402 4518 573 4581 thaeo
616 4524 881 4581 vocatur
918 4516 1302 4595 Arimathea,
1336 4524 1529 4598 atque
1565 4536 1602 4579 a
1627 4515 1901 4598 Josepho

402 4616 715 4679 Ramatha
742 4624 1028 4679 vocatur.
1064 4616 1259 4680 Rama
1289 4635 1566 4698 namque
1597 4615 1901 4697 interpre-

404 4723 577 4777 tatur
607 4713 955 4777 excelsum.
988 4716 1083 4775 De
1116 4726 1327 4777 monce
1355 4718 1701 4793 Ephraim.
1727 4714 1899 4779 Mons

402 4812 735 4895 Ephraim,
789 4812 1109 4875 interdum
1158 4813 1473 4896 accipitur
1521 4832 1635 4896 pro
1686 4822 1901 4878 monte

404 4930 655 4993 magno,
668 4930 783 4974 seu
802 4910 943 4975 loco
963 4920 1297 4976 montuoso
1320 4912 1385 4974 in
1409 4912 1577 4975 tribu
1598 4913 1900 4995 Ephraim

404 5009 543 5073 sito.
560 5010 925 5092 Aliquando
947 5028 1096 5074 vero
1120 5010 1431 5093 accipitur
1456 5029 1571 5093 pro
1604 5021 1770 5075 terra
1790 5031 1899 5075 seu

407 5107 743 5192 provincia
780 5107 1277 5190 circumjacente
1312 5128 1325 5172 :
1360 5111 1533 5173 unde
1567 5111 1753 5175 tertio
1790 5110 1902 5175 Re-

404 5224 555 5287 gum
588 5206 885 5283 habetur,
915 5206 1087 5287 quod
1118 5205 1367 5269 Benhur
1398 5207 1523 5270 fuit
1562 5207 1901 5291 prael'eetus

409 5304 767 5369 Salomonis
800 5303 865 5366 in
890 5313 1107 5368 monte
1127 5304 1450 5388 Ephraim,
1473 5306 1536 5369 id
1558 5314 1654 5369 est
1684 5306 1751 5370 in
1774 5327 1902 5371 una

2011 4515 2190 4581 tavit.
2235 4517 2360 4579 Alii
2412 4518 2722 4597 scribunt,
2757 4520 2929 4601 quod
2979 4519 3212 4583 dicitur
3259 4520 3501 4601 Ephra-

2012 4624 2191 4693 taeuS,
2215 4616 2370 4699 quia
2411 4635 2487 4681 ex
2529 4625 2708 4699 parte
2753 4617 2976 4681 matris
3021 4626 3206 4681 natus
3254 4618 3377 4679 ruit
3419 4619 3498 4682 de

2009 4713 2377 4778 Bethlehem
2419 4734 2495 4778 ex
2537 4716 2708 4778 tribu
2732 4717 2914 4793 Juda,
2948 4734 3092 4798 quae
3132 4716 3498 4780 Bethlehem

2011 4812 2138 4876 alio
2189 4812 2449 4875 nomine
2487 4814 2764 4896 Ephrata
2812 4814 3047 4877 dicitur
3101 4832 3114 4875 :
3167 4815 3338 4895 quod
3385 4814 3497 4877 alii
3542 4836 3788 4885 camum,

2012 4911 2378 4994 reprobant,
2412 4912 2718 4994 quoniam
2744 4912 2926 4992 juxta
2954 4929 3194 4975 morem
3218 4912 3500 4995 Scriptu-
3527 4903 3568 4942 ⁷·

2014 5029 2117 5086 rae,
2165 5010 2289 5071 filii
2341 5027 2468 5073 non
2510 5029 2548 5073 a
2593 5009 2926 5087 matribus,
2976 5009 3087 5073 sed
3124 5029 3161 5073 a
3209 5009 3499 5091 pat-ribus

2015 5108 2572 5190 cognominantur.
2601 5107 2904 5182 Quocirca
2941 5108 3280 5172 dicendum
3327 5108 3501 5172 vide-

2011 5217 2135 5284 tur,
2172 5208 2343 5289 quod
2385 5206 2576 5270 etiam
2618 5206 2683 5269 in
2726 5206 3070 5289 Scripturis
3106 5206 3231 5270 filii
3265 5226 3434 5289 saepe
3465 5228 3502 5269 a

2014 5306 2324 5369 matribus
2353 5304 2906 5386 cognominantur,
2943 5304 3295 5368 secundum
3325 5306 3498 5386 quod
