4359 6250
992 508 1340 557 mammo
1385 509 1448 553 IN
1490 510 1627 555 cst.
1674 508 1738 555 IX
1779 510 1938 555 unm
1976 511 2177 557 ‘rt-:mu
2218 512 2443 558 REGUE.
2488 532 2569 543 --
2608 513 2751 559 ΛΒΤ.
2796 514 2877 560 XV

3350 496 3471 561 659

370 676 696 758 superius.
724 677 844 741 Sed
876 678 1076 760 quaeri
1109 686 1339 761 potest,
1372 678 1645 760 qualiter
1663 678 1875 742 dican-
1902 680 1953 742 Α
1980 683 2067 746 De
2098 682 2436 747 sacrificiis
2467 703 2724 766 quoque
2753 683 3105 748 offerendis
3146 684 3213 747 in
3243 684 3467 749 sabba-

369 781 478 835 tur
507 774 616 838 hic
647 776 971 859 principes
1003 776 1339 860 quingenti
1379 778 1868 860 quinquaginta,

370 892 575 953 quum
637 877 920 939 secundo
969 877 1496 958 Paralipomenon
1556 878 1800 956 legatur
1854 893 1868 938 :

87 978 339 1031 ”Par-wu-
370 970 608 1035 Omnes
649 974 975 1056 principes
1017 975 1332 1038 exercitus
1387 976 1554 1055 regis
1595 974 1876 1038 Salomo-

80 1044 139 1084 ¹⁰’
374 1070 500 1148 niS,
539 1069 804 1135 fuerunt
827 1074 1088 1137 ducenti
1118 1073 1605 1156 quinquaginta.
1641 1073 1874 1136 Verum

375 1170 458 1231 ad
490 1169 611 1233 hoc
645 1170 712 1232 in
745 1172 1142 1254 expositione
1173 1172 1347 1235 illius
1379 1172 1529 1234 libri
1559 1180 1656 1234 est
1685 1172 1878 1234 intro-

373 1267 572 1331 ducta
601 1270 959 1352 responsio.

463 1369 644 1431 Filia
683 1380 901 1432 autem
931 1372 1328 1441 Pharaonis,
1359 1389 1519 1434 uxor
1564 1368 1750 1450 regis,
1785 1390 1881 1429 as-

375 1468 598 1527 cendit
627 1470 708 1527 de
735 1471 998 1531 civitate
1019 1472 1240 1530 David
1269 1473 1342 1530 in
1372 1472 1636 1530 domum
1665 1488 1876 1538 suam,

377 1586 582 1643 quam
609 1567 1048 1645 aedificaverat
1076 1570 1138 1628 ei
1167 1572 1498 1640 Salomon,
1531 1567 1644 1649 qui
1671 1565 1881 1630 solen-

379 1662 552 1727 niter
600 1664 927 1727 transtulit
970 1684 1109 1729 eam
1151 1667 1229 1729 de
1267 1666 1524 1729 civitate
1555 1666 1751 1730 David
1801 1667 1879 1728 ad

377 1762 644 1825 domum
675 1764 735 1826 ei
776 1773 1084 1846 paratam.
1118 1765 1242 1828 Cur
1281 1774 1494 1828 autem
1544 1765 1634 1828 sic
1677 1774 1881 1827 trans-

108 1869 222 1911 ιὸεα.
249 1872 320 1911 ιι.

377 1959 822 2043 ralipomenon
857 1961 1044 2025 libro.
1067 1966 1246 2024 Tunc
1283 1965 1638 2040 aedificavz‘l
1655 1966 1872 2024 Melle.

379 2061 697 2137 offerebat
738 2080 986 2141 quoque
1017 2065 1324 2123 Salomon
1367 2064 1572 2122 tribus
1607 2063 1872 2133 vic-ihm,

371 2157 494 2222 hoc
525 2166 624 2221 est
654 2158 722 2219 in
761 2159 966 2222 tribus
1009 2160 1348 2242 praecipuis
1379 2159 1876 2224 solennitatibus

375 2256 712 2337 legalibuS,
733 2278 851 2336 per
881 2280 1084 2320 annos
1105 2260 1400 2337 sinyulos
1427 2263 1796 2321 holocausta
1816 2267 1877 2319 et

363 2359 682 2435 pacificas
713 2360 1014 2419 victimas
1045 2378 1237 2436 super
1279 2362 1490 2419 allare
1519 2362 1690 2438 quod
1721 2359 1878 2419 (ecli-

372 2461 688 2535 ficaverat
711 2459 1012 2527 Domi-no,
1032 2457 1094 2519 id
1127 2465 1222 2519 est
1254 2476 1446 2540 super
1475 2457 1674 2520 altare
1704 2456 1877 2519 holo-

375 2554 584 2618 causti
616 2555 812 2617 situm
845 2556 911 2617 in
943 2556 1104 2619 atrio
1137 2557 1638 2632 sacerdotum,et
1668 2558 1879 2617 adole-

376 2656 510 2724 bat,
545 2654 668 2717 hoc
698 2663 796 2717 est
826 2654 1235 2733 incendebat,
1272 2658 1632 2733 thymiama
1662 2673 1879 2713 coram

377 2754 660 2814 Domino
682 2772 874 2836 super
902 2753 1100 2816 altare
1135 2752 1564 2835 thymiamatis
1598 2751 1876 2834 positum

380 2850 448 2912 in
500 2850 712 2932 prima
759 2851 981 2934 templi
1021 2860 1220 2933 parte.
1267 2850 1513 2915 Obtulit
1560 2858 1772 2913 autem
1817 2857 1880 2911 et

379 2948 670 3011 incendit
718 2968 834 3031 per
891 2968 1116 3013 manus
1167 2950 1588 3025 sacerdotum,
1643 2948 1876 3031 quibus

1983 780 2062 841 tis
2093 788 2156 844 et
2186 782 2491 860 calendis,
2525 783 2593 844 in
2640 782 2803 845 libro
2833 783 3248 846 Numerorum
3276 783 3468 846 habe-
3494 805 3763 861 Nummum,

1985 888 2106 941 tur.
2142 883 2634 962 Per-fectamque
2662 892 2750 942 est
2784 886 3109 959 templum.
3495 873 3607 914 ⁹⁴⁵·

2069 982 2341 1040 Classem
2371 1001 2639 1060 quoque,
2672 980 2735 1042 id
2782 989 2878 1043 est
2922 982 3160 1061 grande
3201 990 3264 1043 et
3306 980 3469 1044 forte

1986 1077 2336 1157 navigium,
2375 1080 2529 1155 fecit
2582 1082 2888 1141 Salomon
2937 1081 3010 1139 in
3052 1081 3469 1155 Asionqaber,

1985 1176 2106 1238 hoc
2137 1184 2233 1239 est
2263 1177 2340 1238 ad
2374 1177 2515 1254 hoc,
2550 1184 2622 1239 ut
2652 1177 2719 1238 in
2751 1196 2825 1239 ea
2857 1176 3025 1241 servi
3072 1176 3172 1239 sui
3218 1178 3477 1259 naviga-

1988 1282 2129 1336 rent
2161 1274 2227 1336 in
2259 1274 2469 1338 locum
2502 1275 2707 1353 illum,
2746 1275 2846 1337 vel
2880 1275 2947 1337 in
2979 1274 3120 1337 loco
3166 1274 3279 1338 illo
3312 1274 3479 1338 facta

1987 1382 2082 1436 est
2113 1373 2357 1450 classiS,
2382 1376 2498 1453 qui
2524 1384 2613 1435 est
2628 1376 2837 1451 juxta
2867 1376 3119 1445 Ailatlz,
3154 1373 3219 1436 id
3256 1382 3353 1435 est
3391 1374 3478 1437 lo-

1987 1490 2132 1534 cum
2164 1491 2277 1533 seu
2322 1471 2629 1553 oppidum
2672 1471 2763 1535 sic
2794 1479 3114 1547 vocatum,
3149 1474 3224 1531 in
3262 1473 3479 1533 lictore

1988 1572 2195 1631 maris
2212 1572 2425 1633 Rubri
2454 1573 2528 1630 in
2551 1580 2722 1631 terra
2741 1573 3075 1641 Idumoeoe,
3089 1569 3153 1631 id
3177 1578 3273 1632 est
3299 1570 3479 1650 juxta

1988 1689 2152 1732 eam.
2177 1669 2567 1750 Asiongaber
2596 1677 2806 1732 autem
2828 1678 2923 1732 est
2954 1668 3167 1731 insula
3186 1668 3477 1750 quaedam

1989 1768 2354 1850 AEgyptiaca
2397 1767 2592 1830 Rubri
2635 1768 2851 1830 maris,
2888 1770 3196 1848 Mis-itque
3236 1769 3477 1829 Hiram

381 1860 528 1922 tulit
557 1863 1100 1945 eam‚expositum
1124 1864 1316 1927 estin
1350 1864 1752 1946 praeallegato
1773 1864 1878 1927 Pa·
1917 1862 1961 1924 B
1989 1869 2061 1927 in
2103 1871 2300 1927 classe
2342 1868 2463 1927 illa
2502 1887 2711 1927 servos
2747 1888 2893 1927 suos
2936 1868 3106 1927 viros
3154 1868 3475 1936 nauticos,

1988 1966 2107 2030 hoc
2157 1973 2253 2028 est
2301 1965 2538 2047 peritos
2583 1965 2751 2028 circa
2800 1984 2993 2027 naves
3038 1966 3367 2045 regendaS,
3415 1974 3476 2026 et

1979 2086 2222 2143 ynaros
2252 2068 2479 2135 maria,
2512 2064 2574 2126 id
2606 2073 2701 2127 est
2730 2064 3002 2127 scientes
3032 2064 3383 2145 praevidere
3412 2071 3475 2126 et

1986 2164 2189 2227 vitare
2232 2163 2517 2246 pericula
2556 2162 2621 2224 in
2672 2163 2832 2224 mari
2876 2162 3295 2240 occurrentia,
3328 2184 3477 2223 eum

1983 2264 2184 2323 servis
2206 2264 2600 2332 Salomonis,
2617 2262 2730 2344 qui
2764 2280 2891 2323 non
2916 2268 3097 2324 erant
3124 2269 3255 2323 tam
3286 2260 3476 2343 periti

1988 2361 2054 2422 in
2086 2360 2211 2438 his,
2235 2367 2307 2422 ut
2326 2360 2496 2442 Tyrii
2530 2360 2624 2421 illi
2648 2360 3006 2422 habitantes
3038 2360 3106 2421 in
3138 2360 3327 2423 corde
3347 2378 3479 2420 ma-

1989 2459 2098 2520 riS.
2137 2460 2264 2528 Qui
2292 2478 2495 2539 qaum
2526 2460 2842 2519 venissent
2871 2460 2945 2519 in
2977 2460 3208 2537 Ophir,
3234 2458 3353 2521 hoc
3380 2464 3480 2519 est

1989 2558 2384 2640 provinciam
2428 2557 2621 2620 Indiae
2664 2557 2758 2620 sic
2800 2565 3111 2633 vocatam,
3146 2566 3479 2633 sumptum

1989 2660 2142 2717 inde
2171 2678 2415 2717 aurum
2456 2658 3083 2736 quadr-inaeniorum
3120 2658 3361 2732 viqinti
3393 2665 3482 2716 la·

1989 2760 2309 2817 lentorum
2362 2760 2739 2816 detulerunt
2796 2758 2883 2815 ad
2940 2774 3149 2832 reqem
3200 2754 3481 2814 Salomo-

1987 2862 2316 2936 nem,post
2347 2852 2715 2930 triennium,
2744 2860 2815 2913 ut
2843 2851 3014 2913 infra
3044 2850 3331 2914 habetur.
3352 2850 3481 2913 Cir·
3538 2876 3768 2933 mnam,

1987 2974 2062 3016 ca
2092 2953 2227 3015 haec
2257 2952 2458 3034 aliqui
2502 2959 2783 3028 narrant,
2821 2950 2988 3031 quod
3026 2950 3092 3011 in
3123 2949 3299 3012 India
3329 2957 3481 3011 sunt
3508 2942 3577 2983 ²²·

377 3047 516 3111 haec
538 3065 615 3109 ex
645 3045 872 3111 officio
902 3047 1370 3131 competebant.
1405 3048 1574 3109 lstud
1605 3065 1755 3111 vero
1787 3046 1878 3107 in·
1913 3048 1956 3110 C
1988 3061 2237 3115 montes
2266 3070 2493 3113 aurum
2519 3050 2949 3127 continentes,
2972 3048 3084 3132 qui
3116 3068 3153 3110 a
3183 3047 3479 3111 leonibus

377 3147 800 3229 telligendum
822 3155 918 3210 est
947 3148 1028 3211 de
1049 3146 1390 3211 sacrificiis
1412 3145 1876 3230 principalibus

377 3245 573 3327 regiS,
608 3255 838 3328 praeter
880 3265 1024 3328 quae
1066 3255 1130 3310 et
1169 3246 1294 3308 alia
1328 3245 1728 3328 frequentius
1771 3244 1880 3308 ob-

380 3344 554 3406 tulit.
586 3345 780 3408 Porro
812 3353 937 3408 tres
969 3345 1382 3407 solennitates
1414 3343 1716 3426 praefatae,
1743 3343 1880 3406 fue—

383 3451 534 3504 runt
582 3441 816 3506 festum
865 3443 1264 3525 Azymorum,
1309 3443 1428 3506 hoc
1477 3451 1573 3505 est
1619 3442 1875 3518 Pascha,

385 3542 738 3605 solennitas
788 3542 1362 3619 Hebdomadarum,
1419 3541 1480 3603 id
1524 3550 1619 3604 est
1668 3541 1882 3604 Pente-

122 3652 234 3696 lbid.
261 3657 326 3696 ¹³-
386 3649 618 3718 costeS‚
671 3651 735 3704 et
777 3641 1114 3704 celebritas
1160 3639 1760 3718 Tabernaculorum,
1814 3648 1882 3702 ut

388 3740 672 3804 secundo
699 3740 1224 3822 Paralipomenon
1255 3739 1656 3803 describitur.
1679 3740 1766 3802 De
1787 3758 1883 3801 sa-

387 3838 660 3902 crificiis
702 3857 960 3921 quoque
1007 3847 1160 3903 tunc
1210 3838 1563 3902 offerendis
1615 3839 1882 3902 habetur

96 3957 356 4010 mmmm
388 3939 456 4000 in
489 3939 658 4002 libro
685 3937 1128 4015 Numerorum,
1163 3947 1228 4002 ct
1267 3939 1418 4001 item
1466 3939 1531 4000 in
1565 3939 1776 4002 Exodo
1809 3958 1881 4002 ac

101 4022 236 4066 ΕΜ·
279 4037 356 4072 '‘¹'’
385 4037 900 4101 Deuteronomio.
935 4037 1219 4119 Insuper,
1270 4046 1497 4119 praeter
1542 4037 1675 4101 haec
1730 4057 1883 4120 prae-

157 4089 220 4116 s.

95 4086 357 4198 :ciffi-liin
384 4137 577 4220 cipua
627 4135 948 4200 sacrificia
993 4136 1191 4216 regis,
1246 4135 1492 4199 fiebant
1541 4156 1736 4218 super
1793 4137 1882 4200 al-

1987 3172 2060 3214 ac
2089 3151 2235 3213 aliis
2276 3149 2692 3213 atrocissimis
2740 3148 2894 3211 feris
2938 3147 3387 3211 custodiuntur
3417 3155 3481 3210 et

1989 3249 2357 3312 habitantur
2382 3265 2396 3310 :
2421 3248 2564 3311 ideo
2586 3255 2793 3310 nautae
2816 3254 3113 3310 verentur
3140 3246 3473 3321 accedere3

1987 3349 2098 3412 sed
2127 3347 2529 3430 explorantes
2552 3345 2831 3408 ferarum
2862 3342 3240 3420 absentiam,
3262 3344 3481 3408 absen-

1991 3446 2159 3508 tibus
2192 3443 2345 3508 feris
2376 3443 2707 3519 accedunt,
2726 3441 3000 3507 navibus
3022 3442 3339 3504 stantibus
3362 3460 3478 3525 pro

1989 3543 2239 3623 refugio
2266 3543 2435 3625 apud
2479 3542 2676 3617 littus,
2713 3541 2932 3622 sicque
2977 3549 3209 3604 terram
3247 3541 3479 3622 ungui-

1990 3643 2106 3705 bus
2128 3641 2407 3705 ferarum
2428 3639 2735 3704 effossam
2756 3639 3093 3722 arripiunt,
3111 3639 3260 3702 etin
3284 3658 3477 3703 naves

1988 3740 2357 3823 projiciunt,
2390 3759 2462 3802 ac
2503 3739 2825 3802 recedunt.
2862 3737 3103 3802 Deinde
3138 3747 3369 3801 terram
3407 3738 3478 3800 il-

1992 3839 2116 3902 lam
2146 3840 2388 3921 jactant
2419 3839 2486 3901 in
2527 3837 2761 3920 ignem,
2798 3845 2861 3900 et
2903 3839 3074 3919 quod
3107 3846 3477 3900 terrestrum

1989 3947 2179 4020 atque
2202 3939 2523 4021 impurum
2546 3946 2663 4014 est,
2681 3937 2827 4017 igne
2848 3936 3277 4012 consumitur3
3302 3937 3476 4018 quod

1989 4057 2141 4102 vero
2171 4046 2477 4114 remanet,
2503 4055 2727 4099 aurum
2760 4044 2857 4098 est
2887 4052 3147 4117 purum.

2080 4137 2423 4212 Postremo,
2467 4144 2539 4197 ut
2586 4134 2806 4197 recitat
2850 4133 3181 4215 Josephus,
3228 4131 3479 4195 Menan-

385 4246 520 4300 tare
553 4235 908 4298 holocausti
954 4234 1272 4298 sacrificia
1303 4236 1502 4297 multa
1539 4253 1552 4297 :
1585 4236 1876 4317 quaedam
1911 4234 1960 4295 D
1988 4237 2100 4298 der
2129 4233 2679 4316 historiographus
2710 4231 2953 4308 scribit,
2972 4231 3143 4312 quod
3178 4230 3475 4294 Salomon

383 4335 697 4418 quotidie,
732 4343 806 4397 ut
851 4333 1245 4398 sacrificium
1276 4335 1447 4415 juge,
1487 4335 1775 4416 quaedam
1809 4335 1877 4397 in

384 4432 696 4510 sabbam,
759 4435 1052 4515 quaedam
1103 4432 1168 4495 in
1225 4433 1540 4510 calendiS,
1606 4434 1725 4497 hoc
1783 4443 1880 4496 est

385 4533 707 4597 mensium
739 4531 1040 4609 exordiis,
1073 4541 1262 4614 prout
1300 4532 1365 4593 in
1397 4541 1879 4614 praememorato

383 4631 913 4713 Paralipomenon
944 4630 1110 4693 libro
1133 4630 1438 4712 scriptum
1469 4640 1585 4707 est,
1620 4651 1748 4713 quo
1779 4632 1882 4694 ha-

111 4741 358 4796 nnamm,
388 4729 576 4792 betur
620 4747 634 4790 ε
669 4729 845 4792 Tunc
888 4728 1122 4792 obtulit
1169 4727 1464 4792 Salomon
1514 4730 1881 4792 holocausta

101 4809 240 4857 ¹²³³·
391 4829 662 4892 Domino
683 4847 874 4911 super
898 4828 1094 4891 altare
1115 4829 1285 4909 quod
1308 4836 1702 4892 exstruxerat
1733 4838 1881 4893 ante

389 4927 732 5010 porticum,
771 4926 834 4989 id
885 4934 981 4989 est
1030 4926 1096 4988 in
1145 4926 1308 4990 atrio
1352 4928 1772 5004 sacerdotum,
1811 4935 1882 4989 ut

387 5045 500 5108 per
549 5025 836 5108 singulos
881 5027 1018 5088 dies
1057 5023 1402 5088 offerretur
1453 5025 1519 5086 in
1569 5043 1666 5102 e0,
1699 5027 1882 5106 juxta

384 5135 777 5208 praeceptum
806 5123 1032 5207 Moysis
1065 5123 1132 5185 in
1163 5123 1444 5187 sabbatis
1475 5131 1538 5187 et
1567 5123 1874 5186 calendis».

1988 4343 2051 4398 et
2079 4333 2293 4395 Hiram
2322 4339 2546 4394 mutuo
2578 4329 2700 4393 sihi
2740 4329 3135 4411 scripserunt
3176 4347 3249 4390 ae
3289 4328 3478 4391 mise—

1989 4441 2138 4494 runt
2167 4431 2561 4515 problemata
2592 4426 2727 4492 sive
2758 4427 3115 4508 aenigmata,
3136 4447 3209 4490 ac
3235 4426 3476 4506 figuras

1989 4550 2100 4593 seu
2132 4529 2506 4609 figurativas
2537 4536 2601 4592 et
2631 4527 2873 4610 typicas
2918 4525 3292 4601 locutioneS,
3331 4544 3473 4607 quae

1989 4629 2102 4710 qui
2150 4647 2279 4691 non
2330 4628 2625 4702 solveret,
2661 4626 2839 4688 daret
2876 4623 3057 4686 alteri
3100 4622 3477 4706 pensionem

1989 4727 2341 4809 praefixam.
2377 4726 2709 4806 Quumque
2747 4722 2960 4784 Hiram
3001 4722 3477 4802 angustiaretur

1990 4827 2057 4889 in
2098 4827 2321 4889 talium
2362 4825 2679 4889 solutione
2720 4820 3208 4898 difficultatum,
3247 4839 3478 4885 consu-

1987 4925 2109 4987 luit
2157 4924 2497 4987 Abdunum
2530 4922 2552 4946 *
2598 4920 2985 4984 Abdemonis
3036 4919 3246 4981 silium
3294 4919 3479 5001 juve-

1989 5043 2136 5086 nem
2164 5023 2445 5106 Tyrium‚
2480 5020 2591 5103 qui
2622 5019 2837 5084 omnia
2874 5017 2987 5081 illa
3023 5016 3299 5081 faciliter
3328 5037 3481 5083 eno-

1986 5123 2186 5186 davit.

3560 4940 3581 4962 ‘
3612 4939 3754 4986 Abde-
