4359 6250
602 1184 850 1231 Pmuxxm.

591 1249 632 1291 8.

632 2670 770 2715 Εσοὶἰ.
787 2684 866 2721 xxi.

603 2736 670 2777 2⁹.

876 492 996 555 642

1467 510 1813 556 ENARnArlo
1857 509 1916 567 ΙΝ
1959 508 2095 553 cAP.
2142 508 2231 552 vu
2268 504 2665 551 LIBRI-Tuum!
2708 502 2933 548 REGUH.
2978 522 3061 531 —
3100 502 3243 547 Aur.
3286 500 3373 547 111

875 680 1035 743 ditio
1085 681 1151 743 in
1195 682 1328 743 suis
1372 680 1660 763 epistolis
1697 698 1710 741 :
1749 697 1860 760 per
1901 696 2044 757 quae
2085 682 2361 757 quatuor
2397 673 2449 735 A
2477 676 2773 739 omnibus
2806 675 3133 756 gaudiose,
3177 682 3367 756 prout
3404 670 3827 735 necessarium
3856 676 3969 733 est

877 778 1168 869 feruntur
1218 778 1444 843 fideles
1495 779 1572 841 ad
1623 797 1812 841 omne
1861 777 2125 849 bonum,
2173 783 2239 837 et
2289 774 2367 835 de
2477 775 2761 839 converti
2810 774 3197 850 volentibuS,
3244 791 3445 853 quum
3496 770 3579 833 sit
3626 770 3819 851 janua
3858 786 3969 830 sa-

871 878 1376 960 peregrinatione
1395 877 1602 941 exsilii
1625 876 1704 939 ad
1731 876 1937 939 lucem
1959 874 2176 955 gloriae
2198 881 2371 935 aeter—

879 977 1064 1039 nalis.
1099 980 1184 1040 E'c
1211 998 1364 1039 ames
1398 979 1577 1046 oerei,
1608 976 1673 1037 id
1702 982 1799 1039 est
1828 972 2152 1056 profectus
2186 970 2372 1053 spiri-

881 1075 1082 1137 tuales
1113 1076 1192 1138 de
1223 1074 1458 1139 virtute-
1482 1093 1611 1136 una
1640 1074 1706 1135 in
1739 1071 1950 1148 aliam,
1971 1071 2152 1153 juxta
2186 1068 2367 1147 illud,

881 1172 1070 1236 Ibunt
1106 1174 1185 1237 de
1221 1173 1457 1239 virtute
1497 1172 1564 1234 in
1595 1172 1920 1236 virtutem.
1955 1172 2042 1231 Ει
2064 1188 2186 1246 per
2214 1190 2373 1249 qua-

884 1283 1030 1333 tuor
1047 1283 1288 1350 parces,
1302 1273 1492 1352 quasi
1513 1271 1845 1332 humeruli
1866 1271 2079 1329 subter
2100 1271 2373 1329 luterem

877 1372 1129 1448 fusiles.
1176 1369 1454 1444 Quatuor
1499 1368 1844 1445 humeruli,
1896 1376 2048 1430 sunt
2093 1374 2373 1447 quatuor

881 1468 1136 1532 ordines
1167 1467 1669 1533 mendicantium
1709 1466 2084 1547 regulariter
2114 1482 2375 1529 conver·

881 1568 1181 1644 santium,
1217 1567 1329 1650 qui
1375 1576 1666 1649 respectu
1715 1567 2033 1648 majorum
2081 1565 2373 1647 praelato-

883 1684 1022 1727 rum
1069 1665 1174 1748 pie
1219 1666 1609 1749 portantium
1654 1664 1720 1727 in
1765 1664 2048 1726 humeris
2095 1671 2375 1745 paternae

881 1763 1244 1827 dilectionis
1275 1783 1349 1827 ac
1379 1762 1712 1847 pastoralis
1743 1762 2197 1825 sollicitudinis
2223 1778 2373 1823 oves

2477 890 2731 935 cramen
2741 881 2943 935 torum
2956 920 2969 933 .

2560 972 2734 1031 Ir'oeit
2764 990 3011 1051 quoque
3039 972 3259 1029 lebetes
3288 977 3348 1028 et
3376 976 3626 1027 scutras
3652 975 3713 1025 et
3740 966 3965 1024 hamu-

2480 1074 2597 1131 las.
2632 1070 2744 1132 Per
2778 1088 2924 1133 vasa
2954 1066 3344 1149 hujusmodi,
3381 1064 3657 1145 figurata
3694 1070 3841 1125 sunt
3877 1060 3967 1123 fi-

2480 1167 2721 1231 delium
2768 1167 2980 1245 corda,
3030 1166 3225 1229 variis
3281 1164 3487 1228 modis
3534 1161 3840 1245 disposita
3880 1161 3963 1225 ad

2482 1266 2957 1349 suscipiendum
3000 1265 3347 1346 gratiarum
3392 1263 3795 1327 charismata.
3822 1262 3965 1323 Om-

2482 1368 2601 1427 nia
2621 1386 2773 1426 vasa
2792 1368 2871 1425 de
2891 1366 3261 1426 aurichalco
3280 1373 3501 1425 erant:
3514 1360 3816 1444 quoniam
3836 1377 3965 1422 cor-

2480 1463 2564 1525 da
2589 1463 2870 1526 humana
2900 1462 3153 1543 fragilia
3180 1469 3350 1538 sunt,
3382 1469 3445 1524 et
3483 1459 3779 1523 homines
3806 1475 3959 1539 quos

2486 1561 2645 1625 Deus
2686 1559 2838 1624 facit
2875 1578 3014 1624 esse
3044 1580 3195 1623 vasa
3222 1558 3679 1623 misericordiae
3706 1574 3857 1632 suae,
3890 1574 3961 1617 ex

2486 1658 2698 1741 fragili
2728 1668 3022 1723 constant
3052 1659 3335 1735 materia,
3362 1678 3503 1740 quae
3536 1655 3695 1720 foris
3724 1655 3966 1721 videtur

2485 1758 2750 1839 fulgere,
2785 1760 2895 1823 sed
2935 1758 3107 1821 intus
3147 1766 3243 1823 est
3274 1758 3552 1821 sordida.
3587 1756 3667 1817 Et
3697 1758 3770 1815 in
3808 1776 3969 1815 cam-

883 1863 1114 1926 Christi
1149 1862 1273 1925 sibi
1303 1862 1696 1938 commissaS,
1741 1869 1890 1925 sunt
1928 1860 2114 1942 quasi
2158 1860 2376 1921 hume-
2412 1853 2459 1918 B
2479 1862 2683 1936 pescri
2709 1861 2965 1936 reqione
2992 1860 3176 1935 fudit
3204 1879 3280 1920 ea
3310 1879 3333 1917 .·
3363 1857 3518 1939 quia
3560 1856 3627 1917 in
3671 1854 3815 1918 loco
3855 1854 3971 1915 isto

887 1960 1032 2037 ruli,
1055 1968 1273 2043 utpote
1302 1960 1700 2042 coadjutores
1721 1967 1783 2022 et
1803 1967 2245 2042 cooperatores
2276 1976 2377 2039 pa-

887 2068 1150 2136 storum,
1177 2058 1784 2141 praesidentiumque
1813 2059 2149 2140 majorum.
2170 2060 2248 2118 Os
2281 2060 2377 2117 lu-

889 2159 1039 2217 teris
1077 2159 1466 2217 intrinsecus
1503 2166 1664 2217 erac.
1699 2155 1779 2219 Os
1819 2156 1992 2218 enim
2031 2152 2379 2236 quuslibet

888 2254 1194 2337 sapientis
1219 2274 1292 2317 ac
1318 2254 1620 2331 timorati,
1641 2255 1719 2317 ad
1742 2254 2005 2317 rationis
2037 2252 2377 2334 imperium

888 2361 951 2415 et
980 2352 1260 2415 caritatis
1290 2352 1666 2414 instinctum
1697 2362 1794 2415 est
1826 2352 2277 2427 introversum‚
2311 2356 2381 2411 ut

890 2469 1019 2514 non
1049 2451 1233 2514 aliter
1271 2469 1386 2513 nec
1428 2450 1602 2513 aliud
1641 2451 1947 2532 proferat,
1981 2470 2172 2534 quam
2220 2449 2381 2511 ratio

891 2550 1108 2626 dictat,
1152 2549 1510 2630 caritasque
1559 2549 1841 2629 instigat.
1891 2548 2034 2611 Ideo
2089 2548 2178 2609 ait
2225 2547 2383 2609 Scri-

897 2657 1122 2730 ptura:
1147 2648 1226 2711 Os
1255 2648 1639 2729 sapientium
1673 2648 1738 2709 in
1770 2649 1960 2711 corde
1992 2647 2297 2729 ipsorum,
2324 2652 2387 2707 et

898 2764 1008 2809 cor
1051 2745 1391 2808 stultorum
1436 2745 1504 2807 in
1550 2764 1658 2807 ore
1701 2745 2005 2827 ipsorum.
2040 2748 2121 2805 In
2153 2744 2385 2820 capitis

896 2846 1288 2915 summitate,
1322 2842 1387 2905 id
1417 2851 1512 2906 est
1542 2843 1722 2925 apice
1754 2844 2112 2906 intellectus
2150 2841 2260 2923 qui
2292 2839 2389 2902 di-

900 2941 1050 3021 rigit
1066 2960 1136 3005 os
1162 2942 1241 3004 ad
1273 2942 1661 3023 loquendum
1689 2942 1990 3017 salubria,
2016 2942 2196 3023 juxta
2226 2939 2384 3001 illud

2486 1957 2881 2038 plorationis,
2916 1956 3423 2038 calamitatisque
3466 1954 3633 2019 valle
3678 1952 3969 2037 producit

2485 2074 2557 2116 ac
2586 2056 2803 2117 statuit
2838 2074 2967 2119 θοε.
2994 2059 3220 2119 Alea-re
3246 2075 3548 2123 aureum,
3570 2064 3629 2113 ec
3664 2072 3971 2119 mensam,

2484 2175 2676 2233 super
2703 2176 2900 2233 quam
2932 2165 3328 2232 ponerentur
3356 2174 3561 2231 panes
3592 2153 3978 2230 propositio·

2486 2254 2615 2323 nis,
2632 2252 3150 2315 auream.Altare
3176 2258 3573 2327 aureum‚est
3600 2249 3833 2313 caritas
3864 2247 3980 2310 fer-

2488 2368 2643 2413 vens
2676 2370 2786 2415 seu
2810 2350 2971 2415 fides
3007 2350 3295 2429 formata,
3320 2350 3419 2413 vel
3456 2358 3629 2413 recta
3656 2348 3973 2411 intentio:

2490 2449 2555 2511 in
2587 2468 2715 2531 qua
2745 2449 3027 2525 caritate,
3066 2450 3195 2512 fide
3232 2458 3295 2513 et
3332 2447 3689 2511 intentione
3733 2447 3978 2528 agenda

2490 2556 2640 2610 sunt
2682 2549 2898 2611 omnia
2938 2549 3128 2611 bona.
3160 2548 3351 2612 Porro
3394 2566 3587 2610 aurea
3622 2564 3847 2609 mensa
3882 2553 3979 2607 est

2490 2646 2709 2709 divina
2749 2646 3095 2729 Scriptura,
3132 2665 3324 2728 super
3360 2665 3555 2726 quam
3604 2662 3801 2726 panes
3842 2662 3983 2725 pro-

2492 2745 2831 2827 positionis
2862 2754 3207 2827 ponuntur,
3244 2744 3307 2807 id
3336 2752 3454 2820 est,
3486 2744 3679 2807 variae
3714 2751 3779 2807 et
3810 2742 3983 2804 salu-

2495 2844 2641 2906 bres
2682 2844 3109 2926 expositiones
3150 2863 3223 2906 ac
3267 2843 3627 2925 spiritualia
3672 2842 3981 2904 alimenta

2499 2942 2866 3005 fundantur.
2886 2946 2966 3005 Ec
2986 2945 3375 3005 candelabra
3397 2964 3596 3003 aurea
3614 2945 3849 3001 decem.
3866 2940 3985 3001 Per

645 3054 868 3109 wumv,
899 3040 1309 3103 sacratissimi
1331 3040 1640 3124 principis
1656 3040 2100 3124 Apostolorum
2122 3058 2135 3101 :
2157 3040 2221 3102 Si
2242 3038 2387 3121 quis
2422 3044 2466 3107 C
2495 3041 2876 3104 candelabra
2914 3042 3154 3118 decem,
3186 3049 3525 3103 sumuntur
3562 3057 3849 3122 personae
3886 3056 3987 3099 sa-

607 3121 675 3164 Η.

632 3255 796 3311 Ephoe.
812 3270 868 3308 w,

605 3319 674 3361 2⁹.

900 3138 1204 3220 loquitur,
1229 3139 1412 3221 quasi
1444 3158 1766 3204 sermones
1797 3139 1929 3202 Dei.
1964 3140 2141 3203 Unde
2169 3149 2233 3202 et
2262 3139 2385 3201 Vas

899 3237 1228 3300 electionis
1276 3237 1564 3301 hortatur
1601 3256 1616 3300 ε
1653 3239 1869 3302 Omnis
1920 3257 2126 3302 sermo
2176 3237 2383 3300 malus

898 3356 974 3399 ex
1001 3355 1110 3400 ore
1141 3345 1350 3400 vestro
1390 3357 1517 3401 non
1560 3338 1880 3420 procedat,
1916 3339 2024 3402 sed
2054 3338 2169 3420 qui
2208 3337 2385 3400 utilis

897 3442 992 3498 est
1022 3435 1100 3497 ad
1128 3434 1642 3512 aedificationem,
1680 3443 1749 3496 ut
1777 3436 1884 3498 det
1913 3437 2182 3518 gratiam
2214 3435 2386 3498 audi-

896 3532 1051 3595 enti.
1089 3538 1172 3595 In
1207 3537 1578 3596 summitate
1605 3544 1822 3596 autem
1853 3537 2020 3620 basis
2049 3545 2189 3596 erat
2218 3556 2380 3615 quae-

895 3635 1050 3692 dam
1095 3635 1485 3694 rotunditas.
1527 3632 1642 3695 Per
1691 3632 2140 3696 rotunditatem
2195 3633 2379 3708 hanc,

895 3729 1265 3812 designatur
1331 3729 1718 3794 cohabitudo
1782 3732 2384 3815 comproportioque

895 3829 1228 3906 virtutum,
1253 3849 1382 3911 qua
1413 3849 1540 3892 una
1569 3829 1750 3892 alteri
1785 3830 2120 3912 copulatur
2150 3840 2215 3894 et
2244 3851 2387 3894 con-

895 3913 1245 3991 catenatur.
1285 3931 1738 4014 Quadrayinta
1769 3932 1941 3990 batos
1969 3933 2251 4008 capiebat
2290 3934 2387 3990 lu-

899 4036 992 4086 ter
1013 4047 1204 4087 unus.
1224 4025 1337 4088 Per
1366 4025 1962 4106 quadragenarium,
1984 4035 2235 4108 tempus
2263 4046 2387 4109 poe-

897 4123 1181 4188 nitentiae
1202 4133 1264 4187 et
1283 4143 1477 4206 opera
1499 4123 1637 4205 ejus
1667 4125 2015 4205 signantur.
2031 4126 2153 4188 Hos
2175 4135 2383 4189 autem

896 4222 1008 4301 qui
1040 4222 1117 4284 ad
1148 4231 1324 4284 actus
1355 4222 1746 4304 poenitentiae
1773 4243 1840 4286 se
1866 4226 2236 4302 extendunt,
2262 4225 2387 4306 spi·
2417 4222 2464 4283 D
2494 4225 2603 4288 llle
2644 4233 2777 4288 erat
2817 4225 3075 4288 lucerna
3113 4225 3334 4288 lucens
3374 4235 3437 4288 et
3474 4225 3727 4287 ardens.
3764 4225 3885 4288 Sed
3920 4235 3985 4288 et
4010 4247 4271 4299 :meza

897 4320 1145 4381 ritualis
1194 4329 1372 4402 pater
1418 4329 1481 4384 et
1529 4322 1904 4404 praedicator
1962 4323 2238 4387 libenter
2286 4345 2387 4388 ae-

896 4425 1128 4500 ceptat.

965 4519 1049 4578 E'c
1078 4517 1409 4580 constituit
1430 4518 1614 4584 bases,
1627 4519 1911 4598 quinque
1931 4522 2017 4580 ad
2042 4523 2377 4582 deoeteram

887 4603 1144 4692 partem
1191 4616 1436 4691 templi,
1464 4625 1524 4676 et
1563 4617 1850 4695 quinque
1895 4621 1984 4678 ad
2019 4620 2379 4681 sinistram.

895 4713 1158 4794 Aliquos
1207 4711 1379 4776 enim
1427 4713 1759 4776 constituit
1801 4715 2086 4778 Christus
2137 4716 2205 4779 in
2257 4719 2388 4780 vita

895 4809 1392 4892 contemplativa
1424 4817 1486 4872 et
1520 4810 1586 4871 in
1625 4812 1872 4875 actibus
1904 4813 2259 4894 spiritualis
2292 4816 2389 4878 lae—

896 4909 1067 4986 titiae,
1084 4928 1227 4991 quae
1249 4927 1360 4990 per
1379 4908 1700 4972 dexteram
1722 4911 2193 4993 intelligunturg
2215 4934 2387 4996 quos·

895 5009 1042 5071 dam
1093 5007 1158 5069 in
1208 5008 1339 5070 vita
1386 5008 1592 5072 activa
1640 5018 1704 5072 et
1749 5010 2216 5075 afflictionibus
2262 5033 2389 5096 poe-

898 5104 1207 5182 nitentiae,
1251 5125 1392 5186 quae
1431 5125 1546 5188 per
1587 5106 1910 5169 sinistram
1957 5109 2382 5192 accipiuntur.

900 5206 1084 5264 Mare
1127 5214 1342 5265 autem
1385 5207 1599 5282 posuit
1639 5209 1726 5266 ad
1765 5209 2096 5269 dexteram
2129 5221 2387 5287 partem

899 5303 1122 5382 templi
1141 5322 1164 5361 .·
1185 5301 1486 5382 quoniam
1523 5303 1728 5382 gratia
1753 5303 2057 5386 Baptismi
2087 5305 2285 5369 offert
2316 5327 2385 5371 sc

2498 3140 2743 3221 pientes
2772 3160 2843 3203 ac
2864 3141 3165 3206 virtuosae
3190 3141 3255 3203 in
3282 3140 3574 3220 Decalogi
3598 3139 3985 3202 observatio-

2496 3257 2577 3302 ne
2607 3237 2926 3320 perfectae‚
2952 3240 3301 3322 praesertim
3335 3239 3600 3321 praelati,
3620 3239 3733 3320 qui
3764 3237 3979 3312 verbo,

2496 3336 2688 3414 fama,
2706 3339 2997 3420 exemplo
3018 3359 3093 3402 ac
3116 3357 3307 3421 opere
3331 3337 3474 3400 aliis
3506 3337 3881 3419 fulgent.Ee
3906 3339 3987 3396 li-

2496 3439 2577 3496 lii
2594 3441 2782 3513 flores
2803 3457 2825 3497 .·
2846 3456 2959 3519 per
2985 3456 3147 3519 quos
3176 3437 3381 3519 accipi
3413 3436 3985 3518 possuntvirgines

2494 3543 2706 3599 mente
2736 3544 2800 3600 et
2827 3555 3113 3618 corpore,
3148 3555 3419 3619 quarum
3464 3555 3677 3599 coram
3716 3537 3843 3598 Deo
3880 3555 3985 3598 ca-

2491 3634 2671 3697 stitas
2703 3633 2963 3715 fragrat.
2986 3639 3069 3697 Ec
3092 3640 3385 3696 lucernas
3402 3639 3676 3713 desuper
3704 3655 3940 3696 aureas
3960 3651 3984 3695 :

2494 3751 2607 3814 per
2643 3752 2802 3814 quas
2840 3740 3082 3814 septem
3121 3733 3290 3796 dona
3318 3732 3587 3816 Spiritus
3630 3732 3843 3796 Sancti
3874 3732 3983 3794 de·

2493 3830 2846 3912 signantur,
2881 3850 3025 3912 quae
3056 3851 3092 3893 a
3124 3831 3384 3894 caritate
3415 3849 3541 3894 non
3574 3838 3979 3911 separantur.

2492 3930 2793 3994 Lucernae
2833 3947 3091 4012 quoque
3129 3939 3437 3994 vocantur
3464 3930 3587 3994 viri
3632 3929 3983 3992 illuminati

2493 4046 2566 4090 ac
2605 4027 2858 4104 fervidi,
2900 4028 3435 4108 quemadmodum
3479 4029 3559 4092 de
3604 4026 3987 4092 felicissimo

2490 4125 2729 4190 Joannc
2767 4127 3047 4209 Baptista
3076 4127 3358 4208 loquitur
3377 4127 3623 4190 Veritas
3655 4127 3979 4190 increata:

2495 4332 2736 4405 septem
2768 4333 3162 4386 sacramenta
3196 4325 3413 4404 gratiae
3444 4325 3833 4400 contentiva,
3868 4343 3986 4407 pes

2494 4429 2736 4504 septem
2766 4421 2909 4483 illas
2942 4421 3387 4503 intelliguntur
3418 4421 3732 4485 lucernas,

2574 4523 2659 4582 Et
2687 4522 2963 4598 forcipes
2980 4542 3231 4590 aureos,
3252 4520 3317 4583 id
3336 4529 3433 4584 est
3450 4522 3807 4586 moderatas
3838 4540 3981 4585 cor·

2496 4618 2836 4700 reptioneS‚
2878 4618 3115 4699 quibus
3157 4618 3537 4682 auferuntur
3580 4619 3799 4682 sordes
3842 4639 3989 4702 pec-

2495 4716 2797 4780 cantium.
2822 4719 2909 4778 Et
2938 4719 3235 4794 hydrias,
3256 4717 3320 4779 id
3350 4727 3445 4780 est
3476 4726 3721 4782 mentes
3750 4737 3987 4800 aquam

2496 4815 2789 4878 salutaris
2838 4815 3165 4897 sapientiae
3211 4817 3632 4880 continentes.
3658 4821 3744 4880 Ει
3790 4820 3991 4895 fusci-

2494 4917 2707 4984 nulas,
2734 4913 2796 4976 id
2818 4923 2915 4976 est
2943 4913 3177 4995 peritas
3208 4914 3989 4997 examinationes,quibus

2495 5031 2639 5094 quae
2688 5011 2859 5074 intus
2909 5012 3127 5088 latent,
3164 5013 3579 5076 extrahuntur
3618 5032 3692 5078 ac
3736 5016 3989 5080 innote-

2496 5120 2701 5188 scunt,
2738 5120 2801 5174 et
2840 5111 2995 5194 ipsis
3041 5111 3344 5177 fidelibus
3377 5113 3639 5176 refectio
3684 5114 3987 5178 salutaris

2495 5211 2849 5274 exhibetur.
2898 5214 2985 5273 Et
3026 5215 3315 5290 phialas,
3356 5224 3415 5274 et
3466 5217 3873 5284 mortariola,
3928 5226 3989 5276 et

2496 5312 2850 5371 thuribula.
2882 5310 3023 5372 Haec
3056 5320 3207 5372 sunt
3234 5311 3568 5376 duodecim
3604 5313 3985 5394 evangeliea
