4359 6250
946 502 1296 551 malumno
1337 504 1399 549 IN
1442 503 1577 549 cAP.
1624 500 1753 547 xvn
1792 499 1952 547 unm
1991 501 2193 548 ‘rssn‘m
2232 502 2457 549 numm.
2502 523 2583 533 -
2622 505 2764 550 An'r.
2810 505 2937 552 XXV

3364 487 3477 552 701

379 681 675 753 quuntur
710 691 724 734 ε
761 672 981 756 sicque
1011 693 1157 737 cum
1197 681 1416 738 sancto
1445 673 1583 739 viro
1619 691 1686 734 se
1715 671 1880 734 male
1910 670 1961 732 A
1991 691 2249 753 quoque
2279 694 2346 738 se
2378 681 2493 751 ter,
2530 675 2607 736 ad
2648 673 3103 737 insinuandum
3141 675 3482 758 superbea-

379 770 642 847 haberc‚
676 779 774 835 cst
813 773 999 836 valde
1039 771 1424 834 damnabile.
1465 771 1610 834 Ideo
1649 768 1882 832 mulier

375 869 490 931 illa
513 878 821 953 reputans
841 890 910 934 se
930 871 1138 934 minus
1160 871 1374 934 debite
1396 869 1703 952 exemplis
1726 869 1880 930 Eliae

375 966 721 1048 proficere,
747 969 908 1032 dixit
937 969 1134 1033 verba
1164 968 1516 1051 praehabita
1542 969 1722 1050 juxta
1745 985 1883 1028 sen·

375 1087 522 1130 sum
556 1068 919 1130 inductum.

457 1165 548 1224 Ec
595 1165 695 1225 ait
737 1167 827 1224 ad
867 1184 1012 1224 eam
1045 1166 1228 1226 Elias
1259 1180 1282 1224 .·
1313 1167 1416 1224 Da
1455 1163 1623 1224 mihi
1659 1162 1880 1238 filium

379 1272 598 1332 cuum,
630 1261 695 1324 id
726 1269 823 1324 est
853 1281 1083 1344 corpus
1117 1261 1257 1342 ejus
1297 1261 1614 1337 exanime,
1650 1257 1884 1322 intelli·

380 1361 594 1441 gendo
624 1369 871 1443 partem
902 1379 1016 1442 per
1043 1368 1266 1423 totum.
1310 1361 1612 1438 Tulitque
1638 1379 1787 1418 eum
1804 1359 1884 1417 de

379 1461 539 1520 sinu
559 1460 701 1537 ejus
729 1469 788 1520 et
814 1462 1126 1538 portavit,
1153 1458 1400 1521 scilicet
1431 1476 1664 1539 corpus
1695 1455 1878 1532 illud,

382 1559 460 1617 in
489 1561 902 1618 eoenaculum
933 1559 1047 1618 ubi
1076 1559 1212 1634 ipse
1241 1559 1562 1626 manebat,
1585 1553 1884 1619 videlicet

387 1655 456 1718 in
487 1675 741 1719 camera
781 1664 1091 1738 separata,
1127 1655 1194 1716 in
1234 1674 1364 1737 qua
1403 1654 1576 1718 solus
1608 1652 1726 1716 soli
1757 1652 1884 1714 Deo

383 1775 534 1818 cum
568 1753 1003 1820 inaestimabili
1033 1754 1372 1818 devotione
1401 1751 1686 1830 vacabat,
1722 1760 1786 1814 et
1814 1757 1884 1813 ut

1989 770 2253 834 tissimae
2273 771 2598 834 Trinitatis
2629 772 3025 854 mysterium,
3042 773 3225 855 cujus
3246 773 3481 836 virtute

1989 877 2052 931 et
2083 867 2215 932 fide
2245 870 2592 952 postulavit
2617 870 2906 935 obtinere
2926 871 3477 953 supernaturalem

1990 967 2172 1031 illum
2206 968 2511 1032 effectum
2541 994 2555 1044 3
2604 979 2667 1033 et
2696 969 3001 1051 quoniam
3032 969 3477 1034 universorum

1990 1068 2236 1130 entium
2282 1085 2675 1150 operumque
2723 1067 3055 1151 perfectio,
3092 1069 3158 1131 in
3208 1069 3481 1150 quadam

1991 1165 2275 1229 trinitate
2319 1167 2631 1244 consistit,
2669 1176 2856 1249 prout
2901 1167 3109 1249 primo
3137 1167 3483 1230 Sententia-

1990 1285 2128 1327 rum
2175 1265 2466 1329 habetur.
2502 1269 2587 1326 Ec
2626 1269 2938 1327 clamavit
2980 1270 3067 1327 ad
3094 1268 3473 1339 Dominum,

1989 1375 2047 1425 et
2076 1366 2173 1425 ait
2194 1385 2217 1425 .·
2240 1367 2511 1426 Domine
2540 1369 2710 1426 Deus
2741 1386 2942 1436 meus,
2972 1375 3363 1434 revertatur,
3386 1367 3484 1424 ob-

1988 1482 2185 1531 secre,
2216 1464 2443 1524 anima
2468 1464 2663 1540 pueri
2700 1464 2899 1540 hujus
2930 1465 3002 1523 in
3044 1464 3289 1525 viscera
3316 1463 3480 1540 eju-3,

1993 1559 2081 1623 ita
2111 1569 2180 1622 ut
2201 1561 2411 1624 denuo
2434 1580 2664 1643 corpus
2696 1560 3021 1624 informet.
3044 1565 3123 1624 Εὐ
3141 1563 3485 1622 exaudivit

1995 1661 2312 1721 Dominus
2356 1682 2564 1722 vocem
2594 1663 2763 1723 E'lioe
2804 1661 2869 1722 in
2920 1661 3037 1724 hac
3079 1661 3357 1726 secunda
3388 1679 3489 1722 ex-

1993 1757 2395 1834 clamatione,
2414 1778 2557 1840 quae
2586 1759 2837 1822 videtur
2860 1757 3059 1822 fuisse
3079 1759 3344 1822 humilis
3365 1779 3487 1823 ma·

383 1854 476 1916 ibi
507 1855 685 1918 solus
715 1855 916 1918 Deum
942 1854 1233 1918 devotius
1265 1861 1456 1934 atque
1487 1851 1752 1915 liberius
1783 1869 1883 1912 ex-
1919 1853 1966 1917 B
1993 1856 2089 1938 gis
2119 1875 2312 1938 quam
2346 1857 2552 1938 prima
2587 1874 2600 1919 :
2638 1857 2781 1920 ideo
2814 1857 2878 1919 in
2901 1859 3179 1921 secunda
3200 1857 3322 1920 ista
3349 1878 3487 1921 ora-

381 1962 617 2030 oraret,
651 1965 711 2016 ec
733 1956 955 2031 posuit
981 1973 1176 2030 super
1209 1956 1514 2012 lectulum
1541 1971 1756 2012 suum.
1793 1953 1878 2012 Ec

379 2057 695 2114 clamavit
725 2056 814 2114 ad
832 2055 1213 2123 Dominum,
1231 2051 1420 2114 corde
1451 2049 1651 2128 magis
1683 2067 1876 2129 quam

378 2169 515 2228 ore,
547 2150 704 2231 quia
733 2148 1274 2213 affectuosissime
1298 2147 1668 2230 postulavit,
1692 2157 1752 2208 et
1780 2148 1882 2207 di-

378 2251 486 2310 oeic
517 2267 540 2310 .·
572 2251 850 2311 Domine
878 2253 1050 2310 Deus
1081 2269 1278 2309 meus.
1316 2247 1443 2310 Hoc
1481 2254 1577 2309 est
1617 2245 1880 2308 verbum

381 2347 820 2410 ardentissimi
853 2346 1175 2422 amatoriS,
1201 2345 1312 2426 qui
1336 2345 1529 2407 Deum
1562 2343 1876 2420 omnium,

383 2445 752 2528 specialiter
784 2445 1073 2508 nominat
1101 2444 1300 2506 Deum
1332 2463 1540 2519 suum,
1560 2442 1768 2524 primo
1799 2439 1883 2505 ob

384 2544 919 2626 specialissimam
969 2543 1078 2606 Dei
1140 2542 1442 2624 pietatem
1504 2551 1567 2606 et
1611 2539 1881 2622 gratiam

385 2643 561 2706 circa
606 2662 696 2720 ε6,
731 2643 1012 2706 secundo
1051 2641 1135 2705 ob
1178 2639 1756 2721 singularissimum
1797 2637 1887 2700 af-

387 2740 636 2804 fectum
667 2750 732 2804 et
759 2741 1004 2804 cultum
1035 2740 1136 2802 sui
1167 2741 1246 2802 ad
1277 2758 1445 2802 eum.
1471 2741 1798 2810 Etiamne,
1818 2737 1880 2799 id

385 2849 488 2902 est
515 2859 704 2917 anne,
737 2843 1036 2910 viduam,
1067 2842 1246 2917 apud
1273 2859 1470 2918 quam
1499 2857 1608 2915 eqo
1640 2846 1886 2898 utcum-

383 2961 512 3018 que
545 2949 891 3009 sustentor,
922 2936 987 3000 id
1037 2945 1154 3014 est,
1202 2936 1566 3018 aliqualiter
1613 2953 1884 3019 repauso

1993 1955 2166 2018 tione
2222 1963 2317 2018 est
2375 1955 2730 2018 exauditus.
2794 1955 3099 2030 Quoniam
3157 1956 3484 2020 suscitatio

1992 2053 2249 2130 mortui,
2276 2061 2403 2115 tam
2434 2054 2914 2136 supernaturale
2945 2061 3008 2117 et
3036 2071 3337 2134 magnum
3369 2055 3484 2117 mi-

1993 2151 2281 2214 raculum
2318 2161 2437 2228 est,
2471 2160 2543 2214 ut
2580 2152 3001 2235 omnipotenti
3034 2153 3160 2216 Deo
3204 2153 3287 2216 sit
3338 2173 3484 2236 pro-

1994 2249 2247 2332 prium3
2291 2251 2527 2314 idcirco
2576 2251 2781 2331 magis
2828 2251 3203 2335 impetratur
3251 2253 3482 2316 humili

1993 2349 2300 2426 oratione,
2345 2368 2537 2431 quam
2575 2349 2975 2431 adjuratione
3012 2359 3120 2413 aut
3167 2352 3350 2433 quasi
3391 2351 3483 2413 in-

1994 2448 2349 2530 crepatorio
2386 2448 2663 2530 quodam
2711 2467 3025 2512 sermone.
3059 2449 3139 2511 Et
3184 2449 3484 2532 quamvis

1994 2546 2162 2608 Elias
2197 2545 2391 2609 fuerit
2409 2546 2508 2610 vir
2538 2545 2785 2609 eximiae
2814 2547 3191 2626 sanctitatiS,
3220 2567 3487 2630 pensan-

1994 2645 2150 2706 dum
2179 2653 2415 2721 tamen,
2432 2663 2625 2726 quam
2653 2643 2903 2708 facilius
2926 2653 2989 2709 et
3016 2646 3200 2728 quasi
3233 2646 3489 2730 imperi-

1996 2743 2191 2820 osiuS,
2226 2763 2354 2807 non
2396 2744 2603 2807 solum
2632 2743 2943 2822 ChristuS,
2981 2746 3091 2808 sed
3121 2754 3186 2808 et
3220 2745 3484 2826 gloriosi

1992 2841 2279 2925 Apostoli
2313 2851 2376 2905 et
2403 2843 2513 2905 alii
2542 2843 2801 2924 quidam
2832 2842 2955 2905 viri
2997 2843 3383 2906 sanctissimi
3418 2845 3482 2907 in

1993 2941 2353 3020 evangelica
2374 2940 2509 3020 lege
2528 2941 2984 3005 suscitaverunt
2998 2951 3281 3018 mortuos
3297 2962 3485 3023 quam

382 3046 450 3099 et
481 3037 734 3100 nutrior
764 3037 831 3099 in
863 3045 1030 3100 terra
1058 3036 1178 3098 hac
1220 3035 1450 3112 aliena,
1485 3037 1786 3113 afflioeisti
1816 3033 1882 3095 in
1919 3033 1963 3096 C
1992 3038 2527 3121 Elias.Siquidem
2553 3039 3017 3103 adolescentem
3035 3041 3213 3122 juxta
3232 3051 3481 3124 portam

385 3144 662 3214 tantum,
695 3147 770 3198 uc
809 3139 1200 3215 interficeres
1242 3142 1444 3198 morte
1488 3134 1761 3197 naturali
1803 3138 1883 3212 fi-

381 3238 554 3297 lium
573 3238 762 3314 ejus?
782 3234 943 3298 Ecce
978 3235 1100 3296 ista
1128 3242 1278 3296 sunt
1299 3234 1494 3297 verba
1526 3232 1884 3295 familiaris·

381 3334 534 3396 simi
564 3334 756 3397 amici
781 3333 888 3396 Dei
907 3332 1226 3408 altissimi,
1247 3332 1567 3413 loquentis
1586 3332 1668 3393 ad
1686 3332 1883 3394 Deum

380 3454 462 3497 ex
493 3452 746 3495 summa
786 3431 1051 3510 fiducia,
1087 3431 1271 3513 quasi
1314 3450 1428 3513 per
1476 3431 1734 3495 modum
1783 3431 1883 3493 ad-

383 3530 706 3607 mirantiS,
741 3538 806 3594 et
830 3529 1298 3611 quodammodo
1332 3526 1527 3590 veluti
1560 3527 1886 3610 increpan-

383 3632 486 3707 tis,
503 3631 676 3713 quod
697 3629 786 3691 ita
807 3629 1170 3695 tractaverit
1188 3628 1448 3691 viduam
1471 3626 1720 3703 bonam,
1739 3645 1882 3690 cum

384 3748 576 3793 servo
605 3736 672 3791 et
706 3728 1020 3809 Propheta
1057 3726 1168 3789 Dei
1210 3735 1338 3788 tam
1389 3724 1883 3788 misericorditer

383 3828 567 3892 omni
598 3827 706 3890 die
734 3833 1048 3907 agentem.
1085 3824 1188 3888 Sic
1231 3824 1297 3886 in
1330 3842 1496 3886 novo
1526 3823 1884 3886 Testamen-

383 3935 474 4003 to,
510 3927 742 3989 Paulus
771 3925 1074 4006 Simplex,
1111 3923 1207 3986 vir
1239 3922 1702 3999 sanctissimuS,
1727 3923 1878 3985 dum

377 4025 729 4107 quemdam
769 4022 1104 4085 infirmum
1151 4040 1277 4084 non
1327 4029 1541 4103 posset
1584 4029 1714 4083 tam
1752 4022 1880 4084 cito

375 4143 606 4187 curare
654 4132 724 4185 ut
769 4121 1122 4197 affectavit,
1157 4120 1319 4182 dixit
1366 4121 1444 4182 ad
1479 4120 1823 4184 Dominum
1860 4138 1874 4184 ε

1991 3139 2168 3201 Naim
2218 3138 2502 3202 Christus
2552 3139 2901 3216 suscitavit,
2954 3139 3226 3206 dicendo
3270 3158 3283 3203 :
3320 3141 3484 3206 Ado·
3522 3163 3780 3217 Laenas-

1992 3238 2258 3316 lescenS,
2292 3237 2408 3299 tibi
2440 3238 2605 3315 dico,
2631 3256 2841 3319 surge.
2867 3237 3172 3302 Similiter
3200 3240 3483 3305 duoden-
3514 3228 3755 3334 'jhm-¹¹

1991 3356 2137 3401 nem
2158 3335 2459 3418 puellam.
2488 3335 2589 3399 Sic
2620 3344 2683 3399 et
2703 3336 3121 3417 dignissimus
3144 3340 3479 3421 apostolici
3512 3354 3657 3397 22-25-
3760 3322 3773 3343 ’

1991 3435 2233 3499 ordinis
2264 3434 2561 3517 princeps
2591 3434 2771 3499 brevi
2812 3435 3097 3499 oratione
3130 3438 3477 3518 praemissa,

1992 3532 2323 3597 suscitavit
2353 3532 2706 3610 Tabitham,
2741 3533 2960 3596 dicens
2988 3551 3002 3595 :
3027 3534 3315 3614 Tabitha,
3348 3557 3486 3599 sur·
3511 3558 3772 3609 Aenum.

1987 3631 2369 3713 ge.Joannes
2391 3650 2647 3713 quoque
2668 3631 3058 3712 evangelista
3082 3632 3475 3714 Drusianam,

1991 3730 2260 3793 dicendo
2294 3746 2309 3791 :
2342 3729 2669 3806 Drusiana,
2705 3747 2913 3810 surge,
2948 3738 3013 3792 et
3042 3749 3327 3813 praepara
3355 3734 3475 3795 mi-

1992 3829 2080 3891 hi.
2122 3827 2238 3903 Qui
2282 3828 2475 3891 etiam
2516 3827 3025 3910 superpositione
3068 3837 3132 3892 et
3179 3839 3474 3895 contactu

1991 3927 2221 3991 tunicae
2242 3946 2383 4001 suae,
2402 3927 2551 3990 duos
2570 3927 2899 3990 suscitavit
2917 3926 3103 3989 simul
3124 3927 3478 3994 defunctos,

2068 4026 2373 4090 Praeterea
2392 4025 2721 4108 quaeritur,
2743 4025 3014 4107 qualiter
3035 4027 3204 4090 Elias
3228 4028 3325 4093 vir
3347 4048 3481 4111 per·

1991 4124 2172 4187 fectae
2202 4132 2457 4187 staturae
2502 4124 2729 4200 virilis,
2767 4125 2973 4207 potuit
3002 4144 3069 4189 se
3098 4143 3227 4190 non
3268 4128 3477 4192 solum

373 4223 542 4286 Vere
583 4240 710 4285 non
759 4221 1089 4285 comedam
1125 4220 1337 4295 hodie,
1383 4218 1510 4281 nisi
1554 4219 1878 4285 sanaveris
1906 4220 1957 4284 D
1987 4224 2366 4305 expandere,
2421 4224 2529 4287 sed
2577 4232 2642 4287 et
2688 4223 2899 4287 metiri
2947 4243 3057 4287 seu
3108 4244 3479 4289 mensurare

373 4340 548 4383 eum.
585 4321 662 4381 Et
702 4319 1016 4402 protinuS,
1051 4318 1234 4399 quasi
1265 4317 1578 4382 delectato
1610 4318 1878 4382 Domino

374 4421 446 4481 in
477 4419 894 4501 simplicitate
920 4426 1114 4500 atque
1147 4416 1387 4478 fiducia
1419 4416 1876 4480 ferventissimi

375 4516 609 4580 famuli
642 4527 706 4581 et
733 4516 945 4594 amici,
971 4524 1227 4579 curatus
1259 4522 1354 4577 est
1384 4532 1552 4595 aeger
1582 4514 1714 4577 ille.

464 4620 552 4678 Ec
581 4618 900 4694 eoepandit
927 4636 1011 4687 se,
1045 4624 1238 4693 atque
1277 4634 1530 4674 mensu-s·
1568 4623 1658 4674 est
1685 4634 1880 4691 super

379 4736 664 4794 puerum
695 4716 900 4776 tribus
939 4715 1206 4784 vicibus,
1243 4719 1311 4774 ut
1349 4711 1584 4774 virtute
1631 4719 1693 4775 et
1732 4730 1880 4774 con-

383 4822 561 4878 tactu
590 4814 796 4877 sancti
825 4812 1109 4895 corporis
1139 4812 1261 4888 sui,
1294 4829 1524 4892 corpus
1546 4810 1707 4873 illud
1738 4830 1882 4874 exa-

383 4914 564 4975 nime
585 4912 1033 4993 disponeretur
1061 4911 1138 4972 ad
1171 4909 1768 4989 revivificationem,
1792 4920 1881 4975 at-

382 5032 512 5094 que
573 5019 644 5073 ut
696 5028 911 5073 coram
959 5010 1085 5073 Deo
1134 5009 1516 5085 ostenderet,
1558 5018 1874 5091 quantum

382 5109 678 5175 defuncti
709 5107 1259 5172 resuscitationem
1290 5107 1555 5189 optavit,
1590 5116 1653 5170 et
1686 5128 1881 5190 quan-

382 5218 522 5271 tum
563 5226 836 5291 puerum
879 5206 1062 5283 illum
1103 5206 1346 5283 dilexit,
1383 5214 1446 5267 et
1485 5214 1744 5289 propter
1783 5228 1880 5271 ra-

380 5308 628 5372 tionem
657 5306 1014 5390 mysticam,
1037 5324 1182 5388 quae
1209 5312 1523 5385 tangetur.
1559 5305 1877 5387 Expandit

1987 4340 2178 4403 super
2208 4341 2480 4404 puerum
2516 4322 2721 4385 illum.
2756 4322 2933 4386 Circa
2977 4323 3097 4387 hoc
3136 4324 3338 4407 aliqui
3387 4326 3482 4389 di-

1987 4428 2161 4498 cunt,
2192 4421 2364 4502 quod
2396 4420 2775 4484 miraculose
2806 4421 3025 4485 divina
3054 4422 3292 4487 virtute
3331 4442 3481 4487 con·

1989 4518 2176 4581 traxit
2223 4538 2291 4582 se
2336 4520 2415 4581 ad
2456 4538 2819 4583 mensuram
2860 4528 2923 4582 et
2970 4522 3475 4602 adaequationem

1987 4617 2255 4700 puerilis
2279 4618 2641 4699 corpusculi
2679 4636 2693 4681 :
2728 4619 2896 4699 quod
2928 4619 3119 4681 etiam
3144 4619 3368 4682 dicunt
3399 4622 3478 4683 de

1987 4716 2219 4793 Elison,
2251 4717 2330 4778 de
2360 4734 2488 4799 quo
2527 4714 2699 4778 infra
2728 4715 2891 4778 libro
2921 4724 3145 4797 quarto
3180 4717 3471 4796 habetur,

1986 4815 2159 4897 quod
2190 4814 2476 4878 ascendit
2506 4822 2568 4879 et
2608 4813 2900 4877 incubuit
2944 4833 3135 4896 super
3178 4834 3473 4897 puerum,
3524 4840 3763 4898 nuceam,

1988 4914 2330 4995 posuitque
2358 4931 2430 4976 os
2460 4932 2645 4975 suum
2678 4931 2868 4994 super
2886 4931 2957 4975 os
2987 4913 3149 4994 ejuS,
3175 4922 3237 4976 et
3256 4914 3475 4977 oculos
3504 4907 3572 4947 ³⁴·

1989 5031 2136 5076 suos
2167 5031 2358 5094 super
2388 5010 2604 5074 oculos
2634 5010 2795 5093 ejuS,
2830 5019 2891 5074 et
2936 5030 3162 5074 manus
3193 5032 3337 5075 suas
3374 5032 3477 5075 su-

1987 5130 2103 5192 per
2130 5130 2357 5173 manus
2388 5110 2548 5191 ejus,
2582 5110 2647 5170 in
2680 5109 2931 5189 signum
2960 5119 3023 5173 ct
3054 5119 3271 5193 typum
3302 5110 3477 5173 Chri-

1987 5208 2092 5284 sti,
2125 5208 2239 5290 qui
2289 5208 2355 5269 in
2399 5208 2803 5271 Sacramento
2840 5207 2961 5272 sub
2998 5209 3248 5273 modica
3291 5208 3489 5293 panis·

1987 5306 2200 5389 specie
2238 5306 2622 5370 continetur.
2653 5307 2861 5371 Potest
2888 5306 3081 5371 etiam
3113 5307 3264 5387 dici,
3300 5308 3473 5391 quod
