4359 6250
693 2111 758 2152 14.

980 467 1099 530 242
1816 489 2163 534 amanum
2207 491 2268 534 us
2309 489 2446 535 ω.
2493 490 2552 534 ιν
2597 491 2778 535 nuru.
2825 510 2907 519 —
2945 491 3088 536 Aur.
3133 493 3238 538 vlu

964 657 1122 733 juri
1144 659 1686 737 propinquitatis,
1718 670 1789 720 tu
1822 680 1954 719 meo
1992 671 2171 720 utere
2193 663 2468 737 privile·
2498 661 2548 720 A
2579 670 2804 724 xerunt
2859 664 2938 724 ad
2983 663 3224 738 Noemi‚
3277 665 3662 724 Benedictus
3709 662 4030 726 Dominus,

972 757 1127 832 μία·
1155 755 1247 817 sic
1278 755 1467 836 plane
1496 755 1795 820 infideles
1816 765 1881 820 et
1904 758 2298 838 negligentes
2323 777 2472 839 prae-

982 851 1091 914 lati
1116 851 1220 932 jus
1250 873 1379 916 suae
1404 854 1755 934 praelaturae
1774 857 2127 933 dimittunt,
2152 866 2466 938 quantum

981 951 1059 1012 ad
1090 952 1560 1014 exsecutionem
1592 953 1934 1031 salubrem,
1956 955 2289 1018 etChristo
2323 975 2468 1016 suas

982 1049 1391 1112 committunt
1419 1070 1591 1126 oves,
1628 1071 1755 1114 non
1786 1054 2139 1129 caritative,
2164 1055 2273 1116 sed
2305 1053 2471 1116 deri-

982 1147 1117 1210 sive
1150 1148 1357 1229 reipsa
1386 1150 1669 1212 dicentes
1697 1169 1711 1212 ε
1735 1151 2060 1215 Custodiat
2090 1173 2196 1215 eas
2219 1153 2332 1234 qui
2365 1173 2472 1216 cu-

982 1247 1176 1309 stodit
1224 1247 1433 1310 lsrael.
1486 1249 1629 1316 Ide-‚o
1676 1249 1963 1312 Christus
2018 1250 2302 1332 loquitur
2352 1251 2468 1326 (εἰς,

983 1343 1381 1426 singulisque
1420 1365 1639 1408 eorum
1686 1365 1699 1408 :
1744 1351 1910 1408 Tolle
1940 1353 2470 1418 calceamentum,

986 1441 1045 1502 id
1078 1451 1194 1518 est,
1222 1444 1641 1524 praesidentiae
1672 1454 1793 1508 tuae
1825 1455 2190 1525 tegumento
2224 1457 2282 1510 te
2320 1447 2473 1509 fate-

986 1559 1051 1602 re
1096 1540 1451 1620 indignum,
1485 1551 1547 1604 et
1590 1543 1701 1606 illo
1745 1553 1803 1606 te
1847 1546 2052 1626 privo.
2096 1547 2308 1623 Porro,
2349 1547 2469 1610 hoc

987 1648 1417 1718 tegumentum
1458 1651 1552 1703 est
1594 1643 1731 1724 ipsa
1768 1645 2149 1724 praesidendi
2192 1655 2471 1727 potestas

984 1736 1119 1800 sive
1161 1739 1523 1816 auctoritas,
1557 1759 1685 1820 qua
1728 1741 1883 1804 tales
1926 1762 1993 1804 se
2038 1744 2359 1819 muniunt,
2409 1753 2472 1806 et

2579 767 2735 832 etc.;
2765 769 2828 821 et
2859 779 3100 836 rursm,
3135 765 3227 822 De
3254 781 3432 821 nuru
3465 771 3576 821 tua
3607 771 3802 820 natus
3829 769 3913 818 est
3937 757 4033 835 qui

2583 867 2639 917 te
2665 860 2994 935 dili9e8‚et
3025 863 3226 919 multo
3259 861 3376 918 tibi
3407 861 3631 918 melior
3657 868 3749 917 est
3779 877 3960 936 quam
3985 855 4034 912 si

2578 965 2812 1033 septem
2841 957 3098 1016 haberes
3125 959 3298 1034 filios
3319 977 3342 1016 .·
3376 957 3464 1018 ita
3501 955 3784 1018 Ecclesia
3811 973 3882 1016 ex
3907 971 4031 1032 gen-

2584 1053 2752 1114 tibus
2799 1065 3196 1134 congregata,
3247 1064 3312 1116 et
3358 1055 3797 1136 copiosissime
3846 1052 4034 1116 secun-

2581 1153 2728 1214 data
2773 1172 2811 1213 a
2857 1152 3199 1228 Salvatore‚
3240 1153 3476 1233 gratias
3519 1153 3644 1216 Deo
3693 1159 3945 1232 egerunt
3983 1157 4032 1210 et

2581 1252 3032 1330 congratulatae
3075 1261 3222 1313 sunt
3265 1251 3607 1334 primitivae
3649 1249 3935 1314 Ecclesiae
3971 1267 4032 1308 ex

2579 1349 2808 1410 Judaeis
2833 1350 3115 1412 collectae
3146 1349 3370 1413 fideles
3400 1351 3649 1425 animae,
3665 1368 3740 1412 eo
3765 1349 3928 1430 quod
3947 1347 4034 1408 Ec-

2583 1447 2777 1509 clesia
2807 1447 2917 1510 illa
2943 1448 3280 1528 gentilium
3309 1450 3390 1512 ab
3411 1449 3692 1512 Ecclesia
3708 1449 4032 1510 Judaeorum

2582 1565 2908 1624 conversa,
2953 1555 3080 1610 tam
3131 1548 3640 1629 copiosissimum
3686 1556 3872 1627 atque
3913 1561 4032 1605 san-

2580 1645 2936 1708 ctissimum
2969 1646 3234 1727 protulit
3265 1645 3567 1723 fructum,
3593 1645 3808 1707 multis
3839 1642 4030 1706 electis

2579 1743 2808 1805 Judaeis
2854 1745 3377 1824 praestantiorem.
3415 1745 3499 1806 De
3537 1763 3666 1824 qua
3691 1740 4030 1823 gentilitatis

988 1833 1154 1898 sacta
1189 1855 1303 1898 sua
1341 1847 1663 1914 excusant,
1700 1840 2025 1903 voluntate
2067 1860 2182 1923 pro
2222 1843 2470 1904 ratione
2503 1847 2547 1907 B
2587 1841 2986 1920 fecunditate,
3001 1843 3555 1906 vehementissime
3583 1851 3680 1904 est
3703 1841 3909 1922 gavisa
3929 1838 4031 1922 pri-

987 1941 1256 2010 utentcs‚
1289 1944 1351 1996 et
1371 1936 1553 2017 quasi
1584 1937 1705 1998 sibi
1742 1939 1931 2002 licere
1963 1949 2262 2021 putantes
2291 1942 2472 2022 quid-

744 2046 953 2098 Amoaevn,
982 2031 1138 2112 quid
1168 2033 1507 2110 voluerint,
1534 2033 1692 2096 illud
1724 2036 1913 2100 Amos
1944 2038 2228 2101 dicentes
2252 2057 2265 2101 :
2287 2039 2472 2102 Num-

980 2130 1128 2210 quid
1152 2149 1277 2194 non
1302 2131 1367 2193 in
1394 2130 1756 2196 fortitudine
1778 2145 1993 2197 nostra
2008 2138 2470 2219 assumpsimus

986 2228 1169 2291 nobis
1191 2233 1462 2292 cornua?
1480 2231 1545 2292 ln
1572 2231 1798 2294 horum
1830 2233 2472 2312 testimonium,Chri-

984 2335 1119 2388 stus
1152 2326 1274 2388 sibi
1304 2329 1569 2390 assumit
1600 2328 1664 2390 in
1698 2338 1885 2393 testes
1924 2332 2143 2394 dece-m
2182 2335 2353 2398 viros
2390 2335 2470 2396 de

982 2425 1331 2507 maJ'oribus
1364 2435 1538 2502 natu,
1560 2428 1972 2510 senioresque
2001 2430 2188 2493 Israel
2223 2433 2469 2497 univer-

978 2541 1102 2598 808,
1129 2524 1373 2587 scilicet
1402 2525 1658 2601 electOS,
1681 2527 1995 2607 sapientia
2026 2540 2461 2610 praematuros‚

976 2629 1168 2703 atque
1220 2623 1281 2684 in
1336 2623 1682 2686 virtutibus
1732 2625 2051 2700 clariores,
2084 2628 2196 2708 qui
2233 2628 2466 2711 inclyte

978 2718 1403 2801 impleverunt
1450 2722 1827 2801 Decalogum
1874 2741 1888 2785 :
1927 2724 2037 2804 qui
2089 2744 2309 2787 omnes
2359 2745 2468 2788 cu-

978 2817 1165 2900 piunt
1196 2819 1541 2882 Ecclesiam
1576 2819 1902 2884 fecundari
1938 2842 1975 2884 a
2002 2823 2274 2900 Christo,
2301 2825 2468 2888 sicut

980 2915 1135 2977 olim
1174 2916 1255 2978 ab
1286 2935 1361 2979 co
1396 2916 1731 2980 fecundata
1761 2928 1854 2980 est
1886 2919 2212 3002 Synagoga
2247 2938 2260 2983 :
2294 2925 2465 3003 quod

981 3021 1044 3076 et
1076 3015 1454 3096 superplene
1481 3015 1809 3098 impletum
1844 3029 1959 3081 est.

1060 3111 1401 3191 Postremo,
1436 3114 1600 3177 sicut
1628 3116 1797 3179 Obed
1831 3127 2001 3194 nato,
2036 3118 2336 3182 mulieres
2372 3119 2465 3182 di-

2582 1941 2803 2003 mitiva
2847 1941 2958 2003 illa
3005 1941 3331 2023 Synagoga
3370 1941 3604 2018 tidelis,
3640 1961 3782 2022 quae
3813 1941 3884 2001 de
3919 1955 4028 1999 suae

2581 2038 2786 2120 plebis
2815 2041 3232 2102 excaecatione
3262 2048 3326 2103 et
3353 2040 3688 2102 sterilitate
3722 2036 4029 2101 ineffabili-

2580 2146 2676 2199 ter
2705 2146 2930 2201 moesta
2963 2137 2989 2198 s
2994 2138 3086 2200 uit
3119 2155 3132 2199 :
3169 2138 3309 2201 ideo
3339 2138 3652 2220 quidquid
3684 2136 3947 2200 caritatis
3974 2143 4025 2196 et

2579 2235 2834 2318 pietatis
2866 2235 3137 2310 valebat,
3163 2235 3459 2300 Ecclesiae
3490 2256 3564 2298 ex
3593 2235 3877 2316 gentibus
3907 2252 4027 2295 con·

2578 2342 2848 2413 gregatae
2877 2333 3198 2408 exhibuit3
3233 2335 3360 2398 imo
3391 2335 3580 2397 simul
3613 2354 3759 2398 cum
3787 2353 3856 2396 ea
3883 2331 4028 2394 saeta

2577 2439 2674 2494 est
2704 2451 2833 2494 una
2861 2432 3239 2495 universalis
3259 2433 3541 2495 Ecclesia
3572 2431 3871 2513 unigeniti
3899 2429 4024 2490 Filii

2581 2530 2686 2592 Dei
2719 2550 2953 2612 sponsa
2981 2531 3330 2608 carissima,
3366 2531 3532 2594 sicut
3570 2532 3707 2612 ipse
3745 2529 4021 2612 paedixit,

2579 2629 2770 2706 Alias,
2807 2629 3126 2710 inquienS‚
3163 2647 3312 2693 oves
3345 2629 3570 2706 haben,
3604 2638 3668 2692 et
3699 2629 3830 2690 illas
3865 2646 4027 2708 opor·
4079 2640 4247 2714 anm.=.{

2579 2735 2665 2788 tet
2724 2747 2826 2790 me
2875 2729 3206 2806 adducere,
3251 2737 3314 2791 et
3364 2727 3480 2790 siet
3535 2747 3730 2790 unum
3775 2726 3932 2790 ovile
3973 2714 4100 2785 et¹⁵·

2577 2845 2742 2888 unus
2786 2835 3021 2907 pastor.
3054 2827 3172 2900 Qui
3209 2835 3305 2888 est
3343 2827 3649 2889 Dominus
3676 2827 3842 2889 Jesus
3871 2825 4027 2887 Chri-

2578 2933 2711 2986 stus
2755 2945 2900 2988 cum
2943 2926 3121 2988 Patre
3163 2933 3422 3001 aeterno,
3457 2933 3521 2988 et
3558 2925 3787 3007 Spiritu
3821 2923 4028 2985 Sancto

2523 3028 2541 3049 ¹
2577 3023 2917 3104 paracleto,
2953 3043 3120 3085 unus
3165 3043 3356 3105 super
3397 3024 3613 3088 omnia
3656 3025 3806 3086 Deus
3847 3021 4031 3084 subli-

2577 3121 2698 3183 mis
2735 3130 2798 3184 et
2835 3121 3228 3186 benedictus,
3272 3122 3492 3186 Amen.
3529 3119 3534 3122 ’

1697 4107 1921 4157 Flms
1992 4109 2767 4161 COMMENTARIORUM
2841 4112 3064 4161 LIBRI
3135 4112 3354 4161 RUTR
