4359 6250
859 484 938 548 26
1699 509 2046 556 manuario
2086 509 2150 556 ιΝ
2192 510 2327 556 ω.
2374 511 2413 555 v
2452 510 2654 558 Josua.
2697 530 2779 542 —
2818 512 2961 559 aar.
3009 513 3116 559 vm

860 674 1218 738 christiani.
1265 676 1601 760 Quumque
1649 680 1951 743 ineruditi
1998 690 2060 744 et
2102 679 2349 762 simpli·
2378 681 2429 742 A
2459 701 2541 744 ne
2589 683 2859 746 transire
2904 684 3263 748 Jordanem.
3306 684 3438 758 Quo
3488 684 3679 762 facto,
3723 703 3943 746 rursus

861 792 966 835 ces
1016 774 1568 854 interrogaverint,
1612 779 1766 860 quid
1813 779 1935 842 sibi
1985 780 2187 844 velint
2233 781 2349 842 hu-

859 873 1141 954 jusmodi
1193 875 1605 957 allegationes
1657 898 1730 942 ac
1781 881 2084 944 doctrinae
2132 901 2211 943 ex
2261 882 2347 943 le-

859 989 937 1050 ge
987 981 1050 1035 et
1098 974 1427 1057 Prophetis
1473 986 1788 1059 sumptae:
1836 979 2180 1042 dicendum
2228 989 2344 1057 est,

859 1072 1031 1153 quod
1073 1081 1282 1155 patres
1322 1075 1514 1156 primi
1555 1077 1756 1139 nostri
1800 1078 2187 1141 transierunt
2217 1080 2347 1141 Jor-

860 1170 1111 1246 danem‚
1138 1171 1202 1233 id
1233 1181 1350 1246 cst,
1377 1172 1442 1235 in
1474 1174 1724 1238 Christo
1754 1175 2054 1257 baptizati
2091 1186 2259 1254 sunt,
2286 1186 2348 1240 et

860 1269 1244 1348 evangelicae
1275 1270 1399 1351 legi
1435 1271 1631 1335 fidem
1671 1273 2121 1350 adhibuerunt,
2159 1275 2349 1338 idcir-

859 1383 934 1428 co
982 1384 1097 1448 pro
1140 1367 1633 1433 confirmatione
1677 1381 1740 1434 et
1782 1373 2203 1438 instruct-ione
2245 1394 2348 1439 co-

865 1484 1008 1528 rum
1054 1465 1121 1529 in
1167 1465 1298 1530 fide
1339 1477 1402 1531 et
1443 1470 1753 1549 moribus,
1798 1472 2156 1537 introducta
2200 1484 2348 1537 sunt

863 1562 994 1626 illa.

940 1666 1427 1745 Festinavitque
1437 1672 1724 1746 populus
1741 1679 1799 1730 et
1824 1674 2152 1734 transivit.
2169 1672 2348 1734 Circa

861 1762 1033 1842 quod
1074 1763 1356 1844 loquitur
1394 1765 1694 1845 Origenes
1731 1786 1744 1830 :
1781 1769 1914 1833 Non
1947 1771 2147 1834 otiose
2176 1771 2349 1834 addi-

2459 780 2645 844 nobis
2677 782 3025 864 diligentiae
3055 793 3118 847 et
3149 784 3411 846 cautelae
3452 803 3605 846 cura
3634 783 3939 859 succedit,

2460 899 2541 943 ne
2600 881 2949 963 improviso
3008 883 3224 964 aliquo
3286 883 3466 964 lapsu
3524 880 3946 944 effundantur

2456 996 2712 1059 gressus
2753 981 2976 1043 nostri.
3013 982 3148 1044 Non
3193 981 3366 1045 enim
3409 979 3734 1044 remissior
3776 979 3947 1043 solli-

2458 1078 2676 1142 citudo
2720 1081 2903 1142 nobis
2952 1079 3161 1143 inesse
3204 1080 3393 1143 debet
3442 1080 3520 1141 ad
3570 1097 3947 1142 conservan-

2458 1177 2631 1254 dum,
2667 1197 2859 1258 quam
2890 1180 2968 1241 ad
3000 1179 3458 1261 acquirendum
3489 1179 3776 1242 virtuteS.
3809 1177 3943 1239 Non

2458 1284 2777 1358 putemuS,
2822 1279 2991 1359 quod
3045 1278 3109 1339 in
3160 1278 3575 1341 hereditatem
3621 1277 3945 1339 coelestem

2457 1394 2571 1457 per
2621 1375 2823 1437 otium
2874 1383 2935 1438 et
2986 1377 3441 1457 negligentiam
3492 1375 3833 1438 oscitantes
3881 1382 3946 1436 et

2458 1474 2846 1538 dormientes
2879 1473 3117 1538 intrare
3147 1475 3489 1557 possimus,
3522 1475 3664 1536 Haec
3694 1481 3949 1536 senten-

2458 1572 2695 1636 tialiter
2725 1573 3045 1654 Origenes

2486 1703 2489 1706 ⁴
2537 1671 2849 1754 AmpliuS,
2886 1691 3000 1754 per
3046 1671 3223 1735 filios
3267 1670 3509 1748 Ruben‚
3545 1670 3676 1734 Gad
3720 1678 3782 1733 et
3826 1670 3946 1732 Ma-

2460 1789 2666 1848 nasse,
2710 1771 2821 1852 qui
2866 1771 3093 1833 armati
3143 1779 3207 1835 et
3248 1770 3517 1833 accincti
3550 1768 3725 1832 filios
3756 1768 3943 1832 lsrael

861 1869 996 1922 tum
1029 1861 1186 1923 mihi
1219 1863 1471 1927 videtur
1518 1884 1554 1927 a
1597 1865 1834 1948 Spiritu
1877 1868 2129 1945 Sancte,
2174 1873 2348 1952 quod
2386 1870 2429 1930 B
2458 1878 2935 1951 praecesserunt,
2970 1869 3417 1949 intelliguntur
3448 1868 3649 1931 sancti
3681 1868 3947 1949 Prophe-

862 1959 1100 2022 dictum
1147 1970 1263 2038 est,
1297 1961 1769 2045 Festinavitque
1808 1967 2084 2048 populus
2121 1985 2135 2030 ε
2169 1968 2343 2051 quia,

863 2068 932 2121 ut
961 2059 1258 2138 arbitror,
1278 2061 1463 2124 nobis
1484 2083 1740 2146 quoque
1773 2064 2206 2129 festinandum
2227 2077 2347 2146 est,

861 2165 930 2220 ut
974 2158 1193 2222 omnia
1237 2160 1527 2224 celeriter
1576 2172 1991 2228 transeamus.
2029 2165 2344 2244 Transire,

861 2265 958 2319 cst
993 2267 1305 2340 praecepta
1338 2259 1626 2341 implere.
1661 2261 1994 2345 Quumque
2023 2265 2240 2328 omnia
2268 2267 2350 2328 ad

861 2354 1132 2418 salutem
1183 2359 1535 2438 spectantia
1583 2379 1709 2423 non
1763 2363 2042 2442 segniter
2092 2383 2209 2426 nec
2260 2383 2350 2428 re-

862 2453 1068 2530 misse,
1087 2456 1198 2518 sed
1231 2475 1374 2519 cum
1407 2457 1582 2521 omni
1615 2459 1918 2523 instantia
1935 2469 1999 2524 et
2028 2462 2351 2526 celeritate

861 2553 1140 2617 exsecuti
1177 2553 1509 2634 fuerimuS,
1546 2558 1666 2621 hoc
1696 2567 1792 2621 est
1821 2579 1967 2622 cum
2001 2559 2351 2624 festinatio-

2461 1976 2538 2030 1ae
2580 1967 2813 2031 veteris
2846 1968 3253 2045 Testamenti,
3288 1968 3400 2048 qui
3448 1967 3583 2029 suis
3626 1965 3945 2030 vaticiniis

2460 2077 2650 2149 atque
2682 2067 3027 2132 virtutibus
3068 2075 3132 2130 et
3174 2065 3483 2130 doctrinis
3514 2075 3801 2149 pugnant
3829 2085 3947 2148 pro

2461 2166 2669 2244 nobiS,
2703 2175 2769 2229 et
2810 2167 3113 2230 roborant
3156 2183 3271 2228 nos
3316 2165 3385 2228 in
3425 2165 3579 2241 fide,
3612 2184 3685 2227 ac
3714 2173 3946 2228 nostrae

2461 2265 2685 2329 salutis
2724 2265 2987 2328 aemulos
3024 2271 3329 2347 superant
3370 2272 3434 2326 et
3472 2271 3857 2347 expugnant.
3901 2263 3950 2326 O

2460 2383 2653 2447 quam
2684 2372 2964 2426 armatus
2994 2371 3430 2446 propugnator
3468 2371 3533 2426 et
3573 2362 3951 2444 praecinctus

2461 2462 2640 2545 pugil
2690 2470 2906 2525 noster
2949 2469 3047 2525 est
3090 2461 3302 2537 IsaiaS,
3352 2461 3553 2524 David
3593 2479 3849 2543 quoquc
3888 2469 3951 2523 et

2438 2561 2707 2638 Daniel,
2740 2581 2815 2624 ac
2845 2560 3041 2624 ceteri
3070 2569 3245 2624 vates
3277 2559 3463 2623 electi
3490 2564 3503 2622 2

1943 2943 2594 3032 ARTICULUS
2667 2948 2883 3031 VIII

921 3192 1301 3238 DECLARATIO
1346 3192 1620 3239 CAPITULI
1663 3192 1864 3247 QUINTI
1908 3194 1921 3238 :
1969 3194 2289 3247 POSTQUAM
2334 3194 2487 3239 ERGO
2529 3195 2876 3242 AUDIERUNT
2919 3197 3116 3243 OMNES
3160 3198 3352 3245 REGES
3396 3198 3893 3246 AnonRuAEonuu.

986 3442 1592 3517 ONSEQUENTER
1637 3443 2037 3521 describitur,
2079 3445 2355 3526 qualiter
2390 3446 2435 3509 C
2543 3451 2640 3509 Eo
2674 3458 2948 3527 tempore
2977 3452 3074 3510 ait
3116 3452 3435 3511 Dominus
3474 3454 3562 3511 ad
3588 3454 3798 3525 Josue,
3832 3453 3954 3515 sci·-

1010 3542 1288 3624 populus
1318 3542 1504 3605 Israel
1545 3551 1798 3624 aptatus
1835 3552 1933 3606 est
1960 3543 2037 3605 ad
2068 3543 2356 3608 obtinen-

865 3643 1017 3704 dum
1065 3649 1291 3704 terram
1337 3641 1458 3703 sibi
1501 3642 1877 3724 promissam
1914 3662 2026 3725 per
2056 3662 2357 3723 quorum—

864 3741 1009 3802 dam
1069 3740 1429 3805 divinorum
1481 3742 1950 3804 observantiam
2012 3750 2356 3824 praecepto-

867 3858 1032 3915 rum,
1070 3839 1369 3903 videlicet
1413 3838 1923 3903 circumcisionis
1973 3850 2035 3902 et
2077 3842 2351 3905 Paschae.

845 3939 1219 4017 ,Postquam
1285 3958 1430 4015 erqo
1489 3942 1853 4000 audierunt
1912 3960 2125 4002 omne-5
2182 3962 2355 4018 reyes

863 4038 1421 4106 Amorrleoeorum,
1451 4039 1570 4114 qui
1598 4038 1979 4098 habitabant
2013 4048 2195 4099 trans
2220 4043 2357 4100 Jor-

863 4138 1100 4194 danem
1139 4138 1226 4195 ad
1262 4137 1718 4196 occidentalem
1741 4140 2086 4213 plaqam...
2124 4136 2354 4200 Textus

863 4231 1314 4295 difficultatem
1351 4252 1478 4296 non
1519 4232 1731 4297 habet.
1765 4233 1967 4307 Quum
2008 4235 2247 4297 etenim
2287 4237 2353 4297 hi

865 4350 1044 4411 reges
1076 4332 1539 4410 cognovissent,
1556 4332 1830 4412 qualiter
1861 4333 2022 4396 Deus
2055 4333 2356 4397 siccasset

867 4428 1137 4491 fundum
1167 4429 1478 4506 Jordanis,
1515 4439 1578 4493 et
1619 4431 1940 4494 mirabilia
1977 4432 2044 4494 in
2084 4432 2355 4495 Iordane

867 4528 1032 4591 facta
1061 4528 1410 4605 audissent,
1444 4531 1831 4591 dissolutum
1863 4540 1950 4591 est
1989 4552 2096 4591 cor
2133 4553 2355 4592 eoru-m

2465 3546 2614 3609 licet
2664 3556 2807 3629 post
2858 3548 3197 3610 transitum
3244 3548 3535 3612 Iordanis
3584 3566 3597 3611 :
3653 3552 3786 3611 Fac
3836 3552 3954 3611 tibi

2463 3650 2701 3707 cultros
2754 3649 3060 3723 lapideos,
3114 3658 3174 3708 et
3233 3649 3622 3708 circumcide
3679 3652 3951 3727 secundo

2462 3746 2635 3822 filios
2672 3747 2899 3805 Israel.
2949 3744 3087 3807 Non·
3130 3744 3407 3827 propriis
3458 3744 3754 3808 manibus
3804 3745 3957 3809 fecit

2460 3842 2647 3905 Josue
2679 3842 2855 3904 illam
2885 3842 3461 3921 circumcisionem,
3486 3842 3651 3906 sicut
3682 3863 3798 3907 nec
3828 3844 3959 3907 cul-

2465 3948 2617 4017 troS‚
2651 3942 2764 4004 sed
2794 3960 2907 4023 per
2937 3960 3165 4004 manus
3191 3941 3464 4004 aliorum
3497 3947 3857 4027 utrumque,
3886 3952 3955 4005 ut

2464 4058 2627 4117 reor,
2677 4039 2826 4103 fieri
2868 4040 3099 4121 jussit3
3152 4049 3215 4103 et
3266 4041 3435 4121 quod
3484 4040 3791 4103 Dominus
3840 4041 3949 4119 ait,

2464 4141 2583 4202 Fac
2624 4140 2763 4216 tibi,
2809 4139 3170 4221 exponitur,
3206 4139 3299 4201 Ad
3348 4147 3525 4200 tuum
3573 4138 3953 4220 proiectum.

2461 4238 2649 4301 Josue
2681 4256 2977 4318 namque,
3010 4237 3368 4301 obediendo
3398 4238 3525 4300 Deo
3557 4238 3622 4299 in
3658 4237 3779 4314 his,
3815 4256 3957 4319 pro·

2467 4335 2621 4399 fecit
2650 4336 2715 4397 in
2746 4336 2949 4416 gratia
2980 4344 3044 4398 et
3075 4336 3300 4398 salute.
3335 4335 3513 4398 Circa
3554 4335 3687 4399 haec
3732 4336 3957 4417 quaeri-

2468 4444 2582 4509 tur,
2601 4455 2681 4497 an
2706 4435 2894 4497 cultri
2919 4434 3015 4498 illi
3041 4432 3299 4497 fuerunt
3317 4453 3464 4497 vere
3491 4434 3719 4515 lapidei
3745 4452 3757 4495 :
3786 4435 3959 4515 quod

2468 4534 2559 4596 sic
2592 4534 2896 4615 probatur
2926 4554 3001 4596 ex
3044 4541 3238 4595 textu.
3274 4532 3645 4615 Oppositum
3678 4532 3954 4609 videtur,

864 4646 994 4708 prae
1027 4626 1276 4703 timore,
1311 4638 1370 4687 et
1402 4649 1529 4689 non
1562 4632 1874 4690 remansit
1919 4633 1992 4691 in
2034 4633 2126 4690 eis
2165 4634 2357 4707 spiri·
2388 4638 2437 4699 D
2467 4632 2619 4713 quia
2649 4640 2721 4693 ut
2751 4632 2817 4693 in
2852 4631 3239 4695 Scholastica
3281 4629 3482 4693 fertur
3523 4629 3810 4707 historia,
3845 4630 3963 4693 He-

869 4736 990 4797 lua,
1030 4726 1091 4788 id
1131 4734 1228 4789 est
1265 4726 1446 4805 vigor
1486 4727 1708 4805 animi,
1747 4731 2119 4789 timentium
2155 4731 2359 4789 intro-

866 4827 1034 4885 itum
1051 4826 1344 4902 filiorum
1368 4827 1585 4888 Israel.
1611 4825 1788 4899 Quod
1819 4826 1930 4903 ait,
1952 4827 2354 4904 Timcn'tium,

2468 4730 2674 4793 braeus
2697 4731 2901 4806 habet,
2924 4749 3038 4812 pro
3060 4729 3285 4793 cultris
3310 4730 3591 4811 lapideis,
3609 4728 3961 4792 Novaculas

2470 4838 2707 4891 acutas,
2733 4828 2892 4910 Lyra
2920 4828 3183 4891 asserit:
3212 4827 3452 4891 Hebraei
3486 4827 3727 4903 dicunt,
3764 4827 3965 4890 Nova-

869 4922 1140 4986 refertur
1185 4926 1263 4987 ad
1311 4944 1664 5007 pronomen
1705 4926 1962 4988 Eorum.
1999 4926 2213 5005 ltaque
2253 4944 2361 4989 cor
2470 4928 2645 4991 culas
2677 4927 3028 4989 acut.as.Ad
3063 4926 3231 4989 istud
3266 4926 3639 5007 respondeo,
3664 4926 3835 5006 quod
3858 4945 3961 4989 res

869 5040 1084 5083 eorum
1132 5022 1216 5084 ita
1259 5023 1645 5098 timentium,
1682 5022 2063 5085 dissolutum
2096 5032 2213 5086 est.
2249 5024 2363 5086 Per
2474 5026 2594 5087 ista
2640 5024 2791 5088 facit
2836 5044 2939 5087 me
2981 5024 3303 5087 admirari.
3340 5024 3474 5087 Non
3518 5024 3691 5087 enim
3736 5043 3963 5105 capere

872 5120 1160 5200 Magnum
1191 5140 1448 5202 quoque
1479 5140 1651 5183 mare
1686 5121 2066 5201 intelligitur
2099 5122 2203 5184 hic
2234 5142 2360 5185 non
2474 5125 2676 5201 valeo,
2714 5125 2883 5204 quod
2929 5123 2988 5183 S.
3026 5123 3443 5204 Hieronymus
3492 5123 3557 5183 in
3604 5142 3795 5204 passu
3839 5122 3963 5184 isto

876 5336 1068 5399 supra
1096 5319 1225 5398 jam
1260 5318 1671 5381 meminimus
1704 5317 1980 5401 pleniuS.

594 5238 840 5289 amena
874 5238 1046 5282 mare
1076 5220 1416 5293 Oceanum,
1453 5221 1563 5281 sed
1595 5219 2142 5299 Mediterraneum,
2177 5222 2363 5301 cujus
2477 5233 2603 5286 tam
2651 5224 3031 5305 ponderoso,
3079 5223 3158 5287 ab
3202 5222 3506 5284 Hebraica
3554 5220 3817 5284 veritate
3869 5240 3965 5283 re—

2476 5322 2760 5397 cesserit,
2798 5328 2907 5383 aut
2946 5321 3132 5383 alitor
3164 5340 3356 5402 quam
3389 5319 3697 5383 Hebraica
3726 5318 3963 5382 veritas
