4359 6250
74 881 353 932 Lea-xixsss.

90 1080 221 1122 Dent.
236 1093 352 1129 tvm,

80 1145 143 1188 10.
170 1147 237 1185 ss.

96 2763 109 2805 l
125 2765 221 2820 ἧος.
234 2767 353 2814 133.

902 500 1251 546 ENARRATIO
1296 502 1356 547 m
1399 475 1536 547 dAP.
1583 500 1777 546 xxvm
1818 500 1976 547 LIBRI
2016 500 2186 546 Pmm
2228 499 2452 546 REGUH.
2497 517 2575 528 -
2615 500 2758 545 An‘r.
2803 499 2967 545 XLVI!

3356 477 3480 542 409

383 673 487 756 gis
530 671 995 756 praetendisset,
1038 692 1109 736 se
1148 691 1365 754 magos
1414 681 1605 754 atque
1652 671 1883 735 ariolos
1913 669 1963 732 A
1992 675 2056 732 bi
2077 674 2107 732 ἓ
2139 673 2267 742 Qui
2295 673 2392 732 ait
2423 693 2444 732 .·
2475 673 2842 732 Samuelem
2871 672 3040 732 mihi
3067 673 3325 732 suscita.
3351 669 3480 733 Sic-

384 772 753 848 abstulisse‚
790 773 919 853 jam
952 771 1245 850 confugit
1274 773 1353 834 ad
1383 790 1514 847 eoS‚
1548 779 1769 836 contra
1811 770 1886 832 il-

386 870 499 933 lud
533 870 800 934 Levitici
838 888 853 932 ε
894 871 981 935 Ne
1009 871 1346 934 declinetis
1377 871 1458 933 ad
1492 888 1730 951 magOS,
1768 888 1884 932 nec

384 969 469 1031 ab
500 968 723 1032 ariolis
754 969 996 1052 aliquid
1042 969 1479 1033 sciscitemini.
1516 969 1695 1031 Unde
1724 977 1786 1030 et
1818 967 1883 1030 in

384 1068 881 1130 Deuteronomio
912 1068 1181 1131 habetur
1214 1086 1230 1128 ε
1264 1068 1399 1131 Νοιι
1431 1067 1795 1131 inveniatur
1818 1067 1881 1128 in

384 1175 449 1229 te
478 1167 592 1248 qui
624 1167 859 1230 ariolos
878 1167 1259 1244 sciscitetur,
1279 1175 1388 1229 aut
1408 1166 1701 1230 observet
1730 1185 1884 1230 som-

382 1266 495 1327 nia
521 1275 715 1347 atque
744 1265 1029 1345 auguria.
1053 1265 1179 1328 Nec
1200 1266 1283 1327 sit
1304 1264 1655 1342 maleficuS,
1678 1284 1885 1346 neque

382 1365 769 1440 incantator,
791 1383 909 1427 nec
939 1364 1051 1445 qui
1084 1364 1399 1446 pythones
1430 1364 1745 1442 consulat,
1776 1384 1885 1428 ne-

380 1482 513 1544 que
533 1463 812 1540 divinOS,
832 1471 895 1526 et
915 1471 1156 1545 quaerat
1176 1482 1213 1524 a
1231 1463 1500 1526 mortuis
1524 1464 1879 1528 veritatem.

380 1566 471 1624 Ec
500 1563 821 1624 diaterunt
850 1562 1021 1622 servi
1049 1563 1190 1639 ejus
1229 1565 1319 1622 ad
1356 1582 1506 1622 eum
1534 1582 1557 1622 .·
1592 1565 1705 1624 Est
1744 1583 1887 1624 mu-

381 1663 510 1720 lier
538 1663 776 1722 habens
797 1662 1151 1738 pythonem
1194 1663 1269 1720 in
1298 1663 1549 1733 Endor,
1585 1660 1649 1723 id
1692 1669 1789 1723 est
1817 1661 1884 1723 in

382 1760 529 1824 loco
558 1781 671 1823 seu
704 1761 943 1842 oppido
972 1760 1065 1823 sic
1096 1767 1344 1823 vocato.

1994 779 2066 833 ut
2097 770 2299 851 tangit
2330 770 2547 833 Petrus
2566 770 2914 847 Comestor,
2940 771 3082 834 ideo
3103 770 3171 832 in
3201 769 3480 852 capitulo

1994 870 2118 933 isto
2150 869 2458 952 repetitur
2479 888 2650 932 mors
2673 869 3005 946 Samuelis,
3025 877 3094 931 ut
3113 869 3482 932 ostendatur

1996 968 2207 1031 Saulis
2247 968 2565 1048 angustia,
2598 967 2665 1029 in
2704 987 2832 1049 qua
2863 968 3211 1050 plurimum
3249 967 3308 1030 ei
3359 966 3484 1029 ruit

1995 1067 2389 1130 necessarius
2422 1066 2697 1129 Samuel.
2724 1066 2860 1144 Vel,
2885 1075 2956 1128 ut
2985 1067 3352 1130 ostendatur
3381 1066 3487 1129 Sa-

1992 1165 2163 1228 muel
2200 1173 2486 1228 recenter
2516 1164 2880 1242 defunctuS‚
2913 1165 3026 1246 qui
3069 1173 3204 1227 erat
3240 1164 3306 1226 in
3339 1183 3484 1247 pro-

1994 1266 2164 1330 ximo
2196 1265 2621 1328 suscitandus
2641 1265 2922 1327 Tradunt
2940 1265 3180 1346 quippe
3209 1265 3484 1328 nonnul-

1996 1364 2063 1440 li,
2091 1364 2414 1427 neminem
2437 1382 2622 1446 posse
2654 1364 2946 1426 suscitari
2967 1372 3102 1426 arte
3123 1363 3479 1446 pythonica,

1994 1463 2119 1525 nisi
2165 1471 2452 1527 recenter
2490 1471 2837 1540 mortuum,
2871 1471 2935 1524 et
2966 1462 3230 1543 integris
3278 1464 3484 1528 adhuc

1997 1561 2321 1626 vitalibuS.
2377 1561 2828 1624 Verumtamen
2883 1561 3032 1624 huic
3071 1560 3241 1625 dict-o
3288 1561 3482 1643 objici

1995 1669 2225 1743 potest,
2259 1660 2413 1742 quia
2443 1660 2867 1723 communiter
2897 1660 3151 1737 dicitur,
3176 1661 3348 1742 quod
3379 1660 3488 1724 Sa-

1993 1759 2165 1822 muel
2189 1768 2477 1822 mortuus
2499 1758 2624 1821 fuit
2643 1758 2904 1821 biennio
2922 1767 3069 1822 ante
3090 1758 3252 1822 Saul.
3273 1763 3486 1830 Quum

466 1861 759 1921 Mutavit
774 1877 923 1934 erqo
950 1860 1248 1920 habitum
1266 1861 1885 1936 suammet-scitusque
1920 1859 1967 1920 B
1995 1868 2212 1918 autem
2253 1859 2514 1918 vidisset
2563 1859 2802 1918 mulier
2834 1861 3223 1928 Samuelem,
3274 1863 3486 1918 excla-

376 1967 473 2017 εει
493 1959 653 2016 aliis
672 1958 1185 2026 vestimentis,ne
1216 1954 1457 2018 femina
1477 1955 1609 2032 illa,
1630 1955 1885 2036 cognito

380 2073 485 2131 ec,
538 2062 857 2117 metueret
905 2074 979 2118 ac
1028 2063 1327 2118 renueret
1376 2056 1781 2137 respondere.
1818 2054 1884 2116 ln

382 2153 783 2216 Scholastica
813 2152 1019 2216 fertur
1063 2153 1349 2230 historia,
1384 2155 1554 2235 quod
1585 2153 1887 2233 Hierony-

380 2271 531 2313 mus
560 2251 899 2314 mulierem
928 2251 1093 2314 hanc
1125 2260 1367 2314 asserat
1396 2251 1599 2315 fuisse
1618 2261 1882 2317 matrem

382 2350 625 2413 Abner.
670 2349 792 2412 Sed
837 2368 1037 2431 quum
1068 2350 1282 2413 Abner
1327 2348 1521 2413 fuerit
1565 2352 1889 2414 consobri-

384 2469 509 2511 nus
544 2448 755 2512 Saulis
800 2457 927 2512 tam
975 2449 1323 2532 proximuS,
1360 2450 1449 2512 ita
1495 2451 1665 2531 quod
1709 2460 1890 2533 pater

384 2550 531 2630 ejus
578 2547 705 2611 fuit
755 2548 952 2612 frater
988 2549 1188 2631 patris
1231 2548 1401 2626 Saul,
1458 2567 1585 2612 non
1627 2559 1889 2632 apparet

384 2648 549 2730 quin
584 2648 821 2711 mulier
852 2647 963 2710 illa
991 2667 1067 2710 ex
1100 2649 1339 2711 intuitu
1361 2649 1575 2714 vultus
1607 2657 1669 2712 et
1700 2657 1889 2711 statu-

385 2767 475 2810 rae
506 2747 681 2824 Saul,
716 2747 831 2828 qui
877 2746 959 2808 ab
998 2746 1282 2810 humeris
1322 2747 1665 2826 eminebat,
1701 2756 1763 2811 et
1812 2767 1888 2810 ex

384 2863 546 2910 voce
568 2845 775 2927 ipsius
798 2865 944 2908 eum
969 2845 1191 2926 utique
1211 2846 1593 2926 agnovisset.
1621 2849 1704 2908 Et
1724 2849 1889 2907 abiit

384 2946 525 3022 ipse
552 2954 615 3004 et
656 2945 795 3004 viri
830 2947 960 3004 duo
999 2965 1147 3004 cum
1190 2965 1286 3013 eo,
1317 2955 1755 3022 veneruntque
1801 2947 1889 3004 ad

1994 1959 2201 2018 mavit
2245 1976 2388 2016 voce
2439 1976 2676 2034 mayna
2707 1978 2730 2017 .·
2770 1957 3073 2039 quoniam
3111 1956 3484 2020 conturbata

1996 2055 2143 2132 fuit,
2176 2056 2315 2120 viso
2351 2063 2522 2118 tanto
2552 2055 2882 2137 Propheta,
2909 2056 3258 2118 secundum
3291 2075 3483 2118 unam

1997 2153 2390 2236 opinionem,
2426 2162 2490 2216 et
2539 2153 2777 2230 territa,
2826 2154 3035 2216 sciens
3081 2154 3291 2236 ipsum
3337 2153 3483 2216 Saul

1999 2254 2221 2316 adesse
2241 2277 2254 2327 3
2277 2264 2336 2314 et
2355 2255 2534 2313 dim-it
2554 2256 2643 2312 ad
2661 2255 2829 2314 Saul
2846 2273 2868 2312 .·
2893 2256 3103 2320 Quare
3123 2254 3488 2330 imposuisti

1996 2353 2164 2412 milei
2205 2351 2374 2413 istud
2413 2351 2782 2431 negotium?
2815 2351 2998 2431 quasi
3034 2351 3206 2414 dicat
3237 2368 3250 2413 :
3287 2351 3490 2432 Impo-

1998 2458 2238 2512 sturam
2261 2469 2372 2512 seu
2395 2449 2833 2531 deceptionem
2858 2449 3092 2512 fecisti.
3117 2453 3212 2512 Tu
3231 2471 3294 2510 es
3312 2452 3487 2510 enim

1996 2551 2185 2610 Saul.
2229 2549 2356 2611 Hoc
2401 2548 2588 2612 scivit
2631 2567 2707 2610 ex
2747 2547 3134 2612 revelatione
3171 2548 3481 2625 suscitati,

1998 2656 2061 2710 ct
2108 2649 2460 2710 secundum
2503 2646 2870 2728 Josephum‚
2918 2649 3132 2711 anima
3174 2647 3484 2710 Samuelis

2000 2745 2307 2808 indicavit
2359 2745 2478 2807 hoe
2521 2746 2797 2824 mulieri,
2842 2767 2986 2829 quae
3031 2747 3119 2809 ita
3160 2747 3480 2823 clamavit,

1998 2864 2198 2926 quum
2243 2843 2586 2907 maleficiis
2618 2845 2749 2907 suis
2781 2847 3076 2928 peractiS‚
3111 2846 3484 2907 suscitatum

1996 2943 2283 3006 vidisset.
2329 2943 2632 3007 Praeterea
2671 2942 3038 3007 fabulantur
3078 2944 3340 3027 quidam
3371 2945 3488 3006 He-

382 3043 731 3104 malierem
766 3053 967 3113 nocte,
998 3052 1059 3102 ec
1101 3045 1197 3102 ait
1234 3043 1344 3102 illi
1373 3063 1395 3102 .·
1430 3045 1673 3103 Divina
1720 3045 1887 3104 mihi
1922 3038 1965 3101 C
1996 3042 2171 3120 braei,
2198 3044 2367 3125 quod
2391 3043 2542 3105 dum
2563 3051 2849 3105 mortuus
2871 3037 3114 3125 magice
3145 3043 3488 3106 suscitatur

382 3144 459 3202 in
480 3145 795 3219 pythone,
831 3141 894 3204 id
932 3150 1053 3217 est,
1088 3161 1201 3224 per
1236 3150 1435 3205 artem
1475 3141 1884 3224 pythonicam

382 3240 752 3322 praenuntia
792 3240 952 3301 mihi
999 3238 1215 3302 futura
1261 3259 1379 3322 per
1419 3241 1885 3322 apparitionem

378 3336 701 3415 defuncti,
727 3348 789 3399 et
817 3341 1059 3399 suscita
1084 3340 1253 3399 mihi
1282 3360 1469 3419 quem
1488 3341 1718 3400 dimero
1742 3342 1880 3401 tibi.

379 3435 671 3510 Qualiter
700 3436 1120 3517 intelligenda
1149 3436 1232 3497 sit
1280 3436 1611 3500 suscitatio
1642 3437 1782 3514 ista,
1818 3438 1885 3499 in

382 3533 523 3597 fine
560 3534 811 3597 dicetur
856 3534 1050 3616 hujus
1094 3534 1373 3597 articuli.
1406 3535 1532 3598 Nee
1567 3535 1736 3598 enim
1771 3556 1887 3618 pu-

382 3633 677 3709 tandum,
704 3634 877 3714 quod
900 3632 1033 3696 haec
1054 3633 1289 3697 mulier
1316 3652 1723 3715 quacumque
1752 3643 1885 3697 arte

380 3730 667 3793 nefanda
696 3730 994 3794 habuerit
1014 3740 1387 3813 potestatem
1412 3732 1761 3795 suscitandi
1784 3733 1887 3795 de-

384 3828 709 3905 functum,
746 3830 857 3892 sed
891 3848 1005 3911 per
1036 3838 1235 3893 artem
1271 3830 1448 3895 illam
1481 3831 1680 3894 fiebat
1710 3832 1883 3913 quod

380 3926 685 3990 diabolus
717 3927 782 3988 in
818 3926 1025 3991 forma
1064 3928 1339 4009 alicujus
1371 3928 1659 3992 defuncti
1692 3948 1884 4011 appa-

382 4025 537 4087 ruit.
570 4024 719 4088 Ideo
765 4025 819 4087 si
868 4025 934 4087 in
976 4026 1095 4089 hac
1141 4027 1541 4108 apparitione
1588 4027 1883 4110 apparuit

382 4123 701 4187 veraciter
734 4122 987 4186 Samuel
1034 4123 1397 4198 suscitatu8‚
1433 4125 1553 4188 hoc
1600 4124 1723 4187 ruit
1753 4145 1881 4189 non

1996 3143 2072 3205 ad
2104 3141 2477 3224 petitionem
2512 3144 2652 3224 ejus
2681 3142 2792 3223 qui
2827 3162 2953 3205 non
2985 3150 3082 3206 est
3112 3162 3242 3219 rex,
3278 3142 3486 3225 primo

1995 3248 2286 3303 movetur
2331 3249 2394 3303 ct
2433 3242 2634 3321 surgit
2679 3261 2750 3304 ac
2791 3250 3052 3324 apparet
3096 3262 3133 3305 a
3171 3242 3481 3324 pedibus3

1994 3339 2145 3401 dum
2178 3358 2330 3402 vero
2363 3357 2508 3419 rege
2547 3340 2914 3403 sciscitante
2959 3340 3320 3417 suscitatur,
3358 3341 3487 3423 pri-

1993 3455 2098 3499 mo
2121 3438 2326 3517 surgit
2347 3448 2410 3501 ct
2430 3447 2691 3521 apparet
2714 3459 2750 3500 a
2769 3439 2978 3521 capite
3006 3448 3266 3521 propter
3297 3440 3486 3519 regiae

1994 3536 2415 3599 reverentiam
2445 3538 2797 3619 potestatis,
2816 3537 3078 3612 Quidam
3102 3539 3324 3601 dicunt
3341 3538 3486 3601 Pro—

1992 3634 2250 3715 phetam
2293 3636 2585 3698 suscitari
2627 3656 2755 3700 non
2788 3656 2995 3718 posse,
3031 3638 3154 3699 nisi
3198 3655 3344 3717 rege
3376 3656 3485 3720 pe-

1994 3739 2186 3793 tente.
2222 3732 2366 3795 ldeo
2396 3733 2628 3795 mulier
2660 3734 2796 3797 viso
2826 3734 3159 3816 Propheta,
3184 3735 3484 3815 cognovit

1994 3846 2204 3908 regem
2234 3830 2474 3893 adesse.

2068 3930 2386 4008 Dioeicque
2411 3950 2530 3989 rex
2561 3952 2584 3990 .·
2617 3933 2772 3993 Noli
2819 3934 3060 3993 timere.
3098 3935 3271 4001 Quid
3311 3934 3482 3993 vidi-

1989 4028 2075 4086 sti
2096 4029 2126 4087 ?
2156 4030 2240 4088 Ec
2271 4030 2368 4088 ait
2397 4030 2635 4089 mulier
2661 4033 2748 4091 ad
2775 4033 2944 4091 Saul
2974 4048 2996 4091 .·
3031 4033 3188 4091 Deos
3219 4032 3362 4091 vidi
3391 4052 3483 4092 as-

1990 4129 2323 4187 cendentes
2359 4130 2439 4187 de
2471 4137 2662 4189 terra.
2700 4128 3058 4192 Secundum
3089 4129 3479 4211 expositores

379 4229 521 4283 arte
561 4222 928 4303 pythonica,
964 4223 1072 4285 sed
1119 4222 1487 4304 operatione
1526 4232 1587 4286 et
1632 4224 1883 4306 dispen-
1913 4226 1961 4289 D
1991 4224 2359 4301 catholicOS,
2396 4225 2656 4307 ponitur
2694 4226 2798 4290 hic
2829 4227 3074 4310 plurale
3106 4246 3221 4308 pro
3265 4228 3480 4308 singu-

381 4320 637 4383 satione
667 4320 907 4383 divina.
938 4322 1019 4381 Ec
1039 4323 1136 4382 ait
1166 4323 1407 4383 mulier
1436 4326 1523 4383 ad
1552 4344 1700 4383 eum
1722 4326 1882 4385 :Ec-

377 4440 447 4479 ce
480 4429 555 4480 tu
576 4421 751 4479 nosti
768 4429 1016 4499 quanta
1038 4422 1263 4499 feeerit
1285 4423 1472 4493 Saul,
1490 4426 1880 4501 ecquomodo

380 4519 656 4578 eraserit
686 4537 905 4594 mayos
947 4527 1007 4579 et
1038 4520 1275 4579 ariolos
1313 4522 1393 4579 de
1425 4528 1596 4580 terra
1627 4541 1650 4579 .·
1680 4541 1882 4600 quare

379 4636 529 4692 erqo
562 4616 913 4675 insidiaris
932 4618 1173 4677 animoe
1204 4638 1358 4678 meoe
1378 4626 1451 4677 ut
1476 4620 1777 4679 occidar?
1797 4623 1881 4681 Ec

365 4716 643 4791 juravit
672 4714 735 4773 ei
764 4716 933 4775 Saul
962 4715 1035 4775 in
1064 4715 1367 4785 Domino,
1398 4718 1617 4777 dicens
1647 4736 1670 4778 .·
1711 4720 1881 4779 Vivit

380 4812 729 4883 DominuS,
756 4813 916 4891 quia
948 4832 1077 4873 non
1106 4815 1351 4875 eveniet
1373 4816 1493 4874 tibi
1522 4817 1882 4895 quidquam

383 4911 551 4971 mali
584 4919 855 4987 propter
889 4911 1063 4971 hanc
1098 4914 1260 4981 rem,
1301 4911 1366 4973 id
1408 4920 1525 4989 est,
1569 4920 1883 4995 tempora-

381 5008 441 5069 le
471 5006 867 5088 supplicium
904 5026 983 5070 ex
1015 5009 1197 5088 jussu
1233 5008 1397 5090 regis
1430 5027 1557 5072 non
1593 5011 1875 5092 patieriS.

380 5104 607 5168 Mei-uit
650 5113 863 5168 tamen
902 5104 1013 5168 illa
1049 5114 1355 5170 aeternum
1397 5109 1809 5190 supplicium,
1844 5132 1881 5175 a

378 5223 511 5287 quo
553 5204 707 5267 Saul
746 5224 887 5267 eam
928 5224 1293 5269 assecurare
1332 5208 1645 5289 nequivit.

460 5306 781 5387 Dioeicque
809 5305 872 5363 ei
900 5306 1141 5365 mulier
1170 5326 1193 5365 .·
1226 5308 1425 5379 Quem
1454 5306 1770 5369 suscitabo
1801 5309 1880 5369 ti-

1992 4321 2132 4397 lari,
2157 4323 2324 4385 sicut
2347 4324 2411 4385 in
2435 4324 2650 4388 Exodo
2677 4342 2691 4386 ε
2715 4326 2823 4388 Isti
2854 4334 3002 4388 sunt
3019 4326 3108 4389 dii
3137 4325 3228 4388 tui
3251 4326 3473 4401 lsrae13

1988 4438 2189 4501 quum
2211 4440 2340 4484 non
2364 4421 2558 4485 fuerit
2580 4424 2704 4485 nisi
2724 4424 2965 4487 idolum
2985 4444 3206 4487 unum.
3225 4425 3479 4507 Propter
3507 4433 3588 4461 ¹¹¹

1989 4520 2160 4600 quod
2210 4520 2276 4581 in
2307 4519 2505 4584 Esdra
2549 4521 2846 4603 leguntur
2891 4523 3126 4586 dixisse
3162 4542 3176 4586 :
3219 4524 3339 4587 Iste
3383 4532 3476 4587 est

1989 4619 2153 4681 Deus
2187 4626 2332 4681 tuus
2362 4619 2572 4697 Israel,
2600 4622 2710 4701 qui
2744 4629 2804 4683 te
2834 4623 3050 4685 eduxit
3081 4643 3156 4685 ex
3185 4624 3472 4705 AEgypto.

1989 4718 2206 4798 ltaque
2254 4718 2486 4781 mulier
2522 4736 2535 4780 :
2569 4720 2735 4796 Vidi,
2787 4720 3017 4802 inquit,
3061 4722 3210 4783 deos
3261 4740 3478 4784 ascen-

1990 4816 2213 4878 dentes
2243 4816 2322 4879 de
2355 4824 2540 4893 terra,
2569 4818 2630 4879 id
2653 4826 2748 4880 est
2771 4817 2978 4881 virum
3009 4818 3324 4895 divinum,
3345 4839 3478 4881 sur-

1988 4921 2241 4993 gentem
2287 4923 2349 4977 et
2394 4915 2768 4978 suscitatum
2814 4936 2848 4979 e
2883 4925 3317 4979 monumento.
3363 4916 3478 4981 He-

1992 5011 2144 5075 braei
2176 5012 2627 5093 imaginantur,
2662 5014 2832 5095 quod
2865 5014 3114 5078 Samuel
3146 5024 3376 5096 putans
3409 5035 3478 5078 se

1990 5111 2066 5173 ad
2089 5110 2379 5173 divinum
2404 5113 2615 5175 vocari
2636 5112 2970 5193 judicium,
2987 5114 3358 5195 deprecatus
3382 5122 3476 5177 est

1988 5208 2238 5291 Moysen
2273 5226 2487 5272 secum
2511 5210 2730 5273 venire
2751 5211 2830 5273 ad
2861 5212 3337 5293 protestandam
3363 5231 3476 5294 pro

1989 5326 2077 5385 se,
2092 5308 2266 5389 quod
2308 5308 2509 5389 legem
2550 5308 2835 5392 plenarie
2866 5310 3479 5395 adimplesset:qua-

3558 4354 3710 4399 Eat-od.

3591 4434 3634 4469 ιι,
3665 4422 3706 4463 4.

3525 4544 3560 4649 181
3575 4543 3770 4595 Eadmx.

3507 4612 3525 4650 l
3561 4638 3572 4649 .
