4359 6250
875 474 954 538 to

1753 498 2102 544 ΒΑωΤΙΟ
2141 499 2205 546 15
2244 500 2385 546 ΕΑΒ.
2430 501 2453 546 1
2490 501 2693 548 Ιῡδῐί.
2736 519 2823 530 -
2858 503 3003 548 m.
3048 503 3095 548 11

2019 915 2667 1001 ARTICULL'S
2740 917 2829 1000 ΙΙ

1577 1187 1656 1232 ΒΕ
1707 1187 2044 1233 semmam
2097 1189 2285 1234 HUIUS
2334 1188 2503 1234 Pffl!
2552 1190 2828 1235 CAPUTU
2880 1191 3261 1236 umente.

1021 1465 1595 1529 UEMADttont'tt
1629 1465 1934 1544 Origenes
1973 1474 2261 1542 testatur,
2293 1464 2371 1527 li·
2396 1467 2449 1528 A
2476 1475 2725 1528 ctorum
2770 1467 2878 1528 dat
2920 1467 3131 1530 locum
3176 1477 3237 1530 et
3281 1469 3613 1550 praemium
3658 1469 3725 1530 in
3770 1487 3968 1550 regno

881 1462 1014 1726 Q
1039 1563 1156 1628 ber
1185 1565 1290 1628 hic
1317 1583 1444 1628 non
1471 1575 1600 1627 tam
1629 1575 1808 1647 gaeta
1829 1565 2018 1629 Josue
2049 1565 2174 1627 filii
2198 1564 2369 1627 Nave

879 1681 966 1726 no
1012 1663 1068 1726 is
1116 1664 1378 1740 indicat,
1429 1684 1620 1746 quam
1671 1673 2068 1728 sacramenta
2115 1663 2367 1726 Domini

875 1763 1024 1824 lesu
1055 1763 1242 1826 nobis
1279 1762 1592 1844 depingit.
1625 1764 1840 1845 ltaque
1879 1763 2070 1826 Josue
2107 1763 2369 1825 nomine

879 1869 942 1923 et
975 1881 1044 1923 re
1072 1861 1392 1924 Christum
1425 1860 1864 1944 praefiguravit
1901 1879 1916 1923 :
1953 1862 2082 1924 imo
2119 1861 2271 1942 quia
2302 1861 2367 1922 in

881 1959 1100 2022 multis
1145 1960 1506 2023 eminenter
1549 1979 1620 2023 ac
1663 1961 1994 2023 evidenter
2037 1979 2152 2042 per
2205 1959 2371 2022 facta

876 2057 1092 2135 Josue,
1107 2059 1408 2140 mysteria
1435 2057 1666 2120 Christi
1693 2059 2048 2139 signantur,
2067 2059 2187 2120 iste
2206 2058 2372 2120 liber

881 2157 1048 2219 inter
1077 2157 1484 2239 propheticos
1511 2158 1764 2220 codices
1793 2157 2373 2240 computatur.Pro-

885 2256 1092 2337 phetae
1113 2273 1390 2336 namque
1409 2263 1472 2319 et
1493 2255 1602 2317 alii
1635 2255 1894 2336 quidam
1918 2255 2040 2316 viri
2063 2254 2371 2337 praecipui

883 2353 1118 2416 veteris
1147 2353 1555 2429 Testamenti,
1593 2370 1718 2416 non
1751 2352 1956 2416 solum
1989 2353 2229 2428 verbiS,
2262 2352 2373 2415 sed

881 2451 1072 2512 etiam
1097 2451 1284 2514 factis
1306 2452 1384 2513 de
1403 2452 1653 2514 Christo
1673 2460 1817 2513 sunt
1841 2451 2180 2514 vaticinati.
2195 2451 2377 2514 Idcir-

879 2568 956 2612 co
983 2549 1274 2612 Christus
1301 2549 1587 2632 loquitur
1617 2570 1730 2632 per
1758 2549 1914 2612 Osee
1943 2551 2317 2632 prophetam
2354 2569 2369 2612 :

2478 1564 2811 1641 coelorum,
2840 1567 3021 1646 juxta
3048 1585 3415 1629 mensuram
3454 1567 3828 1630 meritorum
3870 1588 3969 1630 su-

2478 1682 2685 1725 orum.
2728 1664 2795 1725 ln
2833 1662 2979 1726 aliis
3007 1683 3267 1746 quoque
3304 1665 3526 1727 multis
3570 1664 3693 1727 fuit
3732 1665 3969 1728 Christi

2482 1760 2717 1842 figura,
2751 1763 2917 1825 sient
2948 1762 3189 1845 patebit
3222 1764 3415 1825 infra.

2560 1863 2647 1922 Ec
2685 1863 2937 1938 sactum
2980 1873 3072 1922 est
3102 1873 3246 1939 pose
3290 1874 3553 1923 mortem
3600 1865 3863 1938 „iso—tysis,
3898 1873 3973 1924 ut

2484 1963 2848 2039 loqueretur
2876 1963 3195 2022 Dominus
3238 1965 3327 2021 ad
3359 1966 3551 2023 Josue
3596 1964 3973 2022 mn‘m‘stmm

2482 2062 2749 2135 Moysis,
2778 2058 3001 2121 diceus
3026 2076 3043 2119 ε
3078 2063 3327 2137 Moyses
3352 2082 3575 2120 servus
3604 2081 3779 2120 meus
3810 2081 3975 2120 mor-

2482 2167 2633 2216 tuus
2657 2167 2769 2217 est.
2793 2156 2909 2219 Per
2936 2157 3189 2238 Moysen
3220 2157 3321 2220 lex
3352 2165 3555 2234 vetuS,
3576 2177 3691 2240 per
3718 2157 3973 2238 Moysen

2482 2255 2649 2331 data,
2684 2255 2871 2317 datur
2911 2255 3213 2337 intelligi,
3240 2257 3421 2336 juxta
3465 2256 3626 2318 illud
3671 2255 3739 2317 in
3770 2256 3974 2319 Evan-

2480 2353 2651 2433 gelio
2700 2372 2717 2416 :

2770 2353 2833 2416 Si
2884 2355 3135 2436 Movsen
3184 2363 3246 2417 et
3294 2355 3637 2438 Prophetas
3688 2373 3815 2418 non
3863 2374 3975 2417 au-
4040 2383 4150 2426 Lm,
4178 2396 4261 2426 m

2484 2453 2691 2528 diunt,
2708 2473 2917 2534 neque
2946 2453 3001 2514 si
3030 2455 3177 2535 quis
3204 2474 3283 2516 ex
3312 2453 3581 2516 mortuis
3606 2455 3971 2530 surrexerit,
4000 2449 4065 2488 ³¹·

2482 2552 2765 2614 credent.
2797 2551 2913 2614 Per
2956 2552 3075 2614 hoe
3114 2571 3266 2631 ergo
3308 2553 3479 2634 quod
3520 2563 3663 2636 post
3702 2561 3973 2616 mortem

590 2663 850 2710 omnmo.
881 2649 1012 2729 Ego
1053 2649 1334 2711 visiones
1379 2649 1826 2730 multiplicavi,
1869 2657 1934 2711 et
1972 2649 2039 2711 in
2079 2648 2375 2711 manibus
2412 2655 2457 2716 B
2482 2651 2711 2732 Moysis
2744 2650 2993 2713 locutus
3020 2659 3117 2712 est
3146 2650 3453 2713 Dominus
3482 2650 3693 2728 Josue,
3740 2651 3767 2712 f
3772 2651 3975 2730 igura-

2486 2757 2608 2824 tur,
2623 2749 2795 2830 quod
2816 2749 3197 2811 adveniente
3217 2749 3617 2831 plenitudine
3640 2749 3968 2832 temporis,
4016 2770 4261 2817 camum.

881 2748 1336 2830 Prophetarum
1359 2746 1750 2810 assimilatus
1769 2767 1935 2810 sum.
1961 2748 2026 2810 ln
2049 2747 2371 2824 manibus,

885 2847 1118 2928 inquit,
1159 2846 1638 2928 Prophetarum,
1675 2846 1738 2909 id
1771 2855 1866 2909 est
1905 2866 2020 2928 per
2049 2866 2244 2928 opera
2277 2866 2375 2910 eo-

885 2964 1050 3021 rum,
1085 2963 1228 3006 sum
1271 2943 1791 3007 similitudinarie
1834 2945 2278 3027 praesignatuS.

883 3142 1121 3223 egregii
1163 3142 1284 3205 hoc
1325 3142 1585 3205 nomine
1611 3146 1815 3214 Iesus,
1850 3143 1917 3204 in
1961 3150 2110 3225 typo
2141 3143 2373 3205 summi

777 3278 783 3285 ·
883 3242 1028 3305 Jesu
1061 3241 1318 3317 Christi,
1354 3249 1505 3303 sunt
1549 3240 1918 3323 nuncupati.
1952 3241 2200 3303 Primus
2236 3241 2377 3304 illo-

631 3560 746 3614 Αῃῃ.
769 3573 798 3607 ι,
819 3561 856 3607 t.

595 3626 668 3674 12;
689 3637 734 3673 ιι,
752 3626 792 3671 2,
815 3626 857 3666 5.

589 3749 734 3794 Zaeh.
749 3752 856 3799 m,l.

887 3359 1030 3402 rum
1078 3340 1200 3402 fuit
1239 3340 1428 3403 Josue
1475 3339 1596 3401 iste
1637 3340 1764 3401 dux
1813 3340 2140 3403 israelitici
2179 3359 2377 3422 popu-

887 3438 958 3515 li,
991 3438 1102 3519 qui
1134 3458 1252 3507 suo
1281 3437 1644 3520 principatu
1678 3437 1914 3518 regiam
1954 3439 2187 3501 Christi
2232 3438 2377 3501 Iesu

887 3536 1260 3617 dignitatem
1320 3536 1618 3617 signavit.
1674 3536 2002 3598 Secundus
2046 3535 2169 3599 fuit
2199 3538 2378 3600 Jesus

884 3635 1146 3698 Josedec
1185 3636 1484 3697 sacerdos
1525 3654 1815 3716 magnus,
1852 3634 1916 3696 id
1955 3644 2052 3697 cst
2091 3636 2378 3718 pontifex

884 3736 1267 3811 Judaeorunl,
1303 3735 1414 3816 qui
1447 3734 1767 3795 Christum
1811 3734 2048 3812 Jesum,
2086 3736 2151 3797 in
2184 3754 2380 3817 quan-

2484 2849 2551 2909 in
2582 2865 2711 2928 quo
2740 2847 2905 2908 Deus
2942 2847 3223 2909 decrevit
3268 2847 3597 2929 imponere
3638 2848 3838 2910 finem
3886 2848 3975 2910 le—

2482 2945 2757 3024 galibuS‚
2792 2945 3157 3007 incarnatus
3184 2953 3281 3007 est
3312 2945 3619 3018 Christus
3653 2954 3847 3028 atque
3878 2965 3975 3008 se—
4028 2961 4137 3003 Lue.
4156 2961 4245 3003 m.

963 3043 1270 3124 Denique,
1309 3042 1373 3104 in
1415 3043 1616 3107 veteri
1646 3042 2048 3106 Testamento
2085 3051 2213 3105 tres
2254 3043 2373 3104 viri
2482 3046 2763 3108 cundum
2786 3063 2965 3107 suam
2997 3043 3457 3106 humanitatem
3479 3043 3720 3127 Spiritu
3742 3043 3975 3108 Sancto
4028 3060 4093 3103 ιε.
4115 3061 4229 3105 ηε.

2486 3145 2764 3226 repletus
2793 3152 2911 3219 est,
2946 3163 3061 3226 per
3090 3144 3275 3223 cujus
3303 3143 3755 3207 allocutionem
3788 3143 3980 3206 inter-

2486 3262 2631 3305 nam
2672 3244 2972 3324 cognovit
3004 3242 3231 3322 legalia
3257 3242 3387 3323 jam
3428 3261 3569 3305 esse
3608 3242 3979 3324 sepelienda

2485 3360 2558 3403 ac
2600 3348 2943 3404 cessatura.
2985 3341 3311 3415 Praeterea,
3358 3339 3523 3401 sicut
3566 3340 3773 3421 Moyse
3811 3359 3981 3403 mor-

2486 3448 2623 3515 tuo,
2673 3439 2861 3503 Josue
2922 3439 2990 3500 in
3050 3438 3413 3521 principatu
3474 3438 3781 3501 successit
3815 3463 3830 3511 3
3886 3439 3979 3502 sic

2489 3538 2720 3600 veteris
2770 3537 2928 3617 legis
2976 3537 3383 3601 observantia
3410 3535 3767 3613 desinente,
3804 3537 3982 3599 Chri-

2488 3646 2621 3699 stus
2652 3636 2851 3699 Filius
2882 3636 3015 3713 Dei,
3034 3635 3463 3718 principatum
3495 3633 3739 3716 accepit
3770 3634 3982 3698 Eccle-

2488 3735 2620 3812 siae,
2655 3743 2715 3797 et
2749 3735 2952 3798 factus
2982 3743 3079 3797 est
3111 3731 3337 3813 legifer
3368 3752 3475 3795 rex
3502 3734 3981 3809 Judaeorum,ac

4096 3758 4209 3800 [bid.

889 3844 1024 3897 tum
1075 3840 1173 3896 est
1220 3852 1505 3896 summus
1554 3830 1867 3906 Pontifex,
1904 3832 2375 3915 *praefiguravit.
2414 3842 2459 3904 C
2488 3832 2777 3897 Pontifex
2820 3831 2949 3894 veri
2993 3831 3474 3914 spiritualisque
3512 3830 3780 3907 israeliS,
3810 3830 3984 3892 vide-
4008 3836 4152 3871 *Μ’*
4182 3824 4245 3861 ·²·

4048 3886 4191 3927 Hebr.
4204 3896 4267 3925 su.

591 3946 858 3995 ecclam.
890 3932 1142 3994 Tertius
1203 3930 1326 3993 fuit
1383 3932 1564 3993 Iesus
1625 3930 1805 3992 filius
1864 3930 2108 4007 Sirach,
2159 3940 2381 3995 auctor
2492 3932 2641 3994 licet
2662 3930 2873 4013 populi
2904 3928 3236 3993 christiani
3269 3948 3383 4011 per
3404 3930 3697 3992 Hebraeos
3728 3926 3983 4009 signifi·
4012 3952 4081 3991 2⁶.

890 4030 1320 4093 Ecclesiastici
1371 4029 1543 4106 libri,
1577 4030 1688 4110 qui
1741 4048 1853 4111 per
1904 4049 2084 4091 suam
2135 4030 2382 4112 sapien-

2490 4029 2629 4094 cati.
2646 4031 2825 4093 Circa
2854 4029 2988 4091 haec
3020 4028 3295 4109 loquitur
3313 4026 3615 4107 Origenes
3644 4045 3659 4089 τ
3686 4026 3986 4089 Conside-

593 4142 856 4190 c01ouu.=·.3-
890 4129 1042 4191 tiam
1099 4138 1287 4210 typus
1336 4128 1580 4191 exstitit
1626 4128 1772 4190 Jesu
1823 4128 2079 4204 Christi,
2133 4128 2200 4189 in
2251 4148 2381 4209 quo
2494 4148 2563 4191 ra
2601 4128 2967 4191 subversam
2996 4126 3345 4189 Jerusalem
3376 4145 3535 4201 esse,
3572 4125 3879 4207 templum
3922 4134 3983 4187 et

605 4533 812 4578 βιαίαν

593 4602 635 4648 ’.1,
659 4601 722 4649 10,
749 4600 815 4639 ¹3.

620 4834 758 4879 lonae
770 4847 860 4885 ι,ιιι,

635 5134 756 5178 Ιὸὶᾱ.

625 5214 679 5243 n.

871 4246 1114 4291 -omnes
1147 4226 1425 4289 thesauri
1461 4226 1788 4308 sapientia}
1817 4235 1880 4289 et
1911 4226 2195 4290 scientiae
2233 4235 2383 4287 sunt

891 4326 1273 4389 absconditi.
1329 4326 1592 4407 insuper
1651 4325 1838 4389 Josue
1879 4325 1953 4407 ‚in
2015 4324 2237 4387 multis
2287 4335 2383 4389 est

890 4424 1124 4489 Christi
1171 4424 1401 4506 figura.
1453 4424 1684 4499 Primo,
1725 4424 2031 4504 quoniam
2077 4424 2385 4486 Amaleci-

817 4546 860 4580 ιι.
895 4531 1010 4599 taS,
1046 4524 1158 4605 qui
1202 4522 1378 4585 filios
1417 4522 1604 4585 lsrael
1655 4522 2136 4603 impugnarunt,
2172 4521 2385 4584 debel-

893 4620 1050 4684 lavit
1093 4638 1107 4683 :
1153 4620 1244 4683 sic
1294 4630 1356 4683 et
1403 4621 1688 4683 Christus
1738 4618 2096 4683 invisibiles
2144 4620 2380 4696 hosteS‚

893 4720 1002 4802 qui
1049 4719 1361 4802 populum
1393 4718 1502 4781 Dei
1544 4719 1937 4781 incessanter
1979 4716 2381 4799 impugnant,

894 4818 1152 4881 devicit.
1191 4817 1502 4895 Secundo,
1537 4816 1842 4899 quoniam
1883 4815 2056 4877 filios
2097 4816 2284 4878 Israel
2320 4816 2385 4877 in

895 4924 1126 4980 terram
1168 4916 1466 4999 perduxit
1507 4914 1952 4997 promissionis
1993 4930 2008 4975 :
2046 4913 2136 4977 sic
2176 4914 2388 4976 Domi-

779 5146 866 5175 xm-
898 5112 1224 5177 felicitatis
1270 5112 1570 5176 coelestiS.
1608 5109 1842 5185 Tert10‚
1884 5108 2189 5191 quoniam
2229 5110 2387 5173 filiis

896 5212 1082 5275 Israel
1116 5213 1337 5275 divisit
1368 5220 1597 5274 terram
1634 5207 2010 5290 promissam
2049 5226 2062 5269 :
2090 5208 2181 5270 sic
2210 5209 2389 5271 Jesus

2490 4228 2690 4290 altare
2734 4227 3077 4300 destructa,
3102 4223 3473 4301 sacrificia,
3530 4223 3982 4298 sacerdotium,

2492 4324 2901 4408 pontificium
2934 4332 2991 4385 et
3027 4322 3325 4405 mysteria
3354 4322 3707 4385 litterarum
3740 4340 3986 4384 cessas-

2495 4445 2583 4499 se,
2626 4432 2689 4487 et
2738 4422 2935 4484 dicito
2968 4440 2983 4485 :
3018 4422 3255 4503 Moyses
3304 4440 3535 4484 servus·
3554 4420 3660 4483 Dei
3694 4428 3989 4483 mortuus

2494 4530 2610 4585 cst.
2645 4520 2987 4585 Considera
3016 4538 3273 4601 quoque.
3302 4527 3523 4598 gentes
3553 4537 3693 4581 esse
3724 4537 3990 4582 eonver-

2496 4640 2597 4683 sas
2644 4620 2723 4682 ad
2774 4618 2995 4695 fidem,
3045 4619 3109 4681 id
3160 4625 3276 4693 est,
3322 4617 3623 4680 ecclesias
3672 4617 3987 4693 construi,

2494 4719 2719 4782 altaria
2750 4736 2877 4781 non
2908 4736 3133 4780 cruore
3166 4716 3481 4797 pecudum
3520 4714 3839 4796 adspergi,
3877 4717 3989 4778 sed

2496 4816 2775 4900 pretioso
2804 4813 3037 4877 Christi
3070 4813 3382 4894 sanguine
3418 4812 3726 4887 decorari,
3761 4822 3826 4875 et
3856 4814 3985 4889 dic,

2496 4915 2647 4998 quia
2688 4916 2868 4977 lesus
2919 4922 3058 4994 post
3111 4919 3380 4974 mortem
3432 4910 3657 4992 Moysis
3705 4910 3993 4973 obtinuit
4022 4934 4272 4982 Acamas.

897 5034 1018 5078 nus
1038 5016 1218 5079 Jesus
1250 5015 1488 5079 electos
1520 5031 1671 5075 suos
1698 5013 1763 5074 in
1791 5030 2058 5093 regnum
2093 5012 2387 5093 perduxit
2418 5020 2468 5081 D
2496 5013 2946 5096 principatum,
3002 5029 3127 5072 non
3174 5010 3354 5071 lesus
3407 5007 3585 5070 filius
3633 5008 3825 5083 Nave,
3878 5012 3991 5072 sed

2494 5113 2674 5175 Jesus
2706 5109 2903 5171 Filius
2934 5109 3065 5169 Dei.

2579 5210 2818 5271 Rursus
2851 5225 2964 5287 per
3004 5206 3276 5287 Moysen,
3310 5202 3693 5283 intelligitur
3745 5204 3846 5266 lex
3900 5206 3997 5267 di—

903 5312 1191 5374 omnium
1225 5310 1419 5392 judex
1450 5328 1523 5373 ac
1544 5306 2244 5389 DominuS,unicuique
2274 5308 2392 5371 ele-
2503 5307 2653 5370 vina
2689 5331 2703 5379 ς
2766 5323 2880 5388 per
2924 5305 3109 5368 Josue
3162 5301 3527 5364 ministrum
3584 5302 3834 5383 MoysiS,
3890 5305 3997 5367 bo-
