4359 6250
110 1773 257 1829 Ephe&

98 1905 189 1947 θοι.
202 1915 311 1948 xvnu,

78 1971 133 2012 12.

98 2173 240 2218 lPetr.
256 2188 312 2223 m,

1100 508 1449 555 mannum
1491 508 1551 554 m
1594 508 1731 554 CAP.
1778 507 1886 553 xlx
1925 508 2200 556 mmmm.
2245 525 2326 538 ··-
2365 508 2508 556 Am.
2556 510 2729 557 xxxu

3327 494 3440 558 211

350 692 487 738 non
526 697 565 739 a
601 680 945 743 concubitu
992 679 1361 757 fornicariQ
1397 683 1507 745 sed
1546 701 1583 744 a
1621 699 1853 745 concu-
1880 678 1931 742 A
1960 699 2100 742 eam
2139 680 2349 744 missae
2389 690 2538 744 sunt
2575 683 2718 746 duae
2757 690 2987 765 parteS.
3025 686 3206 752 Quod
3241 705 3443 764 quum

350 772 494 837 bitu
525 776 907 859 simpliciter
925 779 1119 842 dicto.
1140 780 1319 843 Nune
1349 789 1563 843 tamen
1594 779 1659 842 in
1682 798 1851 842 com-

346 875 532 935 muni
579 878 769 940 modo
815 877 1142 960 loquendi,
1179 879 1541 943 concubina
1581 879 1648 940 in
1677 879 1847 942 malo

344 972 687 1055 accipitur,
730 986 921 1057 prout
968 987 1233 1043 vocatur
1275 999 1314 1041 a
1354 977 1703 1042 concubitu
1754 997 1850 1040 se-

345 1072 634 1134 cundum
656 1093 727 1136 se
747 1073 1015 1153 intento,
1043 1085 1199 1158 puta
1228 1077 1585 1141 libidinoso.
1612 1080 1695 1139 Et
1726 1087 1851 1137 tra-

342 1171 527 1231 didit
556 1175 649 1232 eis
679 1175 1091 1237 illudendam
1112 1197 1135 1236 .·
1167 1198 1295 1256 qua
1338 1197 1541 1256 quum
1584 1186 1713 1237 tota
1744 1195 1850 1236 no-

342 1277 443 1328 cte
470 1271 661 1330 abusi
694 1284 920 1344 essent,
952 1273 1253 1338 videlicet
1285 1275 1439 1356 quia
1476 1274 1701 1337 illicite
1740 1281 1849 1336 aut

343 1365 544 1429 ctiam
584 1369 1033 1435 innaturaliter
1062 1392 1139 1436 ea
1178 1373 1544 1450 utebantur,
1576 1375 1845 1434 dimise-

345 1476 509 1527 runt
550 1489 693 1530 eam
738 1491 950 1531 mane.
986 1474 1076 1533 Ac
1116 1474 1383 1542 mulier,
1412 1473 1848 1533 recedentibus

344 1567 647 1638 tenebris,
680 1571 860 1630 venit
900 1573 990 1630 ad
1026 1572 1264 1632 ostium
1302 1573 1533 1632 domus
1572 1572 1684 1630 ubi
1716 1591 1849 1630 ma-

342 1665 539 1724 nebat
564 1668 871 1728 dominus
898 1688 1079 1739 suus,
1104 1677 1255 1751 puta
1286 1668 1574 1744 marituS‚
1596 1667 1705 1750 qui
1739 1668 1848 1730 do-

270 1788 311 1826 v.
341 1761 565 1824 minus
592 1765 889 1848 conjugis
920 1766 1301 1849 appellatur,
1331 1767 1485 1849 quia
1521 1767 1620 1830 vir
1650 1775 1843 1849 caput

1960 782 2268 841 vidissent
2295 782 2571 858 sinyuli,
2603 781 2669 843 id
2706 790 2823 857 est,
2860 782 3097 845 factum
3131 781 3297 844 istud
3331 801 3444 864 per

1960 877 2218 940 nuntios
2247 878 2730 956 intellexissent,
2751 887 2944 961 atque
2969 879 3034 941 in
3066 880 3320 961 signum
3343 901 3442 945 ve-

1960 975 2163 1038 ritatis
2189 986 2400 1059 partes
2420 978 2610 1041 divisi
2632 978 2915 1061 corporis
2945 979 3444 1062 conspexissent,

1958 1078 2444 1136 conclamabant
2474 1098 2497 1136 .·
2530 1077 2890 1157 Nunquam
2935 1098 3033 1138 res
3074 1081 3225 1139 talis
3268 1083 3444 1160 facta

1956 1181 2045 1232 est
2074 1175 2147 1234 in
2177 1175 2408 1243 Israel,
2440 1174 2501 1237 id
2535 1183 2629 1237 est
2673 1184 2798 1237 tam
2837 1175 3312 1255 abominabilis,
3349 1177 3446 1240 in-

1959 1270 2287 1348 naturaliS,
2322 1273 2619 1349 crudeliS,
2653 1293 2734 1333 eoe
2762 1294 2830 1334 eo
2860 1277 2966 1335 die
2999 1296 3121 1354 quo
3156 1280 3450 1338 ascende-

1956 1379 2115 1430 runt
2152 1380 2374 1447 patres
2420 1372 2626 1432 nostri
2671 1375 2751 1431 cle
2789 1373 3074 1450 AEqypto
3124 1395 3324 1454 usque
3371 1377 3446 1436 in

1947 1485 2231 1542 prcesens·
2262 1477 2527 1546 tempus.
2552 1469 3002 1533 Verumtamen
3032 1471 3319 1536 adoratio
3350 1472 3443 1536 vi-

1958 1564 2075 1626 tuli
2105 1565 2304 1643 aurei,
2339 1575 2402 1629 et
2429 1567 2771 1631 declinatio
2800 1569 3168 1632 Danitarum
3200 1571 3278 1633 ad
3311 1571 3444 1634 ido-

1957 1661 2294 1742 lolatriam,
2331 1665 2582 1728 videtur
2621 1666 2988 1730 sceleratior
3027 1666 3228 1732 fuisse
3265 1688 3332 1732 re
3364 1670 3445 1732 is-

1959 1768 2058 1836 ta3
2096 1763 2206 1824 sed
2257 1762 2420 1826 forte
2468 1763 2638 1827 eirca
2685 1783 2879 1828 unam
2929 1784 3264 1846 personam
3315 1786 3442 1831 non

342 1869 443 1920 est
473 1861 791 1926 mulieris,
824 1865 1000 1928 Unde
1030 1873 1095 1928 et
1124 1866 1275 1928 Sara
1302 1866 1621 1929 Abraham
1654 1865 1847 1930 domi·
1884 1867 1929 1929 Β
1956 1859 2225 1940 contigit
2253 1870 2400 1924 ante
2425 1860 2674 1925 facinus
2707 1870 2974 1940 tantum,
2997 1864 3096 1928 vel
3129 1866 3448 1947 loquendo

344 1977 506 2021 num
552 1965 989 2046 nuncupavit:
1025 1966 1197 2047 quod
1242 1973 1305 2027 et
1348 1965 1645 2048 princeps
1685 1965 1848 2047 Apo-

342 2057 664 2123 stolorum
694 2062 763 2124 in
792 2083 909 2126 sua
934 2063 1254 2128 Canonica
1291 2065 1501 2146 prima
1540 2064 1845 2128 uxoribus

344 2156 413 2218 in
456 2161 829 2243 exemplum
873 2163 1194 2244 proponit,
1230 2172 1303 2226 ut
1338 2163 1510 2227 viros
1550 2182 1699 2226 suos
1736 2163 1847 2226 ho-

344 2267 602 2320 norent.
636 2259 851 2323 Posset
883 2271 1094 2324 tamen
1126 2281 1242 2343 per
1268 2262 1603 2325 dominum
1628 2262 1849 2343 conju-

340 2354 464 2434 εἰς,
486 2356 725 2440 hospes
754 2358 1053 2439 intelligi.
1073 2360 1251 2423 Unde
1282 2369 1344 2422 et
1375 2360 1642 2423 maritus
1674 2360 1849 2422 dixe-

338 2462 441 2518 rat
472 2455 649 2518 seni:
677 2456 991 2520 Habemus
1012 2459 1235 2522 vinum
1256 2467 1321 2522 et
1345 2478 1541 2540 panes
1573 2459 1639 2521 in
1671 2477 1847 2522 meos

342 2561 407 2614 et
435 2553 695 2617 ancillae
724 2563 850 2620 tuae
882 2577 1056 2619 usuS.
1092 2557 1177 2620 E't
1206 2560 1456 2619 corruit
1484 2559 1599 2618 ibi.

422 2652 631 2710 Mane
674 2651 873 2726 facto,
910 2654 1205 2712 surrexit
1257 2653 1441 2713 homo
1484 2663 1545 2713 et
1588 2653 1849 2731 aperuit

340 2749 615 2816 ostium,
647 2759 719 2810 ut
748 2759 1019 2827 coeptam
1050 2753 1333 2829 expleret
1370 2753 1570 2812 viam.
1596 2754 1681 2812 Et
1714 2770 1849 2810 ecce

338 2849 709 2908 concubina
748 2849 889 2923 ejus
912 2849 1173 2926 jacebat
1212 2859 1363 2910 ante
1402 2851 1638 2910 ostium
1665 2869 1848 2927 spar-

334 2946 539 3006 sis-*in
572 2948 805 3006 limine
835 2949 1159 3018 manibus,
1183 2965 1313 3028 prae
1344 2946 1726 3023 afflictione,
1765 2946 1848 3009 fa-

1957 1959 2035 2022 de
2058 1968 2318 2042 peceato
2344 1958 2410 2023 in
2440 1961 3022 2043 proximum.Ferte
3039 1961 3448 2038 senceiuiam,

1955 2067 2016 2119 el
2045 2060 2116 2118 in
2146 2079 2482 2121 commune
2509 2063 2850 2132 decernite,
2887 2059 2952 2123 id
2983 2070 3101 2139 est,
3125 2065 3451 2126 concordi-

1960 2162 2054 2217 ter
2080 2155 2382 2238 judicate,
2401 2160 2565 2238 quid
2583 2162 2754 2239 facto
2773 2179 2932 2236 opus
2949 2163 3061 2230 sit,
3079 2160 3144 2222 id
3165 2169 3281 2239 est,
3301 2181 3450 2244 qua·
3521 2213 3528 2220 .

1958 2251 2103 2316 liter
2140 2255 2382 2318 crimen
2422 2255 2590 2318 istud
2641 2256 2725 2318 sit
2761 2257 3221 2321 ulciscendum.
3256 2258 3446 2333 Quasi

1956 2350 2206 2415 dicant:
2229 2352 2487 2434 Oportet
2517 2372 2631 2416 nos
2663 2354 3006 2418 convenire
3037 2356 3104 2419 in
3137 2376 3358 2436 unum,
3384 2367 3447 2421 et

1958 2470 2149 2533 super
2179 2451 2298 2514 hoc
2329 2451 2562 2515 habere
2590 2452 2955 2516 consilium.

2036 2550 2251 2613 Posset
2282 2550 2388 2613 hic
2417 2551 2638 2632 quaeri,
2663 2571 2744 2614 an
2775 2572 2968 2616 senex
2999 2573 3180 2616 suam
3212 2553 3441 2632 filiam,

1958 2656 2019 2710 et
2040 2647 2288 2712 Levites
2320 2667 2500 2710 suam
2523 2666 2780 2711 uxorem
2813 2649 3156 2732 impiorum
3187 2649 3445 2714 illorum
3540 2649 3552 2660 '

1956 2748 2333 2828 exponendo
2361 2767 2472 2809 seu
2503 2746 2836 2811 offerendo
2866 2747 3121 2811 libidini
3149 2749 3227 2811 ad
3249 2750 3446 2814 vitan-

1955 2847 2107 2908 dum
2135 2846 2394 2926 gravius
2422 2845 2688 2922 crimen,
2710 2846 3012 2910 videlicet
3043 2847 3272 2910 vitium
3302 2867 3445 2912 con-

1956 2953 2053 3006 tra
2082 2952 2401 3022 naturam,
2431 2944 2532 3008 vel
2573 2963 2652 3007 ne
2689 2944 2910 3008 Levita
2939 2945 3335 3009 occideretur
3363 2947 3443 3010 ab

343 3042 679 3125 tigatione,
700 3045 1105 3122 verecundia,
1141 3053 1204 3107 et
1234 3063 1529 3109 moerore.
1557 3048 1678 3107 Cui
1704 3048 1846 3116 ille,
1879 3046 1923 3110 C
1956 3042 2106 3118 illis,
2128 3051 2510 3106 excusentur
2530 3063 2568 3104 a
2594 3043 2803 3125 culpa.
2821 3043 3084 3106 Videtur
3103 3046 3276 3127 quod
3306 3046 3398 3108 sic
3425 3062 3438 3108 :

332 3154 589 3221 putans
606 3165 749 3205 eam
768 3148 1110 3225 quiescere,
1128 3148 1525 3226 loquebatur:
1537 3150 1772 3223 Surye,
1788 3156 1848 3207 et

338 3244 772 3303 ambulemus.
809 3246 949 3310 Qua
979 3244 1158 3303 nihil
1187 3246 1624 3321 respondente,
1658 3246 1847 3305 intel·

340 3342 555 3417 leyen-s·
582 3345 756 3421 quod
782 3351 924 3402 erat
958 3352 1232 3414 mortua,
1266 3350 1413 3419 etc„
1450 3364 1740 3404 reversus
1772 3346 1845 3405 in

338 3442 615 3501 domum
643 3461 857 3513 suam,
890 3443 1184 3519 arripuit
1207 3444 1533 3518 yladium,
1564 3452 1625 3503 et
1653 3446 1845 3505 cada-

342 3560 451 3599 ver
482 3541 719 3599 zoa-oris
750 3560 899 3599 cum
940 3542 1181 3600 ossibus
1218 3542 1355 3601 suis
1394 3543 1467 3601 in
1504 3544 1845 3603 duodecim

334 3648 562 3715 partes
588 3658 669 3699 ac
687 3640 906 3717 frusta
934 3641 1294 3712 concidens,
1318 3642 1496 3701 misit
1528 3643 1601 3701 in
1629 3662 1875 3707 omnes,

340 3740 653 3800 terminos
689 3742 918 3801 Israel.
952 3738 1285 3801 Probabile
1330 3747 1445 3815 est,
1490 3740 1662 3821 quod
1712 3760 1840 3804 non

340 3837 519 3899 misit
550 3836 633 3899 ad
664 3835 901 3899 tribum
932 3836 1286 3918 Benjamin,
1306 3837 1461 3918 quia
1478 3837 1845 3903 Gabaanitae

338 3935 715 4016 Benjamitae
748 3933 1030 3999 fuerunt.
1067 3935 1191 3998 Nec
1224 3954 1386 4017 opus
1429 3934 1554 4000 fuit
1588 3938 1840 4003 mittere

340 4035 649 4097 nuntium
692 4034 1036 4117 specialem
1081 4034 1159 4096 ad
1205 4034 1442 4098 tribum
1488 4035 1660 4112 Levi,
1696 4056 1841 4118 quae

342 4143 475 4197 erat
514 4152 635 4217 per
671 4152 893 4197 omnes
935 4133 1139 4196 tribus
1170 4133 1477 4216 dispersa.
1511 4134 1837 4208 Quomodo

1952 3142 2107 3223 quia
2135 3161 2213 3205 ex
2229 3143 2513 3223 quadam
2546 3142 2781 3223 pietate
2812 3151 2875 3205 et
2905 3144 3168 3206 caritate
3198 3145 3319 3208 hoc
3353 3143 3444 3207 fe-

1954 3240 2117 3303 cisse
2147 3240 2466 3315 videntur,
2498 3248 2608 3303 aut
2636 3260 2712 3303 ex
2743 3248 2916 3303 metu
2946 3226 3254 3305 in'virum
3287 3260 3439 3306 con-

1954 3346 2225 3401 stantem
2254 3339 2533 3401 cadente.
2547 3338 2921 3421 Oppositum
2943 3358 3094 3403 vero
3113 3340 3441 3423 probatur,

1953 3438 2124 3519 quod
2162 3456 2328 3499 unus
2367 3455 2496 3500 non
2531 3436 2721 3499 debet
2757 3438 3155 3502 committere
3187 3440 3438 3503 veniale

1954 3544 2306 3617 peccatum,
2341 3544 2412 3598 ut
2449 3534 2646 3597 alium
2689 3554 2728 3597 a
2770 3535 3021 3599 mortali
3070 3546 3436 3619 praeservet.

1953 3634 2075 3697 Nec
2124 3654 2200 3696 ex
2248 3632 2473 3697 timore
2519 3652 2744 3715 poenae,
2800 3634 3263 3699 admittendum
3325 3656 3439 3700 seu

1952 3732 2478 3796 committendum
2521 3740 2617 3794 est
2657 3732 2896 3795 malum
2937 3732 3144 3817 culpae
3178 3752 3192 3796 ε
3237 3735 3440 3798 multo

1952 3832 2165 3893 minus
2195 3830 2384 3893 debet
2410 3832 2554 3912 quis
2584 3831 2866 3913 aliquam
2897 3851 3234 3915 personam
3265 3834 3440 3896 adul·

1957 3930 2113 3993 terio
2136 3930 2236 3993 vel
2267 3937 2488 4011 stupro
2518 3947 2853 4011 exponere.
2877 3930 3246 4008 Dicendum,
3263 3932 3435 4013 quod

1952 4029 2006 4091 si
2038 4048 2230 4091 senex
2261 4027 2526 4110 protulit
2555 4028 2748 4091 verba
2786 4028 2896 4091 illa
2934 4048 3080 4091 cum
3112 4030 3439 4112 proposito

1951 4126 2301 4191 deliberato
2347 4126 2440 4189 sic
2489 4125 2788 4202 faciendi,
2837 4146 2964 4191 non
3013 4136 3355 4191 excusatur
3403 4147 3440 4191 a

340 4250 493 4313 ergo
524 4232 707 4295 misit
732 4232 1071 4296 duodecim
1110 4240 1323 4313 partes
1362 4251 1474 4314 per
1502 4232 1839 4295 duodecim
1872 4232 1922 4294 D
1952 4235 2104 4303 toto,
2138 4224 2432 4307 quamvis
2462 4244 2500 4287 a
2530 4232 2726 4287 tanto.
2762 4225 2824 4287 Si
2865 4243 3014 4289 vero
3051 4225 3305 4289 locutus
3341 4235 3440 4289 est

345 4332 611 4395 nuntios
641 4331 719 4393 ad
748 4330 1087 4394 duodecim
1117 4330 1423 4394 terminos
1462 4331 1696 4393 lsrael?
1727 4332 1843 4395 Re-

344 4432 721 4513 spondetur,
755 4430 929 4511 quod
958 4448 1077 4511 pro
1110 4428 1279 4491 tribu
1307 4428 1480 4506 Levi,
1519 4428 1722 4492 tribus
1751 4431 1844 4494 Jo-

344 4529 503 4612 seph
541 4528 671 4591 suit
700 4527 769 4589 in
796 4529 957 4590 duas
989 4526 1195 4590 tribus
1223 4527 1451 4592 divisa.
1486 4528 1563 4589 Et
1594 4548 1835 4607 rursuS,

344 4627 555 4691 tribus
592 4626 879 4690 Manasse
917 4646 1035 4710 pro
1073 4627 1284 4689 media
1322 4634 1499 4709 parte
1529 4626 1842 4693 habitavit

342 4727 511 4791 ultra
536 4726 903 4803 Iordanem,
937 4743 1053 4809 pro
1082 4726 1292 4788 media
1322 4725 1503 4803 eitra,
1538 4734 1600 4790 et
1644 4726 1733 4790 ita
1761 4728 1843 4791 ad

1952 4324 2144 4390 verba
2171 4324 2307 4387 haee
2337 4342 2416 4387 ex
2443 4323 2874 4405 subreptione,
2907 4333 3018 4387 aut
3056 4325 3264 4389 solum
3299 4326 3435 4388 ani-

1952 4443 2055 4488 mo
2084 4423 2410 4487 avertendi
2451 4422 2680 4505 impios
2710 4422 2854 4486 illos
2885 4442 2923 4486 a
2950 4442 3067 4487 suo
3094 4434 3432 4507 conceptu,

1952 4530 2286 4585 excusatur
2315 4521 2540 4585 saltem
2569 4538 2606 4585 a
2634 4521 2909 4584 mortali.
2934 4522 3152 4586 Levita
3179 4541 3438 4604 quoque

1952 4640 2133 4683 suam
2160 4621 2498 4703 conjugem
2528 4621 2902 4703 exponendo
2931 4640 3007 4683 ex
3037 4622 3245 4685 causis
3276 4640 3440 4704 prae-

1956 4717 2125 4797 fatis,
2160 4738 2288 4783 non
2320 4728 2658 4783 excusatur
2685 4719 2752 4782 in
2786 4727 2937 4782 toto.
