4359 6250
617 3147 748 3192 Dent.
758 3158 829 3197 vn,
841 3148 882 3189 δ.

911 468 1032 534 520

913 677 1034 720 nus
1065 658 1339 740 regiS.1n
1371 659 1556 741 cujus
1588 659 1839 740 signum
1871 679 1978 724 rex
2010 679 2201 742 apum
2234 667 2405 724 caret
2436 656 2485 718 A
2517 659 2679 722 dixit
2700 659 3018 724 Salvator:
3042 659 3160 734 Qui
3190 660 3400 724 minor
3428 669 3525 724 est
3552 660 3619 723 in
3650 679 3847 743 regno
3870 661 3987 738 Dei,
4042 679 4225 728 uanus,
4275 694 4276 728 ÷

916 758 1158 820 aculeo.

995 859 1196 920 Nunc
1225 859 1434 935 iyitur
1473 860 1622 919 veni
1665 876 1780 939 ego
1823 858 1901 920 ad
1946 866 2028 935 te,
2065 869 2137 920 ut
2178 864 2405 939 loquar

913 958 1004 1018 ad
1047 957 1386 1017 dominum
1429 977 1644 1016 meum
1690 978 1898 1034 reqem
1949 960 2213 1018 verbum
2264 961 2404 1026 hoe,

915 1051 1215 1116 videlicet
1257 1054 1661 1131 sententiam,
1709 1075 1902 1136 quam
1953 1055 2278 1136 protulisti
2325 1056 2403 1118 de

915 1151 1295 1215 liberatione
1333 1151 1461 1214 filii
1499 1154 1649 1230 mei,
1673 1164 1987 1232 praesente
2007 1159 2274 1232 popule,
2309 1172 2405 1216 re-

914 1251 1189 1330 petendo
1220 1270 1356 1314 eam
1391 1270 1602 1315 coram
1631 1252 1930 1314 omnibus
1951 1251 2302 1326 manifeste,
2324 1269 2404 1314 ne

912 1349 1120 1412 valeat
1149 1349 1454 1428 revocari,
1491 1359 1600 1412 aut
1637 1369 1750 1432 per
1790 1350 2215 1429 ignorantiam
2248 1369 2405 1432 prae·

912 1446 1304 1510 varicari.Ec
1322 1451 1498 1510 dimit
1525 1451 1768 1510 ancilla
1805 1460 1918 1511 tua
1950 1449 2016 1512 in
2046 1450 2236 1513 corde
2261 1467 2398 1526 su0,

911 1546 1012 1608 vel
1059 1546 1203 1608 aliis
1247 1555 1587 1628 antequam
1630 1556 1690 1610 te
1729 1548 2055 1611 accederet
2089 1565 2102 1609 :
2137 1552 2403 1629 Loquar

911 1648 1000 1704 ad
1049 1664 1258 1722 reyem
1311 1643 1720 1722 fiducialiter,
1771 1665 1848 1708 ex
1893 1646 2403 1710 consideratione

909 1741 1214 1805 bonitatis
1267 1742 1491 1825 ipsiuS,
1533 1745 1594 1803 si
1635 1764 1760 1823 quo
1808 1747 1990 1804 modo
2037 1745 2244 1822 faeiat
2287 1765 2403 1804 rex

1431 489 1779 536 mannum
1822 488 1881 535 IN
1925 490 2061 536 CAP.
2107 483 2212 536 xlv
2256 489 2413 535 unm
2454 489 2707 535 suenum
2750 488 2973 534 RRGUH.
3019 507 3100 518 --·
3141 489 3284 536 AnT.
3330 489 3483 538 xxm

2516 757 2637 820 hoc
2676 766 2772 821 est
2812 757 3079 820 infimus
3118 758 3357 821 civium
3394 777 3836 840 supernorum,
3872 777 3993 820 ma-
4018 745 4074 784 ¹¹·

2514 857 2615 938 jor
2662 865 2760 920 est
2807 857 2941 920 illo.
2990 861 3165 919 Unde
3204 868 3264 920 ει
3300 860 3619 920 Dominus
3648 862 3820 920 Deus
3854 869 3991 919 tuus

2520 965 2725 1016 tecum
2753 966 2863 1016 εει.

2598 1057 2682 1116 Ει
2712 1059 3097 1133 respondens
3126 1077 3266 1125 reoe,
3296 1057 3473 1117 dixit
3500 1059 3589 1117 ad
3616 1058 3991 1118 mulierem:

2516 1155 2615 1214 Ne
2643 1155 2991 1214 abscondas
3027 1175 3066 1215 a
3102 1175 3201 1215 me
3228 1157 3491 1216 verbum
3518 1158 3690 1235 quod
3722 1166 3780 1215 ιε
3808 1157 3993 1216 inter-

2514 1271 2685 1328 royo.
2734 1253 3051 1330 Dixitque
3094 1255 3157 1312 ei
3200 1255 3439 1312 mulier
3478 1274 3500 1312 .·
3544 1257 3857 1332 Loquere,
3894 1257 3991 1314 do-

2514 1349 2690 1408 mine
2718 1350 2814 1408 mi
2842 1369 2980 1410 νεα).
2996 1351 3082 1410 Ec
3106 1352 3203 1411 ait
3227 1371 3343 1410 rex
3364 1371 3387 1410 .·
3404 1353 3749 1428 Numquid
3769 1372 3993 1412 manus

2509 1449 2669 1507 Joab
2693 1457 2896 1508 tecum
2925 1457 3015 1509 est
3048 1450 3119 1509 in
3150 1450 3440 1509 omnibus
3462 1451 3649 1511 istis?
3668 1447 3732 1511 id
3762 1459 3881 1525 est,
3900 1449 3993 1512 ha·

2514 1542 2711 1606 besue
2744 1543 3027 1607 favorem
3062 1555 3125 1608 et
3158 1545 3671 1610 informationem
3694 1547 3905 1611 aJoab
3920 1550 3991 1610 ad

2514 1640 2969 1724 proferendum
3015 1642 3151 1707 haec
3196 1643 3448 1707 omnia?
3490 1644 3627 1707 Jam
3674 1646 3849 1708 enim
3894 1665 3993 1708 rex

2514 1739 2963 1818 consideravit,
3017 1741 3173 1822 quid
3222 1742 3455 1804 mulier
3504 1743 3893 1820 intendebat,
3936 1753 3992 1806 et

911 1843 1170 1901 verbum
1206 1844 1465 1902 ancilloe
1492 1862 1654 1912 suoe,
1685 1841 1750 1903 id
1789 1851 1905 1918 est,
1941 1850 2255 1922 quatenus
2289 1841 2403 1904 ali·
2441 1839 2487 1901 B
2514 1838 2958 1920 suspicabatur
3005 1840 3177 1921 quod
3223 1860 3262 1902 a
3299 1840 3453 1904 Joab
3502 1849 3665 1904 esset
3716 1842 3990 1916 inducta,

912 1957 1039 2020 quo
1085 1941 1272 2002 modo
1320 1939 1618 2020 dignetur
1663 1940 2066 2022 acquiescere
2105 1940 2401 2022 petitioni

911 2057 1042 2100 suae
1071 2037 1340 2100 ancillae.
1375 2040 1461 2099 Et
1491 2041 1751 2099 audivit
1782 2061 1899 2098 νεα)
1930 2042 2140 2109 verba,
2179 2038 2241 2101 id
2280 2047 2397 2114 est,

914 2136 1128 2200 verbis
1179 2136 1337 2198 meis
1386 2136 1561 2199 dedit
1609 2156 1961 2214 assensum,
1997 2148 2068 2198 ut
2103 2140 2404 2198 liberaret

911 2237 1225 2296 ancillam
1253 2245 1442 2296 suam
1470 2239 1550 2296 de
1581 2257 1784 2297 manu
1815 2239 2108 2297 omnium
2145 2238 2263 2316 qui
2302 2257 2404 2296 vo-

913 2336 1127 2394 lebant
1156 2337 1236 2394 de
1275 2336 1626 2395 hereditate
1656 2336 1926 2395 Domini
1964 2338 2172 2395 delere
2214 2355 2311 2395 me
2346 2345 2404 2396 ει

910 2433 1130 2510 filium
1163 2453 1376 2493 meum
1405 2434 1608 2493 simul
1636 2453 1659 2494 .·
1694 2433 1814 2497 hoc
1856 2440 1972 2509 est,
2007 2442 2258 2496 erueret
2302 2453 2405 2495 me

912 2530 990 2593 de
1037 2528 1448 2593 infestatione
1491 2540 1904 2611 cognatorum
1949 2531 2076 2593 filii
2122 2533 2249 2594 mei
2298 2533 2405 2595 de-

916 2627 1120 2691 functi
1155 2627 1593 2709 affligentium
1623 2649 1727 2693 me
1758 2650 1961 2713 usque
1991 2632 2068 2693 ad
2107 2639 2399 2707 mortem,

913 2747 1026 2810 per
1055 2727 1196 2806 hoc,
1231 2729 1402 2809 quod
1441 2729 1784 2792 voluerunt
1823 2727 2036 2791 filium
2067 2749 2282 2792 meum
2314 2749 2405 2791 re-

911 2826 1168 2888 siduum
1204 2827 1554 2901 trucidare;
1590 2835 1654 2890 et
1685 2827 1882 2890 simili
1911 2829 2098 2891 modo
2127 2828 2403 2910 eriperet

915 2923 1127 2986 filium
1178 2944 1390 2988 meum
1441 2926 1648 2989 adhuc
1699 2926 2022 2990 viventem
2080 2927 2159 2990 de
2212 2945 2403 2989 manu

2512 1936 2667 2017 quia
2696 1936 2937 1999 sciehat
2974 1938 3147 2018 quod
3178 1937 3333 2000 Joab
3370 1938 3589 2001 dilexit
3618 1939 3995 2003 Absalonem

2513 2053 2629 2116 pro
2675 2043 2844 2097 tunc.
2880 2035 3213 2099 Libentius
3252 2056 3508 2118 quoque
3546 2039 3871 2119 acquievit
3906 2058 3996 2100 re-

2515 2133 2831 2196 vocationi
2854 2133 3204 2208 Absalonis,
3225 2135 3481 2217 quando
3510 2135 3699 2198 scivit
3728 2137 3849 2199 hoc
3878 2137 3993 2218 ipsi

2512 2230 2667 2293 Joab
2713 2232 2983 2314 placere,
3015 2232 3169 2313 quia
3206 2232 3359 2296 Joab
3402 2241 3647 2316 poterat
3690 2235 3993 2317 populum

2514 2329 2821 2410 quietare,
2856 2339 2919 2393 et
2950 2329 3318 2394 satisfacere
3348 2332 3407 2395 ei
3440 2333 3519 2394 de
3545 2331 3883 2396 Absalouis
3913 2352 3997 2396 re-

2514 2427 2835 2491 ductione.

2594 2530 2945 2604 Respondit
2986 2531 3244 2602 mulier,
3286 2541 3345 2590 ει
3378 2532 3478 2590 ait
3507 2549 3531 2591 .·
3560 2533 3693 2592 Per
3726 2535 3997 2594 salutem

2514 2628 2754 2687 animae
2796 2637 2923 2689 tuoe.
2958 2628 3125 2709 juro,
3168 2631 3427 2689 domine
3466 2632 3559 2689 mi
3588 2651 3730 2701 rem,
3760 2651 3877 2690 nec
3912 2635 3998 2692 ad

2511 2726 2843 2785 dexteram
2864 2735 2980 2794 est,
2994 2745 3111 2785 nee
3126 2729 3215 2786 ad
3230 2728 3686 2798 sinistram,eoe
3704 2732 3999 2790 omnibus

2514 2823 2615 2884 his
2636 2843 2779 2902 quae
2798 2827 3046 2884 locutus
3070 2835 3161 2884 εει
3189 2827 3493 2886 dominus
3524 2847 3699 2887 meus
3728 2849 3865 2898 rex,
3882 2827 3998 2890 hoc

2514 2929 2629 2998 est,
2656 2939 2773 2984 nec
2805 2921 2971 3003 pluS,
2996 2941 3114 2985 nee
3145 2923 3357 2985 minus
3390 2932 3486 2986 est
3513 2943 3707 3006 quam
3738 2925 3993 2988 dixisti:

913 3022 1194 3086 illorum.
1237 3024 1454 3106 Itaque
1501 3042 1616 3107 per
1662 3024 2079 3088 hereditatem
2127 3025 2397 3102 Domini,
2438 3024 2481 3087 C
2514 3019 2635 3082 hoc
2678 3027 2796 3098 est,
2842 3020 2905 3082 in
2952 3021 3130 3084 nullo
3169 3021 3439 3084 deviasti
3482 3041 3521 3084 a
3558 3023 3824 3087 veritate
3864 3024 4001 3106 opi-

912 3121 1214 3202 intelligit
1251 3122 1667 3188 israeliticum
1706 3125 2015 3207 populum
2057 3125 2182 3187 Deo
2224 3144 2404 3207 pecu-

913 3221 1159 3298 liarem,
1177 3241 1213 3284 a
1242 3222 1426 3304 cujus
1448 3224 1768 3287 consortio
1797 3223 2276 3305 delebatur,qui
2299 3222 2403 3286 ob-

914 3319 1010 3381 iit.
1045 3323 1237 3381 Dicat
1263 3342 1411 3399 erqo
1443 3325 1691 3383 aneilla
1725 3332 1859 3394 tua,
1889 3332 1960 3383 ut
1986 3326 2107 3399 fiat
2141 3324 2403 3383 verbum

913 3420 1170 3478 domini
1206 3420 1334 3478 mei
1374 3422 1563 3496 re9i3,
1605 3422 1772 3481 sicut
1818 3422 2245 3497 sacrificium,
2282 3418 2402 3482 hoe

913 3524 1030 3592 est,
1079 3515 1268 3579 liceat
1313 3516 1471 3579 mihi
1521 3537 1822 3594 asserere,
1869 3519 2040 3599 quod
2087 3518 2401 3599 judicium

915 3613 1082 3695 regis
1128 3633 1243 3697 pro
1290 3614 1432 3679 filio
1482 3634 1623 3679 meo
1671 3616 1912 3693 datum,
1948 3616 2030 3679 sit
2071 3625 2401 3697 acceptum

915 3732 989 3775 ac
1021 3711 1303 3792 firmum,
1340 3714 1612 3796 ideoque
1639 3715 1946 3798 placitum
1983 3715 2181 3779 veluti
2221 3715 2400 3778 holo-

915 3820 1226 3889 caustum,
1262 3813 1483 3895 sicque
1521 3814 1861 3897 impleatur
1891 3815 1956 3875 in
1993 3813 2134 3877 filio
2167 3823 2297 3891 tuo,
2338 3814 2401 3875 in

915 3910 1100 3991 cujus
1130 3930 1402 3993 persona
1441 3914 1668 3997 loquor
1711 3915 1790 3976 de
1835 3912 1975 3977 filio
2013 3932 2178 3976 me0.
2217 3915 2404 3975 Sicut

913 4014 1090 4072 enim
1147 4017 1415 4089 anyelus
1461 4015 1752 4085 Domini,
1802 4015 1896 4073 sic
1951 4022 2041 4073 εει
2097 4014 2403 4073 dominus

915 4130 1092 4170 meus
1121 4130 1259 4183 rex,
1293 4111 1413 4174 hoc
1453 4119 1550 4173 est
1587 4119 1906 4188 constans,
1938 4112 2170 4192 justus,
2206 4120 2269 4173 et
2299 4130 2404 4175 ve-

2515 3119 2724 3182 nando
2756 3128 2821 3182 et
2850 3119 3319 3201 interrogandO,
3354 3141 3435 3184 an
3476 3141 3700 3185 manus
3732 3121 3889 3187 Joab
3917 3124 3996 3185 sit

2514 3237 2786 3295 mecum,
2828 3218 2956 3281 imo
2989 3219 3227 3282 directe
3264 3228 3361 3283 est
3399 3240 3645 3283 mecum
3686 3221 3755 3284 in
3794 3223 3997 3285 omni-

2514 3315 2655 3393 huS,
2694 3318 2771 3379 ad
2810 3336 2955 3399 quae
2996 3317 3189 3380 etiam
3231 3316 3610 3398 proferenda
3650 3319 3871 3383 induxi
3912 3330 3991 3383 te.

2515 3414 2658 3477 ldeo
2684 3414 2977 3477 subditur
3002 3420 3283 3477 :Servus
3311 3419 3488 3478 enim
3512 3427 3658 3479 tuus
3677 3421 3839 3479 Joab
3868 3422 3998 3498 ipse

2508 3516 2814 3591 praecepit
2862 3516 3050 3587 mihi,
3102 3524 3161 3577 ει
3214 3518 3345 3594 ipse
3380 3518 3601 3594 posuit
3650 3518 3724 3577 in
3770 3538 3839 3577 οε
3882 3540 3997 3579 αη-

2513 3614 2680 3673 cillae
2713 3622 2838 3673 ταω-
2866 3615 3089 3673 omnia
3116 3616 3307 3674 verba
3336 3618 3494 3685 kaec,
3525 3614 3589 3677 id
3618 3625 3735 3691 est,
3768 3616 3847 3678 ad
3878 3616 3999 3679 ista

2514 3710 2925 3792 exprimenda
2956 3710 3227 3787 induxit,
3258 3731 3332 3774 ac
3362 3712 3577 3776 docuit
3606 3732 3727 3791 me,
3762 3724 3837 3775 ut
3866 3736 4001 3775 ver-

2516 3818 2709 3869 terem
2736 3813 3021 3887 figuram
3051 3813 3360 3871 sermonis
3389 3814 3609 3889 hujus,
3634 3812 3753 3875 hoc
3779 3822 3898 3890 est,
3919 3814 4001 3875 si-

2514 3907 2941 3970 militudinem
2985 3908 3443 3990 praeinductam
3482 3910 3868 3992 applicarem
3918 3912 3997 3974 ad

2516 4004 2725 4067 filium
2758 4014 2959 4068 tuum.
2996 4010 3235 4067 Servus
3270 4009 3448 4068 enim
3479 4019 3625 4069 tuus
3652 4011 3809 4069 Joab
3830 4030 3999 4089 prae-

2513 4110 2678 4185 cepit
2706 4110 2903 4169 istud.
2932 4112 3027 4169 Tu
3055 4118 3295 4179 autem,
3323 4111 3581 4170 domine
3614 4113 3707 4172 mi
3736 4132 3881 4181 rex,
3904 4134 3999 4175 sa·

913 4226 1023 4269 rax
1068 4217 1184 4285 est,
1227 4221 1300 4271 ut
1339 4230 1454 4270 nec
1495 4211 1946 4282 benediccione,
1983 4231 2097 4271 nee
2135 4211 2403 4271 maledi·
2432 4211 2481 4273 D
2505 4208 2695 4284 piens
2732 4228 2821 4275 es,
2860 4209 3027 4267 siout
3073 4209 3259 4267 habet
3301 4210 3693 4287 sapientiam
3730 4214 3997 4287 anqelus

909 4308 1118 4368 ctione
1147 4318 1503 4378 moveatur,
1535 4308 1597 4370 id
1628 4317 1743 4384 est,
1780 4326 1896 4371 nec
1928 4308 2247 4385 laudihuS,
2284 4328 2400 4371 nec

911 4404 1245 4486 vituperiis
1295 4406 1496 4488 possit
1544 4425 1582 4468 a
1631 4406 1735 4469 via
1782 4406 2091 4470 virtutum
2141 4406 2395 4483 abduci,

910 4504 1080 4566 uude
1124 4523 1242 4567 nec
1286 4504 1629 4587 prosperiS,
1681 4523 1888 4586 neque
1937 4505 2242 4581 adversiS,
2284 4525 2400 4569 nec

908 4602 1432 4678 detractionibuS,
1482 4621 1598 4665 nec
1646 4602 2120 4665 adulationibus
2171 4603 2403 4684 frangi-

908 4709 1011 4763 tur
1060 4718 1074 4761 :
1116 4702 1286 4781 quod
1335 4698 1705 4782 frequenter
1751 4700 1839 4763 ita
1890 4700 2013 4763 fuit
2065 4701 2129 4763 in
2174 4702 2395 4779 David,

907 4798 1202 4879 quamvis
1251 4798 1572 4861 interdum
1633 4799 1964 4861 corruerit.
2015 4800 2139 4862 Ista
2186 4809 2397 4863 autem

907 4896 1286 4959 assimilatio
1314 4915 1426 4959 seu
1459 4898 1849 4979 comparatio
1879 4898 2074 4963 David
2116 4906 2179 4961 et
2218 4917 2400 4980 ange-

2510 4307 2654 4377 Dei,
2676 4304 2739 4366 id
2771 4312 2867 4367 est
2894 4304 3148 4387 sapiens
3172 4304 3376 4381 valde,
3401 4304 3727 4388 hahesque
3756 4309 3998 4390 sapien·

2513 4404 2665 4466 tiam
2696 4423 2839 4465 cum
2882 4403 3117 4467 virtute
3159 4413 3222 4466 et
3260 4404 3394 4467 vita
3424 4414 3663 4482 sancta,
3696 4410 3997 4487 quemad-

2510 4504 2769 4565 modum
2805 4502 3013 4581 angeli
3043 4501 3175 4577 Dei‚
3211 4504 3503 4583 quamvis
3544 4503 3744 4568 multo
3782 4506 3996 4569 minus

2511 4622 2703 4683 quam
2735 4601 2853 4663 illi.
2889 4602 3127 4683 Nempe
3170 4601 3224 4663 si
3268 4601 3461 4665 homo
3498 4612 3700 4685 potest
3738 4604 3862 4668 Deo
3900 4626 3995 4669 as-

2511 4700 2778 4763 similari
2831 4700 2895 4761 in
2945 4699 3181 4762 virtute
3230 4708 3291 4762 et
3335 4699 3749 4781 perfectione,
3790 4722 3829 4765 a
3866 4724 3994 4785 quo

2510 4808 2721 4862 tamen
2765 4798 2989 4862 deficit
3032 4798 3309 4875 infinite,
3350 4798 3527 4880 juxta
3568 4800 3749 4879 illud,
3780 4802 3993 4867 Estote
4022 4826 4225 4869 nunt.

2510 4898 2798 4981 perfecti,
2825 4898 2989 4961 sicut
3018 4906 3081 4961 et
3106 4897 3288 4960 Pater
3318 4906 3525 4961 vester
3555 4899 3830 4963 coelestis
3864 4922 3995 4985 per-

908 4994 978 5070 li,
1017 4993 1142 5057 fuit
1191 4994 1511 5077 aliqualiS,
1549 5013 1675 5059 non
1721 4996 1931 5077 plena.
1967 4996 2229 5058 Multum
2272 5004 2399 5058 ete-

909 5093 1044 5155 nim
1077 5094 1270 5157 distat
1299 5093 1835 5175 viator-,quamvis
1867 5103 2144 5173 sanctuS,
2171 5115 2209 5157 a
2238 5115 2401 5158 com-

909 5194 1326 5275 prehensore3
1360 5211 1476 5256 nec
1499 5193 1692 5257 David
1725 5192 1850 5256 fuit
1880 5192 2299 5257 confirmatus
2331 5193 2397 5255 in

911 5292 1136 5370 gratia.
1171 5293 1313 5356 ldeo
1343 5294 1422 5355 de
1454 5291 1818 5357 beatissimo
1845 5293 2085 5357 Joanne
2118 5293 2399 5375 Baptista

2510 4997 2714 5060 fectus
2744 5005 2872 5071 est3
2905 5004 2967 5058 ει
3008 5015 3249 5073 rursuS,
3283 4996 3497 5059 Estote
3528 4997 3989 5072 misericordes,
4020 5023 4213 5067 zuene

2510 5096 2675 5157 sicut
2704 5094 2884 5157 Pater
2925 5102 3133 5157 vester
3170 5094 3483 5169 coelestis;
3518 5094 3819 5179 itemque,
3854 5100 3994 5163 Imi-
4018 5122 4223 5179 symm.

2513 5201 2741 5257 tatores
2773 5193 2882 5256 Dei
2912 5201 3153 5256 estote:
3188 5200 3429 5274 quanto
3458 5194 3657 5274 magis
3688 5205 3899 5277 potest
3928 5199 3991 5261 in

2507 5292 2818 5374 sapientia
2866 5300 2929 5355 et
2970 5291 3206 5354 virtute
3244 5291 3472 5371 angelo
3511 5292 3899 5359 conformari
3932 5307 3989 5361 et
