4359 6250
57 1661 352 1713 spiritu-lis.

1191 517 1537 563 ENARRATIO
1579 517 1641 564 ΙΝ
1684 517 1820 562 CAP.
1868 515 1996 561 xxn
2038 516 2241 563 sosnss.
2284 536 2366 545 —
2406 517 2548 562 ΛΒΤ.
2595 517 2723 563 XXX

3414 497 3493 559 93

477 688 658 751 Circa
687 688 1040 771 praehabita
1069 689 1552 765 advertendum,
1588 688 1759 769 quod
1791 688 1896 750 Le-
1924 689 1974 749 A
2003 688 2237 768 quibus
2268 688 2630 769 spirituales
2662 688 2951 750 homines
2983 694 3491 749 commorantur:

393 786 546 850 vitae
579 785 840 849 fuerunt
879 806 994 869 per
1022 806 1246 850 omnes
1291 786 1491 848 tribus
1523 786 1710 849 Israel
1742 786 1896 848 hinc

393 886 550 948 inde
590 884 888 967 dispersi,
935 894 1252 968 quatenus
1301 885 1585 967 undique
1629 885 1896 947 instrue-

393 992 542 1046 rent
603 983 777 1048 filios
837 984 1060 1061 lsrael,
1114 992 1178 1047 et
1235 1002 1342 1046 eos
1400 983 1482 1045 ab
1540 983 1897 1046 idololatria

393 1091 794 1147 revocarent.
848 1083 925 1144 Et
985 1083 1160 1159 item,
1209 1082 1360 1164 quia
1411 1082 1736 1146 communi
1789 1082 1899 1144 tri-

391 1180 598 1243 buum
648 1182 972 1263 stipendio
1018 1180 1566 1258 sustentabantur,
1624 1179 1765 1243 ideo
1819 1198 1898 1242 ne

391 1298 526 1360 qua
561 1280 765 1342 tribus
806 1300 882 1344 ex
920 1281 1042 1343 hoc
1079 1287 1485 1360 gravaretur,
1524 1298 1636 1360 per
1676 1296 1897 1341 omnes

391 1378 671 1460 dispersi
713 1388 864 1442 sunt
901 1378 1144 1453 tribus;
1179 1388 1374 1459 atque
1415 1396 1494 1439 ne
1533 1377 1745 1439 cultus
1784 1376 1895 1439 Dei

395 1476 722 1541 videretur
741 1478 823 1540 ad
844 1498 1038 1542 unam
1061 1485 1310 1539 tantum
1337 1475 1567 1539 tribum
1591 1484 1892 1558 spectare.

481 1576 745 1658 Insuper
790 1576 1211 1659 spiritualiter
1254 1594 1368 1657 per
1399 1575 1686 1637 civitates
1719 1574 1898 1637 Levi—

397 1681 631 1751 tarum,
665 1676 934 1756 collegia
977 1675 1378 1750 clericorum,
1413 1674 1706 1737 coenobia
1761 1672 1899 1735 reli-

391 1772 747 1854 giosorum,
763 1784 824 1838 et
845 1784 1058 1840 cetera
1087 1793 1264 1837 sacra
1294 1773 1433 1836 loca
1462 1772 1894 1852 signantur,in

2004 804 2275 868 quorum
2298 786 2435 849 loca
2456 796 2647 868 atque
2670 785 3061 867 stipendia‚a
3084 784 3496 847 saecularibus

2005 884 2098 947 eis
2129 892 2377 947 exstant
2408 884 2659 961 collata,
2682 892 2749 946 ut
2782 882 3227 946 fundatoribus
3261 883 3392 944 suis
3424 902 3498 945 ac
3586 880 3599 891 '

2006 983 2233 1045 ceteris
2286 982 2645 1064 spiritualia
2695 983 2863 1045 bona
2912 981 3389 1044 communicent
3437 989 3499 1044 et

2008 1080 2401 1162 impendant.
2422 1081 2581 1143 Sunt
2610 1100 2865 1163 quoque
2889 1081 2955 1142 hi
2988 1080 3283 1143 homines
3315 1079 3498 1161 spiri-

2006 1179 2209 1242 tuales
2240 1188 2304 1242 et
2332 1179 2548 1243 clerici
2588 1199 2662 1243 ac
2703 1180 3015 1258 religiosae
3058 1197 3345 1261 personae
3384 1196 3497 1259 per

2006 1296 2261 1341 omnem
2304 1278 2845 1342 christianitatem
2894 1276 3149 1353 diffusi,
3186 1285 3255 1339 ut
3306 1275 3490 1338 undi-

2006 1395 2130 1457 que
2162 1377 2481 1439 instruant
2514 1376 2785 1458 plebem.
2828 1376 3208 1439 Christianis
3237 1393 3497 1457 quoque

2006 1474 2279 1537 contulit
2299 1476 2461 1537 Deus
2481 1475 3054 1539 exuberantissima
3077 1492 3343 1537 munera
3364 1492 3499 1555 gra-

2007 1573 2260 1650 tiarum,
2294 1581 2358 1636 et
2404 1574 2761 1638 invisibiles
2804 1582 2995 1655 atque
3046 1569 3335 1637 visibiles
3387 1572 3499 1635 ho-

2008 1680 2134 1735 stes
2154 1670 2525 1753 frequenter
2555 1672 2828 1755 subjecit
2857 1671 3177 1749 Ecclesiae,
3210 1689 3404 1753 quam
3438 1680 3502 1734 et

2007 1770 2245 1851 ubique
2285 1769 2553 1833 diffudit
2583 1780 2917 1834 terrarum.

1462 2225 2112 2312 ARTICULUS
2198 2226 2437 2311 XXX

551 2539 864 2585 exrosl'rlo
908 2536 1182 2583 CAPITULI
1225 2536 1486 2581 vicEslmt
1529 2534 1782 2579 SECUNDI
1828 2534 1842 2577 :
1890 2531 2090 2580 EODEM
2131 2534 2409 2581 TEMPORE
2450 2535 2707 2581 vocAvn·
2751 2536 2931 2581 JOSUE
2974 2536 3335 2583 RUBENITAS.

491 2857 604 2919 AM
649 2862 1005 2931 enarratur,
1057 2852 1332 2935 qualiter
1379 2853 1521 2915 duae
1570 2858 1632 2913 et
1679 2848 1891 2913 media
1923 2846 1968 2907 B
2004 2848 2395 2931 praecipuum
2427 2851 2507 2913 de
2538 2849 2862 2931 diligendo
2898 2852 3234 2916 Dominum
3272 2856 3492 2934 Deum,

511 2956 716 3017 tribus
747 2956 826 3017 ad
860 2954 997 3016 loca
1027 2970 1142 3014 sua
1173 2970 1442 3015 reversae
1474 2950 1624 3012 sint.
1651 2952 1894 3011 Eodem

387 3066 678 3135 tempore
719 3071 846 3135 quo
895 3050 1212 3134 completa
1260 3057 1408 3111 sunt
1449 3068 1592 3132 quae
1643 3048 1709 3109 in
1757 3046 1784 3108 f
1789 3047 1893 3108 ine

383 3151 816 3234 praecedentis
840 3148 1186 3212 recitantur
1217 3147 1504 3229 capituli,
1527 3147 1776 3206 vocavit
1793 3147 1894 3205 Jo-

377 3271 504 3311 sue
533 3251 893 3310 Rubenitas
911 3257 970 3308 et
1005 3249 1276 3309 Gadita-s
1304 3257 1364 3307 et
1391 3247 1748 3307 dimidiam
1778 3242 1893 3304 tri-

384 3352 548 3409 bum
571 3351 896 3416 Manasse,
915 3348 1066 3406 dimi
1071 3356 1214 3424 tque
1233 3347 1323 3405 eis
1338 3346 1638 3407 :Fecistis
1669 3344 1892 3404 omnia

379 3469 540 3528 quae
575 3448 883 3526 proeeepit
927 3446 1098 3504 vobis
1145 3447 1392 3522 Moyses
1430 3445 1726 3521 famulus
1771 3447 1892 3502 Do-

380 3548 590 3616 mini,
616 3545 682 3607 id
721 3553 839 3620 est,
871 3543 1050 3624 juxta
1080 3543 1220 3624 ejus
1251 3542 1594 3624 imperium
1625 3559 1892 3623 praeces-

2001 2958 2060 3008 et
2099 2952 2296 3025 leyem
2335 2970 2534 3028 quam
2555 2952 2863 3027 proecepit
2896 2953 3067 3011 vobis
3114 2955 3360 3031 Moyses
3389 2956 3497 3031 fa-

2001 3049 2217 3107 mulus
2255 3048 2546 3119 Domini,
2594 3047 2657 3109 id
2702 3055 2799 3110 est
2841 3048 3003 3110 Deus
3052 3068 3167 3132 per
3208 3051 3484 3134 Moysen,

2003 3144 2246 3208 scilicet
2293 3154 2501 3209 cetera
2544 3155 2859 3229 praecepta
2903 3149 3189 3226 moralia,
3223 3149 3494 3230 judicia-

2002 3242 2106 3319 lia,
2159 3263 2233 3306 ac
2282 3244 2754 3307 caerimonialia.
2803 3245 2961 3308 Hinc
3012 3247 3308 3310 subditur
3358 3269 3372 3314 ε
3422 3259 3497 3310 ut

1999 3345 2297 3418 diliqatis
2325 3345 2679 3403 Dominum
2708 3346 2915 3404 Deum
2948 3355 3229 3407 vestrum
3276 3365 3493 3412 amore

2000 3440 2488 3521 supernaturali,
2525 3439 2761 3517 infuso,
2806 3442 3103 3521 gratuito,
3148 3444 3489 3526 potissime

1999 3547 2257 3621 propter
2288 3558 2513 3621 puram
2544 3547 2605 3602 et
2646 3537 2973 3602 infinitam
3006 3542 3359 3606 bonitatem
3396 3545 3489 3627 ip-

1999 3637 2148 3714 sius,
2184 3646 2248 3699 et
2274 3637 2579 3719 quoniam
2612 3637 2786 3720 prior
2817 3638 3041 3701 dilexit
3072 3660 3205 3717 vOS,
3253 3643 3483 3706 deinde
3534 3669 3779 3723 mamm,

1999 3745 2259 3818 propter
2288 3735 2585 3798 universa
2617 3735 2937 3799 beneficia
2965 3745 3028 3800 et
3051 3739 3363 3820 promissa
3394 3741 3487 3824 ip—
3518 3735 3584 3776 ¹⁰·

2001 3836 2157 3910 sius,
2189 3845 2247 3895 et
2281 3836 2619 3895 ambuletis
2649 3836 2723 3894 in
2743 3838 3044 3896 omnibus
3075 3840 3201 3898 viis
3220 3841 3381 3916 ejus,
3416 3840 3483 3904 id

381 3643 570 3707 sistis
619 3651 862 3706 ceteras
910 3641 1098 3704 lsrael
1149 3640 1377 3717 tribuS,
1433 3649 1497 3702 et
1557 3639 1888 3722 pugnastis

381 3762 513 3827 pro
545 3743 658 3818 eiS,
683 3758 1020 3822 quousque
1045 3747 1274 3801 terram
1307 3738 1890 3801 obtinuerunt.Mi-

379 3845 464 3904 lai
493 3861 744 3922 quoque
773 3841 848 3898 in
887 3840 1183 3899 omnibus
1213 3838 1538 3906 obedistis,
1573 3836 1786 3898 eundo
1825 3843 1890 3896 et

379 3939 722 4004 redeundo
769 3957 842 3999 ac
892 3935 1260 4019 praeliandO,
1311 3935 1664 3998 secundum
1715 3936 1884 4017 quod
1999 3941 2115 4010 est,
2168 3933 2249 3994 ad
2297 3931 2667 3995 beatificum
2729 3931 2929 3996 finem
2983 3936 3321 4015 tendendO,
3375 3938 3486 4001 ob-

377 4038 579 4103 vobis
607 4035 768 4118 jussi
796 4059 810 4110 3
851 4055 966 4095 nec
995 4036 1350 4114 reliquistis
1380 4037 1620 4113 fratres
1652 4044 1888 4094 vestros
1915 4036 1958 4099 C
1997 4031 2265 4096 servetis
2294 4048 2483 4094 omne
2513 4049 2673 4112 opus
2704 4031 3011 4094 virtutum
3054 4035 3483 4100 necessarium

381 4145 582 4214 lonyo
625 4145 899 4212 tempore
935 4153 1136 4213 usque
1165 4135 1234 4193 in
1269 4142 1651 4210 proesentem
1681 4134 1881 4205 diem,
1995 4130 2072 4192 ad
2105 4128 2473 4210 hujusmodi
2510 4127 2736 4191 finem.
2769 4128 2882 4203 Qui
2919 4130 3093 4192 enim
3130 4132 3195 4194 in
3230 4153 3358 4198 uno
3393 4135 3483 4199 of·
3540 4162 3696 4209 Jacob.
3721 4175 3764 4213 n,

375 4237 815 4298 custodientes
845 4233 1194 4310 imperium
1225 4232 1494 4292 Domini
1523 4233 1645 4291 Dei
1665 4233 1882 4292 vestri.
1998 4228 2225 4305 fendit‚
2260 4227 2547 4290 omnium
2582 4247 2725 4290 reus
2754 4227 3061 4292 efficitur.
3096 4234 3184 4292 Et
3211 4235 3484 4294 observe-
3513 4229 3578 4268 ¹⁰·

379 4337 458 4400 In
523 4331 625 4395 his
673 4329 886 4395 verbis
944 4329 1308 4392 obedientia
1365 4329 1880 4407 commendatur,

379 4440 674 4512 suntque
703 4429 870 4492 beati
892 4428 1003 4509 qui
1037 4428 1168 4489 suis
1202 4425 1638 4508 superioribus
1675 4426 1887 4489 taliter

379 4530 750 4595 secundum
780 4528 976 4590 Deum
1007 4525 1336 4601 obediunt,
1380 4531 1444 4586 et
1481 4524 1736 4606 quibus,
1772 4525 1884 4606 qui

379 4635 702 4714 praesunt,
718 4627 842 4689 tale
872 4623 1308 4688 testimonium
1340 4623 1699 4705 perhibent.
1718 4627 1888 4694 Quia

379 4731 606 4808 igit-ur
636 4727 816 4787 dedit
855 4727 1172 4785 Dominus
1210 4724 1381 4783 Deus
1423 4733 1622 4783 vester
1654 4725 1889 4800 fratri-

381 4831 508 4888 bus
541 4827 768 4886 vestris
796 4825 1073 4903 quietem
1095 4831 1155 4882 et
1177 4841 1424 4898 pacem,
1446 4824 1614 4881 sieut
1635 4824 1889 4898 pollici-

383 4938 496 4988 tus
516 4935 634 4994 est,
655 4922 1068 4983 revertimini
1097 4923 1170 4980 in
1204 4923 1616 4981 tabernacula
1655 4931 1882 4991 vestra,

384 5029 488 5086 ita
519 5027 898 5090 dumtaxat,
929 5020 994 5082 id
1039 5027 1154 5097 cst,
1189 5019 1310 5083 sub
1352 5019 1472 5083 hac
1515 5020 1884 5083 conditione
1923 5043 1930 5049 ¹

379 5132 452 5187 et
507 5121 712 5186 forma
752 5139 868 5184 vos
914 5119 991 5181 ad
1037 5118 1432 5182 redeundum
1483 5118 1761 5195 licentio,
1813 5128 1886 5178 ut

1999 4331 2080 4389 tis
2125 4332 2442 4390 mandata
2488 4329 2653 4405 ejus,
2697 4328 3204 4410 adhaereatisque
3256 4335 3318 4392 ei
3368 4352 3483 4416 per

1998 4427 2221 4504 fidem,
2258 4446 2434 4508 spem
2476 4435 2537 4489 et
2566 4426 2913 4504 caritatem,
2950 4447 3064 4510 per
3102 4448 3261 4510 quas
3292 4432 3484 4513 potis-

1998 4526 2159 4588 sime
2201 4533 2263 4587 et
2306 4526 2554 4588 interne
2594 4525 2824 4588 colitur
2856 4527 3041 4603 DeuS,
3074 4549 3151 4588 ae
3178 4533 3485 4594 serviatis

1997 4627 2059 4684 ei
2088 4627 2161 4685 in
2181 4627 2362 4685 omni
2390 4627 2598 4694 corde,
2626 4632 2756 4688 toto
2786 4624 3114 4688 intellectu
3146 4634 3210 4689 et
3239 4628 3486 4710 integra

1995 4722 2344 4799 voluntate,
2372 4741 2451 4784 ne
2486 4739 2595 4784 cor
2628 4731 2908 4785 vestrum
2943 4723 3221 4786 divisum
3254 4727 3359 4805 sit,
3386 4730 3491 4792 ad-

1999 4821 2297 4884 haerendo
2341 4820 2571 4902 partim
2602 4820 2881 4884 Creatori
2925 4822 3287 4904 partimque
3316 4845 3491 4889 crea-

2001 4929 2176 4996 turae‚
2212 4931 2271 4981 et
2302 4923 2375 4980 in
2413 4922 2593 4981 omni
2622 4923 2850 4981 anima
2882 4931 3113 4994 vestra,
3149 4921 3213 4984 id
3256 4933 3353 4986 est
3390 4944 3491 4988 ce·-

2001 5019 2152 5082 teris
2191 5019 2421 5082 animae
2452 5017 2719 5094 viribuS,
2755 5037 2870 5100 per
2899 5038 3058 5100 quas
3094 5020 3217 5084 Deo
3262 5023 3488 5086 serviri

2001 5126 2231 5200 potest.

377 5221 770 5284 custodiatis
807 5228 1047 5280 attente
1083 5237 1198 5299 per
1227 5216 1600 5297 diligentem
1641 5235 1880 5279 memo-
1916 5218 1966 5279 D
2077 5219 2551 5296 Benedioeitque
2592 5217 2682 5275 eis
2735 5215 2901 5279 bona
2952 5216 3383 5299 imprecando,
3428 5230 3488 5281 et

381 5322 575 5398 riam,
597 5331 658 5383 et
685 5339 872 5398 opere
899 5319 1269 5395 compleatis
1297 5318 1684 5377 mandatum
1717 5314 1876 5378 illud

1996 5317 2253 5377 dimisit
2294 5335 2415 5375 eos.
2453 5305 2580 5383 Qui
2616 5317 2856 5374 reversi
2882 5324 3037 5376 sunt
3079 5317 3147 5376 in
3196 5319 3484 5380 taberna-
