4359 6250
1254 511 1599 560 ansanum
1644 512 1704 557 m
1747 512 1882 557 cn.
1932 512 1994 558 lx
2033 513 2235 560 iosus.
2282 533 2362 544 —-
2404 515 2544 560 aar.
2593 515 2697 561 xv!
3416 498 3497 562 55

402 682 542 746 fide
573 682 801 766 ipsiuS‚
835 691 898 745 et
927 682 1008 744 ad
1048 684 1190 764 eJus
1234 682 1565 746 honorem.
1599 682 1898 757 Quamvis
1926 684 1977 746 Α
2004 688 2275 747 Domini
2293 690 2418 749 Dei
2446 689 2677 758 Israel,
2699 687 2763 749 id
2794 697 2891 751 est
2919 707 3033 770 per
3052 689 3247 752 Deum
3282 707 3490 765 suum,

399 782 575 845 enim
627 781 819 845 timor
862 780 1115 844 servilis
1166 781 1414 844 induxit
1455 801 1564 844 eos
1608 783 1686 844 ad
1737 783 1893 860 haec,

401 889 618 944 tamen
661 881 791 962 jam
831 879 1114 962 aliquam
1155 890 1487 962 coeperunt
1533 881 1745 956 fidem,
1783 882 1900 944 sal—

397 987 530 1043 tem
565 998 840 1056 suasam,
867 979 1104 1042 habere
1133 979 1200 1040 in
1233 980 1359 1043 Deo
1389 997 1466 1042 ex
1495 978 1898 1042 mirabilibus

399 1078 567 1159 ejuS‚
604 1087 674 1140 ut
723 1077 894 1141 inira
941 1076 1010 1140 in
1053 1077 1258 1140 littera
1310 1079 1694 1142 continetur.
1743 1079 1897 1142 Nam

399 1176 702 1239 subditur
748 1195 765 1239 τ
811 1179 1216 1238 Audivimus
1263 1179 1440 1238 enim.
1487 1179 1740 1255 famam
1783 1198 1898 1255 po-

401 1278 624 1338 tentioe
650 1277 812 1354 ejuS,
838 1275 905 1336 id
937 1284 1030 1338 est
1062 1293 1384 1338 rumorem
1415 1276 1495 1338 de
1524 1277 1664 1358 ejus
1693 1277 1898 1339 omni-

399 1373 712 1456 potentia,
755 1383 815 1434 et
855 1383 1090 1434 cuncta
1131 1395 1274 1453 quce
1314 1375 1469 1451 fecit
1510 1376 1582 1434 in
1613 1378 1898 1452 AEqypto

397 1490 520 1554 pro
567 1471 778 1548 vebia,
810 1482 870 1532 et
912 1474 1159 1532 duobus
1203 1474 1462 1549 reyibus
1488 1475 1895 1534 Amorrhaeo-

397 1591 580 1641 rum,
620 1573 834 1634 Seston
881 1574 1020 1648 reyi
1049 1573 1356 1642 Hesebon,
1389 1582 1448 1632 et
1483 1577 1574 1648 09
1604 1573 1742 1648 reqi
1771 1575 1896 1632 Ba-

393 1691 542 1732 san.
579 1672 1033 1749 Dioeeruntque
1062 1671 1242 1730 nobis
1269 1673 1549 1730 seniores
1581 1679 1766 1731 terrae
1785 1691 1896 1730 no-

393 1779 552 1831 stroe
579 1789 610 1832 .·
647 1770 872 1831 Tollite
919 1771 992 1829 in
1045 1770 1346 1830 manibus
1385 1771 1612 1829 vestris
1648 1770 1898 1828 cibaria

2008 786 2179 863 quod
2231 804 2360 849 non
2402 786 2765 850 occiderent
2817 787 3010 869 ipsos.
3045 790 3493 848 Murmur-avit

2007 885 2227 964 itaque
2268 906 2453 946 omne
2496 890 2729 962 vulqus
2770 895 2990 947 contra
3025 888 3358 964 principes
3400 890 3531 957 Is-,

2007 987 2170 1052 rael,
2200 982 2583 1065 imponendo
2615 983 2708 1047 eis
2738 984 2907 1066 quod
2942 984 3195 1048 incaute
3225 983 3495 1048 inissent

2008 1080 2218 1143 foedus
2250 1100 2391 1144 cum
2442 1082 2595 1160 illis,
2631 1102 2668 1145 a
2716 1101 2988 1164 quorum
3034 1082 3273 1146 foedere
3314 1092 3496 1146 erant

2008 1179 2339 1262 prohibiti,
2376 1188 2439 1243 et
2475 1182 2644 1263 quod
2676 1198 2747 1243 os
2778 1181 3029 1244 Domini
3061 1200 3188 1245 non
3230 1181 3495 1245 interro-

2007 1286 2340 1358 gaverunt,
2379 1278 2442 1340 id
2473 1286 2569 1341 est
2597 1279 2933 1342 Dominum
2974 1298 3087 1362 per
3117 1278 3491 1361 pontificem

2007 1394 2116 1438 seu
2171 1377 2583 1452 sacerdotem,
2629 1395 2825 1457 quum
2876 1385 3087 1440 tamen
3139 1377 3203 1439 in
3246 1377 3492 1458 magnis

2005 1473 2214 1537 causis
2278 1473 2613 1536 debuerint
2666 1476 2745 1537 ad
2802 1475 2912 1538 Dei
2969 1476 3489 1539 consultationem

2003 1571 2376 1652 confugere,
2402 1573 2515 1654 qui
2547 1573 2615 1634 in
2660 1573 2816 1636 lsaia
2857 1573 3138 1655 loquitur
3174 1593 3187 1636 τ
3223 1575 3329 1637 Vae
3369 1574 3491 1637 filil
3520 1595 3785 1648 1⁸.xxx‚1,2

2005 1671 2383 1748 desertoreS‚
2418 1681 2488 1734 ut
2531 1671 2823 1735 faceretis
2866 1673 3229 1749 consilium,
3264 1682 3327 1736 et
3366 1691 3493 1737 non

2005 1789 2081 1832 ex
2111 1789 2237 1848 me,
2262 1779 2326 1833 et
2355 1789 2425 1833 os
2457 1790 2667 1833 meum
2700 1789 2828 1834 non
2860 1771 3317 1852 interrogastis
3341 1773 3496 1835 Mur-

393 1869 474 1928 ob
518 1868 968 1944 lonqissimam
1007 1869 1212 1936 viam,
1241 1877 1302 1928 et
1340 1868 1656 1927 occurrite
1693 1869 1808 1938 eis,
1839 1877 1899 1927 et
1930 1867 1975 1928 B
2009 1877 2428 1931 muraverunt
2474 1887 2733 1950 quoque
2772 1878 2992 1932 contra
3042 1869 3387 1952 principeS,
3422 1888 3497 1933 eo

387 1957 601 2028 ¹dicite
635 1987 660 2025 :
701 1968 894 2028 Servi
943 1967 1141 2026 vestri
1179 1987 1427 2037 sumus,
1476 1967 1640 2026 inite
1686 1968 1900 2044 foedus

396 2066 760 2135 nobiscum,
778 2070 899 2126 etc.
923 2066 1358 2141 Susceperam
1376 2083 1522 2140 erqo
1556 2062 1677 2124 filii
1711 2062 1898 2125 Israel

396 2167 480 2224 de
508 2163 1034 2223 cibariis-eorum
1065 2161 1132 2224 in
1165 2161 1419 2242 signum
1463 2159 1723 2225 foederis
1755 2160 1899 2223 initi

398 2269 512 2324 aut
541 2258 838 2336 ineundi,
873 2267 938 2322 et
968 2258 1132 2323 sorte
1162 2259 1311 2322 inde
1341 2259 1586 2342 aliquid
1617 2261 1902 2324 comede-

399 2368 568 2437 runt,
585 2369 650 2420 et
678 2379 746 2419 os
775 2361 1046 2420 Domini
1071 2380 1202 2420 non
1235 2359 1900 2436 interroqaverunt,id

397 2467 519 2536 est,
548 2477 589 2521 a
619 2458 750 2521 Deo
792 2477 903 2520 seu
934 2476 971 2519 a
1001 2457 1319 2539 sapientia
1357 2457 1498 2538 ejus
1528 2476 1656 2538 qua
1685 2457 1902 2520 omnia

399 2556 676 2639 profert,
713 2556 816 2620 vel
854 2557 934 2618 ab
968 2556 1197 2638 angelo
1227 2555 1340 2638 qui
1382 2557 1447 2618 in
1490 2575 1762 2639 persona
1792 2556 1901 2620 Dei

397 2656 496 2720 eis
538 2655 922 2719 denuntiare
951 2655 1287 2718 consuevit
1324 2656 1590 2736 agenda,
1627 2673 1754 2718 non
1797 2675 1903 2737 pe-

399 2755 650 2818 tierunt
687 2752 1050 2816 consilium.

480 2856 790 2934 Fecitque
816 2857 1006 2914 Josue
1048 2873 1197 2913 eum
1233 2855 1324 2914 eis
1355 2872 1610 2930 pacem,
1637 2863 1698 2913 et
1737 2855 1902 2914 inito

391 2956 644 3032 foedere
666 2954 999 3031 pollicitus
1027 2961 1143 3022 est,
1175 2962 1248 3012 ut
1277 2973 1407 3013 non
1436 2954 1898 3014 occiderentur.

2007 1967 2179 2048 quod
2214 1967 2559 2050 parcebant
2590 1967 3068 2031 habitatoribus
3109 1968 3363 2031 urbium
3395 1969 3500 2032 ha-

2008 2085 2172 2142 rum,
2228 2074 2292 2128 et
2343 2065 2781 2129 acclamabant
2840 2067 3137 2129 standum
3186 2084 3313 2129 non
3362 2086 3501 2130 esse

2007 2164 2368 2246 juramento
2420 2183 2533 2246 per
2572 2163 3047 2247 subreptionem
3100 2171 3162 2228 e't
3212 2163 3500 2228 fraudem

2011 2263 2199 2326 facto.

2093 2363 2246 2432 Qui,
2266 2360 2513 2424 scilicet
2532 2360 2878 2443 principeS‚
2904 2363 3369 2439 responderunt
3388 2364 3505 2432 eis,

2012 2459 2258 2522 scilicet
2291 2458 2486 2540 vulgo
2511 2476 2525 2520 ε
2558 2461 2942 2520 Juravimus
2972 2461 3109 2520 illis
3140 2461 3214 2520 in
3244 2463 3504 2530 nomine

2009 2559 2283 2619 Domini
2301 2559 2422 2618 Dei
2445 2560 2647 2620 Israel
2678 2576 2929 2622 servare
2962 2576 3108 2620 cum
3140 2558 3233 2620 eis
3255 2577 3498 2641 pacem,

2011 2658 2253 2717 idcirco
2303 2677 2433 2717 non
2471 2677 2813 2735 possumus
2852 2677 2952 2717 eos
3000 2659 3391 2734 continyere,
3437 2656 3502 2719 id

2012 2763 2108 2817 est
2139 2754 2367 2817 laedere
2413 2753 2747 2831 violenter,
2780 2763 3042 2836 propter
3080 2754 3499 2818 reverentiam

2014 2852 2309 2916 increatae
2348 2851 2635 2915 veritatis
2678 2860 2741 2915 et
2787 2853 3207 2934 jurisjurandi
3255 2852 3504 2933 religio-

2013 2970 2181 3027 nem,
2218 2970 2299 3013 ne
2330 2950 2734 3014 inveniamur
2762 2951 3027 3032 perjuri,
3052 2950 3204 3031 quia
3235 2970 3382 3016 vere
3409 2951 3503 3033 ju-

397 3053 750 3131 Prineipes
770 3070 1020 3132 quoque
1041 3051 1492 3112 multitudinis
1496 3051 1904 3128 juraverunt
1932 3050 1976 3114 C
2013 3049 2294 3112 ravimus
2326 3067 2459 3111 rem
2491 3048 2558 3109 in
2590 3068 2658 3111 se
2698 3048 2963 3125 licitam,
2997 3049 3289 3131 quamvis
3328 3067 3504 3130 saga-

394 3154 513 3213 eis.
548 3154 708 3213 Post
735 3152 874 3211 dies
905 3160 1122 3211 autem
1156 3160 1277 3210 tres
1299 3152 1460 3211 initi
1479 3151 1767 3226 faederis,
1791 3171 1904 3211 au-

395 3253 672 3311 dierunt
719 3247 846 3311 filii
891 3248 1102 3325 lsrael,
1139 3252 1310 3328 quod
1352 3248 1476 3310 viri
1516 3247 1611 3310 illi
1657 3256 1721 3311 et
1769 3247 1834 3309 hi
1867 3268 1904 3311 a

395 3348 647 3431 quibus
670 3347 926 3411 fuerant
943 3346 1150 3423 missi,
1169 3348 1244 3407 in
1266 3349 1478 3408 vicino
1509 3350 1902 3415 habitarent,

403 3446 473 3509 id
503 3454 604 3509 est
635 3446 792 3509 locis
841 3444 1238 3525 urbibusque
1279 3443 1684 3526 propinquiS,
1717 3454 1776 3505 et
1808 3447 1903 3505 in-

401 3556 502 3607 ter
532 3567 634 3606 eos
664 3546 891 3622 futuri
931 3554 1154 3605 essent.
1187 3546 1652 3623 Moveruntque
1691 3554 1904 3605 castra

395 3644 542 3723 filii
571 3646 804 3715 Israel,
838 3652 897 3703 et
917 3651 1232 3704 venerunt
1261 3644 1333 3703 in
1364 3644 1656 3703 civitates
1684 3663 1904 3703 eorum

395 3745 512 3805 die
554 3743 763 3805 tertio.
803 3740 868 3805 Si
908 3749 1052 3823 post
1091 3740 1261 3803 diem
1304 3741 1560 3803 tertium
1604 3740 1745 3803 initi
1789 3740 1904 3803 foe-

401 3842 603 3918 deriS‚
641 3840 1004 3902 nuntiatum
1037 3848 1135 3902 est
1165 3838 1325 3901 filiis
1356 3838 1568 3915 Israel,
1602 3840 1774 3920 quod
1807 3839 1901 3901 illi

401 3957 611 4023 prope
645 3956 754 4001 eos
798 3936 1180 4012 habitarent,
1215 3937 1535 4018 quomodo
1577 3935 1762 3998 tertio
1801 3934 1903 3997 die

399 4044 726 4101 venerunt
757 4036 822 4098 in
867 4036 1059 4099 urbes
1100 4035 1404 4099 illorum?
1433 4036 1651 4116 Itaque
1679 4053 1904 4096 sensus

399 4156 549 4200 esse
596 4135 870 4212 videtur,
905 4135 1078 4216 quod
1122 4142 1266 4216 post
1309 4132 1567 4197 tertium
1611 4133 1803 4210 diem,
1841 4132 1903 4195 id

2013 3149 2171 3213 citer
2218 3147 2680 3222 circumventi3
2713 3151 2824 3208 sed
2860 3151 2975 3208 hoc
3004 3149 3317 3225 faciemus
3355 3152 3447 3210 eis
3478 3171 3500 3210 .·

2009 3257 2417 3309 reserventur
2456 3248 2717 3327 quidem
2762 3256 2835 3307 ut
2874 3248 3127 3317 vivant,
3158 3266 3236 3307 ne
3278 3258 3503 3309 contra

2009 3368 2124 3407 nos
2154 3348 2258 3407 ira
2280 3348 2552 3409 Domini
2571 3346 2945 3417 concitetur,
2963 3364 3045 3407 ne
3076 3344 3247 3425 rigor
3270 3345 3503 3411 divinae

2009 3444 2274 3528 justitiae
2304 3444 2528 3526 puniat
2559 3460 2697 3521 nOS,
2724 3445 2784 3503 si
2797 3445 3360 3522 peijuraverimus
3381 3444 3507 3508 vio-

2013 3544 2202 3606 lando
2232 3543 2664 3624 juramentum
2688 3540 2858 3623 quod
2889 3540 3019 3602 illis
3052 3542 3500 3624 praestitimu83

2011 3646 2118 3703 sed
2147 3644 2241 3702 sic
2265 3644 2514 3713 vivant,
2544 3651 2617 3701 ut
2648 3642 2721 3701 in
2754 3648 2907 3700 usus
2938 3643 3263 3703 universae·
3286 3644 3505 3703 multi-

2015 3742 2267 3802 tudinis
2286 3739 2474 3801 lsrael
2499 3741 2683 3816 liqna
2711 3741 3325 3818 ccedant,aquasque
3344 3760 3504 3800 com-

2004 3848 2285 3917 portent.
2314 3838 2555 3907 Quibus
2586 3838 2717 3899 Izoec
2750 3838 3151 3916 loquentibus
3171 3838 3249 3899 ad
3273 3838 3499 3918 vulgus

2013 3935 2451 4012 Israeliticum‚
2486 3938 2739 3995 vocavit
2772 3936 3161 3995 Gabaonitas
3201 3939 3413 4006 Josue,
3442 3946 3502 3997 et

2011 4036 2189 4095 dimit
2218 4036 2309 4094 eis
2341 4054 2363 4094 .·
2400 4038 2529 4095 Cur
2558 4054 2670 4094 nos
2698 4034 2986 4110 decipere
3004 4033 3246 4109 fraude
3278 4037 3506 4095 voluis-

2015 4137 2122 4204 tis,
2143 4143 2218 4194 ut
2236 4134 2554 4205 diceretis,
2578 4135 2820 4194 Procul
2849 4135 3037 4192 valde
3066 4134 3433 4194 habitamus
3462 4156 3505 4194 a

401 4244 504 4299 est
534 4240 684 4316 post
726 4233 896 4296 tertii
927 4232 1058 4295 diei
1103 4232 1382 4307 initium,
1418 4231 1778 4294 nuntiatum
1810 4240 1905 4294 est
1934 4235 1984 4296 D
2014 4234 2208 4303 vobis,
2233 4251 2433 4311 quum
2468 4232 2542 4289 in
2587 4231 2794 4290 medio
2826 4230 3033 4290 nostri
3062 4232 3207 4291 sitis
3228 4233 3259 4291 ἒ
3277 4235 3507 4311 Itaque

398 4332 524 4410 εἰς,
565 4340 630 4395 et
669 4332 890 4395 eodem
923 4330 1029 4394 die
1065 4338 1400 4413 coeperunt
1444 4329 1536 4392 ire
1565 4331 1643 4392 ad
1689 4330 1906 4393 civita-

401 4441 504 4496 tes
535 4430 903 4506 illorum‚et
937 4428 1100 4493 forte
1131 4437 1564 4512 pervenerunt
1592 4447 1794 4509 usque
1825 4429 1903 4490 ad

401 4550 538 4595 eas,
581 4533 879 4598 Qrtarum
908 4531 1043 4591 ha’c
1085 4530 1394 4590 vocabula
1430 4538 1605 4599 sunt,
1645 4530 1904 4589 Gabaon

395 4640 462 4691 et
485 4629 777 4706 Capkira
797 4636 860 4689 et
879 4629 1120 4691 Berotlt
1144 4636 1203 4686 et
1228 4628 1698 4687 Cariatlziarim
1713 4644 1735 4686 .·
1758 4644 1906 4705 qua-

401 4746 554 4789 rum
583 4724 978 4789 habitatores
1005 4723 1214 4787 statim
1239 4732 1626 4805 aperuerunt
1645 4732 1710 4786 et
1731 4723 1907 4787 obvi·

401 4830 682 4888 averunt
709 4822 900 4886 Josue
929 4830 993 4884 et
1027 4820 1328 4899 HebraeiS,
1363 4829 1668 4904 tanquam
1707 4821 1906 4884 domi-

403 4924 510 4988 nis
541 4932 608 4985 et
640 4920 864 4984 amicis
889 4943 904 4996 3
927 4931 989 4982 et
1021 4941 1150 4981 non
1173 4931 1630 4997 percusserunt
1659 4942 1758 4981 eos
1783 4920 1903 4983 filii

403 5021 622 5096 lsrael,
645 5040 715 5080 eo
737 5024 912 5099 quod
925 5020 1262 5097 jurassent
1291 5021 1382 5079 eis
1392 5022 1726 5097 principes
1747 5024 1908 5080 mul-

407 5122 745 5191 titudinis,
764 5117 1011 5181 scilicet
1029 5117 1216 5180 Josue
1238 5116 1596 5180 communis
1618 5118 1904 5181 omnium

404 5219 736 5302 princepS,
773 5224 836 5281 et
883 5215 1220 5280 duodecim
1260 5215 1540 5278 tribuum
1581 5217 1795 5292 ducos,
1845 5226 1909 5280 et

408 5318 574 5381 sorte
627 5315 822 5379 etiam
871 5314 1128 5382 Eleazar
1178 5312 1484 5396 pontifex,
1530 5316 1602 5374 in
1650 5317 1910 5375 nomine

1997 4332 2127 4403 ,sub
2157 4330 2609 4389 maledictione
2638 4329 2843 4398 eritis,
2880 4326 2943 4389 id
2976 4335 3091 4402 est,
3130 4346 3245 4408 pro
3276 4328 3504 4392 vestris

2015 4426 2366 4491 mendaciis.
2394 4434 2457 4489 et
2488 4424 2715 4490 ceteris
2755 4424 2962 4506 culpis
3006 4426 3340 4508 temporali
3373 4446 3506 4509 poe-

2015 4546 2112 4590 11ae
2142 4525 2327 4591 eritis
2366 4524 2660 4606 subjecti,
2696 4532 2759 4587 et
2800 4522 3056 4586 civilem
3105 4525 3505 4589 sustinebitis

2014 4633 2306 4701 mortem,
2343 4622 2641 4687 videlicet
2685 4622 3055 4686 servitutem
3098 4642 3501 4687 communem

2014 4744 2086 4787 ac
2118 4723 2510 4799 diuturnam,
2536 4732 2597 4782 et
2627 4742 2757 4782 non
2786 4724 3037 4798 deficiet
3066 4725 3145 4782 de
3178 4724 3379 4800 stirpe
3410 4746 3505 4783 ve-

2011 4834 2146 4884 stra
2169 4824 2353 4899 liqna
2374 4823 2643 4889 caedens,
2664 4840 2989 4899 aquasque
3008 4830 3410 4897 comportans
3428 4823 3500 4881 in

2013 4925 2277 4983 domum
2305 4921 2429 4982 Dei
2476 4920 2601 4979 mei
2632 4939 2654 4978 .·
2699 4918 2764 4979 id
2807 4925 2927 4994 est,
2972 4925 3101 4979 tam
3149 4935 3263 4980 vos
3310 4936 3500 4998 quam

2015 5019 2250 5101 posteri
2284 5018 2477 5081 vestri
2510 5036 2623 5098 per
2666 5016 3039 5078 universum
3086 5025 3335 5097 tempus
3374 5037 3503 5099 quo

2015 5117 2287 5199 viguerit
2328 5116 2537 5179 cultus
2567 5114 2677 5178 Dei
2718 5115 3068 5177 secundum
3110 5114 3313 5196 legem
3345 5116 3508 5197 Moy-

2017 5218 2127 5293 siS,
2163 5216 2229 5278 in
2263 5215 2382 5277 hac
2412 5222 2580 5276 terra
2608 5212 2787 5275 eritis
2814 5212 3079 5293 obligati
3112 5212 3285 5293 ligna
3314 5215 3507 5279 caede-

2017 5334 2086 5379 re
2125 5322 2190 5377 et
2232 5312 2491 5388 afferre,
2523 5330 2719 5392 aquas
2758 5298 3388 5393 etiam'comportare
3426 5315 3503 5376 ad
