4359 6250
981 500 1102 565 588

1631 521 1976 568 mauriano
2019 522 2080 567 ΙΝ
2123 522 2259 569 ΟΑΡ.
2308 524 2328 567 l
2370 522 2528 568 unm
2568 523 2769 569 ‘remu
2810 523 3033 570 amun.
3078 544 3157 553 —
3196 524 3337 569 Am.
3384 524 3429 569 11

982 698 1098 768 est,
1125 690 1340 771 ignem
1371 690 1653 755 caritatis
1685 709 1811 754 non
1843 692 2320 769 continuerunt,
2356 710 2471 755 nec
2500 691 2550 754 A
2582 692 2931 773 telligentia
2974 710 2989 755 ε
3032 712 3173 773 quae
3214 693 3403 756 etiam
3450 692 3713 755 scientia
3758 691 4041 753 affectiva

983 790 1483 853 consolationem
1519 799 1906 873 pepererunt
1936 791 2164 868 eidem,
2202 791 2312 853 sed
2346 810 2472 853 ma-

2582 800 2862 868 vocatur,
2898 800 2961 854 et
2990 791 3165 854 utilis
3196 800 3293 853 est
3320 792 3397 853 ad
3428 790 3800 866 docendum,
3833 791 3911 851 ad
3950 809 4041 851 ex—
4084 806 4111 847 11
4130 807 4256 877 aaz.

697 899 952 952 Meum-nvn.
985 887 1083 969 gis
1127 888 1473 966 tristitiam,
1523 888 1588 951 in
1635 897 1904 965 tantum,
1949 890 2118 970 quod
2162 889 2323 952 dixit
2364 907 2379 951 ε
2421 889 2471 953 Ο
2579 890 2986 967 hortandum,
3042 891 3121 952 ad
3180 890 3659 971 increpandum,
3708 890 3783 950 ad
3834 906 4039 951 conso
4066 872 4119 911 ¹⁶·

689 964 736 1005 16
756 978 766 1013 ;
802 964 951 1008 Mare.

685 1039 741 1075 ix.
764 1028 830 1069 18.

713 2480 786 2523 Ps.
809 2495 863 2533 w,
882 2485 923 2526 9.

705 2678 837 2723 Cant.
851 2693 892 2731 n,
907 2682 946 2722 6.

979 988 1306 1066 generatio
1363 987 1712 1063 incredula,
1765 988 2070 1068 quamdiu
2127 989 2297 1070 apud
2356 1006 2467 1052 vos

979 1090 1129 1149 ero?
1157 1087 1463 1167 quamdiu
1495 1105 1607 1150 vos
1640 1087 1884 1168 patiar?

1057 1188 1385 1247 Dixerunt
1409 1190 1472 1245 ei
1499 1189 1671 1246 servi
1695 1188 1803 1246 sui
1817 1208 1838 1247 .·
1863 1190 2238 1255 Quaeramus
2266 1190 2467 1247 domi-

979 1303 1060 1343 no
1103 1294 1315 1344 nostro
1357 1286 1495 1362 reyi
1532 1288 2072 1346 adolescentulam
2117 1287 2459 1362 vae'ryinem.

979 1380 1082 1444 Sic
1102 1380 1388 1463 Apostoli
1410 1383 1699 1446 videntes
1730 1381 2243 1445 incredulitatem
2274 1382 2466 1446 obsti-

979 1479 1429 1562 nationemque
1445 1480 1891 1557 Judaeorum‚et
1911 1499 2120 1561 regem
2143 1481 2461 1545 Christum

980 1586 1114 1641 toto
1147 1580 1336 1642 corde
1368 1580 1728 1643 desiderare
1766 1581 2124 1644 animarum
2167 1581 2459 1658 salute-m,

979 1677 1146 1739 inter
1165 1696 1232 1740 se
1253 1679 1800 1743 concordaverunt
1825 1680 1916 1742 ire
1942 1680 2020 1742 ad
2040 1687 2283 1759 genteS,
2304 1688 2367 1742 et
2388 1699 2464 1742 ex

977 1775 1072 1837 eis
1121 1794 1506 1858 congregare
1551 1776 1898 1840 Ecclesiam
1933 1796 1948 1839 ε
1986 1796 2178 1859 quam
2212 1797 2465 1858 congre-

2581 989 2861 1065 landum‚
2913 990 2993 1051 ad
3041 988 3568 1051 inflammandum
3614 1008 3683 1051 se
3724 988 3931 1069 ipsum
3973 1008 4037 1049 ac

2577 1089 2921 1171 proximOS,
2959 1107 3102 1171 quae
3132 1088 3604 1170 corruptionem
3632 1088 3728 1165 (id
3754 1096 3847 1151 est
3878 1086 4038 1149 falsi-

2577 1188 2721 1251 tatis
2770 1187 3253 1265 admixtionem)
3298 1204 3425 1249 non
3468 1186 3754 1268 suscipit,
3797 1187 3907 1247 sed
3953 1186 4036 1246 in-

2573 1286 2810 1350 violata
2867 1294 2965 1348 est
3022 1285 3278 1349 veritas.
3332 1285 3470 1346 Haec
3520 1285 3583 1346 in
3642 1283 3897 1347 senibus
3950 1302 4035 1346 es-

2574 1405 2641 1449 se
2688 1386 2895 1461 debet,
2930 1385 3109 1466 Juxta
3149 1384 3309 1446 illud
3350 1384 3418 1445 in
3459 1383 3575 1447 Job
3609 1402 3624 1445 :
3668 1383 3735 1445 ln
3772 1382 4033 1462 antiquis
4068 1398 4251 1444 mmai.

2572 1492 2669 1548 est
2718 1484 3051 1565 sapientia,
3098 1492 3162 1547 et
3210 1484 3276 1545 in
3326 1481 3527 1545 multo
3574 1490 3857 1564 tempore
3900 1501 4035 1564 pru-

2572 1583 2807 1647 dentia.

2652 1684 2945 1744 Adom‘as
2974 1692 3191 1743 autem
3218 1683 3605 1753 elevabatur,
3637 1682 3851 1741 dicens
3870 1682 4034 1757 :E'yo

2575 1784 2870 1858 reynabO.
2906 1779 3445 1853 Quemadmodum
3476 1779 3673 1842 David
3702 1786 3795 1841 est
3818 1778 4033 1842 Christi

977 1884 1209 1956 gatam,
1247 1884 1679 1955 regeneratam
1729 1884 1790 1939 et
1841 1876 2309 1958 speciosissime
2357 1879 2465 1941 de·
2503 1879 2549 1942 B
2578 1879 2809 1961 ligura,
2845 1878 2938 1942 sic
2969 1898 3042 1942 ea
3069 1897 3213 1960 quae
3244 1878 3313 1940 in
3344 1878 3531 1941 domo
3558 1878 3753 1940 David
3787 1877 4033 1951 fiebant,

977 1982 1280 2052 coratam,
1313 1974 1563 2038 Christo
1594 1983 2134 2057 praesentaverunt
2162 1976 2467 2039 calidissi-

978 2092 1145 2134 mam
1179 2072 1246 2135 in
1276 2090 1512 2151 amore,
1533 2082 1596 2137 et
1615 2073 2121 2137 obdormientem
2145 2075 2209 2137 in
2233 2075 2465 2138 Christi

979 2171 1538 2253 contemplatione.
1564 2172 1773 2236 Potest
1802 2191 2058 2254 quoque
2091 2193 2206 2256 per
2234 2174 2468 2253 Abisag

982 2269 1258 2350 intelligi
1299 2269 1626 2351 primitiva
1665 2270 1776 2336 illa
1820 2271 2101 2334 Ecclesia
2142 2290 2219 2335 cx
2254 2272 2466 2335 Judai-

984 2386 1121 2431 smo
1152 2386 1477 2445 conversa,
1513 2369 1799 2433 omnium
1833 2370 2140 2433 virtutum
2173 2371 2469 2453 splendo-

981 2486 1049 2529 re
1079 2468 1607 2549 conspicua,quae
1639 2468 1702 2531 in
1735 2487 1892 2550 pace
1924 2469 1988 2531 in
2024 2469 2303 2553 idipsum
2333 2471 2469 2533 dor·

981 2564 1185 2643 mivit,
1212 2574 1276 2628 et
1307 2566 1620 2647 requievit
1651 2566 1718 2628 in
1750 2585 1866 2630 suo
1895 2568 2150 2645 dilect0,
2170 2577 2233 2630 et
2262 2568 2462 2631 dixit:

978 2664 1160 2727 Laeva
1190 2663 1328 2745 ejus
1359 2664 1479 2726 sub
1510 2664 1718 2746 capite
1749 2684 1913 2742 meo,
1932 2674 1994 2729 et
2013 2667 2271 2730 dextera
2290 2667 2464 2730 illius

979 2762 1446 2845 amplexabitur
1503 2782 1628 2827 me.
1680 2764 1939 2841 RursuS‚
1992 2764 2229 2846 Abisag
2283 2766 2465 2847 virgo

980 2861 1396 2944 pudicissima
1425 2870 1617 2943 atque
1648 2863 2100 2946 pulcherrima,
2141 2865 2334 2928 David
2371 2884 2465 2927 re-

978 2957 1042 3038 gi
1083 2959 1486 3040 desponsata,
1530 2961 1639 3022 sed
1681 2978 1944 3023 manens
1977 2961 2302 3040 inviolata,
2341 2962 2465 3025 fuit

2577 1977 3151 2060 praefiguraverunt
3198 1996 3271 2039 ea
3321 1996 3463 2058 quae
3508 1976 3573 2037 in
3612 1976 3841 2039 Christi
3885 1973 4039 2036 fiunt

2575 2076 2878 2139 Ecclesia.
2914 2074 3141 2156 Sicque
3189 2094 3301 2157 per
3343 2074 3647 2137 Adoniam
3695 2073 4033 2155 pulchrum,

2576 2183 2639 2237 et
2682 2175 2822 2256 ejus
2869 2172 3147 2237 fautores
3194 2174 3347 2237 Joab
3391 2181 3583 2255 atque
3622 2172 3937 2249 Abiathar,
3968 2172 4039 2232 si-

2574 2282 2852 2354 gnantur
2890 2272 3149 2355 superbi
3188 2280 3252 2335 et
3285 2272 3627 2348 ambitiosi,
3662 2271 3843 2335 donis
3878 2280 4039 2332 natu-

2577 2393 2662 2437 rae
2694 2392 2806 2435 seu
2834 2372 3021 2436 bonis
3054 2370 3323 2434 fortunae
3348 2370 3577 2448 ornati,
3610 2370 3722 2452 qui
3751 2370 3825 2433 ad
3858 2368 4039 2432 eccle-

2576 2471 2865 2533 siasticas
2925 2469 3289 2549 dignitateS,
3344 2470 3423 2531 ad
3476 2468 3921 2551 principatum,
3968 2468 4033 2529 ad

2580 2588 2847 2649 regnum
2898 2568 3195 2648 ingerunt
3243 2567 3637 2650 semetipsoS,
3681 2575 3743 2631 et
3784 2586 3897 2649 per
3941 2583 4039 2647 po-

2576 2677 2779 2733 tentes
2811 2667 3024 2731 saeculi
3056 2667 3269 2749 hujuS,
3296 2685 3408 2749 per
3438 2666 3731 2748 praelatos
3762 2665 4035 2729 Ecclesiae

2574 2775 2871 2849 quaerunt
2899 2764 3131 2848 juvari,
3165 2774 3357 2847 atque
3386 2784 3500 2847 per
3529 2783 3793 2826 munera
3819 2782 3891 2826 ac
3919 2763 4037 2825 lau-

2573 2875 2638 2929 ta
2684 2866 3002 2942 convivia,
3032 2884 3145 2947 per
3191 2863 3645 2946 promissiones
3691 2881 3763 2925 ac
3808 2880 4036 2945 promo-

2576 2964 2778 3027 tiones
2810 2963 3099 3026 alliciunt
3130 2962 3255 3025 sibi
3284 2981 3444 3044 quos
3472 2970 3760 3044 possunt.
3786 2962 3901 3024 Sed
3926 2960 4035 3023 viri

977 3056 1361 3120 beatissimae
1399 3057 1788 3121 Christiferae
1827 3058 2097 3141 virginis
2137 3060 2342 3124 Μαι-ἰῶ
2389 3060 2464 3122 fi·
2498 3063 2541 3128 C
2572 3062 2876 3141 timorati,
2912 3062 3253 3144 sapienteS,
3291 3060 3521 3142 integri
3558 3068 3621 3124 et
3666 3068 4031 3134 constantes,

975 3173 1154 3236 gura,
1187 3175 1329 3238 quae
1372 3166 1468 3220 est
1512 3157 1853 3238 singularis
1899 3167 1960 3221 et
2003 3159 2193 3223 unica
2230 3160 2462 3222 Christi

977 3273 1234 3337 sponsa,
1271 3256 1380 3318 sed
1425 3256 1605 3336 virgo
1649 3257 2090 3321 mundissima.
2133 3258 2459 3337 Praeterea,

977 3373 1092 3436 per
1139 3353 1338 3416 David
1381 3354 1750 3435 designatur
1801 3356 2191 3438 quicumque
2250 3358 2461 3422 fidelis

979 3452 1299 3535 praelatuS,
1333 3462 1442 3515 aut
1473 3453 1770 3537 princeps
1811 3473 1922 3517 seu
1955 3463 2180 3533 rector,
2216 3458 2327 3538 qui
2369 3477 2463 3521 se-

977 3557 1233 3611 nectute
1262 3548 1614 3626 confectuS‚
1651 3560 1760 3613 aut
1789 3551 2106 3633 spirituali
2139 3553 2319 3616 senio
2349 3555 2460 3618 de-

973 3655 1248 3723 coratuS‚
1299 3647 1362 3710 in
1409 3649 1774 3711 carnalibus
1821 3668 1948 3711 non
1995 3649 2456 3730 inflammatur,

975 3765 1183 3827 neque
1225 3746 1290 3808 in
1331 3747 1752 3810 exterioribus
1790 3748 2138 3812 delectatur
2174 3767 2188 3811 :
2225 3750 2461 3814 idcirco

970 3845 1314 3926 quaerenda
1355 3852 1451 3907 est
1490 3844 1548 3907 ei
1591 3846 2062 3909 adolescentula
2102 3847 2281 3929 virgo
2322 3849 2462 3930 pul-

971 3943 1300 4018 cherrima,
1321 3943 1383 4005 id
1417 3951 1510 4005 est
1541 3944 1854 4025 sapientia
1883 3965 2030 4009 vere
2063 3945 2461 4028 flammigera

809 4077 864 4114 χι,
916 4095 926 4106 .
973 4051 1036 4104 et
1066 4042 1306 4118 divina,
1343 4061 1485 4124 quae
1514 4044 1752 4106 donum
1787 4054 1882 4106 est
1913 4045 2182 4127 Spiritus
2222 4048 2455 4128 Sancti,

705 4645 820 4689 Ibid.
845 4646 909 4689 16.

972 4149 1035 4204 et
1058 4160 1204 4204 vere
1235 4141 1524 4205 accendit
1547 4143 1672 4205 vim
1697 4143 2060 4208 affectivam
2086 4144 2152 4206 in
2173 4146 2457 4224 caritate,

2572 3163 2685 3246 qui
2736 3182 2853 3245 per
2899 3162 3117 3237 sadoc,
3166 3161 3434 3237 Nathan,
3482 3160 3777 3223 Banaiam
3822 3180 3892 3224 ac
3936 3177 4037 3241 per

2574 3262 2769 3325 robur
2813 3261 3124 3324 exercitus
3168 3260 3605 3341 designantur,
3650 3259 3881 3322 talibus
3922 3277 4033 3320 non

2574 3361 2893 3423 adsistunt
2939 3379 3053 3422 nec
3100 3357 3337 3435 favent,
3383 3358 3511 3421 imo
3555 3358 3944 3430 renituntur;
3981 3365 4035 3418 et

2572 3478 2680 3522 eos
2712 3476 3087 3540 promovere-
3116 3464 3447 3533 conantur,
3482 3456 3592 3538 qui
3626 3464 3828 3531 aetate,
3852 3455 4035 3518 scien-

2574 3557 2661 3620 tia
2689 3565 2751 3620 et
2784 3557 3069 3620 moribus
3100 3563 3247 3618 sunt
3276 3555 3644 3637 praelatione
3673 3563 3784 3616 aut
3819 3551 4035 3636 princi·

2573 3665 2724 3739 patu
2772 3655 3073 3735 condigni
3118 3673 3132 3716 :
3176 3654 3286 3734 qui
3331 3661 3655 3734 unguntur
3702 3672 3815 3734 per
3854 3651 4032 3714 Sadoc

2571 3764 2634 3818 et
2683 3754 2927 3816 Nathan
2976 3753 3232 3834 quando
3281 3750 3560 3832 legitime
3605 3758 4033 3814 consecrantur

2569 3872 2642 3916 ac
2670 3852 3110 3927 instituuntur,
3128 3859 3270 3932 post
3300 3869 3457 3932 quos
3488 3849 3739 3913 canitur
3764 3849 4029 3917 buccina,

2570 3951 2824 4032 quando
2858 3968 3077 4012 eorum
3111 3948 3430 4011 institutio
3470 3948 3821 4010 solenniter
3856 3944 4035 4009 divul-

2569 4058 2773 4130 gatur.
2792 4049 3098 4130 Denique,
3116 4047 3344 4110 infelix
3370 4054 3432 4110 et
3452 4047 3774 4109 insensata
3792 4045 4032 4108 ambitio

2570 4148 2821 4229 aliquos
2873 4147 2965 4209 sic
3016 4155 3307 4222 excaecat,
3341 4153 3411 4207 ut
3452 4145 3658 4208 adhuc
3695 4142 4033 4207 viventibus

971 4260 1168 4322 quum
1220 4241 1302 4302 sit
1351 4241 1618 4304 scientia
1667 4243 1888 4325 sapida
1935 4252 1998 4306 et
2043 4243 2335 4308 formata.
2376 4247 2459 4310 De
2492 4255 2541 4316 D
2570 4248 2669 4310 his
2692 4246 2802 4327 qui
2837 4254 3140 4328 praesunt,
3160 4245 3593 4328 praelationem
3625 4243 3901 4326 arripere
3922 4259 4031 4303 non

781 4363 887 4401 sm.
930 4382 940 4393 .
972 4358 1098 4420 qua
1127 4339 1217 4401 ait
1245 4340 1533 4403 sincerus
1564 4350 1628 4404 et
1660 4342 1929 4424 pudicus
1960 4354 2204 4408 amator
2240 4364 2252 4407 :
2286 4346 2458 4410 Hanc

971 4437 1181 4502 amavi
1229 4447 1292 4501 et
1339 4439 1655 4520 exquisivi
1706 4460 1743 4502 a
1789 4441 2123 4522 juventute
2181 4464 2343 4522 mea,
2397 4455 2459 4508 et

971 4537 1237 4617 quaes‘ivi
1279 4557 1417 4601 eam
1464 4557 1759 4620 sponsam
1805 4540 1963 4601 mihi
2009 4561 2352 4619 assumere,
2398 4554 2460 4607 et

969 4643 1213 4698 amator
1261 4634 1466 4699 factus
1506 4657 1647 4700 sum
1695 4637 1918 4702 formae
1964 4639 2162 4703 illius.
2213 4642 2457 4706 Intrans

970 4733 1036 4794 in
1081 4734 1342 4796 domum
1384 4754 1611 4812 meam,
1645 4737 2094 4818 conquiescam
2135 4759 2277 4803 cum
2322 4741 2454 4805 illa.

967 4831 1102 4895 Non
1143 4833 1312 4895 enim
1361 4833 1549 4897 habet
1593 4835 2084 4900 amaritudinem
2125 4858 2459 4904 conversa-

969 4931 1059 4994 tio
1090 4932 1253 5012 ejuS,
1289 4951 1404 4995 nec
1445 4933 1702 4995 taedium
1744 4935 2075 5000 convictus
2116 4938 2313 5016 illius,
2349 4943 2459 5003 sed

969 5029 1272 5108 gaudium
1304 5039 1364 5092 et
1399 5031 1705 5094 laetitiam.
1738 5033 1998 5111 RursuS‚
2037 5056 2149 5119 per
2180 5038 2458 5119 puellam

970 5127 1144 5190 illam
1190 5137 1398 5210 potest
1441 5131 1715 5212 intelligi
1761 5151 1956 5196 sacrae
1995 5135 2334 5217 Scripturae
2366 5138 2461 5199 in-

2571 4345 2918 4409 formident
2963 4363 2977 4407 :
3026 4345 3138 4427 qui
3182 4346 3333 4407 dum
3377 4364 3415 4407 a
3460 4361 3575 4406 suo
3619 4343 4032 4425 impediuntur

2570 4445 2919 4529 proposito,
2956 4445 3162 4507 solent
3202 4443 3521 4507 serviliter
3555 4462 3662 4507 eos
3698 4442 3900 4506 vereri
3932 4439 4028 4521 qui

2571 4545 2728 4628 ipsis
2771 4542 3234 4626 praeficiuntur,
3280 4551 3344 4606 et
3381 4550 3676 4624 quaerunt
3716 4542 3837 4604 sibi
3880 4542 4033 4619 igno-

2570 4645 2681 4707 sci.
2717 4643 3014 4707 Salomon
3058 4651 3291 4718 autem‚
3334 4641 3396 4704 id
3442 4649 3535 4705 est
3583 4641 3792 4723 justus
3838 4659 3905 4702 ac
3950 4657 4032 4699 sa-

2570 4742 2752 4826 piens
2782 4750 3017 4825 pastor,
3051 4742 3243 4824 judex
3274 4760 3385 4803 seu
3415 4741 3735 4823 princepS,
3770 4740 3879 4821 qui
3910 4738 4031 4800 sine

2568 4841 2937 4923 acceptione
2980 4841 3220 4921 judicat
3261 4857 3699 4922 personarum,
3746 4847 3809 4902 et
3852 4835 4031 4915 magis

2569 4940 2743 5003 dolet
2771 4941 2849 5002 de
2880 4939 2985 5001 Dei
3020 4938 3273 5002 offensa
3311 4957 3502 5020 quam
3538 4938 3615 5000 de
3650 4957 3767 4999 sua
3796 4935 4028 5019 injuria.

2570 5040 2677 5102 dat
2707 5040 2971 5120 dignum
3006 5058 3405 5122 responsum,
3432 5046 3650 5121 utpote
3679 5038 3849 5119 quod
3878 5036 4035 5117 juxta

2572 5156 2794 5201 eorum
2829 5135 3057 5200 merita
3088 5136 3205 5199 fiet
3234 5137 3347 5199 eiS.
