4359 6250
1292 516 1641 563 ENARRATIQ
1683 516 1745 562 m
1788 516 1923 563 mr.
1971 517 2010 560 v
2049 516 2252 564 iosus.
2297 535 2379 546 —
2419 515 2560 562 aar.
2608 516 2715 561 vm
3462 497 3539 560 27

449 687 666 764 habet,
711 687 1128 750 transtulerit.
1175 688 1320 751 Ideo
1363 689 1554 751 credo
1600 688 1770 770 quod
1821 689 1947 751 cul·
1973 687 2024 750 A
2053 687 2375 751 Christum
2435 687 2792 770 significari
2850 685 3199 768 oportebat,
3266 686 3389 748 tale
3447 685 3543 748 in-

447 785 584 848 telli
638 786 734 848 illi
787 785 1047 850 fuerunt
1095 806 1316 850 revera
1367 787 1624 870 lapidei.
1677 787 1831 850 Nam
1881 795 1945 850 et

444 885 780 949 translatio
825 886 1238 969 Septuaginta
1287 887 1379 949 sic
1419 887 1629 964 habet,
1661 887 1781 950 Fac
1821 886 1940 948 tibi

444 984 570 1066 ipsi
602 984 842 1048 cultros
883 986 963 1048 de
1003 993 1204 1067 petra.
1240 985 1542 1065 Origenes
1584 1004 1838 1067 quoque
1879 993 1942 1048 et

441 1083 834 1164 Augustinus
866 1084 958 1147 sic
991 1093 1232 1148 tenent.
1255 1084 1374 1147 Sed
1397 1093 1460 1148 et
1481 1085 1770 1164 Magister
1791 1084 1942 1147 Sen-

445 1181 787 1252 tentiarum
815 1201 894 1244 ex
913 1182 1127 1248 verbis
1151 1182 1548 1260 Sanctorum,
1568 1182 1737 1246 libro
1758 1201 1943 1264 quar-

445 1290 530 1356 to,
557 1280 972 1344 distinctione
996 1281 1051 1357 1,
1080 1281 1362 1344 breviter
1385 1282 1586 1363 tangit
1606 1281 1936 1364 mysticam

442 1399 724 1456 causam,
759 1399 874 1442 cur
899 1379 1310 1442 circumcisio
1345 1379 1466 1443 ista
1497 1378 1666 1443 facta
1695 1378 1814 1441 sub
1842 1380 1941 1443 Jo-

441 1497 578 1554 sue,
634 1497 750 1560 per
797 1477 1092 1541 cultellos
1155 1478 1438 1561 lapideos
1489 1479 1574 1540 sit
1622 1487 1878 1561 peracta
1921 1495 1935 1539 ε

441 1577 745 1640 videlicet
790 1575 944 1658 quia
1003 1576 1329 1657 significat
1387 1577 1940 1640 circumcisionem

442 1675 620 1738 illam
661 1683 1192 1753 consummatam,
1225 1695 1353 1757 qua
1395 1675 1581 1739 electi
1627 1675 1694 1737 in
1735 1694 1943 1738 resur-

443 1775 730 1838 rectione
786 1772 966 1836 finali
1021 1794 1133 1857 per
1184 1783 1430 1857 petram
1481 1774 1804 1838 Christum
1861 1774 1942 1835 ab

2053 795 2479 850 strumentum
2523 786 2877 849 adhibitum
2912 794 3025 848 est.
3062 785 3202 848 Haec
3242 785 3536 847 Thomas,

2050 886 2291 961 Quibus
2339 887 2487 950 addi
2542 895 2772 970 potest,
2806 886 2978 967 quod
3030 886 3095 946 in
3146 883 3371 947 Genesi
3400 883 3540 962 (ubi

2051 985 2457 1048 circumcisio
2480 985 2713 1067 legitur
2735 985 3056 1064 instituta)
3076 983 3253 1046 nulla
3276 982 3354 1044 fit
3374 1001 3541 1044 men-
3594 1003 3705 1046 cen.
3726 1016 3823 1046 xv...

2051 1083 2140 1146 tio
2171 1085 2251 1146 de.
2280 1083 2539 1147 cultello
2566 1084 2837 1166 lapideo.
2862 1083 3052 1146 Porro
3084 1101 3196 1164 per
3227 1080 3542 1163 principa·
3570 1068 3712 1109 ¹⁰⁴⁴·

2053 1183 2142 1245 les
2174 1184 2719 1261 circumcisioneS,
2754 1181 2990 1264 quibus
3023 1179 3425 1262 significatus
3446 1187 3542 1243 est

2049 1282 2360 1359 ChristuS‚
2395 1281 2698 1361 intelligit
2741 1282 3013 1344 Thomas
3058 1281 3243 1342 istam
3290 1279 3407 1342 sub
3447 1280 3544 1342 Jo-

2051 1399 2164 1443 sue
2196 1379 2453 1458 factam,
2486 1389 2551 1444 et
2579 1399 2719 1443 eam
2750 1381 2829 1443 de
2857 1397 2987 1461 qua
3015 1380 3081 1441 in
3114 1379 3327 1441 Exodo
3359 1377 3544 1440 habe-
3605 1395 3755 1439 Emi.
3778 1409 3835 1446 w,

2051 1485 2176 1554 tur,
2213 1498 2341 1559 qua
2368 1479 2786 1542 circumcisus
2818 1487 2913 1541 est
2942 1477 3167 1560 Moysis
3200 1475 3399 1538 silius.
3570 1460 3639 1502 ²⁵·

2134 1581 2219 1639 Et
2239 1580 2629 1638 circumcide
2658 1582 2933 1638 secundo
2962 1580 3135 1655 filios
3162 1580 3392 1638 Israel.
3417 1575 3546 1638 Cir-

2051 1695 2126 1738 ca
2156 1676 2277 1738 hoc
2308 1675 2590 1758 loquitur
2619 1677 2918 1757 Origenes
2956 1693 2969 1738 :
3004 1675 3247 1739 Vellem
3278 1693 3543 1757 percon-

2055 1774 2172 1836 tari
2203 1775 2473 1852 Judaeos,
2508 1775 2826 1856 quomodo
2858 1775 3061 1857 possit
3088 1775 3234 1857 quis
3266 1773 3546 1837 secundo

443 1872 622 1936 omni
675 1873 1162 1955 imperfectione
1212 1881 1276 1936 et
1327 1871 1774 1955 superfluitate
1823 1871 1944 1936 eri·
1978 1872 2025 1933 B
2053 1873 2429 1937 circumcidi
2461 1873 2955 1937 circumcisione
2985 1872 3249 1936 carnali.
3282 1872 3548 1935 Verum-

445 1972 730 2054 pientur.
750 1971 1036 2053 Denique
1056 1971 1353 2047 ThomaS,
1376 1971 1670 2034 Albertus
1702 1978 1766 2034 et
1794 1989 1945 2033 cun-

445 2070 531 2132 cti
566 2070 859 2133 doctores
892 2069 1278 2148 scholastici,
1302 2088 1492 2151 super
1524 2078 1821 2151 quartum
1853 2069 1944 2130 sic

448 2176 708 2243 tenent3
760 2167 890 2230 imo
937 2175 1001 2231 ct
1054 2167 1337 2231 Ecclesia
1387 2186 1530 2249 quae
1580 2186 1707 2231 non
1751 2175 1941 2230 errat.

449 2268 577 2331 Hoc
611 2267 856 2330 interea
885 2285 1108 2349 penso,
1143 2268 1314 2348 quod
1349 2287 1464 2330 nec
1505 2275 1725 2330 auctor
1757 2266 1946 2329 Scho-
1977 2345 1982 2352 ⁴

447 2365 686 2428 lasticae
717 2365 1021 2441 historiae,
1056 2384 1264 2446 neque
1295 2366 1475 2447 Lyra,
1510 2365 1666 2428 dicit
1697 2363 1948 2427 Hebrai-

443 2483 587 2526 cam
639 2463 973 2527 veritatem
1016 2462 1269 2540 habere,
1313 2463 1660 2527 Novaculas
1703 2471 1942 2540 acutaS‚

444 2563 557 2625 sed
609 2562 782 2644 quod
822 2561 1069 2624 Hebraei
1121 2561 1214 2624 sic
1268 2562 1490 2625 dicunt
1539 2562 1638 2624 vel
1684 2561 1941 2638 habent,

444 2660 746 2743 quamvis
768 2661 890 2724 hoc
914 2658 1080 2722 forte
1102 2659 1392 2724 videatur
1415 2660 1620 2723 redire
1650 2661 1716 2722 in
1750 2659 1941 2722 idem.

444 2760 541 2823 An
584 2777 736 2841 ergo
777 2757 1118 2821 diversitas
1162 2759 1283 2820 ista
1328 2777 1402 2820 ex
1445 2757 1947 2838 aequivocatione

443 2857 826 2933 dictionum,
860 2875 942 2918 an
995 2875 1072 2918 ex
1114 2855 1526 2937 corruptione
1569 2862 1798 2930 textuS,
1833 2874 1948 2936 per

442 2955 832 3039 posteriores
880 2955 1130 3017 Judaeos
1171 2954 1360 3030 facta,
1415 2961 1526 3016 aut
1574 2953 1699 3015 alia
1749 2952 1948 3016 conti-

439 3055 608 3137 gerit
638 3073 854 3131 causa‚
891 3053 1136 3133 ignoro.

521 3156 764 3217 Rursus
786 3153 956 3216 circa
985 3152 1119 3216 haec
1151 3152 1351 3233 quaeri
1377 3159 1699 3234 potest,an
1730 3149 1947 3213 cultel-

441 3255 544 3317 lus
570 3252 860 3335 lapideus
885 3250 1008 3313 fuit
1027 3252 1106 3313 de
1129 3249 1505 3314 necessitate
1524 3248 1947 3313 circumcisio-

441 3353 570 3415 nis·
589 3351 684 3415 Ad
706 3352 827 3414 hoc
859 3358 1116 3413 sanctus
1139 3350 1368 3412 Doctor
1399 3367 1590 3431 super
1619 3355 1940 3430 quartum,

440 3449 862 3514 distinctione
913 3450 972 3525 1,
1021 3449 1362 3530 respondet
1405 3464 1419 3509 z
1467 3446 1944 3510 Sacramentum

439 3550 616 3633 quod
649 3556 745 3612 est
777 3549 1033 3631 signum
1066 3556 1131 3611 et
1160 3566 1371 3624 causa,
1407 3545 1620 3609 efficit
1657 3547 1829 3628 quod
1869 3544 1947 3608 fi-

439 3658 628 3729 gurat
653 3666 669 3711 :
696 3649 840 3711 ideo
872 3647 982 3709 illa
1017 3645 1411 3729 significatio
1442 3654 1538 3709 est
1567 3648 1646 3709 de
1678 3646 1946 3709 necessi-

445 3757 572 3811 tate
621 3745 1027 3822 sacramenti,
1073 3765 1216 3828 quae
1266 3747 1345 3809 ad
1393 3744 1698 3809 effectum
1747 3764 1946 3808 sacra-

441 3846 644 3909 menti
679 3843 990 3921 refertur3
1017 3864 1146 3907 non
1177 3853 1392 3909 autem
1425 3845 1555 3922 illa,
1580 3864 1725 3926 quae
1755 3844 1946 3907 refer-

445 3955 548 4010 tur
587 3947 668 4010 ad
711 3964 970 4008 causam
1018 3944 1440 4026 principalem
1485 3942 1783 4019 effectuS,
1833 3944 1941 4005 sed

441 4053 540 4108 est
570 4045 652 4107 de
681 4044 846 4107 bene
877 4060 1017 4106 esse
1039 4042 1263 4125 ipsius.
1290 4041 1596 4105 Cultellus
1619 4059 1770 4105 vero
1793 4040 1945 4123 lapi-

443 4144 602 4207 deus
637 4161 766 4205 non
797 4150 896 4205 est
925 4142 1006 4205 de
1039 4141 1414 4205 necessitate
1445 4139 1801 4216 incisioni3‚
1830 4159 1943 4221 per

2055 1980 2269 2034 tamen
2298 1973 2376 2034 ad
2410 1972 2580 2035 istud
2614 1981 2875 2054 possent
2910 1972 3292 2053 respondere
3320 1969 3542 2044 Judaei,

2054 2071 2207 2152 quia
2238 2071 2372 2134 haec
2403 2070 2671 2151 quaestio
2704 2071 2953 2132 videtur
2993 2089 3068 2131 ex
3116 2069 3331 2150 inepto
3362 2066 3548 2130 intel-

2057 2167 2226 2230 lectu
2255 2168 2593 2250 Scripturae
2615 2167 2809 2248 hujus
2831 2168 3189 2249 procedere.
3210 2165 3342 2228 Non
3374 2165 3548 2227 enim

2057 2285 2281 2328 sensus
2328 2273 2443 2344 cst,
2489 2267 2659 2347 quod
2701 2265 2864 2327 Deus
2906 2264 3096 2346 jussit
3138 2265 3392 2327 eosdem
3436 2282 3550 2325 nu-

2057 2382 2255 2441 mer0,
2282 2363 2653 2427 circumcidi
2688 2364 2968 2426 secundo
2999 2382 3110 2426 seu
3142 2363 3340 2425 altera
3371 2361 3545 2436 vice3

2057 2464 2167 2527 sed
2220 2463 2392 2546 quod
2453 2462 2627 2526 filios
2680 2461 2867 2525 lsrael
2926 2461 3117 2544 jussit
3177 2460 3551 2524 circumcidi

2057 2564 2336 2626 secundo
2377 2563 2631 2626 cosdem
2676 2561 2743 2624 in
2785 2561 3019 2644 specie,
3055 2568 3123 2622 ut
3153 2560 3232 2622 ad
3263 2559 3550 2622 diversos

2058 2679 2348 2738 numero,
2370 2659 2684 2724 referatur
2714 2660 2951 2743 duplex
2981 2658 3381 2723 circumcisio
3413 2658 3543 2720 illa.

2057 2759 2235 2843 Saepe
2266 2759 2503 2823 etenim
2537 2759 2863 2840 Scriptura
2903 2758 3187 2841 loquitur
3230 2759 3309 2821 de
3347 2757 3549 2820 diver-

2057 2859 2167 2936 sis,
2204 2859 2387 2941 quasi
2432 2860 2510 2922 de
2555 2858 2819 2934 eisdem,
2863 2858 3168 2940 quoniam
3212 2857 3278 2918 in
3324 2857 3548 2920 eodem

2055 2977 2325 3021 numero
2353 2958 2765 3022 continentur
2795 2957 3047 3019 diversa
3069 2955 3412 3038 supposita.
3428 2955 3550 3018 Un-

1977 3055 2022 3119 C
2055 3057 2133 3120 (1ε
2163 3067 2260 3120 εει
2302 3056 2461 3118 illud
2498 3074 2512 3118 ε
2546 3056 2752 3132 Quum
2793 3055 3110 3119 occideret
3146 3073 3277 3132 εοε,
3312 3073 3548 3138 quaere-
3598 3074 3838 3126 patum,

2055 3156 2210 3220 bant
2260 3176 2430 3234 eum,
2480 3167 2543 3220 et
2594 3157 3098 3232 revertebantur,
3152 3164 3215 3218 et
3263 3150 3546 3219 diluculo
3574 3140 3642 3180 ³⁴·

2055 3255 2399 3347 veniebant
2428 3256 2507 3318 ad
2538 3275 2707 3319 eum.
2745 3256 2981 3337 Nempe
3021 3254 3134 3336 qui
3175 3252 3547 3317 occideban-

2057 3363 2181 3430 tur,
2206 3371 2331 3416 non
2364 3352 2706 3417 veniebant
2737 3354 2814 3416 ad
2847 3354 3044 3417 Deum
3074 3352 3371 3415 diluculo.
3386 3352 3546 3414 Hinc

2055 3452 2283 3515 asserit
2326 3452 2714 3533 Augustinus
2762 3471 2775 3514 :
2818 3452 2993 3515 Unus
3037 3459 3100 3514 et
3144 3451 3312 3515 idem
3356 3450 3545 3515 homo

2056 3549 2155 3613 bis
2188 3550 2741 3614 circumcidendus
2763 3570 2890 3615 non
2912 3559 3078 3624 erat;
3100 3551 3209 3613 sed
3240 3550 3545 3631 quoniam

2055 3668 2221 3711 unus
2255 3648 2531 3732 populus
2563 3658 2717 3727 erat,
2756 3649 2821 3712 in
2852 3648 3234 3732 quibusdam
3278 3649 3548 3712 circum-

2055 3748 2249 3825 cisuS,
2273 3748 2339 3810 in
2370 3748 2753 3829 quibusdam
2787 3767 2913 3810 non
2946 3745 3382 3823 circumcisuS‚
3404 3746 3547 3810 ideo

2053 3847 2296 3909 dictum
2328 3854 2425 3909 est
2458 3845 2712 3922 lterum,
2749 3854 2819 3907 ut
2858 3845 3273 3908 circumcisus
3315 3845 3547 3908 iterum

2053 3944 2641 4020 circumcideretur,
2678 3961 2804 4006 non
2837 3944 3050 4021 homo,
3096 3944 3204 4006 sed
3242 3944 3539 4026 populus

2133 4044 2437 4106 Praeterca
2484 4042 2609 4104 alia
2646 4040 3002 4105 difficultas
3054 4042 3349 4105 occurrit.
3394 4044 3547 4105 Con-

2055 4151 2177 4205 stat
2210 4142 2406 4218 enim,
2425 4141 2596 4222 quod
2628 4148 2775 4203 ante
2805 4140 2969 4202 hanc
2994 4140 3543 4205 circumcisionem

441 4261 638 4324 quam
691 4240 1022 4321 significat
1079 4238 1485 4302 circumcisio
1546 4258 1730 4300 suum
1782 4236 1944 4300 cffc-
1975 4241 2273 4306 Dmultae
2330 4239 2513 4303 ractae
2562 4239 2693 4301 sint
2741 4238 3259 4303 circumcisiones
3320 4240 3387 4302 in
3440 4259 3546 4322 po·
3620 4268 3839 4319 mmm„

441 4350 640 4417 ctum,
683 4339 932 4403 scilicet
961 4338 1402 4422 purgationem
1436 4336 1768 4417 originalis
1800 4357 1945 4419 pec-

443 4440 612 4513 cati;
647 4439 760 4501 sed
795 4438 988 4500 habet
1026 4436 1306 4518 aliquam
1345 4434 1832 4498 similitudinem
1865 4437 1943 4499 ad

443 4557 704 4602 causam
738 4537 1165 4620 principalem
1198 4535 1589 4599 meritoriam
1632 4536 1946 4599 remissio-

445 4634 547 4697 nis
577 4635 912 4716 originalis
941 4634 1167 4716 culpae,
1203 4633 1447 4697 scilicet
1476 4633 1819 4697 Christum.
1857 4633 1946 4695 ld-

443 4734 617 4798 circo
637 4735 844 4798 culter
864 4734 1152 4816 lapideus
1176 4752 1302 4796 non
1327 4731 1354 4794 f
1358 4733 1451 4795 uit
1472 4735 1550 4797 dc
1573 4734 1946 4797 necessitate

444 4834 979 4908 circumcisioniS,
1018 4852 1134 4896 nec
1165 4842 1472 4914 quantum
1508 4833 1586 4894 ad
1617 4832 1946 4911 obligatio-

448 4953 592 4996 nem
627 4933 951 5016 p'raecepti,
987 4951 1104 4995 nec
1134 4940 1444 5014 quantum
1476 4932 1554 4994 ad
1587 4932 1942 4995 efficaciam

449 5032 831 5095 sacramenti
869 5049 882 5092 ε
919 5032 1090 5112 quod
1143 5031 1302 5093 ritus
1341 5031 1700 5094 Judaeorum
1744 5050 1946 5113 usque

449 5131 640 5193 hodie
684 5130 986 5203 ostendit,
1032 5128 1182 5210 quia
1221 5128 1520 5191 videlicet
1568 5129 1631 5191 in
1679 5130 1946 5191 circum-

445 5229 693 5291 cisione
733 5248 862 5291 non
900 5234 1169 5290 utuntur
1205 5227 1466 5291 cultello
1508 5226 1778 5310 lapich.
1826 5228 1943 5291 Sed

447 5324 516 5387 in
550 5323 1020 5407 principalibus
1050 5324 1670 5401 circumcisionibuS,
1706 5324 1941 5405 quibus

2053 4340 2209 4422 pulo
2240 4339 2645 4402 Hebraeorum
2687 4357 2724 4399 a
2764 4345 3049 4419 tempore
3080 4337 3344 4401 Abrahae
3380 4355 3394 4400 :
3430 4358 3545 4401 cur
3573 4330 3848 4435 25²2&ss

2055 4456 2205 4519 ergo
2238 4456 2408 4500 nunc
2438 4437 2697 4512 dicitur,
2731 4435 3126 4499 Circumcidc
3160 4434 3335 4499 filios
3356 4436 3543 4499 Israel
3574 4425 3768 4505 adt-,xia
3791 4426 3838 4499 3]

2055 4538 2380 4600 secundo?
2417 4536 2877 4618 Respondetur,
2914 4536 3085 4615 quod
3128 4556 3297 4598 nunc
3338 4556 3547 4599 sermo

2053 4645 2150 4699 cst
2172 4636 2251 4697 de
2282 4634 2772 4697 circumcisione
2800 4633 3075 4711 sole-nni,
3096 4634 3195 4697 vel
3228 4635 3435 4697 solum
3467 4635 3547 4697 de

2056 4733 2291 4817 populo
2313 4732 2427 4814 qui
2449 4732 2602 4794 exiit
2622 4734 2700 4794 de
2721 4732 3010 4814 AEgypto,
3032 4732 3430 4814 posterisque
3452 4752 3549 4796 eo-

2057 4850 2197 4895 rum
2229 4831 2337 4913 qui
2374 4839 2555 4893 erant
2586 4832 2705 4892 sub
2734 4831 2939 4893 Josue.
2966 4830 3041 4892 Et
3072 4831 3124 4891 si
3156 4831 3549 4911 intelligatur

2054 4931 2134 4993 dc
2176 4928 2667 4992 circumcisione
2710 4928 2986 5005 solenni,
3022 4927 3225 4991 oritur
3254 4930 3544 5009 quaestio,

2055 5037 2348 5111 respectu
2372 5047 2448 5090 cu
2453 5028 2556 5109 jus
2579 5026 3086 5090 circumcisionis
3109 5028 3544 5109 praeccdentiS,

2055 5127 2341 5190 solennis
2376 5126 2492 5189 ista
2524 5126 2774 5188 dicatur
2805 5127 3105 5189 secunda.
3126 5125 3427 5199 Quocirca
3458 5147 3550 5189 rc-

2053 5227 2211 5289 citat
2251 5226 2410 5306 Lyra
2454 5223 2822 5306 opinionem
2866 5224 3293 5301 Hebraeorum,
3338 5224 3551 5287 dicen-

2054 5326 2216 5387 tium
2248 5324 2415 5405 quod
2460 5323 2580 5386 ista
2621 5331 2882 5386 vocatur
2916 5322 3216 5400 secunda,
3254 5333 3549 5406 respectu
