4359 6250
971 494 1091 559 598
1583 512 1928 559 mannum
1970 513 2032 558 ix
2074 514 2209 559 car.
2258 512 2327 557 ιιι
2367 514 2524 558 unm
2564 512 2764 557 muru
2806 513 3029 559 neuun.
3072 532 3155 542 —
3196 513 3337 559 Aur.
3384 513 3423 555 v

2119 924 2767 1011 ARTICULUS
2852 927 2917 1009 V

1117 1205 1429 1251 Exposrrlo
1473 1204 1747 1250 CAPITULI
1789 1203 1986 1247 ‘reum
2033 1202 2046 1246 Ζ
2095 1200 2527 1246 ΩΟΝῈΊΒΜΑἸὍΙ
2570 1200 2679 1245 EST
2721 1200 2923 1246 lGlTUR
2967 1201 3211 1245 {tl-:osmi
3254 1202 3317 1245 IN
3360 1202 3527 1247 HANU
3570 1200 3918 1246 SALonoxls.

1117 1483 1532 1547 ECITATUR
1578 1483 1643 1545 in
1683 1482 1806 1544 isto
1846 1479 2147 1561 capitulo,
2191 1477 2467 1559 qualiter
2494 1477 2545 1538 A
2574 1496 2705 1539 non
2753 1485 2888 1539 erat
2932 1476 3088 1539 filiis
3119 1478 3305 1541 lsrael
3343 1478 3630 1542 absolute
3670 1478 4033 1562 prohibitum

1137 1583 1514 1665 sapientiam
1564 1602 1744 1644 suam
1796 1580 2089 1643 Salomon
2141 1576 2385 1658 accepit
2430 1596 2467 1637 a
2574 1596 2720 1639 cum
2762 1576 3142 1656 alienigenis
3186 1579 3579 1653 contrahere,
3613 1580 3765 1662 quia
3806 1580 3865 1641 in
3896 1580 4036 1641 Deu-

975 1682 1265 1759 Domin0‚
1299 1690 1362 1745 et
1403 1681 1677 1763 qualiter
1712 1679 1906 1760 coepit
1934 1696 2073 1740 eam
2113 1684 2468 1739 monstrare
2576 1676 2929 1739 teronomio
2960 1678 3143 1739 datur
3174 1678 3449 1758 speciale
3481 1688 3877 1760 praeceptum,
3900 1698 4035 1761 qua·
4086 1700 4256 1748 ommi

977 1781 1361 1847 hominibus
1375 1785 1840 1857 Confirmatum
1857 1786 1946 1838 est
1971 1778 2179 1854 iqt'tur
2200 1795 2469 1852 reqnum
2575 1774 2720 1837 liter
2750 1784 3041 1856 poterant
3060 1776 3291 1839 ducere
3310 1776 3578 1839 feminas
3600 1777 3764 1841 inter
3782 1778 4033 1859 captivos
4060 1772 4169 1809 ¹¹⁴³·

979 1886 1050 1943 in
1083 1902 1314 1950 manu,
1347 1880 1466 1942 hoc
1488 1886 1584 1941 cst
1613 1878 1680 1940 in
1712 1885 2022 1959 potestate
2053 1884 2116 1937 et
2143 1883 2312 1949 actu,
2349 1877 2469 1935 Sa-
2574 1872 2846 1949 gentiles
2892 1873 3204 1936 inventas,
3240 1874 3495 1938 Salmon
3533 1895 3789 1958 quoque
3814 1875 4033 1957 accepit
4066 1894 4249 1935 aaran.

979 1981 1272 2049 lomenia,
1305 1987 1363 2038 et
1405 1979 1720 2053 affinitate
1762 1974 2142 2051 conjunctus
2179 1982 2269 2032 est
2296 1974 2470 2033 Plea-
2578 1971 2791 2033 Rahab
2812 1971 2879 2033 in
2906 1972 3255 2053 conjugem,
3272 1982 3335 2036 et
3355 1974 3618 2037 Samson
3643 1975 4029 2037 Philistaeam:
4076 1992 4256 2037 ,rader—‚2

977 2080 1169 2139 raoni
1199 2078 1337 2153 reyi
1356 2074 1928 2153 AEyyptz'.Accepit
1958 2092 2235 2150 namque
2252 2072 2469 2148 filiam
2576 2090 2720 2151 quae
2751 2090 2851 2132 res
2894 2071 3126 2133 dicitur
3157 2070 3325 2134 facta
3354 2092 3391 2135 a
3420 2073 3706 2137 Domino.
3740 2074 3837 2137 Sic
3874 2084 3927 2136 et
3968 2074 4033 2136 li·
4057 2060 4196 2108 ΜΨ·

977 2176 1117 2254 ejus
1148 2192 1430 2249 uxorem,
1463 2183 1525 2232 ec
1551 2172 1834 2232 adduxit
1862 2189 2006 2229 eam
2036 2171 2109 2228 in
2141 2171 2469 2229 civitatem
2578 2169 2692 2231 bro
2736 2170 3015 2233 secundo
3046 2171 3464 2252 praehabitum
3497 2182 3614 2250 est,
3656 2174 3821 2255 quod
3858 2174 4031 2235 David
4080 2190 4107 2231 ιι
4120 2191 4195 2237 ιω).
4210 2203 4248 2231 u„

981 2275 1220 2344 David,
1247 2272 1312 2333 id
1339 2280 1438 2334 est
1466 2270 1533 2332 in
1566 2288 1797 2346 arcem,
1823 2278 1887 2330 et
1917 2268 1982 2329 in
2006 2267 2243 2350 palatio
2272 2265 2470 2330 David
2579 2268 2823 2349 accepit
2856 2267 3057 2331 filiam
3092 2270 3256 2350 regis
3287 2270 3518 2334 Gessur
3548 2272 3613 2333 in
3646 2273 4027 2336 contoralem.
4058 2259 4089 2296 ³·

981 2372 1149 2453 regis
1201 2369 1353 2433 fecit
1401 2388 1540 2431 eam
1585 2367 1846 2443 morari,
1890 2370 2086 2428 donee
2133 2370 2471 2445 compleret
2580 2366 2679 2429 Sic
2710 2376 2773 2429 et
2804 2367 3244 2451 Booz'accepit
3272 2370 3459 2432 Ruth.
3490 2372 3700 2451 ltaque
3738 2374 4034 2435 adverten-
4056 2392 4256 2453 stanna

979 2472 1313 2549 aedificans
1349 2472 1614 2529 domum
1663 2488 1877 2536 suam,
1911 2465 1974 2527 id
2025 2474 2121 2527 est
2162 2463 2470 2545 palatium
2578 2467 2753 2542 dum,
2788 2468 2958 2547 quod
2994 2466 3151 2529 siliis
3180 2469 3365 2531 lsrael
3410 2469 3767 2551 specialiter
3803 2480 3924 2534 erat
3948 2472 4035 2533 in-
4255 2462 4256 2467 ¹

982 2570 1048 2631 in
1095 2586 1225 2651 quo
1271 2567 1561 2630 habitare
1604 2564 1930 2628 decrevit:
1969 2566 2048 2627 de
2095 2563 2279 2644 cujus
2328 2582 2472 2626 con·
2583 2565 2855 2627 hibitum
2888 2566 3128 2629 sociare
3157 2567 3479 2629 connubia
3506 2588 3648 2631 cum
3692 2570 4035 2632 mulieribus

983 2666 1332 2730 structione
1375 2664 1546 2727 infra
1573 2662 1937 2738 dicetur3ec
1966 2666 2231 2723 domum
2257 2664 2473 2723 Domi·
2508 2666 2555 2729 Β
2583 2672 2645 2727 et
2684 2664 2917 2746 puellis
2950 2664 3471 2743 Chananaeorum,
3507 2676 3577 2728 ut
3617 2668 3683 2729 in
3724 2668 3855 2750 lege
3890 2686 4035 2749 saept·

982 2768 1080 2837 ni,
1115 2765 1178 2827 id
1221 2773 1316 2827 est
1361 2762 1689 2844 templum,
1723 2771 1784 2822 et
1825 2782 2087 2822 murum
2114 2764 2472 2821 Jerusalem
2584 2762 2989 2845 exprimitur;
3015 2772 3077 2825 et
3108 2772 3318 2827 tamen
3354 2764 3416 2826 in
3440 2774 3613 2829 certo
3643 2786 3790 2830 casu
3820 2774 4037 2849 poterat

977 2885 1095 2943 per
1123 2866 1494 2923 circuitum.
1521 2860 1829 2943 Tempore
1848 2860 2044 2923 David
2078 2859 2105 2920 f
2111 2859 2203 2921 uit
2230 2859 2476 2921 Jerusa-
2583 2860 2767 2923 aliter
2798 2860 2963 2938 fieri,
2985 2871 3243 2944 propter
3274 2862 3467 2926 fidem
3492 2864 3741 2927 illarum
3774 2866 3839 2928 in
3866 2866 4035 2928 Deum

984 2962 1110 3025 lem
1142 2980 1254 3043 per
1280 2978 1506 3043 gyrum
1533 2967 1803 3035 murata,
1823 2960 1930 3021 sed
1955 2958 2251 3021 Salomon
2272 2958 2477 3020 voluit
2585 2959 2794 3035 lsrael,
2850 2969 2911 3023 et
2964 2969 3222 3043 propter
3277 2962 3655 3045 probitatem
3706 2964 4040 3027 beneficen-

987 3058 1218 3124 fortius
1248 3078 1388 3121 eam
1429 3057 1700 3134 munire,
1736 3065 1797 3119 et
1837 3056 2074 3140 triplici
2123 3074 2307 3119 muro
2355 3056 2477 3119 cir·
2586 3058 2869 3140 tiamque
2900 3078 3115 3121 earum
3148 3061 3226 3121 ad
3261 3061 3673 3126 Israeliticum
3708 3063 3991 3146 populum
4024 3079 4036 3121 :

986 3158 1306 3222 cumdare.
1339 3157 1672 3240 Proposuit
1707 3165 1917 3218 autem
1965 3155 2327 3238 specialiter
2356 3157 2478 3218 tria
2588 3159 2807 3240 sicque
2831 3158 3085 3222 Salmon
3108 3161 3355 3242 accepit
3376 3161 3603 3224 Rahab.
3624 3163 3777 3226 Cum
3801 3161 4041 3224 aliarum

987 3256 1330 3333 aedisicare,
1361 3255 1666 3320 videlicet
1715 3255 2048 3336 templum,
2084 3263 2277 3336 atque
2315 3255 2479 3336 pala·
2586 3277 2737 3320 vero
2776 3258 3062 3339 gentium
3106 3259 3365 3322 filiabus
3413 3269 3702 3343 poterant
3744 3262 4044 3325 contrahe-

987 3356 1148 3417 tium
1180 3374 1436 3432 novum,
1479 3364 1541 3417 et
1584 3353 1805 3416 urbem
1845 3353 2251 3435 metropolim
2298 3353 2476 3434 regni
2588 3375 2655 3418 re
2685 3375 2761 3418 ex
2792 3357 3155 3419 rationabili
3192 3378 3421 3432 causa;
3454 3361 3564 3422 sed
3603 3359 3899 3441 quoniam
3938 3359 4045 3421 dis-

987 3454 1087 3516 sui
1137 3453 1376 3536 triplici
1418 3472 1600 3517 muro
1649 3452 1913 3529 ambire,
1949 3461 2263 3534 quatenus
2314 3452 2479 3514 intra
2588 3475 2701 3538 par
2730 3456 2939 3518 cultus
2970 3465 3064 3518 est
3096 3458 3477 3520 matrimonii
3520 3459 4039 3540 impedimentum,

990 3554 1268 3635 primum
1327 3552 1641 3615 ambitum
1693 3571 1804 3614 seu
1861 3552 2220 3614 clausuram
2267 3559 2479 3614 essent
2588 3553 2919 3634 oportebat
2947 3552 3089 3616 illas
3113 3555 3189 3616 ad
3224 3553 3421 3617 fidem
3451 3564 3514 3619 et
3540 3555 3782 3619 cultum
3804 3556 3930 3619 veri
3954 3555 4043 3617 Dei

989 3651 1296 3732 templum
1329 3651 1462 3726 Dei,
1495 3650 1804 3732 palatium
1844 3650 2008 3730 regis
2053 3669 2198 3712 cum
2240 3649 2478 3711 habita-
2588 3653 2894 3714 converti.
2933 3652 3123 3716 Porro
3165 3652 3459 3717 Salomon
3502 3655 3781 3717 creditur
3816 3655 4043 3716 duxisse

989 3749 1152 3813 culis
1203 3750 1692 3813 domesticorum
1747 3767 2029 3824 suorum,
2084 3757 2146 3810 et
2194 3749 2358 3810 aedes
2406 3768 2476 3810 ac
2590 3750 2792 3812 filiam
2824 3751 3167 3813 Pharaonis
3195 3760 3452 3834 propter
3472 3770 3811 3816 commune
3836 3753 4047 3816 bonum

990 3849 1353 3911 mansiones
1386 3848 1784 3910 sacerdotum
1809 3846 2474 3924 hebdomadariorum,
2513 3855 2557 3917 C
2590 3849 2781 3911 totius
2830 3867 2959 3910 suae
3006 3849 3211 3930 plebis
3260 3859 3323 3912 et
3371 3852 3863 3926 communitatis,
3912 3869 4049 3932 quo-

989 3946 1102 4028 qui
1128 3965 1241 4029 per
1270 3945 1551 4027 singulas
1592 3945 1978 4028 septimanas
2018 3945 2382 4008 serviebant
2413 3946 2476 4006 in
2590 3948 2759 4009 niam
2790 3947 3029 4010 Pharao
3071 3967 3177 4010 rex
3208 3949 3454 4030 AEgypti
3490 3948 3613 4011 fuit.
3648 3959 3799 4012 tunc
3836 3967 4047 4032 praepo-

700 4061 961 4115 waram,
991 4044 1252 4126 templo,
1288 4055 1477 4127 prout
1506 4045 1714 4127 primo
1746 4043 2271 4126 Paralipomenon
2314 4044 2477 4106 libro
2588 4053 2725 4108 tens
2760 4065 2887 4122 rex,
2915 4054 2975 4108 et
3000 4054 3179 4108 terrae
3211 4047 3652 4128 promissionis
3674 4067 3751 4110 ex
3780 4067 3903 4110 una
3928 4065 4047 4129 par-

695 4129 718 4168 ³
739 4131 782 4170 ⁶¹
799 4138 893 4182 ἐς·
989 4143 1182 4206 David
1208 4143 1438 4224 legitur
1458 4143 1817 4218 ordinasse3
1843 4151 1905 4206 et
1935 4141 2106 4204 infra
2128 4143 2475 4206 secundum
2590 4153 2648 4205 te
2680 4143 2834 4205 satis
2865 4145 3286 4226 propinquuS.

989 4241 1302 4303 ambitum
1350 4242 1710 4305 habitarent
1753 4241 1875 4306 viri
1917 4250 2208 4323 potentes
2253 4262 2325 4304 ac
2370 4259 2479 4304 no-
2667 4247 2969 4304 Attamen.
2996 4248 3277 4320 populas
3318 4243 3506 4306 lsrael
3540 4246 3904 4306 immolabat
3947 4262 4045 4326 per

989 4338 1173 4416 biles,
1219 4359 1290 4403 ac
1326 4341 1673 4422 prophetae,
1708 4340 2058 4403 secundum
2097 4342 2267 4421 quod
2310 4339 2479 4402 infra
2588 4361 2814 4403 manus
2864 4342 3260 4403 sacerdotum
3314 4342 3634 4405 sacrificia
3682 4343 3807 4406 Deo
3850 4345 3917 4402 in
3952 4363 4045 4400 ex-

694 4459 954 4517 tvae-ann,
987 4448 1214 4521 quarto
1264 4439 1428 4502 libro
1479 4446 1770 4502 narratur
1827 4439 2024 4501 Holda
2075 4439 2479 4520 prophetissa
2584 4443 2791 4508 celsis,
2832 4439 2895 4501 id
2936 4447 3030 4502 est
3070 4440 3225 4502 locis
3267 4440 3676 4503 sublimibus.
3715 4445 3856 4504 Non
3892 4443 4042 4500 enim

695 4525 760 4567 ¹⁴·
987 4537 1299 4601 mansisse
1339 4538 1405 4601 in
1438 4537 1781 4600 Jerusalem
1827 4538 1891 4598 in
1937 4539 2237 4614 secunda,
2275 4538 2337 4601 id
2382 4545 2478 4600 est
2584 4540 2980 4614 malefic-atum
3009 4548 3149 4598 erat
3180 4543 3487 4615 templum
3525 4542 3780 4600 nomini
3808 4540 4047 4601 Domini

987 4634 1156 4698 infra
1205 4637 1545 4700 secundam
1587 4636 1984 4710 clausuram3
2039 4646 2101 4698 et
2147 4635 2318 4699 infra
2358 4645 2477 4698 ter·
2584 4657 2782 4716 usque
2820 4639 2891 4696 in
2926 4639 3099 4696 diem
3132 4640 3347 4698 illu-m.
3386 4635 3615 4718 Sicque
3653 4638 3827 4701 locus
3864 4635 4044 4699 divini

985 4734 1143 4797 tium
1177 4734 1487 4798 ambitum
1519 4735 1874 4798 mechanici
1905 4734 2211 4798 artifices,
2584 4733 2794 4796 cultus
2829 4734 3108 4795 nondum
3154 4733 3277 4796 fuit
3306 4734 3787 4812 determinatuS,
3821 4755 3929 4799 nec
3956 4736 4046 4796 de-

1062 4833 1395 4911 Quaeritur,
1430 4832 1703 4916 qualiter
1735 4833 1916 4896 licuit
1958 4833 2280 4896 Salomoni
2312 4834 2473 4897 acci·
2585 4833 2832 4912 signata
2878 4832 2998 4894 t'uit
3029 4833 3275 4910 civitaS,
3312 4832 3379 4896 in
3412 4852 3541 4915 qua
3570 4835 3702 4898 sola
3736 4835 3943 4898 liceret
3972 4851 4047 4894 sa—

981 4951 1134 5014 pere
1173 4931 1377 4994 t'iliam
1407 4932 1749 4994 Pharaonis
1797 4932 2223 5013 alienigenam
2256 4942 2318 4995 et
2366 4953 2474 5015 pa-
2584 4930 2865 4994 crificari
2904 4949 2917 4993 :
2958 4932 3099 4994 ideo
3144 4933 3675 5013 permittebantur
3716 4932 3841 4996 filii
3884 4930 4045 4994 lsrael

979 5047 1208 5109 ganam
1241 5037 1431 5112 atque
1475 5030 1895 5107 idololatram,
1935 5051 2132 5112 quum
2168 5032 2473 5093 Dominus
2508 5036 2555 5096 D
2585 5029 2736 5091 alibi
2770 5029 3120 5101 immolare,
3150 5039 3335 5111 prout
3366 5030 3430 5092 in
3460 5030 3937 5095 Deuteronomio
3956 5049 4048 5091 sae-
4102 5013 4256 5093 nem*

735 5154 878 5197 Num.
979 5127 1261 5208 jusserit,
1295 5127 1524 5191 Omnes
1557 5127 1676 5189 viri
1713 5129 1944 5190 ducent.
1984 5147 2209 5192 uxores
2254 5131 2331 5192 dc
2365 5129 2472 5190 tri-
2584 5129 2729 5211 pius
2760 5128 3000 5190 dictum
3034 5138 3149 5189 est.
3806 5145 3811 5153 ·
4080 5129 4131 5154 '⁸¹'
4255 5119 4256 5140 ¹

683 5229 825 5268 xxxvi,
847 5219 886 5261 ⁷·
979 5223 1064 5288 bu
1097 5234 1159 5288 et
1187 5227 1562 5307 cognatione
1593 5246 1736 5300 sua3
1775 5235 1838 5289 et
1866 5227 2120 5304 iterum,
2147 5227 2281 5291 Non
2315 5229 2466 5291 soci·
2662 5229 2911 5289 Dae'leoet'c'
2941 5237 3158 5287 autem
3190 5231 3498 5288 Salomon
3531 5231 3881 5291 Dominum
3914 5229 4050 5291 dile-

684 5278 950 5331 Dem'w'ffl
981 5322 1118 5386 abis
1147 5343 1293 5387 cum
1323 5323 1413 5386 eis
1444 5324 1762 5406 conjugia.
1798 5325 2259 5406 Respondetur,
2293 5327 2463 5406 quod
2580 5325 2791 5388 ctione
2838 5324 3154 5406 spirituali
3202 5323 3421 5386 infusa
3464 5334 3525 5388 et
3556 5327 3899 5404 meritoria,
3932 5349 4048 5388 am-
