4359 6250
923 455 1042 519 308
1511 471 1856 519 ansam-rio
1900 471 1960 516 m
2005 469 2140 516 mr.
2188 470 2252 514 ix
2294 469 2450 514 unm
2493 468 2661 515 rann
2702 469 2927 516 amm.
2970 489 3051 500 -
3090 470 3231 516 aar.
3278 469 3405 516 xvu

919 651 1260 719 mesturuS,
1282 652 1372 703 est
1393 646 1676 720 populus
1697 660 1734 703 a
1755 640 2043 703 Samuele
2072 639 2401 716 invitatuS,
2437 639 2488 700 A
2514 658 2678 716 rum,
2714 642 2824 703 sed
2855 649 2919 703 et
2948 641 3217 704 aliorum
3253 641 3619 718 multorum,
3654 649 3719 703 et
3764 640 4009 722 specia-

915 745 1112 802 donec
1143 744 1253 801 ille
1287 743 1500 801 veniat
1531 763 1552 800 .·
1583 743 1740 820 quia
1778 743 1907 816 ipse
1947 741 2265 800 benedicet
2303 741 2407 798 ho·
2511 737 2657 800 liter
2688 739 2877 820 paulo
2908 747 3051 821 post
3082 740 3160 802 de
3190 759 3384 802 manu
3424 740 3583 802 Naas
3622 738 3790 818 regis
3828 737 4005 800 filio-
4092 753 4269 806 [nequ.

911 843 1068 910 stioe,
1090 840 1154 902 id
1175 849 1272 904 est
1302 839 1446 902 cibo
1478 839 1892 921 proponendo
1925 837 2404 921 pransuris‚qui
2516 856 2655 899 rum
2688 837 2980 900 Ammon.
4040 819 4115 856 ¹¹·

917 939 1038 1002 fuit
1069 938 1320 1002 oblatus
1354 937 1420 1000 in
1451 936 1792 1020 pacificam
1824 936 2201 1013 hostiam,et
2228 938 2408 996 dein·
2610 936 2915 1011 Quocirca
2973 938 3241 1018 quaestio
3292 938 3515 1016 oritur,
3566 956 3767 1019 quum
3826 935 4003 999 infra

913 1060 1053 1117 ceps
1082 1040 1404 1099 comedent
1434 1039 1551 1118 qui
1581 1039 1788 1098 vocati
1816 1047 1990 1098 sunt.
2029 1038 2222 1099 Nunc
2260 1055 2406 1114 eryo
2515 1034 2766 1098 Samuel
2818 1035 2975 1098 dicit
3026 1035 3181 1098 filiis
3230 1034 3441 1112 Israel,
3476 1035 3779 1099 videntes
3826 1035 3999 1117 quod
4038 1048 4269 1093 mean-‚12

915 1139 1336 1206 conscendite,
1385 1138 1543 1216 quia
1599 1137 1788 1197 hodie
1845 1137 2176 1213 reperietis
2234 1155 2403 1196 eum.
2515 1134 2671 1196 Naas
2712 1134 2993 1198 venisset
3030 1135 3365 1198 adversum
3406 1153 3540 1212 VOS,
3575 1134 3848 1212 dixistis,
3886 1134 4005 1196 Ne-

913 1235 1143 1298 Puellae
1174 1235 1310 1298 istae
1338 1234 1546 1317 primo
1575 1233 1983 1314 singulariter
2005 1233 2232 1296 locutae
2258 1241 2407 1295 sunt
2515 1252 2857 1315 quaquam,
2915 1234 3026 1296 sed
3080 1253 3185 1297 rex
3232 1234 3574 1316 imperabit
3630 1233 3817 1296 nobis
3850 1251 3865 1296 ε
3912 1233 4003 1296 ita

915 1335 996 1396 ad
1038 1333 1207 1410 Saul,
1243 1334 1403 1396 Ecce
1445 1341 1594 1395 ante
1641 1340 1722 1408 te,
1759 1331 1990 1396 festina
2022 1327 2232 1406 nunc;
2275 1331 2406 1412 jam
2514 1333 2687 1412 quod
2736 1332 3048 1395 adventus
3102 1332 3267 1414 regis
3318 1332 3490 1395 illius
3542 1331 3665 1394 fuit
3714 1331 3875 1394 filiis
3924 1332 4005 1394 ls-

915 1451 1064 1494 vero
1104 1431 1436 1514 pluraliter
1473 1430 1823 1512 loquuntur
1853 1430 1910 1492 ei
1945 1438 2009 1492 et
2038 1429 2178 1510 ejus
2220 1429 2407 1491 mini·
2516 1431 2645 1493 rael
2696 1431 2943 1494 occasio
2996 1450 3205 1512 regem
3256 1431 3514 1514 petendi
3564 1449 3579 1493 :
3628 1450 3742 1494 cur
3792 1430 4005 1494 Domi-

916 1539 1068 1594 stro.
1104 1530 1552 1611 Loquebantur
1592 1529 1764 1592 enim
1810 1528 2221 1609 singulariter
2253 1528 2407 1590 Sau-
2517 1548 2637 1590 nus
2671 1548 2795 1592 non
2830 1529 3009 1606 dixit,
3032 1529 3313 1593 Salvabit
3343 1530 3652 1612 populum
3682 1549 3897 1592 meum
3922 1529 4001 1590 de

915 1630 985 1706 li,
1022 1637 1092 1691 ut
1123 1628 1485 1711 principali,
1522 1637 1585 1690 ct
1617 1628 1778 1691 forte
1810 1628 1946 1710 ipse
1988 1626 2407 1708 interrogavit
2515 1647 2709 1690 manu
2728 1629 3380 1693 AmmonitarumlAd
3409 1630 3580 1710 quod
3608 1628 3733 1692 dici
3766 1636 3997 1710 potest,

918 1727 1191 1810 puellas3
1227 1728 1459 1791 deinde
1489 1735 1820 1790 cernentes
1852 1746 2043 1808 quam
2078 1725 2407 1788 familiari·
2515 1727 2684 1807 quod
2728 1727 3105 1791 Ammonitae
3155 1747 3282 1791 non
3332 1735 3514 1791 erant
3562 1737 3684 1791 tam
3736 1726 3879 1790 duri
3924 1746 3999 1789 ae

917 1836 1012 1890 ter
1054 1847 1128 1890 ac
1171 1827 1489 1890 socialiter
1529 1825 1753 1889 habuit
1793 1845 1861 1888 se
1891 1826 1969 1888 ad
2003 1845 2191 1887 suum
2224 1825 2408 1888 mini·
2435 1825 2481 1888 B
2515 1833 2829 1906 potentes,
2865 1834 2935 1888 ut
2977 1825 3279 1889 Philistaei
3316 1844 3331 1888 ε
3366 1825 3509 1890 ideo
3550 1826 3694 1889 data
3736 1825 4005 1908 promis·

916 1933 1141 2004 strum,
1175 1927 1399 1989 locutae
1429 1933 1578 1987 sunt
1607 1925 1939 2007 pluraliter
1971 1924 2161 1986 simul
2194 1924 2409 1988 ambo-
2514 1923 2693 1986 sione
2722 1925 2801 1988 de
2830 1924 3311 1987 philistinorum
3354 1923 3802 2002 refrenatione,
3836 1925 3995 1987 satis

815 2049 819 2054 ¹
917 2025 1055 2087 bus.
1093 2025 1498 2106 Fueruntque
1529 2023 1758 2106 puellae
1791 2022 1927 2086 istae
1959 2023 2113 2085 satis
2144 2023 2405 2086 diffusae
2514 2021 2781 2085 dabatur
2832 2023 3102 2104 intelligi
3150 2024 3423 2105 dejectio
3466 2024 3996 2087 Ammonitarum.

853 2143 860 2150 ·
917 2124 983 2187 in
1031 2123 1242 2187 verbis
1285 2142 1462 2186 more
1509 2121 1809 2198 femineo,
1843 2122 2045 2185 multo
2087 2121 2273 2204 plura
2320 2121 2408 2183 di·
2516 2119 2795 2186 Salvavit
2837 2131 3047 2186 autem
3084 2123 3229 2186 Saul
3274 2121 3445 2186 filios
3476 2123 3663 2185 lsrael
3692 2123 3772 2185 de
3800 2141 3999 2184 manu

914 2231 1150 2299 centeS‚
1184 2240 1377 2303 quam
1427 2229 1610 2283 erant
1656 2219 2080 2300 interrogatae,
2121 2228 2184 2282 et
2233 2220 2407 2283 velut
2513 2218 2993 2284 philistinorum
3054 2221 3420 2303 frequenter
3470 2229 3533 2284 et
3590 2239 3705 2302 pro
3766 2240 3997 2302 magna

915 2320 1303 2383 instruentes
1322 2320 1494 2382 viros
1525 2319 1797 2400 ignotoS.
1818 2318 2066 2380 Etenim
2100 2326 2401 2400 tanquam
2513 2326 2722 2399 parte;
2758 2338 2885 2382 non
2921 2329 3129 2383 tamen
3162 2339 3413 2402 semper
3442 2339 3647 2402 neque
3680 2319 3995 2382 totaliter:

914 2418 1303 2481 contribules
1334 2417 1490 2480 tanti
1521 2416 1868 2497 Prophetas,
1896 2417 2266 2498 pandebant
2296 2423 2407 2478 aut
2514 2415 2643 2480 imo
2674 2419 2928 2481 tandem
2958 2419 3205 2482 occisus
3235 2418 3359 2481 fuit
3385 2418 3468 2481 ab
3498 2419 3609 2481 eis,
3626 2417 3803 2480 Unde
3821 2419 3995 2499 quod
4040 2431 4257 2477 lumi

914 2517 1105 2581 etiam
1126 2516 1502 2599 jactitabant
1533 2535 1601 2578 sc
1633 2515 1794 2578 scire
1817 2515 1976 2576 ritus
1997 2523 2060 2576 ct
2080 2523 2408 2578 consuetu·
2512 2513 2817 2578 Dominus
2848 2517 2956 2594 ait,
2993 2516 3293 2593 Salvabit,
3328 2525 3477 2593 etc.‚
3512 2523 3721 2598 potest
3752 2516 3991 2579 intelli·
4026 2499 4069 2538 ³·

914 2616 1096 2679 dines
1117 2616 1292 2679 Vatis
1323 2613 1826 2688 sancti.Quidam
1863 2632 2011 2676 vero
2042 2612 2401 2690 affirmant,
2512 2612 2592 2692 gi,
2611 2615 2779 2694 quod
2812 2615 3067 2698 penitus
3098 2623 3457 2698 superasset
3475 2615 3843 2692 Philistaeos,
3868 2615 3996 2678 nisi

912 2716 1085 2795 quod
1144 2714 1530 2777 admirantes
1591 2713 1882 2775 decorem
1935 2719 1996 2773 et
2047 2711 2405 2792 elegantem
2514 2715 2832 2794 peccando
2866 2715 3201 2778 meruisset
3230 2713 3995 2797 succumberesiquidem

913 2821 1218 2875 staturam
1251 2811 1477 2888 SauliS,
1512 2830 1584 2873 ac
1615 2809 1942 2873 delectatae
1984 2809 2408 2891 pulchritudi-
2512 2811 2877 2892 hujusmodi
2910 2812 3363 2894 promissiones
3396 2811 3844 2893 intelliguntur
3876 2813 3999 2875 sub

915 2930 994 2972 nc
1037 2911 1199 2992 ejuS‚
1235 2909 1580 2992 cupiebant
1624 2926 1769 2971 eum
1821 2907 2061 2970 diutius
2113 2907 2349 2970 intueri
2386 2926 2399 2970 :
2513 2910 2898 2988 conditione,
2937 2911 3061 2974 nisi
3092 2911 3391 2975 videlicet
3420 2911 3579 2975 obex
3610 2921 3909 2994 ponatur.

914 3009 1057 3072 ideo
1097 3008 1468 3072 detinebant
1499 3026 1645 3069 eum
1678 3006 1744 3068 in
1778 3005 2011 3069 verbis,
2432 3009 2475 3072 C
2530 3067 2539 3075 .
2596 3012 2764 3079 Quia
2793 3013 3046 3088 respexi
3064 3015 3384 3089 populum
3412 3031 3625 3071 meum
3654 3009 3843 3073 oculo
3872 3009 3997 3092 pie-

995 3111 1080 3171 Ec
1118 3111 1541 3170 ascenderunt
1571 3108 1644 3167 in
1679 3106 2026 3166 civitatem.
2069 3108 2406 3186 Quumque
2516 3108 2660 3171 tatis
2703 3110 2781 3172 ad
2827 3110 3324 3173 succurrendum
3361 3127 3375 3171 :
3410 3110 3579 3191 quod
3625 3109 3862 3174 mirum
3904 3109 3997 3173 vi-

913 3209 1042 3279 illi,
1078 3207 1225 3270 Saul
1257 3215 1319 3269 et
1350 3224 1508 3288 puer
1539 3205 1702 3286 ejuS,
1737 3206 2145 3265 ambularent
2181 3207 2252 3266 in
2286 3226 2405 3267 me-
2510 3208 2716 3285 detur,
2767 3227 2965 3290 quum
3024 3208 3329 3271 Dominus
3381 3208 3564 3290 quasi
3626 3208 3995 3289 indignatus
4056 3228 4167 3271 1⁶12.
4185 3242 4253 3271 ιι..

911 3309 1020 3366 dio
1059 3307 1262 3378 urbi-3,
1295 3306 1607 3381 apparuit
1638 3306 1904 3365 Samuel
1941 3306 2272 3379 eyrediens
2307 3307 2405 3363 ob-
2511 3306 2755 3370 dederit
2804 3325 3039 3387 regem.
3082 3308 3259 3369 Unde
3308 3307 3581 3384 videtur,
3624 3308 3800 3389 quod
3852 3326 3994 3389 rege
4018 3295 4107 3334 η’
4130 3304 4209 3345 '⁶⁹'

913 3406 1090 3465 viam
1119 3405 1282 3472 illis,
1316 3420 1442 3465 non
1475 3401 1834 3478 casualiter,
1871 3402 1980 3463 sed
2013 3419 2089 3462 ex
2120 3401 2405 3483 proposi·
2512 3405 2679 3482 dato,
2700 3413 2763 3469 et
2794 3425 2861 3469 se
2884 3407 3066 3488 quasi
3099 3405 3355 3488 repulso
3386 3425 3423 3468 a
3451 3406 3627 3488 regia
3656 3407 3995 3489 praesiden-

913 3510 998 3579 to,
1017 3501 1203 3583 cujus
1233 3519 1424 3564 causa
1454 3500 1906 3581 subjungitur:
1942 3508 2014 3561 ut
2043 3502 2403 3560 ascenderet
2514 3503 2621 3579 tia,
2657 3504 2858 3585 magis
2903 3504 3195 3567 debuerit
3232 3523 3340 3568 eos
3382 3504 3768 3585 relinquere,
3804 3522 3993 3587 quam

911 3602 984 3665 in
1012 3604 1350 3660 excelsum.
1385 3600 1702 3660 Dominus
1743 3606 1960 3657 aulem
2004 3601 2405 3659 revelaverat
2511 3610 2690 3665 ante:
2717 3604 2887 3684 quod
2918 3602 3207 3684 quamvis
3236 3604 3477 3684 justum
3512 3603 3989 3681 fuisset,tamen

910 3700 1280 3758 auriculam
1311 3697 1658 3767 Samuelis,
1684 3693 1748 3756 id
1781 3702 1898 3770 est,
1925 3702 2166 3757 secrete
2200 3694 2406 3755 mani·
2514 3700 2839 3781 piissimus
2869 3702 3174 3765 Dominus
3206 3701 3483 3765 reddidit
3515 3701 3681 3765 bona
3716 3720 3835 3784 pro
3874 3722 3997 3764 ma-

913 3795 1249 3858 festaverat
1281 3793 1580 3870 samueli,
1617 3792 1780 3855 sicut
1813 3792 1925 3873 qui
1967 3791 2214 3872 aliquid
2258 3792 2405 3855 inti·-
2514 3798 2613 3860 lis.
2649 3800 2741 3862 Ad
2772 3801 2944 3880 quod
2982 3801 3175 3863 etiam
3215 3802 3633 3883 quorumdam
3680 3800 3995 3864 bonorum

911 3900 1042 3954 mat
1071 3892 1251 3955 alteri
1286 3893 1351 3953 in
1383 3911 1557 3967 aure,
1592 3900 1742 3952 ante
1771 3911 1972 3951 unam
2002 3893 2198 3962 diem,
2224 3902 2404 3951 <mle-
2513 3898 2753 3961 devotae
2774 3917 2993 3981 preces
3014 3899 3806 3981 cooperabantur.Propter
3826 3899 3993 3980 quod

908 4013 1106 4071 quam
1147 3992 1390 4051 ven-iret
1420 3994 1608 4061 Saul,
1645 3990 1707 4051 id
1749 3998 1844 4051 est
1887 3988 1990 4051 die
2037 3988 2403 4054 immediate
2512 3996 2805 4059 subditur
2842 4014 2855 4058 ε
2906 4000 3083 4059 Venit
3126 4001 3302 4059 enim
3350 4002 3593 4059 clamor
3637 4017 3859 4059 eorum
3906 4000 3993 4057 ad

910 4091 1326 4171 praecedente,
1360 4092 1578 4153 eadem
1625 4090 1780 4152 hora
1819 4107 1944 4170 qua
1981 4088 2251 4169 contigit
2294 4089 2402 4152 ob·—
2512 4116 2627 4167 me,
2664 4096 2728 4158 id
2760 4104 2877 4172 est,
2914 4094 3168 4159 fervens
3200 4096 3402 4159 oratio
3433 4096 3661 4159 horum
3692 4095 3852 4157 mihi
3894 4114 3991 4158 ac-

909 4187 1104 4252 viatio
1150 4188 1291 4264 ista,
1328 4207 1439 4250 seu
1483 4206 1773 4267 egressus
1819 4186 2128 4249 Samuelis
2169 4187 2249 4248 ad
2292 4186 2401 4249 ob·
2430 4190 2479 4251 D
2507 4202 2689 4276 cepta
2732 4203 2848 4258 est.
2882 4194 3021 4271 Vel,
3054 4193 3305 4258 Clamor
3346 4212 3589 4270 eorum,
3628 4193 3693 4255 id
3746 4202 3843 4256 est
3886 4210 3988 4273 ge-

909 4285 1210 4348 viandum
1236 4286 1704 4363 Sauli,dicens.·
1725 4288 1864 4345 Hac
1895 4286 2036 4363 ipsa
2058 4306 2202 4363 quae
2224 4306 2399 4345 nunc
2504 4291 2699 4354 mitus
2741 4292 3118 4357 afflictionis
3161 4301 3224 4355 et
3264 4291 3701 4374 oppressionis
3746 4310 3980 4367 eorum,

907 4394 996 4444 est
1026 4387 1211 4454 hora,
1241 4405 1383 4445 cras
1413 4387 1668 4444 mittam
1707 4386 1792 4443 ad
1835 4392 1892 4443 te
1923 4384 2141 4442 virum
2170 4386 2251 4442 de
2284 4392 2398 4443 ter·
2504 4390 2615 4469 qui
2656 4398 2753 4452 est
2791 4410 2989 4453 unum
3028 4391 3108 4453 de
3145 4398 3419 4471 quatuor
3448 4408 3591 4471 quae
3619 4407 3835 4452 coram
3864 4389 3981 4451 Deo

908 4502 1011 4552 ra,
1047 4482 1108 4544 id
1152 4490 1249 4545 est
1286 4483 1365 4544 de
1400 4490 1568 4545 sorte
1599 4489 1661 4543 et
1699 4480 1890 4557 tribu,
1927 4482 2306 4558 Benjamin,
2338 4491 2397 4542 et
2506 4488 2814 4552 ultionem
2844 4488 3226 4569 efflagitant,
3261 4488 3439 4568 juxta
3471 4486 3630 4550 illud
3664 4505 3679 4548 :

905 4602 1105 4659 unges
1151 4602 1298 4643 eum
1347 4585 1596 4651 ducem,
1651 4580 1714 4641 id
1764 4586 1858 4641 est
1917 4596 2151 4658 regem,
2205 4600 2399 4658 super
3738 4638 3961 4706 [morum

896 4683 1217 4758 Populum
1262 4700 1474 4740 meum
1517 4681 1743 4751 Israel’
1775 4687 1834 4738 εἰ
1877 4678 2156 4738 sufflabit
2192 4697 2398 4755 popu‘
2566 4721 2823 4772 Clamitat
2857 4724 2987 4773 ante
3030 4723 3203 4773 Deum
3241 4734 3346 4772 vox
3387 4719 3697 4788 sauguinis,
3730 4724 3785 4772 et
3822 4676 3981 4772 Sodo:

904 4782 1043 4839 lum
1088 4800 1302 4839 meum
1343 4780 1422 4837 (le
1470 4798 1668 4837 manu
1713 4777 2249 4844 philistinorum,
2282 4776 2395 4857 qui
2568 4804 2687 4854 vox
2716 4817 3123 4869 oppressorum,
3152 4816 3365 4855 memes
3392 4802 3613 4854 detenta
3640 4802 3904 4855 laborum-

904 4885 1057 4940 tunc
1077 4885 1258 4940 erant
1284 4875 1512 4959 populo
1531 4873 1721 4937 Israel
1751 4874 1954 4955 magis
1979 4872 2218 4937 infesti.
2234 4874 2395 4936 Deus

902 4984 1111 5039 autem
1155 4994 1321 5058 saepe
1362 4975 1504 5057 plus
1548 4973 1791 5050 tribuit,
1827 4991 2018 5053 quam
2055 4973 2391 5053 promittit,
2504 4968 2661 5031 Hinc
2690 4969 2781 5030 ait
2808 4976 2869 5032 et
2901 4969 2966 5030 in
3004 4968 3212 5031 Exodo
3244 4968 3545 5032 Dominus
3581 4986 3596 5030 :
3630 4967 3881 5035 Clamor
3911 4966 3980 5028 fi·
4004 4984 4227 5027 caumas

905 5074 1071 5137 sicut
1115 5075 1192 5136 ad
1242 5072 1759 5136 liberalissimum
1813 5071 2152 5133 Dominum
2202 5071 2398 5151 pcrti-
2503 5067 2735 5131 liorum
2768 5067 2955 5129 lsrael
2988 5068 3164 5130 venit
3193 5068 3273 5130 ad
3305 5085 3427 5130 me.

907 5172 1223 5236 uet.Unde
1244 5178 1547 5253 etpostea
1577 5168 1846 5232 salvavit
1875 5168 2181 5251 populum
2211 5188 2395 5231 suum
2586 5171 2920 5247 Quumque
2962 5168 3350 5244 adspexisset
3390 5170 3657 5228 Samuel
3700 5170 3976 5237 Saulem,

908 5289 1022 5351 per
1053 5270 1223 5345 Saul,
1259 5287 1386 5332 nou
1433 5268 1638 5332 solum
1679 5269 1758 5330 dc
1798 5286 1992 5329 manu
2030 5266 2398 5330 Philistino-
2504 5268 2819 5327 Dominus
2860 5267 3036 5325 dixit
3076 5267 3164 5334 ei,
3200 5264 3497 5328 videlicet
3545 5264 3826 5327 Samueli
3876 5281 3979 5346 per
