4359 6250
633 4244 666 4287 11
683 4246 883 4299 Reqmr,

619 4308 688 4349 27.

913 485 1032 548 540

1393 503 1738 551 manuario
1783 504 1842 549 ΙΝ
1886 505 2022 550 CAP.
2070 504 2221 551 xvlu
2262 505 2421 551 unm
2464 505 2715 552 secuso!
2756 505 2983 551 timuit.
3027 525 3108 535 —
3148 505 3291 552 ΛΒΤ.
3335 502 3506 552 xxvu

914 685 1218 754 queretur
1244 676 1605 754 fugientem
1638 678 1865 745 lsrael,
1899 679 2110 735 volens
2139 695 2407 751 parcere
2437 672 2488 734 A
2516 673 2615 755 gis
2645 674 3192 756 placentem.Nam
3217 674 3403 737 istam
3424 674 3755 737 victoriam
3788 673 4009 736 audiet

914 776 1362 843 multitudini,
1393 773 1725 855 capitaneo
1767 771 2103 835 interfecto
2137 791 2151 834 ε
2188 772 2407 854 sicque

915 871 1108 951 rigori
1139 872 1542 935 clementiam
1577 871 1854 934 miscuit.
1876 872 1949 932 Et
1980 871 2273 952 quamvis
2295 872 2409 934 Ab·

915 970 1092 1033 salon
1135 970 1258 1032 fuit
1300 970 1596 1052 publicus
1631 970 1830 1032 hostis
1861 970 2011 1033 boni
2045 971 2406 1033 communis

915 1078 977 1131 et
1011 1078 1337 1150 tyrannuS,
1373 1069 1625 1132 videtur
1658 1079 1866 1132 tamen
1898 1070 2051 1132 Joab
2083 1089 2400 1151 peccasse,

915 1188 1058 1230 cum
1112 1168 1203 1230 sic
1253 1169 1624 1249 perimendo
1676 1169 1740 1230 in
1792 1168 1925 1230 suis
1976 1168 2277 1250 peccatiS,
2330 1187 2405 1231 eo

915 1267 1088 1348 quod
1139 1287 1245 1329 rex
1295 1266 1709 1347 prohibuerat
1759 1267 1948 1343 istud,
1994 1277 2056 1329 et
2099 1267 2403 1349 quoniam

915 1365 1100 1427 aliter
1129 1374 1375 1447 poterat
1396 1363 1670 1428 Absalon
1704 1365 2000 1447 impediri
2033 1365 2112 1428 ab
2145 1365 2406 1447 amplio-

918 1464 969 1524 ri
1019 1464 1384 1545 reipublicae
1427 1463 1923 1546 perturbatione,
1959 1472 2022 1527 ct
2061 1464 2216 1545 quia
2254 1483 2405 1545 prae-

916 1571 1169 1644 ceptum
1225 1562 1387 1640 regis
1438 1581 1513 1624 ex
1562 1563 1796 1644 pietate
1843 1562 2276 1625 descenderat.
2322 1565 2404 1623 Ει

917 1663 1283 1721 intulerunt
1304 1664 1611 1732 Absalon,
1633 1672 1692 1722 et
1713 1663 2126 1740 projecerunt
2151 1682 2301 1721 eum
2330 1663 2403 1720 in

915 1763 1089 1819 saltu
1121 1761 1194 1818 in
1225 1760 1476 1838 foveam
1510 1764 1852 1837 qrandem,
1886 1771 1945 1820 et
1981 1769 2405 1838 comportave-

2516 793 2661 837 cum
2696 774 2921 837 timore
2952 775 3030 837 de
3060 775 3381 837 occisione
3412 773 3535 836 filii
3568 774 3665 836 sui
3702 791 3717 835 :
3750 793 3883 856 qua
3902 793 4011 837 co—

2515 873 2717 954 gnita,
2754 874 3164 938 vehementer
3193 873 3571 936 tristabitur.
3608 877 3692 935 Et
3722 876 3823 935 ait
3846 877 4009 935 Joab

2514 978 2603 1034 aa
2636 975 2832 1034 Chusi
2862 993 2885 1031 .·
2918 977 3087 1032 Vade
3124 984 3183 1032 et
3222 975 3459 1034 nuntia
3496 975 3635 1050 reyi
3664 994 3809 1052 quoe
3842 975 4009 1032 vide·-

2514 1073 2621 1133 sti.
2653 1075 2974 1133 Adoravit
3020 1073 3216 1132 Cliusi
3253 1073 3433 1142 soah,
3480 1071 3851 1134 adoratione
3896 1072 4011 1132 dn·

2517 1170 2639 1246 liae,
2674 1170 3022 1248 regratians
3066 1170 3148 1246 ei,
3182 1171 3354 1251 quod
3398 1169 3574 1231 illam
3620 1169 4007 1250 legationem

2516 1269 2638 1331 sibi
2674 1269 2973 1350 injunxit.
2991 1269 3410 1352 Hieronymus
3438 1269 3615 1343 dicit,
3637 1269 3814 1350 quod
3842 1268 4009 1330 chu-

2514 1369 2567 1430 si
2597 1368 2679 1429 sit
2710 1368 2814 1430 hic
2844 1386 3071 1430 nomen
3096 1386 3443 1442 commune,
3458 1367 3794 1448 designans
3816 1367 4007 1428 AEthi-

2516 1485 2726 1548 opem.
2778 1467 2911 1529 Non
2971 1467 3143 1530 enim
3203 1466 3577 1548 putandum,
3631 1466 3804 1546 quod
3852 1465 4006 1528 Joab

2518 1564 2761 1628 miserit
2780 1564 3009 1628 Chusai
3029 1564 3383 1642 Arachitcn,
3405 1564 3679 1626 amicum
3711 1573 3776 1627 et
3802 1564 4007 1628 consi·

2518 1656 2773 1726 liarium
2803 1663 2999 1726 David
3031 1682 3147 1744 pro
3169 1663 3293 1725 ista
3318 1662 3803 1726 denuntiatione
3822 1681 4007 1742 agen-

2514 1765 2617 1826 da.
2652 1763 2809 1824 Hinc
2848 1763 2959 1826 alii
2996 1763 3239 1838 dicunt,
3274 1764 3443 1844 quod
3485 1761 3607 1824 fuit
3645 1762 3809 1826 alter
3838 1763 4007 1843 ejus-

915 1867 1074 1918 runt
1121 1878 1316 1935 super
1361 1879 1508 1918 eum
1559 1879 1861 1919 acervum
1912 1861 2215 1935 lapidum
2268 1879 2403 1917 ma·
2443 1861 2489 1924 B
2516 1863 2659 1924 dem
2688 1861 2983 1938 nominis,
3000 1870 3062 1923 et
3086 1861 3273 1940 longe
3294 1860 3575 1924 inferior.
3592 1860 3785 1924 Porro
3804 1860 4007 1923 Rabbi

909 1975 1118 2033 ,quum
1149 1959 1369 2018 nimis.
1401 1959 1622 2018 Omnis
1653 1968 1868 2017 autem
1891 1958 2094 2016 Israel
2119 1957 2299 2034 fuyit
2332 1959 2404 2016 in

919 2057 1333 2116 tabernacula
1373 2077 1516 2116 sua.
1553 2059 1758 2118 Porro
1797 2057 2078 2117 Absalon
2115 2066 2405 2116 erexerat

915 2156 1065 2224 sibi,
1098 2175 1300 2235 quum
1330 2157 1546 2214 adhuc
1577 2156 1840 2224 viveret,
1873 2157 2141 2215 titulum
2172 2156 2291 2234 qui
2316 2165 2406 2215 cst

919 2256 990 2313 in,
1023 2257 1189 2313 valle
1218 2256 1430 2331 Regis.
1465 2252 1770 2326 Quocirca
1793 2253 2082 2333 Magister
2113 2252 2180 2314 in
2212 2252 2407 2314 histo-

918 2351 1030 2413 riis
1063 2351 1149 2414 ait
1187 2369 1202 2414 :
1236 2351 1511 2414 Absalon
1552 2360 1835 2414 erexerat
1875 2351 2129 2414 titulum
2171 2351 2294 2413 sibi
2339 2351 2403 2413 in

917 2450 1111 2530 Regia
1138 2450 1324 2527 valle,
1344 2450 1592 2513 duobus
1624 2449 1844 2512 stadiis
1876 2469 1910 2512 a
1939 2449 2285 2514 Jerusalem
2317 2450 2408 2512 di-

917 2557 1145 2612 stante.
1179 2553 1456 2611 Dia-erat
1482 2551 1655 2610 enim
1690 2570 1712 2609 .·
1747 2551 1892 2612 Non
1931 2552 2126 2610 habeo
2159 2552 2406 2628 filium,

915 2659 974 2709 et
1005 2651 1118 2709 ltoc
1146 2651 1271 2708 erit
1302 2658 1788 2709 monumentum
1831 2650 2120 2708 nominis
2155 2649 2309 2718 mei,
2343 2648 2405 2709 id

917 2755 1012 2810 est
1041 2748 1120 2809 ad
1151 2755 1523 2829 perpetuam
1565 2746 1664 2808 sui
1703 2745 2098 2822 memoriam,
2134 2755 2206 2809 ut
2235 2747 2409 2809 vive-

918 2855 1012 2910 ret
1044 2865 1294 2928 semper
1325 2845 1391 2907 in
1423 2844 1720 2908 cordibus
1752 2845 2275 2927 hominum,quia
2304 2865 2407 2908 cu-

917 2944 1288 3026 pidissimus
1341 2941 1462 3004 fuit
1517 2941 1722 3004 laudis
1773 2942 2089 3020 humanae,
2142 2951 2407 3024 eratque

2515 1960 2745 2022 Paulus
2792 1959 3099 2034 affirmat,
3130 1959 3303 2040 quod
3352 1959 3416 2020 hi
3461 1959 3587 2022 duo
3631 1959 3699 2020 in
3745 1959 4007 2022 Hebraeo

2516 2059 2769 2123 divorsa
2799 2058 3073 2122 habeant
3104 2057 3383 2134 nomina,
3420 2058 3509 2121 ita
3544 2059 3719 2140 quod
3762 2058 4005 2120 amicus

2519 2158 2713 2222 David
2744 2165 3005 2220 vocetur
3034 2157 3287 2234 chusai,
3323 2166 3386 2219 et
3426 2157 3544 2219 iste
3574 2156 3794 2220 Chusi.
3828 2157 4005 2218 Asse·
4040 2159 4047 2166 ’

2520 2256 2601 2318 rit
2630 2274 2906 2338 quoque,
2942 2257 3111 2337 quod
3142 2255 3335 2318 Cbusi
3374 2255 3439 2317 in
3470 2255 3731 2318 Hebraeo
3772 2255 3859 2317 sit
3896 2273 4005 2317 no—

2518 2375 2665 2418 men
2687 2353 3268 2435 aequivocum‚quia
3290 2373 3416 2417 uno
3442 2353 3629 2416 modo
3648 2363 3747 2416 est
3771 2371 4001 2416 nomen

2517 2473 2873 2530 commune,
2894 2450 3269 2532 significans
3298 2452 3463 2515 idem
3485 2451 3657 2532 quod
3678 2452 3999 2534 AEthiop53

2516 2553 2645 2615 alio
2676 2551 2864 2615 modo
2903 2569 3134 2614 nomen
3176 2559 3273 2614 est
3310 2551 3663 2633 proprium,
3696 2560 3761 2613 et
3804 2551 4005 2632 quali-

2515 2660 2612 2714 ter
2640 2651 2745 2713 hic
2774 2659 3082 2728 sumatur,
3108 2649 3266 2712 dicit
3294 2668 3417 2713 non
3450 2649 3613 2713 bene
3644 2667 3833 2730 posse
3862 2667 4003 2731 pro-

2518 2751 2654 2813 bari
2686 2769 2761 2812 ex
2792 2748 3025 2812 littera.
3057 2752 3145 2810 Et
3174 2751 3486 2810 cucurrit.
3504 2751 3761 2810 Rursus
3788 2759 3997 2808 autem

2516 2851 2869 2910 Acleimaas
2912 2849 3095 2924 filius
3142 2851 3378 2918 Sadoc,
3422 2849 3601 2908 dimit
3648 2851 3741 2908 ad
3784 2850 3942 2909 Joab
3976 2869 3999 2906 .·

2520 2949 2691 3017 Quid
2722 2949 3015 3023 impedit,
3036 2947 3097 3006 si
3116 2948 3313 3008 etiam
3332 2964 3441 3022 eqo
3470 2965 3661 3006 curro
3676 2956 3823 3023 post
3846 2949 4001 3007 Clau-

919 3061 1152 3106 nomen
1199 3041 1390 3104 tituli.
1435 3043 1814 3121 Vocavitque
1849 3044 2110 3103 titulum
2145 3044 2408 3103 nomine
2441 3045 2485 3109 C
2514 3048 2573 3104 si
2593 3048 2623 3106 ‚2
2660 3047 2976 3126 Dioeitque
3010 3046 3073 3103 ei
3112 3047 3271 3106 Joab
3310 3065 3333 3104 :
3376 3045 3549 3114 Quid
3584 3045 3684 3104 vis
3720 3065 4000 3112 currere,

915 3164 1050 3214 su0,
1085 3152 1144 3203 et
1189 3146 1558 3219 appellatur
1593 3146 1832 3204 Manus
1875 3144 2173 3203 Absaton.
2210 3142 2404 3216 Quem

918 3240 1175 3304 titulum
1234 3240 1434 3321 aliqui
1484 3240 1708 3303 dicunt
1758 3240 1958 3303 fuisse
2017 3260 2233 3304 arcum
2293 3261 2405 3303 seu

918 3337 1228 3401 fornicem
1263 3340 1736 3421 triumphalem,
1758 3338 1824 3401 in
1847 3358 1974 3421 quo
1996 3338 2245 3421 sculpta
2276 3338 2407 3401 fue·

917 3438 1002 3500 rit
1041 3458 1266 3501 manus
1297 3438 1594 3501 Absalon.
1631 3440 1857 3501 Putant
1901 3438 2161 3520 quidam
2209 3438 2406 3502 fuisse

915 3536 1264 3600 aedificium
1312 3538 1631 3619 quoddam
1681 3538 2022 3620 pulchrum
2069 3545 2132 3599 et
2177 3537 2400 3613 altum,

914 3636 1084 3717 quod
1118 3645 1281 3699 essct
1314 3636 1682 3699 memoriale
1725 3654 1854 3697 suae
1894 3654 2202 3717 personae.
2237 3637 2406 3699 Josc-

915 3735 1081 3816 phus
1113 3742 1346 3811 autem,
1371 3735 1475 3797 cui
1507 3734 1572 3797 in
1605 3736 1728 3797 hoc
1759 3734 1958 3813 magis
1989 3734 2243 3797 videtur
2272 3754 2407 3798 cre-

914 3833 1217 3911 dendum,
1253 3834 1476 3896 scribit
1513 3834 1684 3915 quod
1731 3832 1853 3895 fuit
1895 3851 2251 3896 marmorea
2288 3841 2406 3895 sta-

916 3941 1045 3995 tua.
1067 3936 1265 4011 Usque
1291 3935 1359 3993 in
1379 3935 1553 3993 diem
1575 3935 1752 3993 hanc.
1773 3932 2024 3995 Dixerat
2042 3932 2213 3994 enim
2237 3933 2402 3995 :Non

915 4031 1119 4094 habeo
1173 4030 1404 4105 filium,
1456 4031 1567 4112 qui
1626 4031 1923 4093 succedat
1978 4031 2160 4107 mihi,
2214 4038 2276 4093 et
2324 4030 2407 4093 sit

916 4130 1282 4192 memoriale
1329 4129 1607 4192 nominis
1655 4130 1804 4191 mei.
1844 4130 2046 4211 Supra
2095 4130 2404 4211 scriptum

2514 3148 2621 3225 fili
2664 3146 2759 3204 mi
2779 3146 2809 3204 ,2
2852 3146 3011 3205 Veni
3054 3148 3221 3217 kuffi-
3256 3166 3387 3205 ποτε,
3421 3146 3549 3203 eris
3590 3146 3741 3204 boni
3779 3148 4002 3205 nuntii

2519 3245 2802 3321 bajulus.
2841 3244 2969 3313 Qui
2998 3244 3327 3320 respondit
3355 3260 3379 3303 .·
3412 3244 3584 3312 Quid
3608 3245 3789 3303 enim
3812 3246 3875 3303 si
3900 3265 4001 3303 cn·

2516 3362 2775 3403 currcro
2800 3344 2829 3402 Β
2858 3344 2945 3402 Et
2987 3343 3086 3402 ait
3126 3343 3190 3400 ei
3220 3362 3245 3399 .·
3276 3342 3495 3402 Curre.
3542 3343 3821 3401 Currens
3858 3362 3999 3419 erqo

2518 3443 2866 3503 Achimaas
2904 3462 3025 3518 per
3064 3442 3241 3501 viam
3274 3441 3664 3517 compendii,
3696 3443 4001 3501 transivit

2520 3542 2737 3601 (Vzusi.

2598 3640 2817 3700 David
2846 3647 3059 3699 autem
3088 3640 3339 3698 sedebat
3369 3640 3541 3698 inter
3567 3640 3733 3697 duas
3756 3647 3997 3713 portas.

2518 3741 2898 3814 Speculator
2922 3756 3064 3797 vero
3096 3738 3212 3815 qui
3238 3746 3379 3797 erat
3410 3739 3483 3797 in
3510 3736 3777 3813 fastigio
3800 3746 4001 3813 ρον-ια’

2516 3855 2705 3912 super
2738 3854 3024 3906 murum,
3048 3838 3302 3894 elevans
3332 3837 3571 3902 oculo-5,
3603 3835 3771 3893 vidit
3800 3836 4001 3895 homi-

2518 3954 2659 3994 nem
2694 3954 2923 3993 curren
2935 3942 3057 3993 tem
3088 3936 3315 3993 solum.
3352 3935 3437 3993 Et
3478 3935 3875 4003 exclamans,
3907 3934 4003 3991 in·

2517 4032 2765 4092 dicavit
2814 4032 2973 4109 reyi.
3019 4032 3333 4110 Dia-itque
3380 4051 3543 4090 rex:
3574 4032 3653 4092 Si
3698 4034 3871 4091 solus
3916 4040 4001 4090 est

2518 4148 2802 4206 currenS,
2828 4132 3026 4189 bonus
3042 4138 3132 4189 est
3154 4130 3446 4201 nuntius,
3470 4128 3591 4191 hoc
3620 4136 3733 4206 est,
3751 4147 4003 4211 prospe-

913 4237 1011 4291 est
1048 4246 1060 4289 ε
1096 4228 1232 4291 Nati
1266 4237 1414 4291 sunt
1448 4228 1725 4291 Absalon
1759 4237 1886 4291 tres
1920 4228 2066 4290 filii.
2087 4228 2265 4291 Unde
2298 4228 2407 4291 eli·
2438 4234 2487 4295 D
2518 4250 2587 4292 ra
2629 4228 3031 4292 annuntiatio
3074 4237 3192 4305 est,
3227 4231 3299 4289 in
3330 4248 3439 4289 ore
3466 4230 3629 4305 ejus.
3670 4227 3787 4301 Qui
3832 4228 4001 4291 enim

913 4327 1100 4402 citur,
1136 4328 1306 4408 quod
1340 4327 1594 4389 interim
1629 4327 1948 4390 obierunt.

971 4428 1321 4487 Achimaas
1341 4436 1555 4487 autem
1575 4432 1652 4505 fil
1659 4428 1753 4485 ius
1773 4430 1984 4487 Sadoc
2003 4428 2099 4487 ait
2118 4426 2196 4487 ad
2216 4425 2400 4488 Joab:

917 4526 1194 4585 Curram
1239 4534 1298 4584 et
1349 4526 1756 4585 annuntiabo
1809 4527 1969 4601 re9i,
2019 4527 2176 4604 quia
2211 4526 2407 4603 judi-

911 4626 1086 4683 cium
1108 4626 1331 4704 fecerit
1353 4626 1422 4683 ei·
1436 4627 1609 4686 Deus
1638 4628 1717 4683 de
1749 4644 1952 4685 manu
1983 4626 2405 4685 inimicorum

908 4724 1074 4799 ejus,
1106 4721 1168 4783 id
1215 4729 1331 4798 est,
1363 4722 1598 4803 justam
1647 4722 1955 4784 ultionem
1998 4721 2064 4784 in
2103 4722 2243 4802 ejus
2285 4720 2405 4783 ini-

910 4820 1109 4884 micos
1143 4820 1445 4883 exercuit.
1473 4824 1580 4881 Ad
1610 4840 1790 4899 quem
1825 4823 1982 4881 Joab
2010 4822 2187 4881 dioeit
2208 4842 2231 4880 .·
2254 4822 2403 4883 Non

909 4922 1036 4979 cris
1076 4922 1354 4979 nuntius
1385 4922 1458 4979 in
1489 4922 1609 4979 hac
1646 4920 1776 4989 die,
1807 4922 1916 4978 sed
1954 4921 2291 4979 nuntiabis
2334 4922 2401 4979 in

907 5021 1048 5079 alia
1095 5017 1234 5091 die3
1279 5021 1468 5079 hodie
1517 5022 1662 5078 nolo
1714 5028 1770 5078 te
1821 5020 2150 5079 nuntiare.
2186 5020 2403 5079 Filius

907 5120 1084 5178 enim
1114 5120 1283 5195 reglis
1311 5128 1603 5179 mortuus
1634 5128 1746 5177 est.
1781 5116 1996 5198 Aliqui
2043 5125 2256 5179 tamen
2300 5138 2403 5181 ex-

909 5222 1179 5297 ponunt,
1217 5216 1284 5277 In
1313 5215 1461 5292 alia,
1489 5214 1552 5277 id
1583 5224 1678 5277 est
1709 5214 1776 5277 in
1809 5214 1934 5277 alio
1969 5214 2314 5298 triumphO,
2339 5216 2400 5279 id

911 5322 1028 5391 est,
1065 5314 1215 5375 dum
1265 5332 1374 5376 rex
1410 5313 1706 5377 habuerit
1745 5312 2078 5376 victoriam
2119 5314 2246 5377 sihi
2276 5334 2403 5377 ma-

2516 4330 2781 4391 adversa
2828 4328 3229 4402 annuntiant,
3266 4345 3396 4390 non
3436 4326 3642 4389 solent
3678 4344 3747 4388 se
3782 4334 4004 4388 mutuo

2514 4426 2888 4509 praevenire‚
2926 4445 3043 4489 nec
3076 4425 3287 4489 taliter
3318 4424 3643 4502 festinare,
3669 4426 3778 4487 sed
3812 4425 4000 4486 simul

2514 4525 2753 4589 venire.
2777 4525 3084 4587 Similiter
3114 4526 3167 4586 si
3204 4524 3474 4605 fugisset
3504 4525 3583 4587 de
3612 4524 3855 4606 praelio,
3876 4541 4001 4586 non

2516 4625 2793 4690 venisset
2826 4624 2917 4687 sio
2950 4624 3137 4687 solus,
3157 4628 3556 4703 Properante
3574 4633 3791 4683 autem
3812 4625 3927 4683 illo
3946 4632 4001 4681 ct

2516 4728 2844 4785 accedente
2880 4725 3179 4801 propius,
3211 4723 3379 4783 vidit
3414 4726 3771 4799 speculator
3800 4724 3997 4782 homi-

2514 4844 2660 4883 nem
2689 4827 2967 4883 alterum
2998 4830 3383 4881 currentem.
3416 4823 3503 4882 Et
3544 4821 3905 4897 vociferans
3932 4821 3993 4877 in

2514 4923 2815 4988 culmine,
2833 4922 2969 4981 ait:
2983 4924 3271 4996 Apparet
3292 4920 3461 4979 milti
3479 4920 3644 4979 alter
3660 4920 3845 4978 homo
3866 4938 3997 4977 cur·

2516 5041 2661 5080 rens
2703 5023 2895 5079 solus,
2934 5022 3015 5080 Et
3059 5020 3154 5078 ait
3201 5040 3317 5077 reat
3348 5038 3370 5077 .·
3406 5020 3487 5079 Εἰ
3528 5020 3642 5075 iste
3680 5018 3881 5076 bonus
3914 5026 3995 5074 est

2514 5138 2651 5179 nun
2663 5120 2802 5178 tius
2820 5120 3195 5193 speculator
3212 5126 3449 5183 autem,
3460 5118 3581 5175 Con
3592 5126 3711 5175 tem
3710 5116 3871 5191 plor,
3888 5115 3991 5183 ait,

2510 5238 2759 5277 cursum
2776 5217 3018 5293 prioris
3036 5216 3218 5295 quasi
3236 5234 3484 5274 cursum
3503 5216 3855 5274 Acleimaas
3872 5213 3996 5287 filii

2514 5318 2743 5379 Sadoc.
2768 5317 2850 5377 Et
2876 5316 2972 5375 ait
3000 5332 3155 5373 reat:
3188 5315 3303 5373 Vir
3324 5314 3521 5373 bonus
3548 5322 3663 5381 est,
3680 5321 3743 5371 et
3770 5314 3993 5372 bonum
