<?xml version="1.0" encoding="UTF-8"?>
<!DOCTYPE html PUBLIC "-//W3C//DTD XHTML 1.0 Transitional//EN"
    "http://www.w3.org/TR/xhtml1/DTD/xhtml1-transitional.dtd">
<html xmlns="http://www.w3.org/1999/xhtml" xml:lang="en" lang="en">
 <head>
  <title>
</title>
<meta http-equiv="Content-Type" content="text/html;charset=utf-8" />
  <meta name='ocr-system' content='tesseract 3.04.00' />
  <meta name='ocr-capabilities' content='ocr_page ocr_carea ocr_par ocr_line ocrx_word'/>
</head>
<body>
  <div class='ocr_page' id='page_1' title='image "./doctorisecstati02denigoog_0145.png"; bbox 0 0 4359 6250; ppageno 0'>
   <div class='ocr_carea' id='block_1_1' title="bbox 556 3725 815 3832">
    <p class='ocr_par' dir='ltr' id='par_1_1' title="bbox 556 3725 815 3832">
     <span class='ocr_line' id='line_1_1' title="bbox 556 3725 815 3832; baseline -0.004 -63"><span class='ocrx_word' id='word_1_1' title='bbox 556 3725 815 3832; x_wconf 56' lang='lat' dir='ltr'>¹De2utmnu,</span> 
     </span>
    </p>
   </div>
   <div class='ocr_carea' id='block_1_2' title="bbox 840 469 955 535">
    <p class='ocr_par' dir='ltr' id='par_1_2' title="bbox 840 469 955 535">
     <span class='ocr_line' id='line_1_2' title="bbox 840 469 955 535; baseline -0.009 0"><span class='ocrx_word' id='word_1_2' title='bbox 840 469 955 535; x_wconf 72' lang='lat'>104</span> 
     </span>
    </p>
   </div>
   <div class='ocr_carea' id='block_1_3' title="bbox 1585 425 4340 566">
    <p class='ocr_par' dir='ltr' id='par_1_3' title="bbox 1585 425 4340 566">
     <span class='ocr_line' id='line_1_3' title="bbox 1585 425 4340 566; baseline -0.001 -31"><span class='ocrx_word' id='word_1_3' title='bbox 1585 489 1931 536; x_wconf 72' lang='lat' dir='ltr'>ENARRATIO</span> <span class='ocrx_word' id='word_1_4' title='bbox 1973 489 2035 533; x_wconf 81' lang='lat' dir='ltr'>IN</span> <span class='ocrx_word' id='word_1_5' title='bbox 2077 490 2213 535; x_wconf 74' lang='lat' dir='ltr'>CAP.</span> <span class='ocrx_word' id='word_1_6' title='bbox 2261 488 2405 535; x_wconf 80' lang='lat' dir='ltr'>xxtv</span> <span class='ocrx_word' id='word_1_7' title='bbox 2448 486 2649 534; x_wconf 69' lang='lat' dir='ltr'>Josue,</span> <span class='ocrx_word' id='word_1_8' title='bbox 2694 506 2775 515; x_wconf 92' lang='lat'><strong>—</strong></span> <span class='ocrx_word' id='word_1_9' title='bbox 2815 487 2956 533; x_wconf 69' lang='grc' dir='ltr'><strong>ΛΒΤ.</strong></span> <span class='ocrx_word' id='word_1_10' title='bbox 3005 487 3177 535; x_wconf 80' lang='lat' dir='ltr'>xxxu</span> <span class='ocrx_word' id='word_1_11' title='bbox 4326 425 4340 566; x_wconf 79' lang='grc' dir='ltr'>Ι</span> 
     </span>
    </p>
   </div>
   <div class='ocr_carea' id='block_1_4' title="bbox 837 616 4343 788">
    <p class='ocr_par' dir='ltr' id='par_1_4' title="bbox 837 616 4343 788">
     <span class='ocr_line' id='line_1_4' title="bbox 837 616 4343 788; baseline 0 -67"><span class='ocrx_word' id='word_1_12' title='bbox 837 677 990 721; x_wconf 85' lang='lat' dir='ltr'>arcu</span> <span class='ocrx_word' id='word_1_13' title='bbox 1019 668 1082 722; x_wconf 88' lang='lat' dir='ltr'>et</span> <span class='ocrx_word' id='word_1_14' title='bbox 1125 658 1336 740; x_wconf 85' lang='lat' dir='ltr'>gladio</span> <span class='ocrx_word' id='word_1_15' title='bbox 1369 677 1508 735; x_wconf 92' lang='lat' dir='ltr'>suo,</span> <span class='ocrx_word' id='word_1_16' title='bbox 1536 658 1688 740; x_wconf 91' lang='lat' dir='ltr'>quia</span> <span class='ocrx_word' id='word_1_17' title='bbox 1718 658 2016 720; x_wconf 87' lang='lat' dir='ltr'>videlicet</span> <span class='ocrx_word' id='word_1_18' title='bbox 2045 656 2325 739; x_wconf 81' lang='lat' dir='ltr'><strong>aliquam</strong></span> <span class='ocrx_word' id='word_1_19' title='bbox 2356 657 2407 719; x_wconf 88' lang='lat' dir='ltr'>A</span> <span class='ocrx_word' id='word_1_20' title='bbox 2437 657 2581 720; x_wconf 91' lang='lat' dir='ltr'>illos</span> <span class='ocrx_word' id='word_1_21' title='bbox 2603 676 2679 719; x_wconf 86' lang='lat' dir='ltr'>ex</span> <span class='ocrx_word' id='word_1_22' title='bbox 2708 655 3149 739; x_wconf 81' lang='lat' dir='ltr'>desperatione</span> <span class='ocrx_word' id='word_1_23' title='bbox 3179 656 3387 719; x_wconf 91' lang='lat' dir='ltr'>acrius</span> <span class='ocrx_word' id='word_1_24' title='bbox 3408 675 3781 739; x_wconf 82' lang='lat' dir='ltr'>repugnare,</span> <span class='ocrx_word' id='word_1_25' title='bbox 3808 658 3931 721; x_wconf 86' lang='lat' dir='ltr'>sic·</span> <span class='ocrx_word' id='word_1_26' title='bbox 4329 616 4343 788; x_wconf 72' lang='grc' dir='ltr'>Ι</span> 
     </span>
    </p>
   </div>
   <div class='ocr_carea' id='block_1_5' title="bbox 833 754 2330 1801">
    <p class='ocr_par' dir='ltr' id='par_1_5' title="bbox 833 754 2330 1801">
     <span class='ocr_line' id='line_1_5' title="bbox 837 754 2324 838; baseline -0.003 -18"><span class='ocrx_word' id='word_1_27' title='bbox 837 756 978 837; x_wconf 89' lang='lat' dir='ltr'>ejus</span> <span class='ocrx_word' id='word_1_28' title='bbox 1028 765 1272 838; x_wconf 91' lang='lat' dir='ltr'>partem</span> <span class='ocrx_word' id='word_1_29' title='bbox 1323 756 1500 833; x_wconf 87' lang='lat' dir='ltr'>emit,</span> <span class='ocrx_word' id='word_1_30' title='bbox 1551 764 1612 818; x_wconf 91' lang='lat' dir='ltr'>et</span> <span class='ocrx_word' id='word_1_31' title='bbox 1654 756 1844 818; x_wconf 88' lang='lat' dir='ltr'>aliam</span> <span class='ocrx_word' id='word_1_32' title='bbox 1897 775 1968 818; x_wconf 92' lang='lat' dir='ltr'>ac</span> <span class='ocrx_word' id='word_1_33' title='bbox 2018 754 2324 837; x_wconf 83' lang='lat' dir='ltr'>majorem</span> 
     </span>
     <span class='ocr_line' id='line_1_6' title="bbox 836 852 2329 936; baseline -0.002 -20"><span class='ocrx_word' id='word_1_34' title='bbox 836 856 976 936; x_wconf 88' lang='lat' dir='ltr'>ejus</span> <span class='ocrx_word' id='word_1_35' title='bbox 1009 861 1252 935; x_wconf 90' lang='lat' dir='ltr'>partem</span> <span class='ocrx_word' id='word_1_36' title='bbox 1281 854 1426 935; x_wconf 88' lang='lat' dir='ltr'>jure</span> <span class='ocrx_word' id='word_1_37' title='bbox 1458 854 1660 935; x_wconf 84' lang='lat' dir='ltr'>praelii</span> <span class='ocrx_word' id='word_1_38' title='bbox 1705 852 2060 916; x_wconf 83' lang='lat' dir='ltr'>obtinuisse</span> <span class='ocrx_word' id='word_1_39' title='bbox 2103 852 2329 915; x_wconf 86' lang='lat' dir='ltr'>asseri-</span> 
     </span>
     <span class='ocr_line' id='line_1_7' title="bbox 835 948 2329 1033; baseline -0.002 -19"><span class='ocrx_word' id='word_1_40' title='bbox 835 960 954 1027; x_wconf 87' lang='lat' dir='ltr'>tur,</span> <span class='ocrx_word' id='word_1_41' title='bbox 982 959 1171 1033; x_wconf 88' lang='lat' dir='ltr'>prout</span> <span class='ocrx_word' id='word_1_42' title='bbox 1201 950 1267 1011; x_wconf 91' lang='lat' dir='ltr'>in</span> <span class='ocrx_word' id='word_1_43' title='bbox 1293 950 1516 1013; x_wconf 87' lang='lat' dir='ltr'>Genesi</span> <span class='ocrx_word' id='word_1_44' title='bbox 1551 949 1806 1032; x_wconf 86' lang='lat' dir='ltr'>plenius</span> <span class='ocrx_word' id='word_1_45' title='bbox 1837 948 2052 1012; x_wconf 91' lang='lat' dir='ltr'>omnia</span> <span class='ocrx_word' id='word_1_46' title='bbox 2084 950 2205 1012; x_wconf 85' lang='lat' dir='ltr'>ista</span> <span class='ocrx_word' id='word_1_47' title='bbox 2230 969 2329 1011; x_wconf 84' lang='lat' dir='ltr'>ex-</span> 
     </span>
     <span class='ocr_line' id='line_1_8' title="bbox 835 1050 2329 1133; baseline -0.003 -20"><span class='ocrx_word' id='word_1_48' title='bbox 835 1050 1042 1133; x_wconf 87' lang='lat' dir='ltr'>posui.</span> <span class='ocrx_word' id='word_1_49' title='bbox 1077 1052 1166 1111; x_wconf 79' lang='lat' dir='ltr'>Ec</span> <span class='ocrx_word' id='word_1_50' title='bbox 1204 1050 1342 1125; x_wconf 77' lang='lat' dir='ltr'>fuit</span> <span class='ocrx_word' id='word_1_51' title='bbox 1382 1052 1454 1109; x_wconf 83' lang='lat' dir='ltr'>in</span> <span class='ocrx_word' id='word_1_52' title='bbox 1486 1051 1870 1126; x_wconf 76' lang='lat' dir='ltr'>possessione</span> <span class='ocrx_word' id='word_1_53' title='bbox 1905 1051 2203 1127; x_wconf 77' lang='lat' dir='ltr'>filiorum</span> <span class='ocrx_word' id='word_1_54' title='bbox 2229 1052 2329 1109; x_wconf 89' lang='lat' dir='ltr'>Jo-</span> 
     </span>
     <span class='ocr_line' id='line_1_9' title="bbox 833 1147 2327 1227; baseline -0.001 -17"><span class='ocrx_word' id='word_1_55' title='bbox 833 1152 1013 1227; x_wconf 79' lang='lat' dir='ltr'>sepk,</span> <span class='ocrx_word' id='word_1_56' title='bbox 1045 1147 1109 1210; x_wconf 91' lang='lat' dir='ltr'>id</span> <span class='ocrx_word' id='word_1_57' title='bbox 1141 1155 1258 1223; x_wconf 91' lang='lat' dir='ltr'>est,</span> <span class='ocrx_word' id='word_1_58' title='bbox 1295 1148 1362 1209; x_wconf 93' lang='lat' dir='ltr'>in</span> <span class='ocrx_word' id='word_1_59' title='bbox 1409 1155 1576 1210; x_wconf 89' lang='lat' dir='ltr'>sorte</span> <span class='ocrx_word' id='word_1_60' title='bbox 1621 1155 1683 1211; x_wconf 91' lang='lat' dir='ltr'>et</span> <span class='ocrx_word' id='word_1_61' title='bbox 1729 1147 2079 1210; x_wconf 86' lang='lat' dir='ltr'>hereditate</span> <span class='ocrx_word' id='word_1_62' title='bbox 2123 1147 2327 1209; x_wconf 90' lang='lat' dir='ltr'>tribus</span> 
     </span>
     <span class='ocr_line' id='line_1_10' title="bbox 835 1245 2329 1329; baseline -0.001 -21"><span class='ocrx_word' id='word_1_63' title='bbox 835 1247 1139 1329; x_wconf 80' lang='lat' dir='ltr'>Ephraim</span> <span class='ocrx_word' id='word_1_64' title='bbox 1162 1245 1608 1308; x_wconf 81' lang='lat' dir='ltr'>continebatur</span> <span class='ocrx_word' id='word_1_65' title='bbox 1639 1245 1744 1307; x_wconf 92' lang='lat' dir='ltr'>hic</span> <span class='ocrx_word' id='word_1_66' title='bbox 1765 1264 1932 1325; x_wconf 87' lang='lat' dir='ltr'>ager.</span> <span class='ocrx_word' id='word_1_67' title='bbox 1951 1245 2140 1307; x_wconf 90' lang='lat' dir='ltr'>Josue</span> <span class='ocrx_word' id='word_1_68' title='bbox 2162 1264 2329 1307; x_wconf 90' lang='lat' dir='ltr'>nam·</span> 
     </span>
     <span class='ocr_line' id='line_1_11' title="bbox 835 1343 2330 1427; baseline -0.002 -20"><span class='ocrx_word' id='word_1_69' title='bbox 835 1363 962 1427; x_wconf 90' lang='lat' dir='ltr'>que</span> <span class='ocrx_word' id='word_1_70' title='bbox 993 1344 1168 1407; x_wconf 88' lang='lat' dir='ltr'>dedit</span> <span class='ocrx_word' id='word_1_71' title='bbox 1188 1343 1385 1407; x_wconf 89' lang='lat' dir='ltr'>tribui</span> <span class='ocrx_word' id='word_1_72' title='bbox 1411 1343 1714 1425; x_wconf 76' lang='lat' dir='ltr'>Ephraim</span> <span class='ocrx_word' id='word_1_73' title='bbox 1746 1362 1966 1424; x_wconf 87' lang='lat' dir='ltr'>agrum</span> <span class='ocrx_word' id='word_1_74' title='bbox 2001 1343 2330 1405; x_wconf 87' lang='lat' dir='ltr'>illum.Re-</span> 
     </span>
     <span class='ocr_line' id='line_1_12' title="bbox 839 1440 2327 1523; baseline -0.002 -18"><span class='ocrx_word' id='word_1_75' title='bbox 839 1442 962 1505; x_wconf 86' lang='lat' dir='ltr'>fert</span> <span class='ocrx_word' id='word_1_76' title='bbox 985 1450 1194 1504; x_wconf 87' lang='lat' dir='ltr'>autem</span> <span class='ocrx_word' id='word_1_77' title='bbox 1215 1441 1630 1523; x_wconf 80' lang='lat' dir='ltr'>Hieronymus</span> <span class='ocrx_word' id='word_1_78' title='bbox 1653 1460 1720 1504; x_wconf 92' lang='lat' dir='ltr'>se</span> <span class='ocrx_word' id='word_1_79' title='bbox 1741 1440 1978 1505; x_wconf 89' lang='lat' dir='ltr'>vidisse</span> <span class='ocrx_word' id='word_1_80' title='bbox 2000 1442 2066 1502; x_wconf 89' lang='lat' dir='ltr'>in</span> <span class='ocrx_word' id='word_1_81' title='bbox 2083 1440 2327 1504; x_wconf 87' lang='lat' dir='ltr'>Sichem</span> 
     </span>
     <span class='ocr_line' id='line_1_13' title="bbox 837 1539 2325 1624; baseline -0.003 -20"><span class='ocrx_word' id='word_1_82' title='bbox 837 1541 1130 1624; x_wconf 88' lang='lat' dir='ltr'>sepulcra</span> <span class='ocrx_word' id='word_1_83' title='bbox 1159 1539 1430 1603; x_wconf 88' lang='lat' dir='ltr'>aliorum</span> <span class='ocrx_word' id='word_1_84' title='bbox 1472 1539 1770 1603; x_wconf 85' lang='lat' dir='ltr'>undecim</span> <span class='ocrx_word' id='word_1_85' title='bbox 1801 1539 2325 1602; x_wconf 76' lang='lat' dir='ltr'>patriarcharum.</span> 
     </span>
     <span class='ocr_line' id='line_1_14' title="bbox 837 1638 2325 1721; baseline -0.002 -19"><span class='ocrx_word' id='word_1_86' title='bbox 837 1640 990 1702; x_wconf 89' lang='lat' dir='ltr'>Nam</span> <span class='ocrx_word' id='word_1_87' title='bbox 1023 1638 1324 1721; x_wconf 79' lang='lat' dir='ltr'>quaelib&#39;et</span> <span class='ocrx_word' id='word_1_88' title='bbox 1354 1639 1560 1701; x_wconf 90' lang='lat' dir='ltr'>tribus</span> <span class='ocrx_word' id='word_1_89' title='bbox 1591 1639 1928 1720; x_wconf 75' lang='lat' dir='ltr'>AEgyptum</span> <span class='ocrx_word' id='word_1_90' title='bbox 1969 1638 2325 1720; x_wconf 81' lang='lat' dir='ltr'>egredienS,</span> 
     </span>
     <span class='ocr_line' id='line_1_15' title="bbox 842 1737 2325 1801; baseline 0 -2"><span class='ocrx_word' id='word_1_91' title='bbox 842 1738 1042 1801; x_wconf 76' lang='lat' dir='ltr'>fertur</span> <span class='ocrx_word' id='word_1_92' title='bbox 1081 1757 1224 1801; x_wconf 88' lang='lat' dir='ltr'>ossa</span> <span class='ocrx_word' id='word_1_93' title='bbox 1267 1737 1366 1800; x_wconf 91' lang='lat' dir='ltr'>sui</span> <span class='ocrx_word' id='word_1_94' title='bbox 1398 1738 1772 1801; x_wconf 86' lang='lat' dir='ltr'>Patriarchae</span> <span class='ocrx_word' id='word_1_95' title='bbox 1814 1758 2030 1801; x_wconf 88' lang='lat' dir='ltr'>secum</span> <span class='ocrx_word' id='word_1_96' title='bbox 2079 1738 2325 1800; x_wconf 91' lang='lat' dir='ltr'>tulisse.</span> 
     </span>
    </p>
   </div>
   <div class='ocr_carea' id='block_1_6' title="bbox 838 1835 3927 1921">
    <p class='ocr_par' dir='ltr' id='par_1_6' title="bbox 838 1835 3927 1921">
     <span class='ocr_line' id='line_1_16' title="bbox 838 1835 3927 1921; baseline 0.001 -22"><span class='ocrx_word' id='word_1_97' title='bbox 838 1837 1044 1917; x_wconf 85' lang='lat' dir='ltr'>Atque</span> <span class='ocrx_word' id='word_1_98' title='bbox 1074 1845 1146 1899; x_wconf 90' lang='lat' dir='ltr'>ut</span> <span class='ocrx_word' id='word_1_99' title='bbox 1175 1835 1241 1897; x_wconf 90' lang='lat' dir='ltr'>in</span> <span class='ocrx_word' id='word_1_100' title='bbox 1265 1836 1652 1900; x_wconf 82' lang='lat' dir='ltr'>Scholastica</span> <span class='ocrx_word' id='word_1_101' title='bbox 1679 1845 2008 1899; x_wconf 88' lang='lat' dir='ltr'>enarratur</span> <span class='ocrx_word' id='word_1_102' title='bbox 2039 1836 2327 1915; x_wconf 88' lang='lat' dir='ltr'>historia,</span> <span class='ocrx_word' id='word_1_103' title='bbox 2361 1844 2406 1905; x_wconf 92' lang='lat' dir='ltr'>B</span> <span class='ocrx_word' id='word_1_104' title='bbox 2440 1838 2645 1901; x_wconf 87' lang='lat' dir='ltr'>editor</span> <span class='ocrx_word' id='word_1_105' title='bbox 2674 1838 2869 1918; x_wconf 86' lang='lat' dir='ltr'>hujus</span> <span class='ocrx_word' id='word_1_106' title='bbox 2898 1837 3069 1915; x_wconf 90' lang='lat' dir='ltr'>libri,</span> <span class='ocrx_word' id='word_1_107' title='bbox 3107 1838 3250 1919; x_wconf 90' lang='lat' dir='ltr'>quis</span> <span class='ocrx_word' id='word_1_108' title='bbox 3280 1838 3445 1901; x_wconf 90' lang='lat' dir='ltr'>alius</span> <span class='ocrx_word' id='word_1_109' title='bbox 3476 1839 3843 1921; x_wconf 83' lang='lat' dir='ltr'>compilavit</span> <span class='ocrx_word' id='word_1_110' title='bbox 3862 1850 3927 1905; x_wconf 90' lang='lat' dir='ltr'>et</span> 
     </span>
    </p>
   </div>
   <div class='ocr_carea' id='block_1_7' title="bbox 839 1935 2331 2313">
    <p class='ocr_par' dir='ltr' id='par_1_7' title="bbox 839 1935 2331 2313">
     <span class='ocr_line' id='line_1_17' title="bbox 839 1935 2331 2018; baseline -0.001 -20"><span class='ocrx_word' id='word_1_111' title='bbox 839 1935 1145 1998; x_wconf 90' lang='lat' dir='ltr'>credibile</span> <span class='ocrx_word' id='word_1_112' title='bbox 1167 1945 1263 1999; x_wconf 86' lang='lat' dir='ltr'>est</span> <span class='ocrx_word' id='word_1_113' title='bbox 1287 1937 1456 2017; x_wconf 91' lang='lat' dir='ltr'>quod</span> <span class='ocrx_word' id='word_1_114' title='bbox 1477 1945 1696 2018; x_wconf 87' lang='lat' dir='ltr'>postea</span> <span class='ocrx_word' id='word_1_115' title='bbox 1715 1955 2106 2018; x_wconf 81' lang='lat' dir='ltr'>unaquaeque</span> <span class='ocrx_word' id='word_1_116' title='bbox 2130 1936 2331 1998; x_wconf 88' lang='lat' dir='ltr'>tribus</span> 
     </span>
     <span class='ocr_line' id='line_1_18' title="bbox 839 2034 2331 2098; baseline -0.001 -1"><span class='ocrx_word' id='word_1_117' title='bbox 839 2053 1026 2097; x_wconf 88' lang='lat' dir='ltr'>suum</span> <span class='ocrx_word' id='word_1_118' title='bbox 1066 2034 1489 2097; x_wconf 87' lang='lat' dir='ltr'>Patriarcham</span> <span class='ocrx_word' id='word_1_119' title='bbox 1531 2034 1597 2095; x_wconf 92' lang='lat' dir='ltr'>in</span> <span class='ocrx_word' id='word_1_120' title='bbox 1637 2053 1816 2097; x_wconf 89' lang='lat' dir='ltr'>suam</span> <span class='ocrx_word' id='word_1_121' title='bbox 1867 2035 2157 2098; x_wconf 88' lang='lat' dir='ltr'>retulerit</span> <span class='ocrx_word' id='word_1_122' title='bbox 2201 2054 2331 2097; x_wconf 91' lang='lat' dir='ltr'>sor-</span> 
     </span>
     <span class='ocr_line' id='line_1_19' title="bbox 840 2132 2331 2210; baseline 0.001 -15"><span class='ocrx_word' id='word_1_123' title='bbox 840 2140 988 2209; x_wconf 87' lang='lat' dir='ltr'>tem,</span> <span class='ocrx_word' id='word_1_124' title='bbox 1025 2132 1090 2195; x_wconf 92' lang='lat' dir='ltr'>id</span> <span class='ocrx_word' id='word_1_125' title='bbox 1132 2141 1250 2210; x_wconf 87' lang='lat' dir='ltr'>cst,</span> <span class='ocrx_word' id='word_1_126' title='bbox 1287 2132 1353 2195; x_wconf 93' lang='lat' dir='ltr'>in</span> <span class='ocrx_word' id='word_1_127' title='bbox 1388 2152 1502 2196; x_wconf 87' lang='lat' dir='ltr'>sua</span> <span class='ocrx_word' id='word_1_128' title='bbox 1542 2132 1895 2203; x_wconf 81' lang='lat' dir='ltr'>hereditate</span> <span class='ocrx_word' id='word_1_129' title='bbox 1935 2152 2009 2196; x_wconf 91' lang='lat' dir='ltr'>ac</span> <span class='ocrx_word' id='word_1_130' title='bbox 2041 2132 2331 2197; x_wconf 86' lang='lat' dir='ltr'>funiculo</span> 
     </span>
     <span class='ocr_line' id='line_1_20' title="bbox 839 2230 1160 2313; baseline 0 -20"><span class='ocrx_word' id='word_1_131' title='bbox 839 2230 1160 2313; x_wconf 90' lang='lat' dir='ltr'>sepelivit.</span> 
     </span>
    </p>
   </div>
   <div class='ocr_carea' id='block_1_8' title="bbox 741 2332 2331 2410">
    <p class='ocr_par' dir='ltr' id='par_1_8' title="bbox 741 2332 2331 2410">
     <span class='ocr_line' id='line_1_21' title="bbox 741 2332 2331 2410; baseline 0 -19"><span class='ocrx_word' id='word_1_132' title='bbox 741 2354 748 2361; x_wconf 89' lang='lat'><strong>·</strong></span> <span class='ocrx_word' id='word_1_133' title='bbox 840 2378 847 2383; x_wconf 94' lang='lat'>.</span> <span class='ocrx_word' id='word_1_134' title='bbox 919 2332 1204 2391; x_wconf 65' lang='lat' dir='ltr'>EYeazar</span> <span class='ocrx_word' id='word_1_135' title='bbox 1247 2350 1496 2410; x_wconf 77' lang='lat' dir='ltr'>quoque</span> <span class='ocrx_word' id='word_1_136' title='bbox 1542 2332 1724 2408; x_wconf 71' lang='lat' dir='ltr'>filius</span> <span class='ocrx_word' id='word_1_137' title='bbox 1771 2334 1995 2392; x_wconf 81' lang='lat' dir='ltr'>Aaron</span> <span class='ocrx_word' id='word_1_138' title='bbox 2039 2341 2331 2392; x_wconf 76' lang='lat' dir='ltr'>mortuus</span> 
     </span>
    </p>
   </div>
   <div class='ocr_carea' id='block_1_9' title="bbox 837 2426 2331 3003">
    <p class='ocr_par' dir='ltr' id='par_1_9' title="bbox 837 2426 2331 3003">
     <span class='ocr_line' id='line_1_22' title="bbox 837 2426 2331 2508; baseline -0.001 -19"><span class='ocrx_word' id='word_1_139' title='bbox 837 2438 928 2489; x_wconf 76' lang='lat' dir='ltr'>est</span> <span class='ocrx_word' id='word_1_140' title='bbox 960 2450 983 2487; x_wconf 91' lang='lat'>.·</span> <span class='ocrx_word' id='word_1_141' title='bbox 1025 2426 1210 2508; x_wconf 87' lang='lat' dir='ltr'>cujus</span> <span class='ocrx_word' id='word_1_142' title='bbox 1245 2446 1377 2491; x_wconf 91' lang='lat' dir='ltr'>non</span> <span class='ocrx_word' id='word_1_143' title='bbox 1412 2427 1794 2491; x_wconf 86' lang='lat' dir='ltr'>describitur</span> <span class='ocrx_word' id='word_1_144' title='bbox 1834 2436 2024 2503; x_wconf 84' lang='lat' dir='ltr'>aetas;</span> <span class='ocrx_word' id='word_1_145' title='bbox 2061 2440 2121 2489; x_wconf 76' lang='lat' dir='ltr'>et</span> <span class='ocrx_word' id='word_1_146' title='bbox 2169 2449 2331 2506; x_wconf 82' lang='lat' dir='ltr'>sepe-</span> 
     </span>
     <span class='ocr_line' id='line_1_23' title="bbox 841 2526 2331 2599; baseline 0.002 -12"><span class='ocrx_word' id='word_1_147' title='bbox 841 2529 1086 2589; x_wconf 76' lang='lat' dir='ltr'>lierunt</span> <span class='ocrx_word' id='word_1_148' title='bbox 1127 2548 1274 2588; x_wconf 83' lang='lat' dir='ltr'>eum</span> <span class='ocrx_word' id='word_1_149' title='bbox 1318 2529 1392 2587; x_wconf 82' lang='lat' dir='ltr'>in</span> <span class='ocrx_word' id='word_1_150' title='bbox 1425 2528 1738 2599; x_wconf 78' lang='lat' dir='ltr'>Gabaath,</span> <span class='ocrx_word' id='word_1_151' title='bbox 1787 2526 1850 2589; x_wconf 88' lang='lat' dir='ltr'>id</span> <span class='ocrx_word' id='word_1_152' title='bbox 1892 2536 1990 2589; x_wconf 89' lang='lat' dir='ltr'>est</span> <span class='ocrx_word' id='word_1_153' title='bbox 2035 2527 2190 2590; x_wconf 87' lang='lat' dir='ltr'>urbe</span> <span class='ocrx_word' id='word_1_154' title='bbox 2240 2528 2331 2591; x_wconf 91' lang='lat' dir='ltr'>sic</span> 
     </span>
     <span class='ocr_line' id='line_1_24' title="bbox 841 2625 2329 2704; baseline 0 -15"><span class='ocrx_word' id='word_1_155' title='bbox 841 2625 1034 2703; x_wconf 87' lang='lat' dir='ltr'>dicta,</span> <span class='ocrx_word' id='word_1_156' title='bbox 1063 2628 1344 2689; x_wconf 81' lang='lat' dir='ltr'>Phinees</span> <span class='ocrx_word' id='word_1_157' title='bbox 1387 2636 1447 2686; x_wconf 81' lang='lat' dir='ltr'>et</span> <span class='ocrx_word' id='word_1_158' title='bbox 1473 2626 1609 2704; x_wconf 79' lang='lat' dir='ltr'>filii</span> <span class='ocrx_word' id='word_1_159' title='bbox 1634 2626 1802 2703; x_wconf 65' lang='lat' dir='ltr'>ejuS,</span> <span class='ocrx_word' id='word_1_160' title='bbox 1833 2625 1896 2687; x_wconf 93' lang='lat' dir='ltr'>id</span> <span class='ocrx_word' id='word_1_161' title='bbox 1937 2634 2034 2688; x_wconf 88' lang='lat' dir='ltr'>est</span> <span class='ocrx_word' id='word_1_162' title='bbox 2061 2625 2329 2689; x_wconf 89' lang='lat' dir='ltr'>Phinees</span> 
     </span>
     <span class='ocr_line' id='line_1_25' title="bbox 842 2722 2331 2806; baseline 0.001 -20"><span class='ocrx_word' id='word_1_163' title='bbox 842 2724 1021 2787; x_wconf 89' lang='lat' dir='ltr'>filius</span> <span class='ocrx_word' id='word_1_164' title='bbox 1041 2723 1342 2799; x_wconf 88' lang='lat' dir='ltr'>Eleazari,</span> <span class='ocrx_word' id='word_1_165' title='bbox 1368 2732 1431 2787; x_wconf 89' lang='lat' dir='ltr'>et</span> <span class='ocrx_word' id='word_1_166' title='bbox 1463 2722 1587 2785; x_wconf 86' lang='lat' dir='ltr'>filii</span> <span class='ocrx_word' id='word_1_167' title='bbox 1621 2723 1824 2806; x_wconf 91' lang='lat' dir='ltr'>ipsius</span> <span class='ocrx_word' id='word_1_168' title='bbox 1851 2724 2120 2787; x_wconf 88' lang='lat' dir='ltr'>Phinees</span> <span class='ocrx_word' id='word_1_169' title='bbox 2148 2743 2161 2787; x_wconf 90' lang='lat'><strong>:</strong></span> <span class='ocrx_word' id='word_1_170' title='bbox 2188 2746 2331 2805; x_wconf 76' lang='lat' dir='ltr'>quoe</span> 
     </span>
     <span class='ocr_line' id='line_1_26' title="bbox 843 2821 2330 2892; baseline 0.001 -8"><span class='ocrx_word' id='word_1_171' title='bbox 843 2822 996 2884; x_wconf 92' lang='lat' dir='ltr'>urbs</span> <span class='ocrx_word' id='word_1_172' title='bbox 1023 2826 1181 2883; x_wconf 76' lang='lat' dir='ltr'>data</span> <span class='ocrx_word' id='word_1_173' title='bbox 1208 2832 1297 2882; x_wconf 75' lang='lat' dir='ltr'>esc</span> <span class='ocrx_word' id='word_1_174' title='bbox 1327 2825 1414 2892; x_wconf 81' lang='lat' dir='ltr'>ei,</span> <span class='ocrx_word' id='word_1_175' title='bbox 1443 2821 1690 2885; x_wconf 89' lang='lat' dir='ltr'>scilicet</span> <span class='ocrx_word' id='word_1_176' title='bbox 1718 2822 2014 2886; x_wconf 86' lang='lat' dir='ltr'>Eleazaro</span> <span class='ocrx_word' id='word_1_177' title='bbox 2043 2825 2120 2887; x_wconf 88' lang='lat' dir='ltr'>ad</span> <span class='ocrx_word' id='word_1_178' title='bbox 2151 2823 2330 2887; x_wconf 91' lang='lat' dir='ltr'>babi-</span> 
     </span>
     <span class='ocr_line' id='line_1_27' title="bbox 843 2919 2329 3003; baseline 0.001 -21"><span class='ocrx_word' id='word_1_179' title='bbox 843 2919 1106 2983; x_wconf 90' lang='lat' dir='ltr'>tandum</span> <span class='ocrx_word' id='word_1_180' title='bbox 1137 2923 1211 2981; x_wconf 81' lang='lat' dir='ltr'>in</span> <span class='ocrx_word' id='word_1_181' title='bbox 1243 2930 1453 2981; x_wconf 77' lang='lat' dir='ltr'>monte</span> <span class='ocrx_word' id='word_1_182' title='bbox 1482 2922 1830 2999; x_wconf 77' lang='lat' dir='ltr'>Ephraim.</span> <span class='ocrx_word' id='word_1_183' title='bbox 1867 2922 2081 3003; x_wconf 81' lang='lat' dir='ltr'>Aliqui</span> <span class='ocrx_word' id='word_1_184' title='bbox 2123 2931 2329 2985; x_wconf 86' lang='lat' dir='ltr'>textus</span> 
     </span>
    </p>
   </div>
   <div class='ocr_carea' id='block_1_10' title="bbox 843 3013 4093 3106">
    <p class='ocr_par' dir='ltr' id='par_1_10' title="bbox 843 3013 4093 3106">
     <span class='ocr_line' id='line_1_28' title="bbox 843 3013 4093 3106; baseline 0.003 -27"><span class='ocrx_word' id='word_1_185' title='bbox 843 3016 1080 3080; x_wconf 88' lang='lat' dir='ltr'>habent</span> <span class='ocrx_word' id='word_1_186' title='bbox 1113 3035 1127 3079; x_wconf 75' lang='grc' dir='ltr'><strong><em>ε</em></strong></span> <span class='ocrx_word' id='word_1_187' title='bbox 1162 3017 1238 3080; x_wconf 92' lang='lat' dir='ltr'>Et</span> <span class='ocrx_word' id='word_1_188' title='bbox 1269 3018 1563 3100; x_wconf 87' lang='lat' dir='ltr'>sepelivit</span> <span class='ocrx_word' id='word_1_189' title='bbox 1593 3038 1738 3082; x_wconf 91' lang='lat' dir='ltr'>eum</span> <span class='ocrx_word' id='word_1_190' title='bbox 1783 3019 1848 3081; x_wconf 90' lang='lat' dir='ltr'>in</span> <span class='ocrx_word' id='word_1_191' title='bbox 1879 3019 2158 3083; x_wconf 86' lang='lat' dir='ltr'>Gabaath</span> <span class='ocrx_word' id='word_1_192' title='bbox 2189 3019 2332 3083; x_wconf 90' lang='lat' dir='ltr'>Phi·</span> <span class='ocrx_word' id='word_1_193' title='bbox 2364 3026 2408 3095; x_wconf 87' lang='lat' dir='ltr'>C</span> <span class='ocrx_word' id='word_1_194' title='bbox 2439 3030 2503 3085; x_wconf 89' lang='lat' dir='ltr'>et</span> <span class='ocrx_word' id='word_1_195' title='bbox 2544 3021 2837 3104; x_wconf 91' lang='lat' dir='ltr'>sepultus</span> <span class='ocrx_word' id='word_1_196' title='bbox 2882 3021 2965 3084; x_wconf 91' lang='lat' dir='ltr'>sit</span> <span class='ocrx_word' id='word_1_197' title='bbox 3008 3022 3265 3104; x_wconf 81' lang='lat' dir='ltr'>MoyseS,</span> <span class='ocrx_word' id='word_1_198' title='bbox 3310 3022 3399 3086; x_wconf 90' lang='lat' dir='ltr'>ita</span> <span class='ocrx_word' id='word_1_199' title='bbox 3440 3023 3767 3105; x_wconf 90' lang='lat' dir='ltr'>probabile</span> <span class='ocrx_word' id='word_1_200' title='bbox 3807 3043 3925 3106; x_wconf 88' lang='lat' dir='ltr'>pu·</span> <span class='ocrx_word' id='word_1_201' title='bbox 3952 3013 4093 3055; x_wconf 67' lang='lat'>⁵²¹²·</span> 
     </span>
    </p>
   </div>
   <div class='ocr_carea' id='block_1_11' title="bbox 841 3116 2333 4188">
    <p class='ocr_par' dir='ltr' id='par_1_11' title="bbox 841 3116 2333 3972">
     <span class='ocr_line' id='line_1_29' title="bbox 844 3116 2331 3201; baseline 0.002 -20"><span class='ocrx_word' id='word_1_202' title='bbox 844 3138 995 3183; x_wconf 92' lang='lat' dir='ltr'>nees</span> <span class='ocrx_word' id='word_1_203' title='bbox 1057 3116 1233 3181; x_wconf 82' lang='lat' dir='ltr'>silius</span> <span class='ocrx_word' id='word_1_204' title='bbox 1292 3118 1462 3200; x_wconf 82' lang='lat' dir='ltr'>ejuS‚</span> <span class='ocrx_word' id='word_1_205' title='bbox 1516 3118 1666 3201; x_wconf 88' lang='lat' dir='ltr'>quia</span> <span class='ocrx_word' id='word_1_206' title='bbox 1716 3117 2015 3184; x_wconf 88' lang='lat' dir='ltr'>videlicet</span> <span class='ocrx_word' id='word_1_207' title='bbox 2062 3120 2331 3186; x_wconf 90' lang='lat' dir='ltr'>Phinees</span> 
     </span>
     <span class='ocr_line' id='line_1_30' title="bbox 843 3217 2331 3303; baseline 0.002 -23"><span class='ocrx_word' id='word_1_208' title='bbox 843 3217 1306 3302; x_wconf 85' lang='lat' dir='ltr'>primogenitus</span> <span class='ocrx_word' id='word_1_209' title='bbox 1349 3218 1626 3282; x_wconf 88' lang='lat' dir='ltr'>Eleazari</span> <span class='ocrx_word' id='word_1_210' title='bbox 1672 3218 1797 3281; x_wconf 86' lang='lat' dir='ltr'>fuit</span> <span class='ocrx_word' id='word_1_211' title='bbox 1845 3219 2219 3303; x_wconf 88' lang='lat' dir='ltr'>principalis</span> <span class='ocrx_word' id='word_1_212' title='bbox 2264 3221 2331 3283; x_wconf 93' lang='lat' dir='ltr'>in</span> 
     </span>
     <span class='ocr_line' id='line_1_31' title="bbox 844 3317 2332 3402; baseline 0.003 -23"><span class='ocrx_word' id='word_1_213' title='bbox 844 3317 1043 3400; x_wconf 90' lang='lat' dir='ltr'>patris</span> <span class='ocrx_word' id='word_1_214' title='bbox 1087 3317 1184 3380; x_wconf 87' lang='lat' dir='ltr'>sui</span> <span class='ocrx_word' id='word_1_215' title='bbox 1231 3317 1628 3400; x_wconf 85' lang='lat' dir='ltr'>sepelitione.</span> <span class='ocrx_word' id='word_1_216' title='bbox 1663 3318 1841 3383; x_wconf 89' lang='lat' dir='ltr'>Circa</span> <span class='ocrx_word' id='word_1_217' title='bbox 1888 3320 2059 3402; x_wconf 90' lang='lat' dir='ltr'>quod</span> <span class='ocrx_word' id='word_1_218' title='bbox 2109 3320 2332 3384; x_wconf 86' lang='lat' dir='ltr'>scribit</span> 
     </span>
     <span class='ocr_line' id='line_1_32' title="bbox 841 3416 2333 3498; baseline 0.003 -20"><span class='ocrx_word' id='word_1_219' title='bbox 841 3416 1126 3498; x_wconf 89' lang='lat' dir='ltr'>quidam,</span> <span class='ocrx_word' id='word_1_220' title='bbox 1160 3418 1329 3498; x_wconf 91' lang='lat' dir='ltr'>quod</span> <span class='ocrx_word' id='word_1_221' title='bbox 1360 3417 1626 3480; x_wconf 90' lang='lat' dir='ltr'>Phinees</span> <span class='ocrx_word' id='word_1_222' title='bbox 1656 3418 1962 3481; x_wconf 91' lang='lat' dir='ltr'>successit</span> <span class='ocrx_word' id='word_1_223' title='bbox 1990 3418 2056 3480; x_wconf 91' lang='lat' dir='ltr'>in</span> <span class='ocrx_word' id='word_1_224' title='bbox 2085 3419 2333 3482; x_wconf 92' lang='lat' dir='ltr'>heredi-</span> 
     </span>
     <span class='ocr_line' id='line_1_33' title="bbox 844 3512 2333 3597; baseline 0.004 -21"><span class='ocrx_word' id='word_1_225' title='bbox 844 3523 973 3577; x_wconf 89' lang='lat' dir='ltr'>tate</span> <span class='ocrx_word' id='word_1_226' title='bbox 1004 3512 1202 3596; x_wconf 89' lang='lat' dir='ltr'>patris</span> <span class='ocrx_word' id='word_1_227' title='bbox 1235 3514 1333 3578; x_wconf 90' lang='lat' dir='ltr'>sui</span> <span class='ocrx_word' id='word_1_228' title='bbox 1369 3533 1384 3578; x_wconf 73' lang='grc' dir='ltr'>ε</span> <span class='ocrx_word' id='word_1_229' title='bbox 1418 3516 1589 3597; x_wconf 91' lang='lat' dir='ltr'>quod</span> <span class='ocrx_word' id='word_1_230' title='bbox 1633 3534 1761 3579; x_wconf 88' lang='lat' dir='ltr'>non</span> <span class='ocrx_word' id='word_1_231' title='bbox 1803 3517 2054 3580; x_wconf 88' lang='lat' dir='ltr'>videtur</span> <span class='ocrx_word' id='word_1_232' title='bbox 2102 3517 2333 3582; x_wconf 88' lang='lat' dir='ltr'>idonee</span> 
     </span>
     <span class='ocr_line' id='line_1_34' title="bbox 845 3613 2333 3694; baseline 0.002 -18"><span class='ocrx_word' id='word_1_233' title='bbox 845 3613 1111 3689; x_wconf 87' lang='lat' dir='ltr'>dictum,</span> <span class='ocrx_word' id='word_1_234' title='bbox 1130 3631 1207 3676; x_wconf 91' lang='lat' dir='ltr'>eo</span> <span class='ocrx_word' id='word_1_235' title='bbox 1236 3615 1406 3694; x_wconf 91' lang='lat' dir='ltr'>quod</span> <span class='ocrx_word' id='word_1_236' title='bbox 1434 3615 1792 3678; x_wconf 86' lang='lat' dir='ltr'>sacerdotes</span> <span class='ocrx_word' id='word_1_237' title='bbox 1823 3623 1886 3678; x_wconf 87' lang='lat' dir='ltr'>et</span> <span class='ocrx_word' id='word_1_238' title='bbox 1913 3615 2146 3680; x_wconf 82' lang='lat' dir='ltr'>Levitae</span> <span class='ocrx_word' id='word_1_239' title='bbox 2178 3618 2333 3682; x_wconf 87' lang='lat' dir='ltr'>scri-</span> 
     </span>
     <span class='ocr_line' id='line_1_35' title="bbox 844 3710 2332 3791; baseline 0.003 -17"><span class='ocrx_word' id='word_1_240' title='bbox 844 3710 1076 3774; x_wconf 90' lang='lat' dir='ltr'>bantur</span> <span class='ocrx_word' id='word_1_241' title='bbox 1106 3711 1518 3776; x_wconf 82' lang='lat' dir='ltr'>hereditatem</span> <span class='ocrx_word' id='word_1_242' title='bbox 1551 3731 1680 3776; x_wconf 90' lang='lat' dir='ltr'>non</span> <span class='ocrx_word' id='word_1_243' title='bbox 1720 3713 2039 3791; x_wconf 89' lang='lat' dir='ltr'>babuisse,</span> <span class='ocrx_word' id='word_1_244' title='bbox 2074 3715 2185 3778; x_wconf 90' lang='lat' dir='ltr'>sed</span> <span class='ocrx_word' id='word_1_245' title='bbox 2215 3716 2332 3779; x_wconf 91' lang='lat' dir='ltr'>Do-</span> 
     </span>
     <span class='ocr_line' id='line_1_36' title="bbox 845 3808 2333 3892; baseline 0.004 -21"><span class='ocrx_word' id='word_1_246' title='bbox 845 3808 1060 3872; x_wconf 91' lang='lat' dir='ltr'>minus</span> <span class='ocrx_word' id='word_1_247' title='bbox 1088 3817 1152 3872; x_wconf 89' lang='lat' dir='ltr'>et</span> <span class='ocrx_word' id='word_1_248' title='bbox 1181 3810 1498 3875; x_wconf 86' lang='lat' dir='ltr'>sacrificia</span> <span class='ocrx_word' id='word_1_249' title='bbox 1520 3811 1660 3892; x_wconf 88' lang='lat' dir='ltr'>ejus</span> <span class='ocrx_word' id='word_1_250' title='bbox 1694 3811 1952 3875; x_wconf 83' lang='lat' dir='ltr'>suerunt</span> <span class='ocrx_word' id='word_1_251' title='bbox 1981 3831 2202 3876; x_wconf 91' lang='lat' dir='ltr'>eorum</span> <span class='ocrx_word' id='word_1_252' title='bbox 2228 3814 2333 3877; x_wconf 90' lang='lat' dir='ltr'>be-</span> 
     </span>
     <span class='ocr_line' id='line_1_37' title="bbox 843 3908 1100 3972; baseline -0.004 -1"><span class='ocrx_word' id='word_1_253' title='bbox 843 3908 1100 3972; x_wconf 79' lang='lat' dir='ltr'>reditas,</span> 
     </span>
    </p>

    <p class='ocr_par' dir='ltr' id='par_1_12' title="bbox 846 4007 2332 4188">
     <span class='ocr_line' id='line_1_38' title="bbox 923 4007 2332 4093; baseline 0.002 -22"><span class='ocrx_word' id='word_1_254' title='bbox 923 4007 1101 4071; x_wconf 91' lang='lat' dir='ltr'>Circa</span> <span class='ocrx_word' id='word_1_255' title='bbox 1152 4008 1499 4090; x_wconf 82' lang='lat' dir='ltr'>praehabita</span> <span class='ocrx_word' id='word_1_256' title='bbox 1545 4009 1938 4090; x_wconf 78' lang='lat' dir='ltr'>Augustinus</span> <span class='ocrx_word' id='word_1_257' title='bbox 1989 4010 2332 4093; x_wconf 86' lang='lat' dir='ltr'>diligenter</span> 
     </span>
     <span class='ocr_line' id='line_1_39' title="bbox 846 4105 2331 4188; baseline 0.005 -21"><span class='ocrx_word' id='word_1_258' title='bbox 846 4105 1162 4188; x_wconf 88' lang='lat' dir='ltr'>inquirit:</span> <span class='ocrx_word' id='word_1_259' title='bbox 1211 4107 1333 4169; x_wconf 91' lang='lat' dir='ltr'>Cur</span> <span class='ocrx_word' id='word_1_260' title='bbox 1376 4107 1583 4185; x_wconf 85' lang='lat' dir='ltr'>Josue,</span> <span class='ocrx_word' id='word_1_261' title='bbox 1639 4109 1864 4172; x_wconf 89' lang='lat' dir='ltr'>saltem</span> <span class='ocrx_word' id='word_1_262' title='bbox 1915 4109 1980 4172; x_wconf 92' lang='lat' dir='ltr'>in</span> <span class='ocrx_word' id='word_1_263' title='bbox 2032 4111 2331 4174; x_wconf 84' lang='lat' dir='ltr'>extremis</span> 
     </span>
    </p>
   </div>
   <div class='ocr_carea' id='block_1_12' title="bbox 843 4203 3927 4290">
    <p class='ocr_par' dir='ltr' id='par_1_13' title="bbox 843 4203 3927 4290">
     <span class='ocr_line' id='line_1_40' title="bbox 843 4203 3927 4290; baseline 0.003 -23"><span class='ocrx_word' id='word_1_264' title='bbox 843 4204 1000 4282; x_wconf 82' lang='lat' dir='ltr'>suiS‚</span> <span class='ocrx_word' id='word_1_265' title='bbox 1035 4222 1162 4266; x_wconf 88' lang='lat' dir='ltr'>non</span> <span class='ocrx_word' id='word_1_266' title='bbox 1193 4203 1498 4285; x_wconf 89' lang='lat' dir='ltr'>corripuit</span> <span class='ocrx_word' id='word_1_267' title='bbox 1537 4206 1741 4269; x_wconf 88' lang='lat' dir='ltr'>tribus</span> <span class='ocrx_word' id='word_1_268' title='bbox 1780 4206 2082 4289; x_wconf 86' lang='lat' dir='ltr'>Ephraim</span> <span class='ocrx_word' id='word_1_269' title='bbox 2115 4217 2177 4272; x_wconf 90' lang='lat' dir='ltr'>et</span> <span class='ocrx_word' id='word_1_270' title='bbox 2216 4209 2330 4272; x_wconf 87' lang='lat' dir='ltr'>Ma·</span> <span class='ocrx_word' id='word_1_271' title='bbox 2363 4213 2411 4274; x_wconf 94' lang='lat' dir='ltr'>D</span> <span class='ocrx_word' id='word_1_272' title='bbox 2442 4207 2645 4270; x_wconf 86' lang='lat' dir='ltr'>salute</span> <span class='ocrx_word' id='word_1_273' title='bbox 2680 4225 2693 4269; x_wconf 91' lang='lat'>:</span> <span class='ocrx_word' id='word_1_274' title='bbox 2728 4207 2963 4289; x_wconf 87' lang='lat' dir='ltr'>quibus</span> <span class='ocrx_word' id='word_1_275' title='bbox 3005 4209 3215 4272; x_wconf 86' lang='lat' dir='ltr'>verbis</span> <span class='ocrx_word' id='word_1_276' title='bbox 3254 4207 3531 4290; x_wconf 88' lang='lat' dir='ltr'>adjicere</span> <span class='ocrx_word' id='word_1_277' title='bbox 3568 4210 3820 4286; x_wconf 89' lang='lat' dir='ltr'>debent,</span> <span class='ocrx_word' id='word_1_278' title='bbox 3853 4221 3927 4276; x_wconf 88' lang='lat' dir='ltr'>ut</span> 
     </span>
    </p>
   </div>
   <div class='ocr_carea' id='block_1_13' title="bbox 834 4301 2330 5376">
    <p class='ocr_par' dir='ltr' id='par_1_14' title="bbox 834 4301 2330 5376">
     <span class='ocr_line' id='line_1_41' title="bbox 844 4301 2325 4392; baseline 0.003 -27"><span class='ocrx_word' id='word_1_279' title='bbox 844 4321 1050 4380; x_wconf 88' lang='lat' dir='ltr'>nasse,</span> <span class='ocrx_word' id='word_1_280' title='bbox 1072 4319 1147 4364; x_wconf 92' lang='lat' dir='ltr'>eo</span> <span class='ocrx_word' id='word_1_281' title='bbox 1177 4301 1752 4392; x_wconf 22' lang='lat' dir='ltr'>quod-Chananaeos</span> <span class='ocrx_word' id='word_1_282' title='bbox 1772 4323 1900 4368; x_wconf 90' lang='lat' dir='ltr'>non</span> <span class='ocrx_word' id='word_1_283' title='bbox 1932 4307 2325 4386; x_wconf 89' lang='lat' dir='ltr'>occiderunt,</span> 
     </span>
     <span class='ocr_line' id='line_1_42' title="bbox 843 4403 2327 4484; baseline 0.005 -22"><span class='ocrx_word' id='word_1_284' title='bbox 843 4419 1044 4483; x_wconf 90' lang='lat' dir='ltr'>quum</span> <span class='ocrx_word' id='word_1_285' title='bbox 1096 4419 1286 4482; x_wconf 90' lang='lat' dir='ltr'>super</span> <span class='ocrx_word' id='word_1_286' title='bbox 1334 4419 1441 4464; x_wconf 87' lang='lat' dir='ltr'>eos</span> <span class='ocrx_word' id='word_1_287' title='bbox 1489 4403 1830 4467; x_wconf 87' lang='lat' dir='ltr'>confortati</span> <span class='ocrx_word' id='word_1_288' title='bbox 1881 4404 2162 4484; x_wconf 84' lang='lat' dir='ltr'>suerunt,</span> <span class='ocrx_word' id='word_1_289' title='bbox 2218 4409 2327 4470; x_wconf 90' lang='lat' dir='ltr'>sed</span> 
     </span>
     <span class='ocr_line' id='line_1_43' title="bbox 844 4497 2330 4585; baseline 0.003 -23"><span class='ocrx_word' id='word_1_290' title='bbox 844 4497 1212 4562; x_wconf 87' lang='lat' dir='ltr'>tributarios</span> <span class='ocrx_word' id='word_1_291' title='bbox 1262 4507 1639 4564; x_wconf 90' lang='lat' dir='ltr'>statuerunt.</span> <span class='ocrx_word' id='word_1_292' title='bbox 1692 4501 1996 4576; x_wconf 86' lang='lat' dir='ltr'>Quocirca</span> <span class='ocrx_word' id='word_1_293' title='bbox 2045 4504 2330 4585; x_wconf 90' lang='lat' dir='ltr'>loquitur</span> 
     </span>
     <span class='ocr_line' id='line_1_44' title="bbox 843 4597 2329 4683; baseline 0.005 -23"><span class='ocrx_word' id='word_1_294' title='bbox 843 4597 1234 4680; x_wconf 84' lang='lat' dir='ltr'>Augustinus</span> <span class='ocrx_word' id='word_1_295' title='bbox 1273 4615 1286 4661; x_wconf 94' lang='lat'><strong>:</strong></span> <span class='ocrx_word' id='word_1_296' title='bbox 1333 4599 1577 4676; x_wconf 88' lang='lat' dir='ltr'>Mirum,</span> <span class='ocrx_word' id='word_1_297' title='bbox 1621 4602 1795 4683; x_wconf 92' lang='lat' dir='ltr'>quod</span> <span class='ocrx_word' id='word_1_298' title='bbox 1837 4603 2059 4666; x_wconf 88' lang='lat' dir='ltr'>saltem</span> <span class='ocrx_word' id='word_1_299' title='bbox 2113 4604 2180 4666; x_wconf 88' lang='lat' dir='ltr'>in</span> <span class='ocrx_word' id='word_1_300' title='bbox 2220 4622 2329 4667; x_wconf 91' lang='lat' dir='ltr'>no-</span> 
     </span>
     <span class='ocr_line' id='line_1_45' title="bbox 841 4697 2329 4784; baseline 0.003 -24"><span class='ocrx_word' id='word_1_301' title='bbox 841 4697 1119 4760; x_wconf 90' lang='lat' dir='ltr'>vissimis</span> <span class='ocrx_word' id='word_1_302' title='bbox 1152 4698 1384 4776; x_wconf 81' lang='lat' dir='ltr'>verbiS,</span> <span class='ocrx_word' id='word_1_303' title='bbox 1403 4699 1637 4780; x_wconf 90' lang='lat' dir='ltr'>quibus</span> <span class='ocrx_word' id='word_1_304' title='bbox 1660 4700 1976 4764; x_wconf 89' lang='lat' dir='ltr'>allocutus</span> <span class='ocrx_word' id='word_1_305' title='bbox 2004 4710 2101 4764; x_wconf 91' lang='lat' dir='ltr'>est</span> <span class='ocrx_word' id='word_1_306' title='bbox 2130 4721 2329 4784; x_wconf 91' lang='lat' dir='ltr'>popu-</span> 
     </span>
     <span class='ocr_line' id='line_1_46' title="bbox 839 4796 2328 4881; baseline 0.005 -24"><span class='ocrx_word' id='word_1_307' title='bbox 839 4796 988 4873; x_wconf 92' lang='lat' dir='ltr'>lum,</span> <span class='ocrx_word' id='word_1_308' title='bbox 1007 4815 1136 4860; x_wconf 91' lang='lat' dir='ltr'>non</span> <span class='ocrx_word' id='word_1_309' title='bbox 1159 4816 1266 4862; x_wconf 89' lang='lat' dir='ltr'>eos</span> <span class='ocrx_word' id='word_1_310' title='bbox 1288 4797 1672 4879; x_wconf 85' lang='lat' dir='ltr'>objurgavit,</span> <span class='ocrx_word' id='word_1_311' title='bbox 1696 4800 1866 4881; x_wconf 90' lang='lat' dir='ltr'>quod</span> <span class='ocrx_word' id='word_1_312' title='bbox 1899 4798 2001 4862; x_wconf 90' lang='lat' dir='ltr'>his</span> <span class='ocrx_word' id='word_1_313' title='bbox 2028 4801 2328 4881; x_wconf 86' lang='lat' dir='ltr'>gentibus</span> 
     </span>
     <span class='ocr_line' id='line_1_47' title="bbox 839 4896 2327 4977; baseline 0.004 -20"><span class='ocrx_word' id='word_1_314' title='bbox 839 4905 1280 4977; x_wconf 88' lang='lat' dir='ltr'>pepercerunt,</span> <span class='ocrx_word' id='word_1_315' title='bbox 1324 4915 1482 4977; x_wconf 86' lang='lat' dir='ltr'>quas</span> <span class='ocrx_word' id='word_1_316' title='bbox 1524 4896 1828 4959; x_wconf 88' lang='lat' dir='ltr'>Dominus</span> <span class='ocrx_word' id='word_1_317' title='bbox 1877 4899 2140 4962; x_wconf 90' lang='lat' dir='ltr'>omnino</span> <span class='ocrx_word' id='word_1_318' title='bbox 2189 4919 2327 4963; x_wconf 92' lang='lat' dir='ltr'>esse</span> 
     </span>
     <span class='ocr_line' id='line_1_48' title="bbox 837 4994 2327 5078; baseline 0.003 -21"><span class='ocrx_word' id='word_1_319' title='bbox 837 4994 1192 5076; x_wconf 89' lang='lat' dir='ltr'>perdendas</span> <span class='ocrx_word' id='word_1_320' title='bbox 1232 4995 1555 5077; x_wconf 76' lang='lat' dir='ltr'>praecepit.</span> <span class='ocrx_word' id='word_1_321' title='bbox 1591 4995 1683 5057; x_wconf 89' lang='lat' dir='ltr'>Ad</span> <span class='ocrx_word' id='word_1_322' title='bbox 1714 4998 1886 5078; x_wconf 90' lang='lat' dir='ltr'>quod</span> <span class='ocrx_word' id='word_1_323' title='bbox 1937 4997 2327 5078; x_wconf 84' lang='lat' dir='ltr'>Augustinus</span> 
     </span>
     <span class='ocr_line' id='line_1_49' title="bbox 837 5091 2325 5175; baseline 0.004 -22"><span class='ocrx_word' id='word_1_324' title='bbox 837 5094 1178 5175; x_wconf 89' lang='lat' dir='ltr'>respondet</span> <span class='ocrx_word' id='word_1_325' title='bbox 1213 5111 1226 5155; x_wconf 91' lang='lat'><strong>:</strong></span> <span class='ocrx_word' id='word_1_326' title='bbox 1259 5095 1356 5156; x_wconf 90' lang='lat' dir='ltr'>An</span> <span class='ocrx_word' id='word_1_327' title='bbox 1390 5091 1552 5156; x_wconf 81' lang='lat' dir='ltr'>sorte</span> <span class='ocrx_word' id='word_1_328' title='bbox 1580 5096 1964 5158; x_wconf 87' lang='lat' dir='ltr'>credendum</span> <span class='ocrx_word' id='word_1_329' title='bbox 2013 5097 2115 5174; x_wconf 90' lang='lat' dir='ltr'>sit,</span> <span class='ocrx_word' id='word_1_330' title='bbox 2151 5096 2325 5161; x_wconf 79' lang='lat' dir='ltr'>filios</span> 
     </span>
     <span class='ocr_line' id='line_1_50' title="bbox 835 5189 2327 5267; baseline 0.003 -14"><span class='ocrx_word' id='word_1_331' title='bbox 835 5191 1023 5255; x_wconf 90' lang='lat' dir='ltr'>lsrael</span> <span class='ocrx_word' id='word_1_332' title='bbox 1067 5189 1378 5267; x_wconf 87' lang='lat' dir='ltr'>timuisse,</span> <span class='ocrx_word' id='word_1_333' title='bbox 1415 5192 1468 5254; x_wconf 86' lang='lat' dir='ltr'>si</span> <span class='ocrx_word' id='word_1_334' title='bbox 1499 5190 1885 5258; x_wconf 80' lang='lat' dir='ltr'>Chananaeos</span> <span class='ocrx_word' id='word_1_335' title='bbox 1931 5195 2024 5258; x_wconf 88' lang='lat' dir='ltr'>eis</span> <span class='ocrx_word' id='word_1_336' title='bbox 2066 5195 2327 5258; x_wconf 89' lang='lat' dir='ltr'>obedire</span> 
     </span>
     <span class='ocr_line' id='line_1_51' title="bbox 834 5295 2325 5376; baseline 0.001 -22"><span class='ocrx_word' id='word_1_337' title='bbox 834 5298 1088 5372; x_wconf 84' lang='lat' dir='ltr'>paratos</span> <span class='ocrx_word' id='word_1_338' title='bbox 1130 5299 1682 5373; x_wconf 84' lang='lat' dir='ltr'>persequerentur,</span> <span class='ocrx_word' id='word_1_339' title='bbox 1736 5311 1816 5356; x_wconf 90' lang='lat' dir='ltr'>ne</span> <span class='ocrx_word' id='word_1_340' title='bbox 1865 5295 2325 5376; x_wconf 88' lang='lat' dir='ltr'>compellerent</span> 
     </span>
    </p>
   </div>
   <div class='ocr_carea' id='block_1_14' title="bbox 2436 756 3934 1823">
    <p class='ocr_par' dir='ltr' id='par_1_15' title="bbox 2436 756 3934 1723">
     <span class='ocr_line' id='line_1_52' title="bbox 2436 756 3929 837; baseline 0.001 -20"><span class='ocrx_word' id='word_1_341' title='bbox 2436 774 2561 837; x_wconf 92' lang='lat' dir='ltr'>que</span> <span class='ocrx_word' id='word_1_342' title='bbox 2594 756 2739 818; x_wconf 90' lang='lat' dir='ltr'>illos</span> <span class='ocrx_word' id='word_1_343' title='bbox 2780 774 3081 837; x_wconf 87' lang='lat' dir='ltr'>superare</span> <span class='ocrx_word' id='word_1_344' title='bbox 3122 773 3247 818; x_wconf 90' lang='lat' dir='ltr'>non</span> <span class='ocrx_word' id='word_1_345' title='bbox 3290 760 3586 837; x_wconf 73' lang='lat' dir='ltr'>possent?</span> <span class='ocrx_word' id='word_1_346' title='bbox 3616 756 3691 817; x_wconf 88' lang='lat' dir='ltr'>Et</span> <span class='ocrx_word' id='word_1_347' title='bbox 3736 757 3825 819; x_wconf 89' lang='lat' dir='ltr'>ita</span> <span class='ocrx_word' id='word_1_348' title='bbox 3852 757 3929 819; x_wconf 86' lang='lat' dir='ltr'>in</span> 
     </span>
     <span class='ocr_line' id='line_1_53' title="bbox 2438 854 3929 919; baseline 0.002 -3"><span class='ocrx_word' id='word_1_349' title='bbox 2438 854 2538 917; x_wconf 91' lang='lat' dir='ltr'>his</span> <span class='ocrx_word' id='word_1_350' title='bbox 2572 854 2731 917; x_wconf 82' lang='lat' dir='ltr'>siliis</span> <span class='ocrx_word' id='word_1_351' title='bbox 2753 855 2940 918; x_wconf 87' lang='lat' dir='ltr'>lsrael</span> <span class='ocrx_word' id='word_1_352' title='bbox 2978 854 3099 917; x_wconf 82' lang='lat' dir='ltr'>fuit</span> <span class='ocrx_word' id='word_1_353' title='bbox 3119 854 3310 917; x_wconf 92' lang='lat' dir='ltr'>timor</span> <span class='ocrx_word' id='word_1_354' title='bbox 3338 856 3655 918; x_wconf 89' lang='lat' dir='ltr'>humanus</span> <span class='ocrx_word' id='word_1_355' title='bbox 3674 866 3737 919; x_wconf 94' lang='lat' dir='ltr'>et</span> <span class='ocrx_word' id='word_1_356' title='bbox 3771 856 3929 919; x_wconf 76' lang='lat' dir='ltr'>fidei</span> 
     </span>
     <span class='ocr_line' id='line_1_54' title="bbox 2437 953 3934 1035; baseline 0.001 -20"><span class='ocrx_word' id='word_1_357' title='bbox 2437 954 2727 1035; x_wconf 81' lang='lat' dir='ltr'>quaedam</span> <span class='ocrx_word' id='word_1_358' title='bbox 2760 954 3035 1016; x_wconf 83' lang='lat' dir='ltr'>desectio</span> <span class='ocrx_word' id='word_1_359' title='bbox 3070 970 3084 1015; x_wconf 75' lang='grc' dir='ltr'>ε</span> <span class='ocrx_word' id='word_1_360' title='bbox 3118 953 3421 1034; x_wconf 91' lang='lat' dir='ltr'>quoniam</span> <span class='ocrx_word' id='word_1_361' title='bbox 3454 954 3507 1015; x_wconf 92' lang='lat' dir='ltr'>si</span> <span class='ocrx_word' id='word_1_362' title='bbox 3553 954 3619 1015; x_wconf 92' lang='lat' dir='ltr'>in</span> <span class='ocrx_word' id='word_1_363' title='bbox 3648 955 3743 1017; x_wconf 89' lang='lat' dir='ltr'>eis</span> <span class='ocrx_word' id='word_1_364' title='bbox 3774 955 3934 1017; x_wconf 80' lang='lat' dir='ltr'>fuis-</span> 
     </span>
     <span class='ocr_line' id='line_1_55' title="bbox 2439 1049 3933 1133; baseline 0.001 -20"><span class='ocrx_word' id='word_1_365' title='bbox 2439 1060 2534 1114; x_wconf 88' lang='lat' dir='ltr'>set</span> <span class='ocrx_word' id='word_1_366' title='bbox 2564 1049 2728 1113; x_wconf 80' lang='lat' dir='ltr'>fides</span> <span class='ocrx_word' id='word_1_367' title='bbox 2761 1051 3064 1133; x_wconf 78' lang='lat' dir='ltr'>perfecta,</span> <span class='ocrx_word' id='word_1_368' title='bbox 3101 1052 3430 1115; x_wconf 88' lang='lat' dir='ltr'>consecuti</span> <span class='ocrx_word' id='word_1_369' title='bbox 3464 1061 3674 1115; x_wconf 87' lang='lat' dir='ltr'>essent</span> <span class='ocrx_word' id='word_1_370' title='bbox 3703 1054 3933 1116; x_wconf 87' lang='lat' dir='ltr'>trium-</span> 
     </span>
     <span class='ocr_line' id='line_1_56' title="bbox 2439 1149 3933 1232; baseline 0.002 -21"><span class='ocrx_word' id='word_1_371' title='bbox 2439 1150 2599 1232; x_wconf 87' lang='lat' dir='ltr'>phos</span> <span class='ocrx_word' id='word_1_372' title='bbox 2629 1168 2791 1230; x_wconf 91' lang='lat' dir='ltr'>quos</span> <span class='ocrx_word' id='word_1_373' title='bbox 2820 1150 3029 1213; x_wconf 88' lang='lat' dir='ltr'>Josue.</span> <span class='ocrx_word' id='word_1_374' title='bbox 3064 1149 3220 1223; x_wconf 91' lang='lat' dir='ltr'>Quia</span> <span class='ocrx_word' id='word_1_375' title='bbox 3250 1169 3401 1213; x_wconf 89' lang='lat' dir='ltr'>vero</span> <span class='ocrx_word' id='word_1_376' title='bbox 3432 1150 3497 1212; x_wconf 88' lang='lat' dir='ltr'>in</span> <span class='ocrx_word' id='word_1_377' title='bbox 3528 1151 3621 1213; x_wconf 89' lang='lat' dir='ltr'>eis</span> <span class='ocrx_word' id='word_1_378' title='bbox 3653 1169 3777 1215; x_wconf 90' lang='lat' dir='ltr'>non</span> <span class='ocrx_word' id='word_1_379' title='bbox 3804 1151 3933 1214; x_wconf 80' lang='lat' dir='ltr'>fuit</span> 
     </span>
     <span class='ocr_line' id='line_1_57' title="bbox 2437 1247 3931 1330; baseline 0.001 -20"><span class='ocrx_word' id='word_1_380' title='bbox 2437 1256 2613 1312; x_wconf 88' lang='lat' dir='ltr'>tanta</span> <span class='ocrx_word' id='word_1_381' title='bbox 2645 1247 2831 1323; x_wconf 81' lang='lat' dir='ltr'>fides,</span> <span class='ocrx_word' id='word_1_382' title='bbox 2850 1248 3261 1328; x_wconf 85' lang='lat' dir='ltr'>etiamquum</span> <span class='ocrx_word' id='word_1_383' title='bbox 3292 1249 3795 1330; x_wconf 84' lang='lat' dir='ltr'>praevaluisseut,</span> <span class='ocrx_word' id='word_1_384' title='bbox 3822 1270 3931 1311; x_wconf 89' lang='lat' dir='ltr'>au-</span> 
     </span>
     <span class='ocr_line' id='line_1_58' title="bbox 2440 1347 3925 1427; baseline 0.001 -18"><span class='ocrx_word' id='word_1_385' title='bbox 2440 1348 2493 1409; x_wconf 89' lang='lat' dir='ltr'>si</span> <span class='ocrx_word' id='word_1_386' title='bbox 2525 1365 2653 1409; x_wconf 90' lang='lat' dir='ltr'>non</span> <span class='ocrx_word' id='word_1_387' title='bbox 2686 1356 2835 1408; x_wconf 86' lang='lat' dir='ltr'>sunt</span> <span class='ocrx_word' id='word_1_388' title='bbox 2866 1364 3151 1427; x_wconf 86' lang='lat' dir='ltr'>pugnare</span> <span class='ocrx_word' id='word_1_389' title='bbox 3176 1365 3377 1426; x_wconf 91' lang='lat' dir='ltr'>usquc</span> <span class='ocrx_word' id='word_1_390' title='bbox 3406 1347 3485 1408; x_wconf 89' lang='lat' dir='ltr'>ad</span> <span class='ocrx_word' id='word_1_391' title='bbox 3518 1347 3925 1411; x_wconf 87' lang='lat' dir='ltr'>inimicorum</span> 
     </span>
     <span class='ocr_line' id='line_1_59' title="bbox 2441 1444 3929 1521; baseline 0.003 -16"><span class='ocrx_word' id='word_1_392' title='bbox 2441 1444 2963 1521; x_wconf 87' lang='lat' dir='ltr'>internecionem,</span> <span class='ocrx_word' id='word_1_393' title='bbox 3001 1462 3129 1507; x_wconf 92' lang='lat' dir='ltr'>non</span> <span class='ocrx_word' id='word_1_394' title='bbox 3174 1444 3255 1507; x_wconf 90' lang='lat' dir='ltr'>de</span> <span class='ocrx_word' id='word_1_395' title='bbox 3297 1444 3542 1507; x_wconf 87' lang='lat' dir='ltr'>malitia</span> <span class='ocrx_word' id='word_1_396' title='bbox 3573 1446 3671 1509; x_wconf 87' lang='lat' dir='ltr'>vel</span> <span class='ocrx_word' id='word_1_397' title='bbox 3704 1446 3783 1509; x_wconf 90' lang='lat' dir='ltr'>de</span> <span class='ocrx_word' id='word_1_398' title='bbox 3822 1466 3929 1509; x_wconf 90' lang='lat' dir='ltr'>su-</span> 
     </span>
     <span class='ocr_line' id='line_1_60' title="bbox 2440 1542 3919 1628; baseline 0.001 -22"><span class='ocrx_word' id='word_1_399' title='bbox 2440 1542 2683 1626; x_wconf 89' lang='lat' dir='ltr'>perbia,</span> <span class='ocrx_word' id='word_1_400' title='bbox 2709 1563 2826 1605; x_wconf 92' lang='lat' dir='ltr'>nec</span> <span class='ocrx_word' id='word_1_401' title='bbox 2856 1544 2935 1605; x_wconf 93' lang='lat' dir='ltr'>de</span> <span class='ocrx_word' id='word_1_402' title='bbox 2965 1552 3339 1625; x_wconf 87' lang='lat' dir='ltr'>contemptu</span> <span class='ocrx_word' id='word_1_403' title='bbox 3362 1543 3566 1605; x_wconf 91' lang='lat' dir='ltr'>divini</span> <span class='ocrx_word' id='word_1_404' title='bbox 3598 1546 3919 1628; x_wconf 62' lang='lat' dir='ltr'>praecepti,</span> 
     </span>
     <span class='ocr_line' id='line_1_61' title="bbox 2440 1640 3919 1723; baseline 0.001 -18"><span class='ocrx_word' id='word_1_405' title='bbox 2440 1642 2548 1705; x_wconf 90' lang='lat' dir='ltr'>sed</span> <span class='ocrx_word' id='word_1_406' title='bbox 2583 1642 2660 1704; x_wconf 93' lang='lat' dir='ltr'>de</span> <span class='ocrx_word' id='word_1_407' title='bbox 2691 1640 3069 1704; x_wconf 81' lang='lat' dir='ltr'>infirmitate</span> <span class='ocrx_word' id='word_1_408' title='bbox 3098 1640 3320 1703; x_wconf 90' lang='lat' dir='ltr'>animi.</span> <span class='ocrx_word' id='word_1_409' title='bbox 3346 1642 3487 1705; x_wconf 79' lang='lat' dir='ltr'>Haec</span> <span class='ocrx_word' id='word_1_410' title='bbox 3509 1642 3919 1723; x_wconf 88' lang='lat' dir='ltr'>Augustinus.</span> 
     </span>
    </p>

    <p class='ocr_par' dir='ltr' id='par_1_16' title="bbox 2520 1740 3928 1823">
     <span class='ocr_line' id='line_1_62' title="bbox 2520 1740 3928 1823; baseline 0.001 -20"><span class='ocrx_word' id='word_1_411' title='bbox 2520 1742 2783 1822; x_wconf 87' lang='lat' dir='ltr'>lnsuper</span> <span class='ocrx_word' id='word_1_412' title='bbox 2831 1740 3032 1822; x_wconf 81' lang='lat' dir='ltr'>quaeri</span> <span class='ocrx_word' id='word_1_413' title='bbox 3081 1750 3315 1823; x_wconf 89' lang='lat' dir='ltr'>posset,</span> <span class='ocrx_word' id='word_1_414' title='bbox 3365 1761 3563 1823; x_wconf 91' lang='lat' dir='ltr'>quum</span> <span class='ocrx_word' id='word_1_415' title='bbox 3604 1742 3791 1805; x_wconf 89' lang='lat' dir='ltr'>Josue</span> <span class='ocrx_word' id='word_1_416' title='bbox 3841 1743 3928 1805; x_wconf 87' lang='lat' dir='ltr'>sit</span> 
     </span>
    </p>
   </div>
   <div class='ocr_carea' id='block_1_15' title="bbox 2438 1935 4239 3005">
    <p class='ocr_par' dir='ltr' id='par_1_17' title="bbox 2438 1935 4239 3005">
     <span class='ocr_line' id='line_1_63' title="bbox 2440 1935 3925 2018; baseline 0.002 -19"><span class='ocrx_word' id='word_1_417' title='bbox 2440 1936 2697 2018; x_wconf 87' lang='lat' dir='ltr'>scripsit</span> <span class='ocrx_word' id='word_1_418' title='bbox 2739 1936 2939 1999; x_wconf 86' lang='lat' dir='ltr'>finem</span> <span class='ocrx_word' id='word_1_419' title='bbox 2992 1935 3185 2017; x_wconf 86' lang='lat' dir='ltr'>hujus</span> <span class='ocrx_word' id='word_1_420' title='bbox 3226 1936 3515 2018; x_wconf 87' lang='lat' dir='ltr'>capituli,</span> <span class='ocrx_word' id='word_1_421' title='bbox 3552 1938 3811 2015; x_wconf 88' lang='lat' dir='ltr'>scilicet,</span> <span class='ocrx_word' id='word_1_422' title='bbox 3846 1939 3925 2002; x_wconf 85' lang='lat' dir='ltr'>Et</span> 
     </span>
     <span class='ocr_line' id='line_1_64' title="bbox 2442 2035 3925 2117; baseline 0.002 -20"><span class='ocrx_word' id='word_1_423' title='bbox 2442 2043 2585 2117; x_wconf 88' lang='lat' dir='ltr'>post</span> <span class='ocrx_word' id='word_1_424' title='bbox 2616 2035 2749 2097; x_wconf 79' lang='lat' dir='ltr'>haec</span> <span class='ocrx_word' id='word_1_425' title='bbox 2782 2043 3070 2099; x_wconf 90' lang='lat' dir='ltr'>mortuus</span> <span class='ocrx_word' id='word_1_426' title='bbox 3093 2043 3189 2097; x_wconf 90' lang='lat' dir='ltr'>est</span> <span class='ocrx_word' id='word_1_427' title='bbox 3218 2036 3427 2113; x_wconf 85' lang='lat' dir='ltr'>Josue,</span> <span class='ocrx_word' id='word_1_428' title='bbox 3463 2054 3665 2117; x_wconf 88' lang='lat' dir='ltr'>usque</span> <span class='ocrx_word' id='word_1_429' title='bbox 3693 2037 3771 2100; x_wconf 87' lang='lat' dir='ltr'>ad</span> <span class='ocrx_word' id='word_1_430' title='bbox 3800 2045 3925 2100; x_wconf 92' lang='lat' dir='ltr'>ter-</span> 
     </span>
     <span class='ocr_line' id='line_1_65' title="bbox 2438 2132 3919 2217; baseline 0.001 -21"><span class='ocrx_word' id='word_1_431' title='bbox 2438 2132 2685 2196; x_wconf 91' lang='lat' dir='ltr'>minum</span> <span class='ocrx_word' id='word_1_432' title='bbox 2720 2132 2893 2194; x_wconf 91' lang='lat' dir='ltr'>libri.</span> <span class='ocrx_word' id='word_1_433' title='bbox 2928 2134 3019 2195; x_wconf 87' lang='lat' dir='ltr'>Ad</span> <span class='ocrx_word' id='word_1_434' title='bbox 3052 2134 3226 2215; x_wconf 92' lang='lat' dir='ltr'>quod</span> <span class='ocrx_word' id='word_1_435' title='bbox 3262 2134 3522 2215; x_wconf 90' lang='lat' dir='ltr'>quidam</span> <span class='ocrx_word' id='word_1_436' title='bbox 3564 2136 3919 2217; x_wconf 89' lang='lat' dir='ltr'>respondet,</span> 
     </span>
     <span class='ocr_line' id='line_1_66' title="bbox 2440 2231 3923 2314; baseline 0.002 -21"><span class='ocrx_word' id='word_1_437' title='bbox 2440 2233 2610 2313; x_wconf 89' lang='lat' dir='ltr'>quod</span> <span class='ocrx_word' id='word_1_438' title='bbox 2660 2232 2889 2294; x_wconf 89' lang='lat' dir='ltr'>Esdras</span> <span class='ocrx_word' id='word_1_439' title='bbox 2938 2231 3237 2314; x_wconf 87' lang='lat' dir='ltr'>apposuit</span> <span class='ocrx_word' id='word_1_440' title='bbox 3279 2231 3423 2295; x_wconf 91' lang='lat' dir='ltr'>hoc.</span> <span class='ocrx_word' id='word_1_441' title='bbox 3476 2232 3923 2296; x_wconf 87' lang='lat' dir='ltr'>Verumtamen</span> 
     </span>
     <span class='ocr_line' id='line_1_67' title="bbox 2439 2329 3923 2412; baseline 0.001 -19"><span class='ocrx_word' id='word_1_442' title='bbox 2439 2330 2609 2393; x_wconf 87' lang='lat' dir='ltr'>circa</span> <span class='ocrx_word' id='word_1_443' title='bbox 2640 2329 2808 2391; x_wconf 85' lang='lat' dir='ltr'>istud</span> <span class='ocrx_word' id='word_1_444' title='bbox 2834 2337 2999 2393; x_wconf 91' lang='lat' dir='ltr'>esset</span> <span class='ocrx_word' id='word_1_445' title='bbox 3030 2330 3402 2410; x_wconf 87' lang='lat' dir='ltr'>diligentius</span> <span class='ocrx_word' id='word_1_446' title='bbox 3448 2330 3923 2412; x_wconf 90' lang='lat' dir='ltr'>inquirendum,</span> 
     </span>
     <span class='ocr_line' id='line_1_68' title="bbox 2440 2427 3921 2511; baseline 0.001 -20"><span class='ocrx_word' id='word_1_447' title='bbox 2440 2448 2521 2491; x_wconf 87' lang='lat' dir='ltr'>an</span> <span class='ocrx_word' id='word_1_448' title='bbox 2574 2447 2655 2491; x_wconf 87' lang='lat' dir='ltr'>ne</span> <span class='ocrx_word' id='word_1_449' title='bbox 2696 2429 2815 2491; x_wconf 90' lang='lat' dir='ltr'>hoc</span> <span class='ocrx_word' id='word_1_450' title='bbox 2868 2427 2989 2490; x_wconf 90' lang='lat' dir='ltr'>fuit</span> <span class='ocrx_word' id='word_1_451' title='bbox 3036 2429 3399 2511; x_wconf 87' lang='lat' dir='ltr'>appositum</span> <span class='ocrx_word' id='word_1_452' title='bbox 3447 2438 3595 2493; x_wconf 89' lang='lat' dir='ltr'>ante</span> <span class='ocrx_word' id='word_1_453' title='bbox 3640 2430 3921 2493; x_wconf 89' lang='lat' dir='ltr'>Esdram.</span> 
     </span>
     <span class='ocr_line' id='line_1_69' title="bbox 2439 2527 3926 2593; baseline 0.001 -2"><span class='ocrx_word' id='word_1_454' title='bbox 2439 2528 2674 2591; x_wconf 87' lang='lat' dir='ltr'>Forsan</span> <span class='ocrx_word' id='word_1_455' title='bbox 2706 2528 2877 2589; x_wconf 90' lang='lat' dir='ltr'>enim</span> <span class='ocrx_word' id='word_1_456' title='bbox 2911 2528 2977 2589; x_wconf 90' lang='lat' dir='ltr'>in</span> <span class='ocrx_word' id='word_1_457' title='bbox 3011 2527 3231 2590; x_wconf 90' lang='lat' dir='ltr'>bibliis</span> <span class='ocrx_word' id='word_1_458' title='bbox 3262 2528 3663 2592; x_wconf 81' lang='lat' dir='ltr'>Hebraeorum</span> <span class='ocrx_word' id='word_1_459' title='bbox 3694 2528 3759 2591; x_wconf 91' lang='lat' dir='ltr'>in</span> <span class='ocrx_word' id='word_1_460' title='bbox 3793 2528 3926 2593; x_wconf 77' lang='lat' dir='ltr'>fine</span> 
     </span>
     <span class='ocr_line' id='line_1_70' title="bbox 2440 2625 3924 2708; baseline 0.002 -20"><span class='ocrx_word' id='word_1_461' title='bbox 2440 2626 2633 2707; x_wconf 87' lang='lat' dir='ltr'>hujus</span> <span class='ocrx_word' id='word_1_462' title='bbox 2667 2625 2813 2688; x_wconf 92' lang='lat' dir='ltr'>libri</span> <span class='ocrx_word' id='word_1_463' title='bbox 2847 2626 3095 2708; x_wconf 78' lang='lat' dir='ltr'>adJ&#39;ecta</span> <span class='ocrx_word' id='word_1_464' title='bbox 3138 2634 3317 2689; x_wconf 87' lang='lat' dir='ltr'>erant</span> <span class='ocrx_word' id='word_1_465' title='bbox 3360 2628 3493 2691; x_wconf 81' lang='lat' dir='ltr'>haec</span> <span class='ocrx_word' id='word_1_466' title='bbox 3537 2628 3731 2691; x_wconf 86' lang='lat' dir='ltr'>verba</span> <span class='ocrx_word' id='word_1_467' title='bbox 3776 2637 3924 2692; x_wconf 87' lang='lat' dir='ltr'>ante</span> 
     </span>
     <span class='ocr_line' id='line_1_71' title="bbox 2439 2724 3925 2808; baseline 0.001 -20"><span class='ocrx_word' id='word_1_468' title='bbox 2439 2724 2884 2807; x_wconf 86' lang='lat' dir='ltr'>Babylonicam</span> <span class='ocrx_word' id='word_1_469' title='bbox 2930 2725 3388 2808; x_wconf 86' lang='lat' dir='ltr'>captivitatem.</span> <span class='ocrx_word' id='word_1_470' title='bbox 3421 2725 3599 2789; x_wconf 89' lang='lat' dir='ltr'>Unde</span> <span class='ocrx_word' id='word_1_471' title='bbox 3626 2728 3925 2808; x_wconf 89' lang='lat' dir='ltr'>quemad-</span> 
     </span>
     <span class='ocr_line' id='line_1_72' title="bbox 2439 2822 3923 2907; baseline 0.002 -20"><span class='ocrx_word' id='word_1_472' title='bbox 2439 2826 2699 2887; x_wconf 90' lang='lat' dir='ltr'>modum</span> <span class='ocrx_word' id='word_1_473' title='bbox 2753 2824 2819 2886; x_wconf 93' lang='lat' dir='ltr'>in</span> <span class='ocrx_word' id='word_1_474' title='bbox 2866 2822 3001 2887; x_wconf 86' lang='lat' dir='ltr'>fine</span> <span class='ocrx_word' id='word_1_475' title='bbox 3035 2824 3503 2889; x_wconf 89' lang='lat' dir='ltr'>Deuteronomii</span> <span class='ocrx_word' id='word_1_476' title='bbox 3556 2826 3693 2907; x_wconf 92' lang='lat' dir='ltr'>ipse</span> <span class='ocrx_word' id='word_1_477' title='bbox 3735 2825 3923 2890; x_wconf 87' lang='lat' dir='ltr'>Josue</span> 
     </span>
     <span class='ocr_line' id='line_1_73' title="bbox 2438 2922 4239 3005; baseline 0.003 -18"><span class='ocrx_word' id='word_1_478' title='bbox 2438 2922 2685 2987; x_wconf 88' lang='lat' dir='ltr'>addidit</span> <span class='ocrx_word' id='word_1_479' title='bbox 2728 2931 2791 2985; x_wconf 91' lang='lat' dir='ltr'>et</span> <span class='ocrx_word' id='word_1_480' title='bbox 2832 2922 3233 3005; x_wconf 87' lang='lat' dir='ltr'>conscripsit,</span> <span class='ocrx_word' id='word_1_481' title='bbox 3268 2924 3543 3005; x_wconf 86' lang='lat' dir='ltr'>qualiter</span> <span class='ocrx_word' id='word_1_482' title='bbox 3585 2923 3923 2988; x_wconf 79' lang='lat' dir='ltr'>defunctus</span> <span class='ocrx_word' id='word_1_483' title='bbox 3954 2948 4239 2993; x_wconf 50' lang='lat' dir='ltr'>onumen</span> 
     </span>
    </p>
   </div>
   <div class='ocr_carea' id='block_1_16' title="bbox 2438 3119 4237 4194">
    <p class='ocr_par' dir='ltr' id='par_1_18' title="bbox 2438 3119 3925 3599">
     <span class='ocr_line' id='line_1_74' title="bbox 2439 3119 3922 3206; baseline 0.001 -21"><span class='ocrx_word' id='word_1_484' title='bbox 2439 3131 2527 3199; x_wconf 82' lang='lat' dir='ltr'>tc,</span> <span class='ocrx_word' id='word_1_485' title='bbox 2576 3121 2747 3204; x_wconf 92' lang='lat' dir='ltr'>quod</span> <span class='ocrx_word' id='word_1_486' title='bbox 2795 3119 2921 3184; x_wconf 92' lang='lat' dir='ltr'>cito</span> <span class='ocrx_word' id='word_1_487' title='bbox 2967 3130 3109 3204; x_wconf 91' lang='lat' dir='ltr'>post</span> <span class='ocrx_word' id='word_1_488' title='bbox 3156 3130 3425 3185; x_wconf 89' lang='lat' dir='ltr'>mortem</span> <span class='ocrx_word' id='word_1_489' title='bbox 3464 3122 3651 3187; x_wconf 86' lang='lat' dir='ltr'>Josue</span> <span class='ocrx_word' id='word_1_490' title='bbox 3688 3122 3922 3206; x_wconf 87' lang='lat' dir='ltr'>aliquis</span> 
     </span>
     <span class='ocr_line' id='line_1_75' title="bbox 2440 3221 3923 3305; baseline 0.001 -20"><span class='ocrx_word' id='word_1_491' title='bbox 2440 3222 2539 3285; x_wconf 90' lang='lat' dir='ltr'>vir</span> <span class='ocrx_word' id='word_1_492' title='bbox 2589 3229 2846 3284; x_wconf 89' lang='lat' dir='ltr'>sanctus</span> <span class='ocrx_word' id='word_1_493' title='bbox 2876 3229 2987 3283; x_wconf 88' lang='lat' dir='ltr'>aut</span> <span class='ocrx_word' id='word_1_494' title='bbox 3011 3230 3189 3284; x_wconf 82' lang='lat' dir='ltr'>vates</span> <span class='ocrx_word' id='word_1_495' title='bbox 3218 3221 3451 3302; x_wconf 88' lang='lat' dir='ltr'>adjecit</span> <span class='ocrx_word' id='word_1_496' title='bbox 3482 3221 3548 3284; x_wconf 91' lang='lat' dir='ltr'>in</span> <span class='ocrx_word' id='word_1_497' title='bbox 3580 3222 3744 3285; x_wconf 92' lang='lat' dir='ltr'>libro</span> <span class='ocrx_word' id='word_1_498' title='bbox 3780 3225 3923 3305; x_wconf 88' lang='lat' dir='ltr'>ejus</span> 
     </span>
     <span class='ocr_line' id='line_1_76' title="bbox 2442 3319 3921 3402; baseline 0.001 -19"><span class='ocrx_word' id='word_1_499' title='bbox 2442 3321 2635 3384; x_wconf 88' lang='lat' dir='ltr'>verba</span> <span class='ocrx_word' id='word_1_500' title='bbox 2673 3327 2990 3402; x_wconf 84' lang='lat' dir='ltr'>praetacta,</span> <span class='ocrx_word' id='word_1_501' title='bbox 3026 3328 3087 3382; x_wconf 88' lang='lat' dir='ltr'>et</span> <span class='ocrx_word' id='word_1_502' title='bbox 3133 3319 3349 3384; x_wconf 82' lang='lat' dir='ltr'>forsan</span> <span class='ocrx_word' id='word_1_503' title='bbox 3387 3319 3497 3384; x_wconf 91' lang='lat' dir='ltr'>ille</span> <span class='ocrx_word' id='word_1_504' title='bbox 3526 3321 3640 3402; x_wconf 92' lang='lat' dir='ltr'>qui</span> <span class='ocrx_word' id='word_1_505' title='bbox 3687 3321 3921 3385; x_wconf 87' lang='lat' dir='ltr'>librum</span> 
     </span>
     <span class='ocr_line' id='line_1_77' title="bbox 2438 3417 3925 3500; baseline 0.001 -18"><span class='ocrx_word' id='word_1_506' title='bbox 2438 3419 2765 3495; x_wconf 87' lang='lat' dir='ltr'>Judicum,</span> <span class='ocrx_word' id='word_1_507' title='bbox 2820 3418 3134 3498; x_wconf 85' lang='lat' dir='ltr'>dirigente</span> <span class='ocrx_word' id='word_1_508' title='bbox 3184 3417 3426 3500; x_wconf 88' lang='lat' dir='ltr'>Spiritu</span> <span class='ocrx_word' id='word_1_509' title='bbox 3474 3419 3725 3498; x_wconf 86' lang='lat' dir='ltr'>Sancto,</span> <span class='ocrx_word' id='word_1_510' title='bbox 3774 3439 3925 3484; x_wconf 89' lang='lat' dir='ltr'>con-</span> 
     </span>
     <span class='ocr_line' id='line_1_78' title="bbox 2443 3516 2721 3599; baseline -0.007 -19"><span class='ocrx_word' id='word_1_511' title='bbox 2443 3516 2721 3599; x_wconf 89' lang='lat' dir='ltr'>scripsit.</span> 
     </span>
    </p>

    <p class='ocr_par' dir='ltr' id='par_1_19' title="bbox 2439 3616 4237 4194">
     <span class='ocr_line' id='line_1_79' title="bbox 2520 3616 4195 3699; baseline 0.007 -21"><span class='ocrx_word' id='word_1_512' title='bbox 2520 3616 2865 3692; x_wconf 91' lang='lat' dir='ltr'>Postremo,</span> <span class='ocrx_word' id='word_1_513' title='bbox 2914 3634 2990 3679; x_wconf 83' lang='lat' dir='ltr'>ex</span> <span class='ocrx_word' id='word_1_514' title='bbox 3038 3616 3159 3681; x_wconf 92' lang='lat' dir='ltr'>isto</span> <span class='ocrx_word' id='word_1_515' title='bbox 3203 3616 3481 3699; x_wconf 90' lang='lat' dir='ltr'>capitulo</span> <span class='ocrx_word' id='word_1_516' title='bbox 3526 3616 3925 3683; x_wconf 90' lang='lat' dir='ltr'>instruuntur</span> <span class='ocrx_word' id='word_1_517' title='bbox 4014 3645 4195 3689; x_wconf 59' lang='lat' dir='ltr'>Saum</span> 
     </span>
     <span class='ocr_line' id='line_1_80' title="bbox 2439 3708 4237 3800; baseline 0.004 -23"><span class='ocrx_word' id='word_1_518' title='bbox 2439 3715 2552 3798; x_wconf 92' lang='lat' dir='ltr'>qui</span> <span class='ocrx_word' id='word_1_519' title='bbox 2584 3722 2865 3798; x_wconf 82' lang='lat' dir='ltr'>praesunt</span> <span class='ocrx_word' id='word_1_520' title='bbox 2884 3723 2947 3778; x_wconf 91' lang='lat' dir='ltr'>et</span> <span class='ocrx_word' id='word_1_521' title='bbox 2977 3715 3345 3797; x_wconf 84' lang='lat' dir='ltr'>praedicant,</span> <span class='ocrx_word' id='word_1_522' title='bbox 3370 3715 3647 3797; x_wconf 87' lang='lat' dir='ltr'>qualiter</span> <span class='ocrx_word' id='word_1_523' title='bbox 3674 3718 3923 3800; x_wconf 89' lang='lat' dir='ltr'>plebem</span> <span class='ocrx_word' id='word_1_524' title='bbox 3952 3708 4237 3763; x_wconf 50' lang='lat' dir='ltr'><strong>‘Pffimffl</strong></span> 
     </span>
     <span class='ocr_line' id='line_1_81' title="bbox 2440 3812 3926 3900; baseline 0.003 -24"><span class='ocrx_word' id='word_1_525' title='bbox 2440 3812 2549 3876; x_wconf 90' lang='lat' dir='ltr'>Dei</span> <span class='ocrx_word' id='word_1_526' title='bbox 2580 3813 2852 3900; x_wconf 84' lang='lat' dir='ltr'>debeant</span> <span class='ocrx_word' id='word_1_527' title='bbox 2884 3812 3251 3891; x_wconf 80' lang='lat' dir='ltr'>informare,</span> <span class='ocrx_word' id='word_1_528' title='bbox 3286 3815 3605 3879; x_wconf 87' lang='lat' dir='ltr'>exhortari</span> <span class='ocrx_word' id='word_1_529' title='bbox 3640 3825 3701 3880; x_wconf 90' lang='lat' dir='ltr'>et</span> <span class='ocrx_word' id='word_1_530' title='bbox 3727 3817 3926 3882; x_wconf 88' lang='lat' dir='ltr'>avisa-</span> 
     </span>
     <span class='ocr_line' id='line_1_82' title="bbox 2440 3911 3927 3988; baseline 0.006 -16"><span class='ocrx_word' id='word_1_531' title='bbox 2440 3931 2531 3988; x_wconf 88' lang='lat' dir='ltr'>re,</span> <span class='ocrx_word' id='word_1_532' title='bbox 2566 3911 2890 3976; x_wconf 86' lang='lat' dir='ltr'>recitando</span> <span class='ocrx_word' id='word_1_533' title='bbox 2920 3912 3011 3974; x_wconf 89' lang='lat' dir='ltr'>eis</span> <span class='ocrx_word' id='word_1_534' title='bbox 3044 3913 3340 3976; x_wconf 90' lang='lat' dir='ltr'>universa</span> <span class='ocrx_word' id='word_1_535' title='bbox 3380 3913 3698 3978; x_wconf 78' lang='lat' dir='ltr'>beneficia</span> <span class='ocrx_word' id='word_1_536' title='bbox 3726 3915 3831 3980; x_wconf 90' lang='lat' dir='ltr'>Dei</span> <span class='ocrx_word' id='word_1_537' title='bbox 3862 3927 3927 3981; x_wconf 86' lang='lat' dir='ltr'>et</span> 
     </span>
     <span class='ocr_line' id='line_1_83' title="bbox 2440 4009 3928 4096; baseline 0.003 -24"><span class='ocrx_word' id='word_1_538' title='bbox 2440 4009 2692 4073; x_wconf 89' lang='lat' dir='ltr'>Domini</span> <span class='ocrx_word' id='word_1_539' title='bbox 2731 4009 2877 4072; x_wconf 87' lang='lat' dir='ltr'>Jesu</span> <span class='ocrx_word' id='word_1_540' title='bbox 2916 4009 3170 4086; x_wconf 92' lang='lat' dir='ltr'>Christi,</span> <span class='ocrx_word' id='word_1_541' title='bbox 3206 4029 3368 4092; x_wconf 63' lang='lat' dir='ltr'>quie,</span> <span class='ocrx_word' id='word_1_542' title='bbox 3402 4020 3640 4093; x_wconf 84' lang='lat' dir='ltr'>quanta</span> <span class='ocrx_word' id='word_1_543' title='bbox 3676 4022 3737 4076; x_wconf 90' lang='lat' dir='ltr'>et</span> <span class='ocrx_word' id='word_1_544' title='bbox 3776 4033 3928 4096; x_wconf 88' lang='lat' dir='ltr'>qua-</span> 
     </span>
     <span class='ocr_line' id='line_1_84' title="bbox 2443 4108 3927 4194; baseline 0.004 -24"><span class='ocrx_word' id='word_1_545' title='bbox 2443 4109 2528 4171; x_wconf 90' lang='lat' dir='ltr'>lia</span> <span class='ocrx_word' id='word_1_546' title='bbox 2558 4127 2673 4191; x_wconf 92' lang='lat' dir='ltr'>pro</span> <span class='ocrx_word' id='word_1_547' title='bbox 2704 4117 2919 4172; x_wconf 89' lang='lat' dir='ltr'>nostra</span> <span class='ocrx_word' id='word_1_548' title='bbox 2947 4109 3305 4191; x_wconf 89' lang='lat' dir='ltr'>assumpsit,</span> <span class='ocrx_word' id='word_1_549' title='bbox 3334 4108 3509 4188; x_wconf 80' lang='lat' dir='ltr'>feeit,</span> <span class='ocrx_word' id='word_1_550' title='bbox 3537 4112 3927 4194; x_wconf 88' lang='lat' dir='ltr'>pertulitque</span> 
     </span>
    </p>
   </div>
   <div class='ocr_carea' id='block_1_17' title="bbox 2434 4305 3927 5180">
    <p class='ocr_par' dir='ltr' id='par_1_20' title="bbox 2434 4305 3927 5180">
     <span class='ocr_line' id='line_1_85' title="bbox 2442 4305 3926 4374; baseline 0.004 -6"><span class='ocrx_word' id='word_1_551' title='bbox 2442 4305 2707 4368; x_wconf 86' lang='lat' dir='ltr'>timeant</span> <span class='ocrx_word' id='word_1_552' title='bbox 2749 4307 3087 4370; x_wconf 89' lang='lat' dir='ltr'>Dominum</span> <span class='ocrx_word' id='word_1_553' title='bbox 3130 4308 3568 4373; x_wconf 88' lang='lat' dir='ltr'>indesinenter</span> <span class='ocrx_word' id='word_1_554' title='bbox 3606 4319 3824 4374; x_wconf 91' lang='lat' dir='ltr'>sancto</span> <span class='ocrx_word' id='word_1_555' title='bbox 3862 4320 3926 4374; x_wconf 90' lang='lat' dir='ltr'>et</span> 
     </span>
     <span class='ocr_line' id='line_1_86' title="bbox 2443 4404 3925 4488; baseline 0.005 -22"><span class='ocrx_word' id='word_1_556' title='bbox 2443 4404 2627 4467; x_wconf 78' lang='lat' dir='ltr'>filiali</span> <span class='ocrx_word' id='word_1_557' title='bbox 2664 4405 2912 4483; x_wconf 86' lang='lat' dir='ltr'>timore,</span> <span class='ocrx_word' id='word_1_558' title='bbox 2948 4415 3011 4469; x_wconf 87' lang='lat' dir='ltr'>et</span> <span class='ocrx_word' id='word_1_559' title='bbox 3051 4407 3287 4488; x_wconf 86' lang='lat' dir='ltr'>jugiter</span> <span class='ocrx_word' id='word_1_560' title='bbox 3327 4407 3607 4472; x_wconf 90' lang='lat' dir='ltr'>serviant</span> <span class='ocrx_word' id='word_1_561' title='bbox 3644 4409 3703 4472; x_wconf 91' lang='lat' dir='ltr'>ei</span> <span class='ocrx_word' id='word_1_562' title='bbox 3738 4410 3925 4474; x_wconf 89' lang='lat' dir='ltr'>corde</span> 
     </span>
     <span class='ocr_line' id='line_1_87' title="bbox 2440 4501 3926 4587; baseline 0.003 -21"><span class='ocrx_word' id='word_1_563' title='bbox 2440 4501 2722 4585; x_wconf 77' lang='lat' dir='ltr'>perlecto</span> <span class='ocrx_word' id='word_1_564' title='bbox 2753 4512 2942 4586; x_wconf 90' lang='lat' dir='ltr'>atque</span> <span class='ocrx_word' id='word_1_565' title='bbox 2986 4504 3319 4570; x_wconf 91' lang='lat' dir='ltr'>verissimo</span> <span class='ocrx_word' id='word_1_566' title='bbox 3356 4523 3369 4568; x_wconf 93' lang='lat'><strong>:</strong></span> <span class='ocrx_word' id='word_1_567' title='bbox 3402 4516 3718 4587; x_wconf 84' lang='lat' dir='ltr'>quatenus</span> <span class='ocrx_word' id='word_1_568' title='bbox 3764 4508 3926 4571; x_wconf 89' lang='lat' dir='ltr'>sicut</span> 
     </span>
     <span class='ocr_line' id='line_1_88' title="bbox 2440 4604 3926 4686; baseline 0.005 -22"><span class='ocrx_word' id='word_1_569' title='bbox 2440 4611 2639 4665; x_wconf 90' lang='lat' dir='ltr'>totum</span> <span class='ocrx_word' id='word_1_570' title='bbox 2669 4605 2841 4684; x_wconf 89' lang='lat' dir='ltr'>quod</span> <span class='ocrx_word' id='word_1_571' title='bbox 2872 4613 3041 4682; x_wconf 88' lang='lat' dir='ltr'>sunt,</span> <span class='ocrx_word' id='word_1_572' title='bbox 3076 4613 3341 4686; x_wconf 88' lang='lat' dir='ltr'>possunt</span> <span class='ocrx_word' id='word_1_573' title='bbox 3371 4613 3435 4667; x_wconf 92' lang='lat' dir='ltr'>et</span> <span class='ocrx_word' id='word_1_574' title='bbox 3465 4604 3721 4684; x_wconf 85' lang='lat' dir='ltr'>habent,</span> <span class='ocrx_word' id='word_1_575' title='bbox 3744 4627 3781 4670; x_wconf 90' lang='lat' dir='ltr'>a</span> <span class='ocrx_word' id='word_1_576' title='bbox 3802 4607 3926 4671; x_wconf 87' lang='lat' dir='ltr'>Deo</span> 
     </span>
     <span class='ocr_line' id='line_1_89' title="bbox 2438 4701 3927 4784; baseline 0.003 -20"><span class='ocrx_word' id='word_1_577' title='bbox 2438 4701 2645 4764; x_wconf 84' lang='lat' dir='ltr'>sortiti</span> <span class='ocrx_word' id='word_1_578' title='bbox 2677 4710 2848 4779; x_wconf 89' lang='lat' dir='ltr'>sunt,</span> <span class='ocrx_word' id='word_1_579' title='bbox 2882 4701 2971 4764; x_wconf 89' lang='lat' dir='ltr'>ita</span> <span class='ocrx_word' id='word_1_580' title='bbox 3013 4704 3092 4765; x_wconf 90' lang='lat' dir='ltr'>ad</span> <span class='ocrx_word' id='word_1_581' title='bbox 3136 4703 3274 4784; x_wconf 83' lang='lat' dir='ltr'>ejus</span> <span class='ocrx_word' id='word_1_582' title='bbox 3326 4704 3765 4781; x_wconf 89' lang='lat' dir='ltr'>reverentiam,</span> <span class='ocrx_word' id='word_1_583' title='bbox 3800 4705 3927 4768; x_wconf 89' lang='lat' dir='ltr'>cul-</span> 
     </span>
     <span class='ocr_line' id='line_1_90' title="bbox 2439 4802 3927 4886; baseline 0.003 -24"><span class='ocrx_word' id='word_1_584' title='bbox 2439 4809 2596 4877; x_wconf 91' lang='lat' dir='ltr'>tum,</span> <span class='ocrx_word' id='word_1_585' title='bbox 2630 4818 2933 4876; x_wconf 89' lang='lat' dir='ltr'>amorem,</span> <span class='ocrx_word' id='word_1_586' title='bbox 2959 4809 3163 4864; x_wconf 92' lang='lat' dir='ltr'>totum</span> <span class='ocrx_word' id='word_1_587' title='bbox 3191 4802 3365 4883; x_wconf 92' lang='lat' dir='ltr'>quod</span> <span class='ocrx_word' id='word_1_588' title='bbox 3396 4811 3567 4880; x_wconf 91' lang='lat' dir='ltr'>sunt,</span> <span class='ocrx_word' id='word_1_589' title='bbox 3592 4803 3761 4884; x_wconf 91' lang='lat' dir='ltr'>quod</span> <span class='ocrx_word' id='word_1_590' title='bbox 3790 4821 3927 4886; x_wconf 88' lang='lat' dir='ltr'>pos-</span> 
     </span>
     <span class='ocr_line' id='line_1_91' title="bbox 2436 4899 3925 4980; baseline 0.001 -18"><span class='ocrx_word' id='word_1_591' title='bbox 2436 4907 2607 4976; x_wconf 89' lang='lat' dir='ltr'>sunt,</span> <span class='ocrx_word' id='word_1_592' title='bbox 2660 4899 2831 4980; x_wconf 91' lang='lat' dir='ltr'>quod</span> <span class='ocrx_word' id='word_1_593' title='bbox 2881 4899 3139 4979; x_wconf 89' lang='lat' dir='ltr'>habent,</span> <span class='ocrx_word' id='word_1_594' title='bbox 3182 4901 3503 4978; x_wconf 91' lang='lat' dir='ltr'>ordinent,</span> <span class='ocrx_word' id='word_1_595' title='bbox 3556 4910 3925 4966; x_wconf 81' lang='lat' dir='ltr'>convertant</span> 
     </span>
     <span class='ocr_line' id='line_1_92' title="bbox 2436 4998 3917 5082; baseline 0.003 -22"><span class='ocrx_word' id='word_1_596' title='bbox 2436 4998 2817 5080; x_wconf 83' lang='lat' dir='ltr'>expendant,</span> <span class='ocrx_word' id='word_1_597' title='bbox 2851 4998 3027 5061; x_wconf 90' lang='lat' dir='ltr'>omni</span> <span class='ocrx_word' id='word_1_598' title='bbox 3060 4999 3489 5076; x_wconf 88' lang='lat' dir='ltr'>simulatione,</span> <span class='ocrx_word' id='word_1_599' title='bbox 3524 4999 3917 5082; x_wconf 83' lang='lat' dir='ltr'>duplicitate,</span> 
     </span>
     <span class='ocr_line' id='line_1_93' title="bbox 2434 5095 3920 5180; baseline 0.001 -22"><span class='ocrx_word' id='word_1_600' title='bbox 2434 5095 2843 5172; x_wconf 86' lang='lat' dir='ltr'>carnalitate,</span> <span class='ocrx_word' id='word_1_601' title='bbox 2909 5104 3163 5178; x_wconf 91' lang='lat' dir='ltr'>torpore</span> <span class='ocrx_word' id='word_1_602' title='bbox 3220 5096 3513 5160; x_wconf 85' lang='lat' dir='ltr'>exclusis.</span> <span class='ocrx_word' id='word_1_603' title='bbox 3566 5097 3920 5180; x_wconf 88' lang='lat' dir='ltr'>Proponere</span> 
     </span>
    </p>
   </div>
   <div class='ocr_carea' id='block_1_18' title="bbox 4325 979 4351 4962">
    <p class='ocr_par' dir='ltr' id='par_1_21' title="bbox 4325 979 4351 4962">
     <span class='ocr_line' id='line_1_94' title="bbox 4325 979 4351 4962; baseline 0 0"><span class='ocrx_word' id='word_1_604' title='bbox 4325 979 4351 4962; x_wconf 95' lang='lat' dir='ltr'> </span> 
     </span>
    </p>
   </div>
   <div class='ocr_carea' id='block_1_19' title="bbox 2418 5191 4243 5275">
    <p class='ocr_par' dir='ltr' id='par_1_22' title="bbox 2418 5191 4243 5275">
     <span class='ocr_line' id='line_1_95' title="bbox 2418 5191 4243 5275; baseline 0.008 -22"><span class='ocrx_word' id='word_1_605' title='bbox 2418 5191 2625 5255; x_wconf 49' lang='lat' dir='ltr'>,etiam</span> <span class='ocrx_word' id='word_1_606' title='bbox 2670 5192 2910 5275; x_wconf 91' lang='lat' dir='ltr'>populo</span> <span class='ocrx_word' id='word_1_607' title='bbox 2952 5193 3207 5270; x_wconf 90' lang='lat' dir='ltr'>debent,</span> <span class='ocrx_word' id='word_1_608' title='bbox 3251 5212 3444 5275; x_wconf 87' lang='lat' dir='ltr'>quam</span> <span class='ocrx_word' id='word_1_609' title='bbox 3486 5203 3658 5257; x_wconf 89' lang='lat' dir='ltr'>arcta</span> <span class='ocrx_word' id='word_1_610' title='bbox 3705 5195 3789 5258; x_wconf 91' lang='lat' dir='ltr'>sit</span> <span class='ocrx_word' id='word_1_611' title='bbox 3817 5195 3921 5258; x_wconf 83' lang='lat' dir='ltr'>via</span> <span class='ocrx_word' id='word_1_612' title='bbox 3970 5222 4243 5270; x_wconf 61' lang='lat' dir='ltr'>natet-‚m</span> 
     </span>
    </p>
   </div>
   <div class='ocr_carea' id='block_1_20' title="bbox 2434 5287 4024 5373">
    <p class='ocr_par' dir='ltr' id='par_1_23' title="bbox 2434 5287 4024 5373">
     <span class='ocr_line' id='line_1_96' title="bbox 2434 5287 4024 5373; baseline 0.002 -20"><span class='ocrx_word' id='word_1_613' title='bbox 2434 5291 2679 5368; x_wconf 81' lang='lat' dir='ltr'>salutiS,</span> <span class='ocrx_word' id='word_1_614' title='bbox 2713 5309 2903 5372; x_wconf 87' lang='lat' dir='ltr'>quam</span> <span class='ocrx_word' id='word_1_615' title='bbox 2952 5292 3329 5355; x_wconf 88' lang='lat' dir='ltr'>metuendus</span> <span class='ocrx_word' id='word_1_616' title='bbox 3372 5300 3435 5356; x_wconf 93' lang='lat' dir='ltr'>et</span> <span class='ocrx_word' id='word_1_617' title='bbox 3476 5292 3697 5373; x_wconf 82' lang='lat' dir='ltr'>ingens</span> <span class='ocrx_word' id='word_1_618' title='bbox 3729 5293 3813 5356; x_wconf 87' lang='lat' dir='ltr'>sit</span> <span class='ocrx_word' id='word_1_619' title='bbox 3842 5293 3922 5356; x_wconf 87' lang='lat' dir='ltr'>ri·</span> <span class='ocrx_word' id='word_1_620' title='bbox 3950 5287 4024 5328; x_wconf 72' lang='lat'>¹⁴·</span> 
     </span>
    </p>
   </div>
  </div>
 </body>
</html>
