4359 6250
127 2184 296 2228 Ezech.

79 2261 210 2298 xxxvi,
239 2251 310 2296 22,

81 2313 140 2353 δ’..

121 2481 180 2523 12.
197 2495 340 2530 nnn,

79 2784 201 2826 Josne
210 2798 284 2832 vn,
295 2787 340 2826 9.

85 2885 210 2928 Eeeli
225 2887 341 2936 ΜΞ.

89 3142 121 3180 ³.

89 3562 199 3605 Dent.
213 3566 342 3613 ¹⁸3⁰-

129 3960 240 4003 Ibi-1.
261 3964 328 4003 31.

966 516 1313 563 ENARRATIO
1357 515 1417 560 IN
1459 515 1596 562 GAP.
1643 514 1730 560 xn
1774 515 1931 560 unm
1974 516 2140 562 emm
2186 518 2409 564 antemi.
2453 539 2534 550 —
2575 521 2716 566 ΛΒΤ.
2763 521 2911 568 xxlv

3350 503 3469 565 325

373 685 565 768 sequi
591 704 706 767 per
736 687 1164 750 adhaesionem
1199 687 1458 752 fidelem
1491 695 1554 750 et
1581 687 1876 750 obedien·
1905 683 1956 746 A
2065 692 2248 751 Absit
2279 699 2495 750 autem
2526 714 2567 751 a
2599 713 2697 752 me
2728 694 2842 752 hoc
2867 692 3209 769 pec-catum'
3243 696 3315 752 in
3348 695 3471 754 Do-

371 784 534 847 tiam
583 793 1120 866 perseverantem.
1171 788 1482 869 Loquitur
1529 775 1739 848 autem
1799 785 1877 846 de

372 883 1047 966 incircumscriptibili
1096 894 1158 948 et
1217 885 1695 968 simplicissimo
1751 884 1876 946 Deo

371 981 816 1063 metaphorice
873 1001 1050 1046 more
1109 985 1412 1047 humano.
1471 989 1600 1046 Sed
1644 986 1876 1044 servite

369 1083 657 1142 Domino
708 1082 782 1141 in
832 1085 1014 1144 omni
1059 1086 1245 1143 corde
1295 1093 1536 1155 vestre,-
1573 1093 1630 1143 et
1678 1085 1876 1144 nolite

365 1182 712 1240 declinare
744 1192 890 1258 post
933 1203 1125 1254 vana,
1171 1182 1233 1244 id
1278 1190 1397 1258 est,
1440 1191 1692 1245 omnem
1743 1181 1877 1246 ido—

369 1270 723 1355 lolatriam,
762 1280 1282 1360 superstitionem
1322 1288 1386 1343 et
1426 1280 1736 1359 magicam
1781 1300 1877 1343 ar-

371 1386 529 1454 tem,
555 1395 630 1439 ac
661 1384 904 1440 ceteras
936 1379 1246 1442 vanitates
1279 1398 1316 1441 a
1346 1379 1526 1442 vobis
1558 1379 1870 1460 repellite,

369 1497 522 1554 quae
570 1495 701 1536 non
745 1480 1110 1554 proderunt
1159 1480 1354 1550 vobis,
1406 1498 1606 1557 neque
1651 1489 1876 1539 eruent

373 1595 507 1646 vos,
541 1577 704 1654 quia
751 1595 924 1636 vana
961 1586 1136 1637 sunt.
1183 1579 1268 1638 Et
1305 1597 1436 1637 non
1477 1578 1877 1655 derelinquet

371 1674 704 1734 Dominus
741 1677 1064 1751 populum
1111 1695 1304 1736 suum
1345 1685 1610 1752 propter
1645 1695 1875 1736 nomen

367 1791 572 1832 suum
604 1791 918 1848 magnum
950 1795 974 1832 .·
1005 1773 1070 1834 id
1101 1781 1220 1850 est,
1253 1782 1513 1856 propter
1542 1773 1642 1836 sui
1676 1773 1876 1855 ipsius

1985 791 2189 859 mine,
2231 798 2302 850 ut
2346 810 2572 850 cessem
2616 811 2801 851 orare
2838 811 2958 868 pro
3009 793 3198 852 vobis.
3234 791 3471 872 Nempe

1985 907 2064 950 ex
2101 907 2231 968 quo
2271 887 2730 969 poenituerunt‚
2766 896 2956 970 atque
2996 889 3329 952 humiliter
3364 909 3473 971 pe-

1983 985 2226 1049 tierunt
2266 986 2431 1048 orari
2472 1004 2588 1068 pro
2628 1007 2717 1064 se,
2753 996 3078 1069 peccasset
3116 988 3337 1069 utique
3368 987 3474 1050 Sa-

1983 1084 2178 1160 muel,
2202 1085 2255 1147 si
2288 1093 2547 1167 propter
2578 1087 2959 1167 praeteritam
2992 1105 3211 1149 eorum
3244 1087 3474 1168 impro-

1985 1184 2720 1265 bitatem‚injuriamque
2752 1183 2874 1246 sibi
2906 1185 2985 1247 ab
3018 1185 3173 1266 ipsis
3205 1185 3469 1261 illatam,

1985 1283 2301 1346 renuisset
2334 1301 2519 1346 orare
2563 1301 2679 1364 pro
2730 1282 2908 1365 ipsiS,
2957 1303 3073 1346 nec
3119 1284 3249 1366 jam
3294 1291 3475 1350 erant

1987 1380 2233 1444 inimici
2267 1381 2493 1464 ipsius.
2528 1382 2595 1443 In
2634 1381 2755 1445 hoc
2798 1389 3007 1445 tamen
3046 1381 3296 1444 Samuel
3332 1400 3474 1462 spe-

1985 1478 2233 1540 cialiter
2269 1479 2771 1556 commendatur,
2806 1479 2975 1561 quod
3022 1486 3149 1542 tam
3193 1477 3475 1542 fideliter

1983 1575 2189 1638 oravit
2237 1593 2353 1657 pro
2401 1576 2524 1652 his,
2568 1596 2605 1638 a
2647 1577 2881 1658 quibus
2926 1577 3166 1658 ejectus
3216 1584 3350 1639 erat
3397 1595 3473 1639 ex

1985 1673 2350 1757 principatu
2388 1692 2401 1736 :
2438 1674 2565 1738 imo
2610 1683 2682 1737 ut
2726 1673 2897 1737 infra
2940 1674 3230 1751 habetur,
3268 1675 3473 1738 oravit

1984 1792 2243 1856 quoque
2302 1792 2419 1856 pro
2466 1773 2652 1836 Saule
2701 1773 2822 1836 sibi
2884 1773 3274 1836 inimicante.
3328 1773 3474 1836 Ideo

375 1869 740 1950 piissimam
789 1871 1212 1951 majestatem,
1261 1881 1324 1935 et
1371 1881 1632 1954 propter
1675 1871 1878 1935 excel·
1911 1871 1956 1932 B
1985 1871 2348 1936 efficaciam
2399 1872 2757 1936 orationum
2812 1871 3121 1936 Samuelis
3168 1871 3473 1934 Dominus

373 1967 596 2030 lentiae‘
629 1984 762 2030 suae
808 1967 1044 2032 famam
1089 1970 1476 2032 dilatandam
1523 1979 1588 2032 et
1628 1988 1880 2032 conser-

373 2067 656 2130 vandam
711 2067 1166 2150 propitiabitur
1213 2068 1419 2146 vobiS,
1472 2068 1882 2150 quemadmo-

371 2167 532 2228 dum
567 2185 682 2248 per
705 2166 1098 2230 Ezechielem
1123 2175 1391 2232 testatur
1415 2168 1590 2232 :Non
1621 2176 1882 2251 propter

377 2283 494 2328 vos
529 2283 652 2346 ego
691 2265 948 2343 faciam,
985 2275 1206 2330 notum
1241 2267 1325 2330 sit
1352 2267 1559 2345 vobiS‚
1595 2268 1706 2331 sed
1743 2285 1882 2348 pro-

375 2372 524 2445 pter
553 2382 792 2428 nomen
825 2373 1118 2429 sanctum
1149 2385 1386 2429 meum.
1419 2365 1598 2430 Unde
1628 2365 1694 2427 in
1725 2365 1883 2429 Isaia

379 2461 626 2526 fatetur
669 2483 684 2528 ε
732 2463 994 2546 Propter
1036 2483 1138 2526 me
1184 2481 1300 2544 ego
1341 2463 1594 2540 faciam,
1628 2471 1702 2526 ut
1753 2481 1880 2526 non

375 2561 816 2644 blasphemer,
860 2571 923 2626 et
963 2562 1231 2644 gloriam
1273 2582 1480 2625 meam
1523 2563 1707 2625 alteri
1753 2580 1880 2625 non

375 2659 570 2724 dabo.
607 2661 767 2725 Hinc
800 2651 990 2725 Josue
1025 2681 1212 2724 orans
1256 2680 1372 2743 pro
1412 2661 1672 2744 popule,
1709 2661 1883 2724 loeu-

377 2767 482 2820 tus
526 2766 626 2820 est
663 2759 934 2822 Domino
979 2777 993 2822 :
1038 2758 1198 2833 Quid
1241 2759 1436 2822 facies
1482 2759 1727 2823 nomini
1771 2769 1879 2822 tuo

373 2860 660 2938 magno?
703 2857 988 2940 Denique
1033 2876 1160 2921 non
1206 2858 1514 2940 relinquit
1563 2860 1726 2922 Deus
1769 2859 1881 2922 ho-

373 2956 649 3032 minem,
689 2955 816 3018 nisi
865 2957 1042 3038 prius
1093 2956 1492 3038 relinquatur
1534 2957 1614 3020 ab
1661 2975 1778 3035 ρος
1816 2966 1880 3020 et

375 3173 468 3215 re.
517 3156 692 3222 Quia
716 3155 986 3232 juravit
1015 3156 1337 3215 Dominus
1373 3175 1480 3215 vos
1511 3155 1636 3213 sibi
1668 3157 1879 3235 facere

365 3256 725 3331 populum,
740 3251 804 3314 id
837 3261 952 3329 est,
978 3271 1093 3334 per
1121 3272 1190 3315 se
1221 3252 1433 3336 ipsum
1465 3261 1728 3317 testatus
1759 3261 1875 3330 est,

373 3351 553 3431 quod
585 3369 704 3431 per
732 3350 902 3413 dona
937 3350 1156 3429 gratiae
1203 3370 1334 3414 suae
1372 3351 1564 3415 faeie-t
1603 3370 1716 3414 vos
1756 3351 1880 3413 sibi

373 3449 673 3523 devotOS‚
728 3447 855 3509 nisi
913 3448 1161 3512 obicem
1221 3451 1544 3531 peccando
1602 3450 1875 3532 ponatis,

379 3547 542 3610 Hine
575 3547 889 3630 scriptum
919 3556 1018 3610 est
1045 3548 1113 3610 in
1146 3548 1633 3611 Deuteronomio
1669 3569 1682 3613 :
1717 3548 1883 3610 Edu-

379 3646 474 3708 xit
517 3663 634 3711 vos
671 3645 978 3709 Dominus
1027 3646 1106 3709 de
1154 3646 1413 3710 fornace
1465 3646 1669 3709 ferrea
1705 3647 1882 3728 AEgy-

377 3746 499 3827 pti‚
535 3753 608 3808 ut
637 3745 901 3808 haberet
940 3745 1250 3828 populum
1290 3745 1767 3808 hereditarium.
1805 3744 1881 3807 Et

378 3864 608 3907 rursus
653 3843 894 3907 ibidem
938 3844 1223 3925 loquitur
1262 3844 1498 3926 Moyses
1537 3843 1879 3907 Israelitieo

379 3942 627 4024 populo
664 3959 678 4003 ε
712 3942 851 4006 Non
889 3942 1171 4006 dimittet
1207 3952 1288 4019 te,
1327 3962 1442 4005 nee
1481 3942 1743 4006 omnino
1772 3943 1880 4006 de-

377 4040 568 4117 lebit,
605 4060 818 4122 neque
848 4041 1266 4107 obliviscetur
1301 4041 1469 4124 pacti
1515 4042 1581 4103 in
1620 4060 1748 4124 quo
1785 4042 1882 4122 ju-

375 4139 548 4203 ravit
575 4139 868 4221 patribus
899 4140 1050 4204 tuiS.

1985 1971 2191 2050 tangit
2221 1971 2389 2052 apud
2417 1970 2753 2033 Ieremiam
2784 1970 3002 2033 dicens
3039 1987 3053 2031 :
3090 1969 3152 2032 Si
3184 1969 3476 2032 steterint

1988 2071 2227 2153 Moyses
2258 2077 2321 2132 et
2352 2069 2602 2131 Samuel
2634 2086 2849 2132 coram
2879 2087 3004 2143 me,
3040 2085 3167 2130 non
3206 2076 3302 2130 est
3340 2068 3477 2130 ani-

3506 1687 3556 1794 ¹¹l
3573 1690 3677 1745 Req.
3696 1703 3769 1740 xv,

3527 1981 3620 2026 Jer.
3639 1994 3712 2030 xv,
3726 1985 3765 2024 ¹.

1987 2188 2092 2231 ma
2119 2185 2263 2230 mea
2293 2167 2369 2229 ad
2402 2166 2711 2249 populum
2754 2167 2969 2229 istum.
3005 2169 3089 2228 Et
3117 2168 3339 2227 docebo
3369 2187 3477 2227 vos
3538 2219 3543 2224 .

1988 2270 2166 2328 viam
2215 2269 2447 2327 bonam
2493 2275 2555 2326 et
2602 2275 2870 2335 rectam,
2919 2265 2982 2327 id
3032 2271 3127 2328 est
3175 2263 3479 2327 salutaria

1987 2366 2388 2440 documenta,
2424 2363 2725 2428 vitiorum
2765 2363 3142 2444 obliquitate
3171 2363 3472 2440 carentia,

1989 2484 2102 2546 per
2130 2482 2405 2546 quorum
2436 2461 2945 2526 observationem
2977 2462 3337 2544 pertingere
3368 2480 3479 2544 po-

1991 2563 2194 2625 teritis
2242 2563 2320 2624 ad
2368 2581 2584 2627 veram
2638 2559 3035 2625 felicitatem.
3091 2560 3327 2624 Deinde
3374 2561 3479 2624 via

1990 2662 2112 2723 ista
2151 2661 2413 2724 docetur
2448 2678 2461 2722 :
2500 2663 2717 2738 Iyicur
2758 2663 2969 2722 timete
3008 2662 3365 2722 Dominum
3406 2657 3480 2721 fi-

1990 2759 2124 2823 liali
2157 2759 2406 2836 timore,
2442 2777 2583 2840 quae
2614 2767 2709 2822 est
2740 2757 2893 2839 fuga
2934 2757 3085 2820 mali
3116 2758 3341 2840 eulpae.
3377 2757 3479 2821 Sic

1979 2860 2233 2942 'quippe
2270 2859 2466 2921 Deum
2512 2857 2757 2934 timere,
2801 2865 2896 2920 est
2933 2857 3159 2920 time-re
3199 2857 3479 2939 separari

1990 2959 2068 3020 ab
2107 2977 2204 3033 ee,
2248 2965 2312 3020 et
2350 2956 2706 3020 abominari
2745 2963 3024 3037 peccata,
3058 2955 3124 3017 in
3167 2962 3477 3035 quantum
3564 2995 3571 3002 -

97 3074 340 3128 neceam,
373 3062 695 3137 quantum
729 3053 796 3117 in
832 3075 900 3117 se
930 3063 1046 3132 est,
1084 3054 1334 3117 nullum
1373 3055 1687 3138 permittit
1718 3055 1880 3138 peri·
1910 3059 1954 3122 C
1989 3064 2138 3119 sunt
2186 3055 2297 3118 Dei
2346 3053 2686 3130 offensiva‚
2731 3062 2793 3116 et
2840 3053 3197 3136 separativa
3239 3051 3319 3114 ab
3362 3052 3478 3116 illo

1988 3156 2101 3240 qui
2146 3174 2395 3217 summe
2436 3153 2746 3234 diligitur,
2788 3152 3323 3234 quemadmodum
3367 3151 3479 3216 bo-

1989 3275 2110 3317 nus
2154 3253 2333 3316 filius
2384 3252 2568 3315 timet
2612 3251 2811 3334 patris
2864 3250 2963 3312 sui
3013 3249 3356 3313 offensam.
3392 3254 3477 3313 Ec

1987 3354 2220 3413 servite
2250 3353 2359 3412 illi
2388 3351 2693 3414 servitute
2725 3349 2944 3427 latriae,
2981 3351 3053 3409 in
3087 3351 3355 3409 veritate
3387 3348 3479 3412 vi-

1989 3462 2090 3527 tae,
2123 3450 2387 3533 justitiae
2433 3458 2495 3513 et
2543 3448 2867 3524 doctrinm,
2910 3458 2969 3508 et
3009 3450 3081 3509 in
3133 3457 3253 3509 toto
3292 3451 3478 3509 corde

1992 3561 2219 3620 vestre,
2250 3549 2491 3630 absque
2534 3547 2941 3610 simulatione
2984 3554 3046 3609 et
3089 3545 3478 3610 admixtione

1990 3647 2368 3731 hypocrisis.
2421 3649 2685 3707 Vidistis
2723 3647 2897 3705 enim
2939 3646 3289 3722 maqnifica
3332 3665 3477 3723 quoe

1989 3749 2062 3807 in
2106 3748 2276 3806 vobis
2304 3746 2567 3822 gesserit
2604 3746 2942 3813 Dominus,
2978 3741 3041 3804 id
3086 3750 3181 3804 est
3219 3741 3477 3803 mirabi-

1988 3845 2076 3907 lia
2103 3863 2296 3925 opera
2317 3852 2379 3906 et
2400 3841 2701 3925 praeelara
2721 3838 3043 3903 beneficia
3071 3839 3225 3920 ejuS,
3239 3840 3474 3921 quibus

1985 3942 2148 4023 grati
2190 3962 2328 4004 esse
2367 3938 2635 4003 debetiS.
2674 3941 2856 4008 Quod
2886 3940 2946 3997 si
2975 3940 3475 4015 perseveraveri-

1991 4044 2071 4103 tis
2107 4042 2179 4101 in
2218 4042 2505 4109 malitia,
2533 4048 2593 4099 et
2630 4058 2733 4099 vos
2761 4047 2823 4098 et
2850 4057 2969 4097 rem
2998 4046 3200 4097 vester
3218 4038 3477 4113 pariter

1981 4140 2304 4219 peribitis.

1429 4514 2080 4601 ARTICULUS
2154 4513 2438 4599 XXIV

1001 4764 1080 4809 m:
1133 4764 1394 4809 MYSTIGA

1447 4764 1902 4809 INTELLIGENTIA
1955 4763 2229 4810 CAPITULI
2282 4762 2466 4809 umus
2519 4762 2862 4808 Duonssclffl.

513 5014 899 5080 XORDIUM
948 5013 1214 5096 capituli
1263 5014 1456 5095 hujus
1506 5014 1690 5077 docet
1737 5014 1879 5076 uni·
1909 5017 1960 5078 D
1989 5021 2291 5095 spergant
2321 5020 2385 5075 et
2424 5013 2690 5094 perdant
2720 5028 2881 5091 quos
2923 5011 3221 5073 reducere
3257 5018 3321 5073 et
3358 5010 3478 5072 sal-

535 5132 760 5179 vet-sos
803 5112 917 5195 qui
954 5120 1233 5196 praesunt
1267 5120 1329 5175 et
1366 5112 1658 5193 judicant
1694 5112 1877 5189 alioS‚

377 5234 576 5297 quam
618 5214 796 5295 juste
833 5220 898 5275 et
933 5211 1577 5293 irreprehensibiliter
1608 5211 1880 5273 debeant

381 5311 754 5377 conversari
805 5328 1019 5373 eoram
1067 5309 1192 5373 sibi
1239 5308 1623 5386 commissiS,
1671 5328 1752 5371 ne
1790 5310 1884 5372 di-

1989 5130 2138 5173 vare
2172 5119 2493 5174 tenentur.
2537 5110 2862 5183 Praeterea‚
2900 5107 2954 5169 si
2994 5106 3344 5188 unicuique
3382 5117 3479 5170 est

1989 5208 2376 5285 damnabile,
2414 5207 2837 5270 scandalizare
2875 5224 3073 5267 unum
3118 5206 3419 5286 pusillum
3458 5222 3473 5268 t

3556 5226 3727 5273 Mami.

1992 5315 2236 5390 quanto
2276 5306 2479 5387 magis
2516 5305 2609 5368 eis
2639 5303 2751 5385 qui
2792 5311 3096 5385 praesunt,
3132 5302 3485 5366 ineffabili·
3504 5306 3617 5343 mu,
3644 5296 3685 5335 ⁶·
