4359 6250
570 1851 676 1894 Gen.
693 1861 819 1898 xxxv,

558 1918 621 1957 10.

573 4418 588 4461 l
601 4418 836 4473 Respxxvn,

835 461 914 525 24

1676 477 2024 524 malumno
2067 478 2128 522 m
2171 477 2309 523 GAP.
2356 477 2417 522 lv
2458 476 2661 523 Josuz.
2706 495 2788 506 —-
2829 477 2971 523 ΛΒΤ.
3010 477 3093 522 vn

840 667 1002 731 quos
1031 647 1160 729 jam
1193 648 1518 730 elegerant
1559 648 1892 712 duodecim
1939 647 2166 726 tribus,
2200 652 2334 710 sin-
2362 651 2411 713 Α
2444 649 2553 710 sed
2586 646 2859 712 fortibus
2890 648 3048 710 viris
3092 648 3413 731 praecepit,
3447 657 3519 711 ut
3564 649 3926 730 acciperent

833 753 1022 826 qulos
1051 751 1131 808 de
1157 750 1440 824 sinqulis
1473 749 1782 808 tribubus.
1817 750 1904 808 Ec
1933 750 2030 808 ait
2059 751 2148 808 ad
2188 769 2288 808 eos
2308 770 2331 807 .·

841 851 938 909 Ite
968 856 1118 907 ante
1146 867 1365 906 arcam
1399 848 1667 907 Domini
1699 848 1822 907 Dei
1855 849 2076 915 vestri,
2112 846 2174 908 id
2211 854 2327 923 est,

841 965 1046 1027 usque
1075 945 1154 1007 ad
1187 945 1395 1008 locum
1433 944 1542 1006 ubi
1579 953 1703 1006 stat
1735 963 1880 1006 arca
1913 945 2214 1021 accedite,
2248 948 2337 1005 ad

840 1048 1151 1109 Jordanis
1201 1047 1512 1114 medium,
1545 1043 1607 1106 id
1641 1053 1737 1106 est
1781 1044 1859 1106 ad
1911 1044 2118 1107 locum
2152 1043 2335 1105 illum

841 1143 1155 1219 Jordanis,
1189 1143 1299 1224 qui
1351 1151 1443 1204 est
1493 1142 1658 1205 inter
1706 1143 1845 1223 ejus
1895 1151 2174 1205 extrema
2224 1162 2337 1205 seu

845 1243 1014 1306 inter
1043 1242 1214 1323 ripas
1255 1241 1458 1323 ipsius
1497 1241 1746 1303 medius
1773 1265 1787 1316 3
1821 1252 1880 1303 et
1899 1251 2156 1318 portate
2186 1244 2339 1301 inde

843 1343 1095 1418 singuli
1138 1342 1426 1416 sinyulos
1476 1343 1722 1416 lapides
1769 1342 1842 1399 in
1893 1341 2180 1400 humeris
2241 1361 2340 1398 ve-

843 1441 1012 1508 stris,
1037 1440 1246 1516 juxta
1281 1459 1628 1498 numerum
1657 1440 1952 1515 filiorum
1984 1440 2189 1498 Israel
2218 1459 2240 1497 .·
2274 1438 2337 1499 1(1

847 1546 966 1614 est,
997 1531 1270 1617 quilibet
1299 1545 1578 1600 vestrum
1612 1545 1820 1618 portet
1865 1536 2014 1599 inde
2059 1536 2337 1618 lapidem

849 1655 1070 1712 unum,
1105 1643 1174 1696 ut
1205 1633 1334 1696 sint
1384 1635 1449 1696 in
1501 1643 1632 1697 toto
1681 1635 2013 1698 duodecim
2070 1635 2335 1716 lapides),

847 1734 1026 1816 juxta
1065 1752 1404 1796 numerum
1445 1732 1780 1796 duodecim
1832 1732 2337 1795 patriarcharum

2444 747 2687 829 lapides
2726 747 2869 810 illos
2904 767 2980 810 ex
3012 747 3228 829 aliqua
3260 756 3439 829 parte
3478 755 3657 812 terrae
3695 748 3759 810 in
3796 768 3928 830 qua

2441 844 2759 928 jacebant,
2791 853 2855 908 et
2885 853 3206 927 portarent
3236 863 3345 908 eos
3373 864 3579 927 usque
3606 847 3686 909 ad
3718 847 3927 910 locum

2445 943 2551 1007 ubi
2605 944 2815 1008 adhuc
2862 944 3115 1007 stabant
3162 944 3517 1007 sacerdotes
3566 963 3709 1006 cum
3755 964 3924 1007 arca.

2444 1041 2765 1123 Erantque
2812 1042 3181 1106 notabiliter
3226 1043 3459 1122 magni,
3495 1050 3558 1105 et
3606 1042 3801 1106 fiebat
3851 1063 3929 1106 ex

2445 1140 2539 1202 eis
2588 1139 2773 1221 quasi
2826 1140 3214 1204 monticulus
3264 1149 3327 1204 et
3369 1141 3649 1202 tumulus
3692 1150 3925 1217 tantuS‚

2443 1238 2615 1320 quod
2674 1237 2969 1320 apparuit
3018 1257 3211 1320 super
3266 1257 3519 1319 aquam,
3580 1239 3927 1320 praesertim

2445 1338 2597 1399 dum
2650 1356 2845 1419 parva
2876 1345 3030 1399 erat.
3082 1337 3262 1399 Unde
3309 1336 3510 1418 aliqui
3560 1338 3923 1419 opinantur,

2446 1436 2615 1516 quod
2666 1435 3133 1498 sacratissimus
3178 1434 3452 1498 Ioannes
3500 1436 3777 1518 Baptista
3822 1437 3930 1500 de-

2448 1533 2822 1597 monstravit
2873 1533 3115 1616 lapides
3163 1533 3329 1610 illos,
3378 1553 3577 1614 quum
3627 1534 3785 1596 dixit
3829 1536 3933 1597 Ju-

2447 1630 2601 1695 daeis
2636 1652 2649 1696 :
2684 1632 2912 1695 Potens
2953 1640 3051 1694 est
3090 1632 3253 1694 Deus
3295 1631 3375 1694 (10
3424 1631 3741 1714 lapidibus
3790 1633 3931 1696 istis
3960 1657 4254 1704 uana-us.

2448 1731 2755 1793 suscitare
2800 1730 2973 1792 filios
3015 1730 3303 1794 Abrahae.
3338 1730 3427 1793 Ex
3468 1749 3596 1813 quo
3642 1741 3926 1814 apparet,

852 1831 1136 1896 filiorum
1165 1833 1379 1908 Jacob,
1413 1832 1524 1913 qui
1556 1832 1684 1895 alio
1716 1832 1976 1895 nomine
2005 1831 2214 1894 dictus
2244 1840 2340 1894 cst
2375 1824 2420 1884 Β
2450 1831 2619 1911 quod
2654 1828 2897 1911 lapides
2930 1829 3025 1891 illi
3058 1848 3186 1893 non
3219 1837 3401 1892 erant
3432 1839 3671 1893 remote
3699 1850 3737 1894 a
3768 1830 3927 1913 ripa.

849 1931 1078 2004 lsrael;
1115 1941 1187 1992 ut
1225 1933 1310 1992 sit
1349 1933 1611 2008 siynum
1659 1933 1828 1991 incer
1867 1951 1995 2001 vos,
2031 1929 2096 1992 id
2127 1937 2243 2006 est,
2273 1937 2342 1991 ut

849 2028 1096 2111 lapides
1146 2029 1251 2092 isti
1303 2038 1694 2111 reponantur
1735 2036 1797 2091 et
1845 2037 2176 2091 serventur
2228 2046 2341 2110 pro

849 2127 1202 2191 memoriali
1235 2137 1299 2191 et
1329 2127 1513 2208 signo
1545 2127 2029 2190 rememorativo
2060 2128 2151 2190 rei
2186 2146 2344 2209 prae-

849 2227 1070 2303 teritae,
1107 2225 1350 2289 scilicet
1393 2226 1686 2288 miraculi
1735 2225 1928 2306 hujus
1978 2226 2041 2288 in
2072 2226 2343 2290 Jordane

844 2324 974 2406 jam
1029 2323 1201 2387 iacti.
1254 2324 1396 2387 Ideo
1445 2323 1788 2385 subditur:
1828 2328 1909 2386 Ec
1957 2328 2220 2404 quando
2250 2327 2345 2383 in-

849 2425 1316 2500 terroyaverint
1365 2444 1470 2483 vos
1516 2425 1653 2499 filii
1701 2425 1921 2492 vestri,
1953 2444 2121 2493 cras,
2151 2423 2215 2484 id
2248 2429 2344 2484 est

848 2529 1136 2604 tempore
1187 2519 1427 2596 futuro,
1478 2524 1758 2581 dicentes
1789 2541 1812 2580 .·
1849 2523 2020 2589 Quid
2067 2524 2197 2581 sibi
2246 2542 2345 2580 vo-

852 2624 997 2680 lunt
1041 2622 1154 2680 isti
1192 2620 1491 2696 lapides?
1527 2619 1587 2681 id
1636 2627 1754 2694 est,
1797 2619 1954 2700 quid
2003 2619 2345 2701 designant

848 2739 924 2782 ex
975 2717 1380 2780 institutione
1429 2717 1753 2780 humana?
1786 2727 1850 2780 et
1893 2737 2090 2798 quare
2141 2718 2235 2782 sic
2281 2725 2345 2780 et

851 2816 956 2880 hic
997 2816 1190 2898 positi
1235 2819 1428 2877 sunt?
1459 2819 1942 2893 Respondebicis
1979 2819 2072 2878 eis
2103 2839 2125 2877 .·
2157 2820 2345 2896 Defe-

850 2925 1074 2976 cerunc
1113 2935 1300 2994 aquoe
1337 2916 1666 2986 Jordanis,
1702 2914 1764 2976 id
1797 2923 1915 2991 est,
1950 2916 2224 2977 naturali
2271 2934 2344 2979 ac

2450 1928 2665 2010 Aliqui
2698 1937 2907 1991 tamen
2958 1927 3203 2005 dicunt,
3254 1929 3428 2010 quod
3476 1928 3934 1992 demonstravit

2453 2027 2696 2110 lapides
2725 2044 2889 2108 quos
2907 2027 3094 2089 Josue
3128 2026 3279 2090 fecit
3297 2025 3540 2090 efferri.
3568 2030 3651 2089 Et
3668 2039 3819 2088 sunt
3840 2030 3935 2087 ibi

2452 2148 2650 2207 usque
2686 2129 2759 2186 in
2791 2137 3171 2204 proesentem
3210 2130 3403 2188 diem.
3438 2127 3564 2189 Hoc
3608 2135 3825 2190 auctor
3859 2126 3935 2188 li-

2451 2226 2551 2289 bri
2583 2224 2776 2306 hujus
2808 2223 3027 2286 retulit
3066 2224 3145 2285 ad
3186 2233 3435 2307 tempus
3470 2242 3600 2306 quo
3641 2225 3760 2287 ista
3790 2243 3936 2288 con-

2452 2324 2747 2406 scripsit3
2790 2324 2897 2385 sed
2929 2342 3010 2384 an
3042 2322 3251 2386 adhuc
3281 2323 3373 2386 ibi
3404 2323 3554 2400 sint,
3590 2323 3931 2387 nescimus.

2531 2425 2901 2485 Sacerdotes
2930 2432 3146 2482 autem
3176 2424 3295 2500 qui
3314 2425 3661 2499 portabant
3689 2443 3935 2492 arcam,

2449 2524 2703 2582 stabant
2753 2522 2825 2580 in
2852 2522 3163 2581 Jordanis
3208 2523 3441 2591 medic,
3470 2525 3669 2582 donec
3714 2523 3937 2582 omnia

2450 2624 2921 2697 complerentur
2941 2639 3083 2698 quw
3096 2629 3486 2696 proeceperat
3504 2621 3821 2680 Dominus
3838 2622 3939 2679 Jo-

2450 2739 2561 2778 suc
2593 2728 2665 2778 ut
2702 2721 3065 2796 loqueretur
3096 2719 3182 2777 ad
3211 2721 3555 2795 populum,
3587 2728 3647 2778 et
3679 2720 3939 2778 dixerat

2451 2819 2513 2876 ei
2560 2820 2805 2893 Moyses
2836 2836 2859 2875 .·
2892 2815 2956 2876 id
3001 2823 3118 2892 est,
3164 2815 3521 2877 sacerdotes
3563 2815 3658 2876 illi
3698 2816 3935 2878 tamdiu

2455 2913 2568 2976 fixi
2620 2913 2873 2976 stabant
2923 2911 2989 2974 in
3044 2911 3243 2976 fundo
3289 2911 3579 2976 Jordanis
3636 2913 3935 2990 arefact0‚

851 3013 1042 3077 solito
1075 3031 1248 3076 more
1281 3011 1484 3075 fluere
1514 3023 1924 3078 cessaverunt
1952 3015 2032 3076 ad
2064 3022 2339 3096 tempuS,
2379 3013 2423 3076 C
2452 3013 2623 3095 quod
2672 3011 2888 3075 omnia
2948 3010 3399 3093 implebantur,
3451 3031 3594 3093 quae
3640 3013 3941 3076 Dominus

851 3120 916 3176 et
946 3111 1282 3175 inferiores
1321 3131 1504 3193 aquae
1530 3111 1820 3174 Jordanis
1850 3112 2340 3191 descenderunt,

851 3229 1188 3294 quousque
1217 3210 1298 3273 ab
1327 3211 1632 3292 adspectu
1666 3208 1949 3274 filiorum
1983 3212 2170 3274 lsrael
2197 3221 2346 3275 sunt

851 3310 1078 3373 ablatae
1105 3334 1119 3385 ;
1153 3319 1304 3370 anie
1319 3329 1543 3369 arcam
1563 3311 1826 3388 foederis
1846 3312 2139 3380 Domini,
2164 3310 2228 3372 id
2249 3319 2345 3373 est

855 3409 920 3471 in
953 3406 1290 3490 praesentia
1316 3408 1478 3489 ejuS‚
1503 3428 1702 3487 quum
1739 3411 2046 3470 transiret
2074 3430 2249 3479 eum,
2282 3410 2345 3471 id

853 3516 972 3585 est,
1006 3507 1159 3569 dum
1205 3525 1349 3569 arca
1395 3526 1432 3568 a
1485 3506 1921 3570 sacerdotibus
1973 3508 2347 3590 portabatur

855 3625 968 3688 per
999 3603 1267 3667 fundum
1300 3604 1591 3667 Jordanis
1624 3604 1866 3667 siccati.
1903 3608 2155 3667 Idcirco
2177 3609 2349 3683 posi-

856 3708 909 3765 ti
935 3714 1086 3765 sunt
1118 3706 1368 3782 lapides
1407 3705 1520 3784 isti
1553 3706 1626 3763 in
1663 3715 2146 3765 monumentum
2177 3708 2348 3783 filio-

852 3824 1001 3863 rum
1033 3807 1264 3871 Israel,
1295 3802 1360 3863 id
1393 3809 1490 3863 cst
1532 3820 1645 3882 pro
1691 3801 2048 3865 memoriali
2099 3822 2343 3881 eorum,

859 3922 970 3984 per
1000 3902 1168 3982 quod
1213 3900 1677 3963 admoneantur
1727 3900 2049 3963 reminisci
2103 3902 2349 3965 benefi-

857 4000 1102 4062 ciorum
1134 3998 1264 4074 Dei,
1303 4018 1501 4077 usque
1530 3999 1603 4057 in
1632 4008 1968 4071 aeternum,
2005 3998 2069 4061 id
2101 4009 2197 4061 cst
2235 4020 2349 4081 per

860 4116 1065 4161 aevum
1115 4115 1226 4158 seu
1280 4114 1480 4176 usque
1528 4095 1592 4156 in
1647 4096 1969 4157 saeculum.
2019 4097 2347 4159 AEternum

2452 3112 2643 3193 jussit
2677 3111 2798 3194 ipsi
2828 3111 3016 3174 Josue
3047 3109 3225 3192 loqui
3257 3110 3335 3173 ad
3367 3111 3673 3194 populum
3705 3113 3784 3176 de
3812 3132 3942 3177 mo-

2454 3214 2535 3274 do
2566 3211 2757 3273 eundi
2790 3229 2904 3293 per
2938 3210 3203 3272 fundum
3234 3210 3545 3287 Jordanis,
3578 3219 3643 3273 et
3678 3211 3755 3274 (10
3788 3212 3943 3274 duo-

2455 3310 2660 3373 decim
2685 3309 2969 3391 lapidum
2992 3308 3353 3371 sublatione
3383 3327 3459 3371 ex
3486 3309 3775 3372 Jordanis
3798 3308 3944 3372 fun-

2455 3410 2559 3485 (10,
2593 3408 2995 3489 aliorumque
3039 3407 3322 3488 lapidum
3374 3407 3815 3489 deportatione
3862 3409 3943 3472 ad

2458 3506 2729 3569 fundum
2764 3506 2971 3583 illum,
2992 3513 3055 3567 et
3084 3524 3227 3587 quae
3256 3504 3447 3567 etiam
3470 3505 3706 3587 Moyses
3736 3506 3945 3570 adhuc

2456 3606 2679 3669 vivens
2710 3604 2984 3685 jusserat
3013 3604 3221 3666 Josue.
3257 3602 3347 3665 Ex
3374 3622 3504 3685 quo
3552 3603 3731 3685 sequi
3774 3605 3947 3669 vide»

2457 3712 2581 3777 tur,
2615 3704 2785 3784 quod
2831 3702 2963 3765 haec
2994 3702 3216 3765 eadem
3248 3701 3347 3764 vel
3379 3704 3665 3783 quaedam
3697 3722 3939 3779 eorum,

2458 3802 2648 3865 ctiam
2675 3802 2913 3883 Moyses
2946 3800 3315 3883 praedixerat
3336 3801 3523 3865 Josue
3554 3801 3732 3875 huic;
3755 3809 3947 3884 atque

2458 3910 2527 3963 ut
2575 3900 2835 3983 quidam
2886 3900 2989 3962 hic
3040 3897 3283 3975 scribit,
3322 3899 3561 3982 Moyses
3601 3900 3821 3963 saltem
3867 3902 3945 3964 de

2459 4000 2727 4063 transitu
2757 3998 3047 4061 Jordanis
3080 3998 3373 4080 praedixit
3399 3999 3586 4062 Josue
3612 4019 3771 4081 :quo
3802 4020 3946 4065 con-

2458 4118 2660 4174 cesso,
2696 4106 2865 4159 stare
2897 4116 3025 4159 non
3058 4096 3312 4178 poterit,
3346 4098 3518 4178 quod
3551 4096 3716 4160 idem
3750 4097 3815 4160 in
3846 4118 3947 4161 ex-

864 4212 1137 4275 namque
1177 4191 1542 4275 frequenter
1583 4212 1694 4275 pro
1725 4212 2127 4275 quacumque
2171 4197 2352 4258 dura·
2381 4198 2429 4259 D
2460 4196 2775 4279 positione
2805 4194 3221 4276 praecedentis
3252 4195 3512 4276 capituli
3545 4196 3704 4258 dixit
3735 4196 3942 4279 ipsum

866 4293 1038 4356 tione
1089 4293 1274 4371 longa
1321 4292 1652 4374 accipitur.
1697 4291 1873 4354 Unde
1905 4302 1968 4354 ct
1998 4292 2207 4374 primo
2240 4295 2352 4357 Re—

867 4411 1016 4473 gum
1050 4390 1213 4453 libro
1257 4389 1445 4453 Achis
1487 4408 1592 4452 rex
1636 4388 1793 4451 dixit
1825 4391 1904 4452 de
1936 4390 2130 4453 David
2168 4409 2182 4453 :
2218 4392 2353 4454 Erit

867 4489 1025 4552 mihi
1075 4508 1295 4552 servus
1348 4488 1411 4550 in
1475 4486 1957 4570 sempiternum.
2022 4489 2227 4571 Atque
2284 4499 2354 4553 ut-

861 4588 1170 4670 Josephus
1214 4586 1456 4664 scribit,
1504 4587 1592 4647 Ex
1625 4586 1948 4668 lapidibus
1993 4587 2120 4649 illis
2165 4588 2353 4652 Josue

865 4685 1019 4758 feeit
1064 4686 1283 4763 altare,
1319 4703 1510 4766 super
1551 4684 1724 4766 quod
1767 4684 1888 4747 Deo
1935 4684 2350 4764 sacrificavit,

863 4794 927 4849 et
962 4785 1198 4847 Pascha
1237 4802 1380 4847 cum
1423 4783 1661 4866 populo
1703 4782 2069 4846 celebravit.

941 4886 1122 4946 Alios
1165 4903 1412 4963 quoque
1461 4884 1708 4959 lapides
1755 4886 2092 4944 duodecim
2136 4888 2355 4963 posuit

859 4986 1047 5045 Josuc
1095 4985 1169 5042 in
1215 4983 1423 5042 medio
1451 4982 1760 5041 Jordanis
1805 4984 2007 5052 αἰυεο,
2043 4984 2157 5041 uhi
2186 4994 2356 5045 stete·

861 5091 1020 5142 runt
1057 5083 1405 5141 sacerdotes
1443 5081 1561 5159 qui
1591 5081 1938 5155 portabant
1977 5101 2198 5141 arcam
2243 5085 2355 5159 foe-

859 5182 1034 5239 deris
1048 5180 1336 5240 Domini.
1361 5178 1484 5241 Hos
1505 5176 1839 5240 duodecim
1874 5177 2117 5259 lapides
2141 5181 2355 5262 posuit

859 5278 1046 5339 Josuc
1087 5275 1151 5337 in
1189 5276 1479 5348 Jordane,
1519 5295 1645 5340 non
1686 5276 1966 5357 propriis
2006 5278 2344 5341 manibus:

2457 4297 2646 4359 Josue
2676 4302 2739 4357 et
2772 4292 2945 4355 filios
2976 4291 3162 4355 lsrael
3194 4301 3588 4374 exspectasse
3636 4303 3759 4357 tres
3792 4295 3943 4358 'dies
3973 4320 4194 4366 ,ωηο-ιι,
4214 4324 4252 4363 i.

2460 4412 2653 4477 super
2709 4392 3069 4467 Iordanem,
3123 4400 3463 4472 antequam
3525 4392 3776 4457 iverunt
3832 4413 3944 4476 per

2463 4510 2633 4568 eum,
2656 4490 2958 4573 quoniam
2990 4491 3176 4553 Josue
3206 4490 3593 4572 exspectavit
3624 4492 3948 4555 revelatio·

2464 4608 2610 4653 nem
2642 4590 2721 4652 de
2752 4589 2941 4651 modo
2987 4588 3353 4651 transeundi
3401 4589 3758 4667 son-danem,
3806 4610 3950 4672 quae

2466 4687 2634 4752 facta
2673 4688 2795 4750 ruit
2834 4687 2892 4750 ei
2934 4686 3122 4750 tertio
3165 4686 3269 4749 dic
3310 4686 3444 4750 1110.
3477 4688 3609 4749 Jam
3662 4688 3830 4750 enim
3875 4708 3951 4751 cx

2466 4786 2689 4870 Moysis
2724 4786 3115 4849 revelatione
3149 4785 3466 4867 praescivit
3498 4786 3638 4849 hoc.

2544 4888 3028 4963 Festinavilquc
3068 4889 3348 4963 populus
3386 4896 3446 4945 cc
3486 4887 3791 4947 transivit
3839 4905 3952 4969 per

2468 4985 2733 5047 fundum
2760 4983 3071 5046 Jordanis.
3094 4982 3443 5047 Festinavit
3472 4983 3537 5045 in
3570 4984 3799 5059 eundo,
3823 5004 3949 5049 non

2465 5102 2540 5145 ex
2582 5082 2809 5144 timore
2850 5080 3020 5162 quod
3070 5100 3235 5161 aqua
3284 5082 3537 5143 caderet
3584 5102 3775 5164 super
3816 5102 3947 5159 005,

2466 5182 2573 5241 sed
2612 5199 2689 5241 nc
2722 5198 2889 5240 unus
2918 5178 3103 5240 alteri
3134 5178 3456 5240 taediosam
3484 5178 3794 5259 ingereret
3823 5199 3953 5243 mo·

2466 5297 2601 5341 ram
2636 5278 2700 5339 in
2733 5276 3258 5359 pertranseundo,
3293 5277 3595 5357 quoniam
3637 5277 3949 5341 maximus
