4359 6250
110 1891 323 1946 1Req...⁴-
348 1879 671 1955 quoniam
714 1897 862 1936 eum
892 1878 1009 1955 qui
1050 1877 1564 1938 annunciaverat
1598 1880 1763 1937 milei
1788 1888 1848 1938 et
1885 1872 1931 1934 B
1961 1874 2185 1937 boseth
2237 1873 2686 1953 intelliguntur
2735 1874 2984 1937 desides
3029 1883 3090 1937 et
3133 1876 3443 1950 carnaleS,
3473 1863 3728 1920 '⁹⁵⁶²''⁸¹⁵³·

922 517 1272 564 mannum
1314 519 1373 564 ix
1414 519 1553 565 car.
1598 519 1637 562 v
1678 517 1837 563 mnu
1878 517 2129 563 sacuam
2170 515 2396 563 amun.
2441 537 2522 548 -
2561 517 2705 564 aar.
2752 518 2858 564 vm
3329 497 3446 561 457

350 688 637 751 cendum
685 688 841 769 regi,
883 707 961 750 eo
1002 690 1177 770 quod
1224 689 1367 770 ejus
1414 687 1850 752 adversarium
1882 687 1934 749 A
1960 709 2083 768 que
2124 689 2308 772 pueri
2351 689 2548 752 David
2599 709 2830 750 neonus
2875 699 2935 749 et
2973 691 3166 766 mdes
3201 709 3444 760 mrum,

348 787 768 864 occidissent,
818 797 885 850 et
930 795 1001 849 ut
1058 797 1603 869 consequerentur
1648 788 1729 850 ab
1776 807 1853 852 eo

350 885 828 968 promotionem
860 905 935 949 ac
966 905 1253 949 munera.
1286 889 1737 966 Dia-eruntque
1764 891 1853 948 ad

350 1005 571 1062 reyem
592 1003 617 1046 .·
648 987 805 1047 Ecce
832 997 1030 1064 caput
1058 988 1333 1047 Isboseth
1362 987 1498 1062 filia·
1524 989 1693 1047 Saul
1723 988 1851 1047 im·-

348 1087 516 1144 mici
549 1087 669 1156 cui,
703 1087 823 1165 qui
850 1087 1173 1163 quoerebac
1200 1088 1497 1146 animam
1528 1095 1731 1146 tuam.
1762 1088 1851 1147 Et

344 1186 537 1244 dedit
574 1186 893 1244 Dominus
922 1185 1187 1245 domino
1226 1194 1437 1244 nostro
1476 1186 1617 1261 reyi
1660 1185 1853 1245 ultio-

346 1304 505 1344 nem
535 1284 727 1344 hodie
752 1287 833 1343 de
860 1287 1031 1346 Saul
1058 1295 1119 1344 et
1144 1287 1225 1344 de
1253 1287 1495 1344 semine
1522 1286 1685 1360 eju-5.

426 1385 845 1459 Respondeas
872 1393 1091 1442 autem
1122 1385 1341 1444 David
1358 1383 1611 1444 Reehab
1636 1393 1698 1443 ec
1724 1387 1851 1444 Ba-

346 1501 485 1541 ana
507 1483 717 1560 fratri
743 1483 911 1559 ejus,
939 1483 1104 1558 filiis
1134 1485 1445 1542 Remmon
1474 1484 1848 1550 Berotkicoe,

344 1582 534 1640 dixit
583 1583 673 1641 ad
707 1600 807 1640 eos
850 1601 873 1639 .·
928 1582 1103 1641 Vivit
1150 1583 1467 1641 Dominus
1515 1584 1633 1660 qui
1676 1583 1849 1640 eruit

347 1681 653 1739 animam
691 1699 897 1740 meam
940 1682 1021 1739 de
1056 1681 1237 1740 omni
1278 1681 1611 1756 unqu-stin,
1652 1679 1716 1742 id
1754 1689 1849 1742 est

350 1778 433 1839 de
474 1775 947 1840 afflictionibus
990 1797 1152 1858 quas
1196 1778 1317 1840 sub
1358 1777 1506 1840 Saul
1547 1779 1846 1857 sustinui,

346 1978 647 2044 dia-erat,
678 1977 975 2035 Mortuus
1002 1985 1093 2035 est
1123 1978 1316 2045 Saul,
1346 1977 1465 2054 qui
1484 1976 1761 2052 putabat
1786 1997 1851 2036 se

340 2095 661 2153 prospera
690 2075 1023 2145 nunciare,
1050 2077 1255 2144 tenui,
1282 2085 1341 2135 et
1370 2077 1580 2135 occidi
1606 2095 1755 2135 eum
1775 2078 1847 2136 in

350 2177 627 2250 Siceleq,
662 2181 733 2235 ut
771 2172 977 2254 patuit
1016 2191 1209 2254 supra
1241 2190 1256 2234 :
1294 2192 1421 2237 non
1473 2182 1682 2236 tamen
1734 2193 1849 2256 pro

348 2271 487 2334 sola
541 2271 651 2333 illa
689 2269 1195 2347 denuntiatione,
1230 2272 1341 2333 sed
1388 2271 1541 2352 quia
1578 2272 1849 2334 asseruit

348 2389 417 2432 se
449 2369 769 2434 occidisse
800 2368 1053 2432 Saulem
1080 2393 1095 2444 ;
1118 2373 1231 2430 cui
1256 2372 1579 2448 oportebat
1608 2391 1709 2429 me
1735 2375 1850 2430 da-

348 2491 417 2529 re
438 2473 819 2540 mercedem,
850 2467 916 2531 id
947 2476 1044 2531 est
1070 2467 1304 2548 justam
1338 2467 1846 2546 retributionem,

340 2585 463 2644 pro
494 2570 755 2638 nuntiO,
788 2565 853 2629 id
892 2575 991 2629 est
1028 2565 1379 2629 ambasiata
1416 2585 1529 2630 seu
1568 2584 1844 2643 rumore,

348 2683 478 2748 quo
513 2665 733 2728 retulit
762 2685 830 2729 se
859 2665 1169 2729 christum
1202 2665 1452 2728 Domini
1493 2665 1849 2729 interfecis-

348 2785 415 2828 se
450 2783 465 2828 ε
504 2775 749 2846 quanto
782 2767 989 2842 mayis
1023 2785 1202 2825 nunc
1230 2787 1432 2845 qaum
1480 2768 1613 2825 viri
1656 2767 1850 2842 impii

348 2868 823 2945 interfecerunt
872 2867 1093 2924 virum
1142 2866 1495 2925 innooeium
1542 2867 1614 2924 in
1661 2867 1845 2924 domo

345 2985 465 3024 sua
484 2983 683 3042 super
714 2967 945 3024 lectum
974 2984 1167 3024 suum
1188 2981 1261 3026 ac
1292 2963 1737 3039 dormientem,
1755 2962 1848 3024 vi-

1960 791 2434 865 suspenderunt
2481 808 2581 848 eos
2615 808 2810 866 super
2849 790 3174 864 piscinam
3222 789 3294 848 in
3329 790 3450 850 He

1961 889 2143 948 bron.
2168 886 2310 948 Haec
2341 887 2556 949 omnia
2588 885 2740 950 fecit
2771 885 2966 949 David
2996 905 3072 948 ex
3101 885 3318 948 debito
3345 885 3448 947 sui

1959 984 2171 1049 officii
2202 1004 2278 1047 ac
2307 985 2441 1047 zelo
2483 985 2768 1066 justitiae,
2802 994 2992 1066 atque
3036 993 3106 1046 ut
3149 984 3450 1048 universo

1961 1083 2304 1147 israelitico
2351 1084 2589 1166 populo
2629 1091 2964 1159 constaret,
2999 1082 3353 1146 certissime
3380 1101 3450 1145 se

1959 1200 2099 1244 esse
2141 1181 2513 1259 immunem‘
2534 1182 2617 1245 ab
2661 1181 3110 1246 interfectione
3139 1181 3341 1264 ipsius
3370 1181 3452 1243 Is-

1958 1280 2200 1368 boseth.
2229 1285 2435 1358 Paput
2455 1291 2670 1342 antem
2690 1283 2962 1343 Isboseth
2998 1285 3310 1352 tulerunt,
3329 1279 3448 1344 hoc

1958 1388 2075 1455 est,
2112 1378 2279 1442 servi
2319 1380 2516 1443 David
2561 1387 2964 1461 acceperunt,
3009 1387 3444 1460 portaverunt,

1958 1489 2017 1540 ec
2059 1481 2448 1557 sepelierunt
2501 1481 2566 1540 in
2617 1484 2905 1558 sepulcro
2943 1481 3160 1540 Abner
3201 1480 3270 1538 iu
3323 1481 3448 1539 He-

1960 1580 2115 1638 bron
2154 1600 2177 1637 :
2221 1577 2374 1658 quia
2425 1595 2552 1639 non
2604 1585 2947 1659 potuerunt
2999 1575 3158 1638 illud
3209 1575 3446 1639 ibidem

1959 1695 2107 1739 cum
2138 1676 2596 1739 honorabiliori
2629 1685 2881 1739 mortuo
2911 1677 3204 1758 sepelire.
3403 1675 3410 1684 “

2037 1775 2222 1837 Juxta
2252 1774 2740 1855 intelligentiam
2769 1775 3188 1857 spiritualem,
3224 1794 3336 1857 per
3365 1776 3449 1838 ls—
3525 1800 3688 1844 sm„

1958 1973 2255 2053 quidum
2287 1972 2602 2054 corporali
2645 1972 3074 2054 repausationi
3121 1972 3450 2054 superflue

1960 2080 2207 2146 vacant,
2261 2091 2299 2134 a
2346 2070 2749 2153 principibus
2801 2071 3140 2148 latronum,
3185 2071 3304 2134 hoc
3355 2079 3450 2133 est

1960 2169 2258 2249 malignis
2289 2169 2643 2250 spiritibuS,
2671 2177 3070 2251 superantur,
3095 2168 3448 2251 praesertim

1960 2268 2111 2329 dum
2142 2266 2401 2330 ostiaria
2431 2269 2659 2331 domus
2689 2267 3029 2344 obdormit,
3064 2267 3182 2330 hoc
3211 2276 3328 2341 est,
3361 2286 3455 2330 ra-

1962 2365 2071 2442 tio,
2105 2369 2289 2449 cujus
2311 2364 2416 2429 'est
2441 2368 2700 2430 domum
2744 2365 2974 2429 animae
3010 2365 3352 2441 custodire,
3388 2375 3450 2429 et

1958 2466 2221 2546 januam
2271 2467 2400 2529 oris
2451 2466 2828 2547 gubernare,
2885 2484 2998 2549 per
3047 2464 3450 2546 negligentiae

1960 2583 2091 2628 suae
2133 2573 2474 2647 torporem,
2529 2583 2566 2626 a
2614 2563 2944 2644 vigilantia
2997 2562 3448 2626 sollicitudinis

1960 2664 2143 2728 bonae
2163 2672 2388 2728 cessat.
2414 2663 2683 2727 Possunt
2712 2681 2968 2746 quoque
2991 2683 3103 2747 per
3124 2663 3449 2746 principes

1958 2765 2113 2828 istos
2146 2765 2486 2838 latronum,
2523 2763 3039 2846 concupiscentia
3076 2763 3242 2843 gulae
3279 2771 3340 2826 et
3375 2763 3449 2825 li-

1956 2863 2110 2926 bido
2140 2863 2406 2926 luxuriae
2435 2863 2764 2943 designari
2792 2881 2808 2924 ε
2839 2882 2982 2945 quae
3019 2862 3083 2925 in
3115 2863 3448 2926 animabus

1957 2962 2403 3046 plurimorum,
2459 2981 2532 3026 ea
2588 2982 2730 3044 quae
2779 2961 2990 3025 carnis
3039 2971 3188 3024 sunt
3232 2981 3450 3024 aman-

348 3063 585 3127 delieet
625 3060 836 3145 ipsum
869 3060 1173 3137 isboseth,
1210 3062 1319 3144 qui
1362 3070 1623 3126 vocatur
1669 3061 1847 3126 inno·
1880 3060 1924 3124 C
1957 3063 2139 3140 tium,
2174 3072 2468 3127 exercent
2515 3062 2850 3128 latrocinia
2881 3081 3017 3139 sua,
3051 3069 3448 3125 assumentes

350 3162 515 3237 xiuS,
568 3180 697 3225 non
748 3160 922 3241 quod
972 3160 1167 3223 suerit
1210 3162 1467 3242 penitus
1511 3162 1841 3239 innocens,

352 3262 459 3323 sed
480 3262 638 3343 quia
660 3278 787 3323 non
814 3260 1047 3324 meruit
1068 3259 1148 3322 ab
1180 3259 1311 3321 illis
1341 3260 1429 3323 ita
1447 3260 1650 3323 occidi
1669 3278 1847 3343 :quo-

352 3380 493 3422 rum
527 3359 947 3423 homicidium
980 3359 1361 3440 gravabatur
1392 3378 1467 3422 ex
1498 3360 1639 3437 hoc,
1674 3363 1843 3443 quod

353 3466 477 3519 'tam
514 3458 953 3521 fraudulenter
982 3467 1173 3540 atque
1204 3459 1548 3522 crudeliter
1569 3479 1846 3542 pereme-

353 3565 501 3620 runt
531 3556 744 3618 filium
778 3556 943 3637 regis
979 3557 1045 3618 in
1076 3575 1323 3635 somno,
1350 3577 1421 3620 ac
1452 3560 1711 3641 propria
1739 3561 1844 3623 do-

122 3668 327 3723 ·mquae-
354 3673 491 3729 mo3
544 3672 722 3717 nunc
770 3657 1108 3735 quaeram*
1144 3660 1532 3734 sanquinem
1578 3660 1719 3735 ejus
1766 3662 1845 3718 de

353 3775 555 3815 >manu
588 3764 823 3823 vestra,-
853 3753 973 3817 hoc
1002 3762 1119 3831 est,
1155 3754 1434 3817 debitam
1468 3754 1775 3817 ultionem
1808 3774 1845 3817 a

351 3851 530 3914 vobis
562 3852 913 3934 exquiram,
938 3860 1001 3915 et
1019 3851 1203 3914 vobis
1234 3852 1550 3934 infligam,
1575 3872 1691 3935 pro
1713 3862 1837 3916 tam

349 3948 586 4031 iniusta
618 3950 953 4029 sanguinis
986 3950 1159 4012 illius
1198 3949 1541 4028 effusione,
1572 3963 1632 4013 et
1658 3954 1841 4030 aufe-

345 4069 485 4110 ram
518 4070 625 4109 vos
652 4053 734 4110 de
758 4060 930 4109 terra
951 4053 981 4109 ἒ

420 4150 741 4225 Proecepic
772 4150 990 4227 itaque
1010 4150 1229 4209 David
1242 4149 1575 4226 pueris-,id
1608 4158 1703 4213 est
1726 4152 1837 4213 mi-

1956 3182 2169 3226 secum
2208 3162 2399 3225 tritici
2434 3163 2662 3246 spicaS,
2699 3164 2762 3226 id
2795 3170 2889 3225 est
2921 3161 3242 3245 praecipua
3272 3180 3446 3242 quae·

1954 3281 2080 3343 quc
2110 3261 2326 3325 edulia
2353 3261 2739 3325 oblectantia
2759 3269 3036 3342 gustum,
3063 3268 3126 3323 et
3155 3258 3276 3321 sub
3307 3278 3448 3341 spe-

1954 3359 2053 3422 cie
2082 3359 2234 3422 boni
2268 3360 2737 3438 ingrediuntur,
2763 3360 2913 3441 quia
2940 3358 3279 3422 delectant.
3299 3356 3445 3430 Qum

1954 3457 2143 3521 etiam
2176 3460 2531 3541 praecidunt
2571 3458 2854 3522 Isboseth
2888 3467 3098 3540 caput,
3138 3454 3442 3538 quoniam

1954 3557 2264 3621 rationem
2315 3557 2735 3621 obtenebrant
2780 3558 3210 3631 vehementer,
3263 3555 3442 3636 juxta

1954 3655 2114 3718 illud
2152 3656 2308 3719 Osee
2344 3675 2357 3717 :
2399 3656 2756 3719 Fornicatio
2805 3665 2868 3719 et
2916 3655 3189 3719 ebrietas
3239 3662 3302 3716 et
3349 3653 3442 3714 vi-
3483 3680 3614 3723 osee·

1952 3773 2105 3816 num
2137 3753 2438 3817 auferunt
2468 3773 2598 3817 eor.
2635 3754 2921 3837 Insuper,
2956 3752 3221 3831 maligni
3252 3750 3440 3834 spiri-

1953 3862 2052 3915 tus
2092 3869 2238 3915 eum
2279 3871 2466 3933 quem
2512 3853 2598 3915 ita
2636 3852 3008 3929 devicerint,
3053 3858 3438 3935 praesentant

1946 3951 2149 4032 judici
2170 3950 2441 4028 Christo,
2465 3960 2762 4033 tanquam
2795 3951 2964 4033 juste
2985 3948 3436 4023 damnandum,

1950 4058 2011 4114 et
2060 4050 2489 4114 adversarium
2535 4051 2682 4125 Dei3
2737 4051 2848 4114 sed
2893 4050 3192 4132 quoniam
3241 4066 3436 4131 prava

1951 4150 2306 4213 intentione
2349 4158 2616 4231 egerunt
2645 4150 2785 4225 hoc,
2822 4147 3248 4212 damnationis
3290 4164 3436 4227 aug-

344 4244 583 4322 nistriS,
616 4256 677 4307 ec
721 4247 1187 4323 interfecerunt
1228 4266 1349 4309 eos.
1384 4250 1837 4311 Proecidences-
1868 4252 1917 4314 D
1948 4258 2234 4313 mentum
2266 4249 2548 4331 recipere
2580 4256 3044 4331 promerentur.

1408 4629 2060 4716 ARTICULUS
2146 4631 2360 4714 VIII

368 4874 711 4922 malumno
750 4876 1099 4922 m'r'rEnAms
1138 4876 1413 4922 cam'rum
1451 4876 1653 4931 QUINTI
1689 4878 1703 4921 1
1746 4876 1818 4921 ET
1856 4876 2171 4923 VENERUNT
2206 4877 2520 4923 UNtvssRsAE
2559 4877 2772 4922 TRIBUS
2814 4877 3029 4922 istut-31„
3069 4878 3152 4921 An
3190 4876 3398 4921 nAvn).

350 5118 848 5320 QUALITER
897 5127 1090 5189 David
1143 5127 1525 5190 constitutus
1584 5128 1666 5189 sit
1724 5147 1831 5190 rex
1941 5126 2293 5190 Philistaeos
2326 5127 2652 5201 devicerit,
2689 5146 2967 5209 praesens
2995 5126 3300 5191 describit
3329 5148 3429 5191 ca-

498 5243 695 5307 super
742 5232 937 5287 totam
997 5224 1403 5289 Israeliticam
1444 5225 1717 5308 plebem,
1770 5235 1832 5288 et
1943 5226 2242 5307 pitulum.
2276 5229 2362 5287 Ec
2394 5237 2705 5286 venerunt
2746 5228 3067 5289 univer-sce
3107 5228 3310 5288 tribus
3343 5230 3430 5289 Is-

348 5323 613 5401 qualiter
651 5322 1012 5387 obtinuerit
1070 5322 1293 5387 urbem
1335 5325 1703 5403 Jerusalem,
1756 5344 1830 5389 ac
1939 5328 2099 5396 rael,
2115 5323 2235 5387 hoc
2255 5332 2350 5387 est
2369 5323 2630 5404 quidam
2653 5323 3038 5408 principales
3059 5326 3138 5388 de
3160 5324 3427 5406 singulis

3617 3682 3730 3731 v.tt.
