4359 6250
911 475 1028 540 302

1495 488 1844 536 manuario
1885 489 1944 534 IN
1988 489 2124 534 CAP.
2171 488 2277 534 vul
2320 489 2475 534 mum
2518 489 2683 534 Pffllss
2728 491 2951 537 REGUM.
2996 511 3077 522 -
3117 493 3261 539 ΛΒΤ.
3306 494 3409 540 xvl

904 668 1010 729 isti
1042 669 1122 730 de
1151 667 1386 749 quibus
1417 666 1549 730 haec
1580 665 1979 740 dicebantur,
2017 662 2279 726 fuerunt
2312 663 2391 724 de
2420 659 2471 722 A
2580 663 2761 727 Circa
2808 665 2941 730 haec
2989 667 3198 746 arguit
3242 667 3513 731 Thomas
3547 668 3613 731 in
3646 669 3867 750 prima
3898 689 3985 732 se-

901 766 1167 848 AEgypto
1198 765 1431 839 educti,
1455 763 1578 826 nisi
1610 764 1677 825 in
1699 763 1935 825 lumbis
1969 769 2221 844 patrum
2253 779 2391 823 suo·

899 884 1076 938 rum3
1122 865 1222 927 vel
1269 865 1439 946 quod
1491 863 1556 926 in
1607 861 1906 925 omnibus
1957 860 2205 922 actibus
2256 859 2387 920 suis

896 963 1152 1027 interim
1191 968 1637 1045 peccaverunt,
1671 979 1872 1042 quum
1903 967 1967 1022 et
1998 957 2383 1040 praecedenti

892 1062 1173 1145 capitulo
1224 1062 1424 1124 multa
1480 1061 1648 1124 bona
1697 1061 1775 1122 de
1825 1058 1966 1121 istis
2023 1057 2388 1140 conscripta

892 1162 1041 1224 sint.
1095 1164 1284 1224 Sicut
1331 1162 1814 1240 dereliquerunt
1870 1178 1989 1228 me,
2042 1167 2102 1217 et
2149 1159 2385 1216 servie-

891 1271 1050 1322 runt
1093 1263 1226 1321 diis
1269 1261 1504 1320 alienis
1548 1257 1892 1333 interdum,
1929 1274 2056 1319 non
2105 1273 2379 1337 semper,

891 1363 984 1419 sic
1012 1361 1274 1437 faciunt
1303 1359 1502 1418 etiam
1535 1358 1673 1426 tibi,
1694 1355 1814 1418 hoc
1835 1361 1952 1430 est,
1974 1353 2205 1434 ingrati
2236 1361 2385 1415 sunt

823 1471 828 1475 ’
895 1457 1116 1542 tibi,et
1146 1455 1617 1539 praesidentiam
1650 1462 1822 1516 tuam
1854 1451 2191 1533 abjiciunt,
2218 1451 2384 1513 sicut

893 1556 1052 1618 mihi
1091 1556 1349 1620 fuerunt
1384 1553 1638 1635 ingrati,
1675 1561 1738 1615 et
1777 1570 1982 1614 meam
2023 1550 2385 1632 gubernati-

892 1672 1078 1718 onem
1117 1653 1617 1734 dereliquerunt,
1655 1650 1998 1712 subdentes
2040 1667 2107 1711 se
2147 1647 2381 1710 alieno-

891 1773 1030 1815 rum
1063 1751 1488 1816 dominationi
1517 1752 1804 1812 deorum.
1841 1748 2000 1811 Ecce
2040 1766 2235 1828 quam
2276 1746 2380 1828 pie

2498 763 2745 840 eundae,
2780 765 3133 845 quaestione
3170 766 3291 828 105
3326 785 3341 828 ε
3378 765 3551 829 Sicut
3592 785 3861 848 regnum
3890 776 3980 830 est

2498 860 2811 941 optimum
2854 863 3159 942 regimen,
3205 864 3293 926 ita
3332 865 3618 946 tyrannis
3661 874 3759 928 est
3790 865 3981 948 pessi-

2496 977 2601 1020 ma
2642 960 2965 1042 corruptio
3010 962 3362 1044 regiminis.
3400 963 3517 1026 Sed
3560 964 3869 1027 Dominus
3900 985 3984 1027 re-

2494 1072 2638 1135 gem
2671 1058 3085 1137 instituendo,
3113 1061 3393 1124 instituit
3420 1061 3523 1143 jus
3556 1063 3978 1144 tyrannicum.

2496 1154 2736 1218 Dicitur
2778 1157 2949 1220 enim
2995 1159 3202 1241 primo
3242 1160 3483 1240 Regum
3519 1178 3535 1222 :
3568 1161 3699 1224 Hoc
3730 1161 3855 1223 erit
3880 1160 3978 1243 jus

2495 1254 2661 1333 regis
2693 1257 2804 1336 qui
2836 1257 3260 1340 imperaturus
3291 1267 3387 1322 est
3418 1259 3623 1337 vobiS,
3660 1260 3859 1323 Filios
3888 1279 3977 1323 ve-

2494 1361 2658 1415 stros
2700 1353 2899 1431 tollet,
2936 1363 3055 1418 etc.
3090 1357 3183 1419 Ad
3229 1357 3399 1420 idem
3444 1358 3671 1421 Doctor
3722 1377 3976 1440 respon-

2493 1451 2599 1513 det
2634 1469 2647 1512 :
2680 1452 2789 1514 Jus
2839 1453 2996 1516 illud
3046 1474 3173 1518 non
3220 1457 3684 1520 determinatur
3730 1457 3866 1536 regi
3908 1477 3978 1520 ex

2491 1548 2895 1614 institutione
2927 1553 3165 1631 divina,
3203 1556 3313 1617 sed
3352 1555 3553 1635 magis
3595 1556 3978 1635 praenuntia-

2493 1655 2593 1709 tur
2639 1648 2727 1710 ibi
2782 1653 3109 1733 usurpatio
3154 1672 3399 1734 regum,
3436 1654 3547 1735 qui
3588 1654 3713 1716 sibi
3754 1655 3979 1718 consti-

2495 1753 2679 1810 tuunt
2724 1748 2829 1829 jus
2881 1750 3199 1831 iniquum,
3234 1752 3299 1813 in
3353 1752 3753 1840 tyrannidem
3798 1755 3977 1833 dege-

887 1861 949 1914 et
980 1851 1466 1932 dignantissime
1498 1849 1781 1930 loquitur
1822 1848 1984 1910 Deus
2027 1845 2379 1927 maJestatis
2411 1846 2455 1906 B
2493 1856 2807 1924 neranteS,
2852 1858 2915 1912 et
2962 1849 3251 1914 subditos
3302 1851 3761 1934 depraedantes,
3794 1852 3963 1926 Quod

886 1951 1213 2014 immensae
1243 1951 1322 2012 ad
1355 1948 1614 2011 labilem
1644 1956 1837 2028 atque
1865 1965 1943 2009 ex
1973 1965 2041 2008 se
2083 1944 2377 2025 fragilem

882 2058 1263 2125 creaturam;
1309 2067 1376 2110 se
1426 2065 1804 2129 comparans
1857 2043 2126 2108 homini.
2182 2045 2379 2106 Nunc

881 2169 1029 2226 erqo
1059 2170 1270 2210 vocem
1299 2167 1523 2208 eorum
1553 2149 1739 2206 audi.
1764 2147 2215 2206 Verumtamen
2236 2162 2381 2202 con-

887 2258 1138 2316 testare,
1159 2246 1220 2308 id
1251 2255 1367 2323 est,
1395 2263 1540 2307 cum
1573 2243 2030 2326 protestatione
2061 2239 2372 2317 certifica,

884 2367 1000 2418 εοε,
1023 2357 1084 2408 et
1105 2348 1355 2423 praedic
1382 2347 1473 2404 eis
1487 2346 1610 2421 jus
1631 2343 1824 2420 reqiS,
1841 2343 1958 2422 qui
1988 2349 2379 2417 reynaturus

884 2456 974 2506 est
1002 2465 1196 2523 super
1219 2465 1339 2504 eos.

967 2546 1162 2606 Dioeit
1205 2545 1422 2622 itaque
1465 2543 1737 2604 Samuel
1779 2540 1997 2600 omnia
2041 2539 2227 2598 verba
2258 2541 2379 2598 Do-

887 2645 1059 2704 mini
1076 2646 1164 2703 ad
1185 2644 1526 2720 populum,
1550 2641 1726 2718 quia
1747 2659 1810 2698 se
1834 2640 2110 2716 petierat
2139 2655 2371 2713 re9em,

883 2752 944 2802 et
985 2743 1083 2801 ait
1124 2741 1242 2802 hoc
1285 2737 1536 2801 Samuel
1587 2736 1828 2819 populo
1863 2753 1878 2797 ε
1915 2739 2050 2797 Hoc
2095 2736 2221 2795 erit
2254 2735 2375 2810 jus

883 2842 1052 2918 reyis
1098 2841 1216 2919 qui
1265 2841 1706 2916 imperaturus
1753 2845 1842 2895 est
1891 2836 2063 2895 vobis
2108 2855 2128 2892 .·
2168 2835 2375 2894 Filios

883 2949 1118 2999 vestros
1150 2941 1322 2998 tollet
1350 2947 1411 2997 et
1430 2945 1625 3014 ponet
1650 2937 1723 2996 in
1745 2935 2043 2994 curribus
2071 2935 2231 3004 suia,
2253 2931 2373 2995 hoe

2492 1953 2662 2026 patet
2700 1965 2813 2028 per
2852 1947 2994 2025 hoc,
3030 1949 3202 2030 quod
3246 1948 3313 2010 in
3364 1949 3496 2013 l'ine
3540 1949 3969 2031 subjungitur,

2460 2043 2743 2126 ⁴Vosque
2790 2046 2967 2108 eritis
3012 2047 3072 2110 ei
3117 2047 3286 2111 servi
3321 2066 3335 2110 :
3370 2050 3535 2130 quod
3590 2049 3849 2130 proprie
3892 2051 3965 2114 ad

2491 2144 2889 2224 tyrannidem
2913 2146 3205 2227 pertinet,
3221 2146 3373 2227 quia
3398 2147 3645 2229 tyranni
3672 2148 3809 2209 suis
3840 2149 3969 2212 sub.-

2488 2240 2638 2303 ditis
2681 2244 3127 2325 principantur
3168 2253 3238 2306 ut
3272 2245 3495 2309 servis,
3528 2245 3707 2308 Unde
3740 2245 3859 2308 ista
3886 2248 3969 2308 di—

2487 2341 2669 2404 cebat
2699 2342 2949 2406 Samuel
2981 2345 3059 2406 ad
3094 2345 3539 2408 deterrendum
3578 2365 3710 2421 e05,
3746 2365 3827 2409 ne
3867 2367 3967 2429 pc-

2487 2447 2693 2503 terent
2723 2459 2958 2522 regem.
2978 2442 3131 2505 Nam
3162 2444 3491 2526 sequitur:
3517 2445 3734 2508 Noluit
3762 2453 3961 2508 autem

2488 2540 2761 2620 populus
2789 2541 3012 2604 audire
3042 2560 3263 2605 vocem
3296 2542 3629 2606 Samuelis,
3648 2544 3965 2606 Verumta-

2486 2655 2632 2700 men
2665 2647 2874 2719 potest
2903 2639 3293 2720 contingere,
3329 2641 3501 2722 quod
3535 2641 3727 2704 etiam
3768 2641 3963 2706 bonus

2485 2754 2593 2798 rex
2612 2736 2855 2819 absque
2878 2739 3211 2820 tyrannide
3234 2739 3405 2802 filios
3434 2739 3835 2804 subditorum
3862 2742 3964 2805 tol-

2486 2834 2592 2912 lat,
2626 2843 2691 2897 et
2728 2837 3073 2899 constituat
3114 2837 3409 2901 tribunos
3447 2847 3511 2901 et
3538 2840 3960 2915 centuriones,

2482 2941 2544 2994 et
2574 2933 2774 2996 multa
2802 2954 2839 2997 a
2870 2935 3141 2998 subditis
3173 2936 3306 2998 suis
3337 2936 3608 3019 accipiat
3635 2939 3717 3000 ad
3750 2957 3965 3020 procu—

881 3044 998 3112 est,
1033 3035 1225 3099 faciet
1272 3053 1380 3098 eos
1429 3034 1682 3114 aurigas
1727 3031 2182 3114 quadrigarum
2232 3049 2373 3092 sua·
2402 3031 2445 3094 C
2486 3033 2751 3094 randum
2803 3032 3041 3096 bonum
3091 3052 3452 3099 commune.
3486 3036 3627 3099 Haec
3672 3036 3959 3100 Thomas,

882 3156 1044 3214 rum,
1079 3138 1398 3217 facietque
1442 3137 1568 3194 sibi
1613 3136 1878 3215 equite-3,
1914 3132 1978 3195 id
2019 3140 2135 3209 est,
2181 3150 2373 3213 quos-

881 3236 1028 3297 dam
1061 3234 1342 3297 filiorum
1367 3241 1720 3296 vestrorum
1748 3230 1940 3295 faciet
1963 3249 2102 3293 esse
2121 3230 2370 3312 equites

881 3352 1050 3412 suOS,
1085 3344 1144 3394 et
1186 3332 1497 3415 quosdam
1543 3350 1973 3410 proecursores
2016 3331 2371 3409 quadri9a-

881 3454 1033 3494 rum
1070 3453 1384 3503 suarum‚·
1421 3440 1480 3491 et
1509 3431 1846 3491 constituet
1875 3430 2000 3489 sibi
2027 3446 2104 3490 ex
2133 3426 2227 3490 eis
2260 3428 2371 3488 tri-

880 3534 1104 3601 buno&
1125 3530 1237 3611 qui
1269 3537 1551 3611 praesunt
1581 3527 1757 3590 mille
1779 3526 1956 3603 viris,
1977 3536 2036 3587 et
2056 3528 2371 3587 centurio-

877 3652 1012 3701 neS,
1037 3630 1123 3692 ita
1151 3630 1320 3711 quod
1351 3626 1670 3710 oportebit
1701 3644 1808 3689 eos
1841 3634 2057 3707 patere
2087 3624 2365 3687 assiduis

877 3729 1241 3811 praeliorum
1295 3725 1618 3810 periculis,
1656 3725 1876 3806 sicque
1924 3722 2217 3803 dignitati
2264 3741 2369 3786 eo-

876 3846 1016 3889 rum
1059 3836 1247 3890 erunt
1285 3843 1532 3888 annexa
1570 3842 1764 3887 onera
1793 3822 2032 3902 gravia,
2066 3832 2126 3882 et
2157 3832 2367 3883 arato-

872 3948 970 3987 res
999 3934 1404 4004 ayrorum,et
1433 3943 1725 3984 messores
1753 3931 2050 3999 seqetum.
2069 3930 2128 3981 et
2147 3922 2366 3997 fabros

871 4045 1208 4087 armorum
1235 4034 1293 4084 et
1322 4043 1640 4083 curruum
1667 4041 1954 4081 suorum.
1975 4023 2191 4081 Filias
2220 4040 2366 4099 quo·

870 4146 992 4205 que
1023 4133 1258 4183 vestras
1286 4124 1482 4199 faciet
1511 4122 1636 4181 sibi
1665 4120 2136 4196 unquentarias
2173 4128 2233 4179 et
2271 4120 2365 4195 fo-

2480 3129 2639 3193 Hinc
2674 3131 2895 3193 dicunt
2926 3140 2989 3195 et
3018 3131 3151 3210 alii,
3185 3134 3357 3214 quod
3388 3134 3675 3215 quaedam
3712 3143 3861 3197 sunt
3890 3136 3963 3197 de

2478 3227 2620 3308 jure
2670 3230 2835 3309 regis
2886 3230 2951 3292 in
3005 3232 3379 3295 necessitate
3428 3232 3783 3311 constituti,
3827 3252 3963 3315 quae

2482 3345 2609 3390 non
2642 3338 2793 3389 sunt
2831 3330 2910 3391 de
2947 3329 3089 3409 jure
3125 3329 3265 3411 ejus
3296 3339 3471 3393 extra
3502 3350 3719 3394 casum
3752 3350 3965 3395 neccs-

2480 3426 2709 3505 sitatiS,
2743 3428 2871 3491 imo
2918 3436 3067 3491 tunc
3109 3430 3188 3491 ad
3240 3429 3639 3511 tyrannidem
3691 3432 3963 3513 pertine

2480 3535 2643 3589 rent.
2677 3526 2978 3590 Praedicta
3016 3545 3167 3608 ergo
3207 3528 3421 3591 omnia
3462 3538 3731 3610 possunt
3762 3530 3829 3591 in
3862 3550 3963 3592 ne—

2476 3626 2769 3688 cessitate
2798 3627 2877 3688 ad
2907 3627 3010 3707 jus
3042 3626 3209 3707 regis
3241 3636 3545 3709 spectare,
3574 3628 3725 3709 quia
3756 3628 3827 3691 in
3856 3628 3959 3691 tali

2476 3742 2625 3785 casu
2658 3732 2807 3785 sunt
2838 3725 3003 3805 regis
3034 3743 3144 3787 seu
3178 3724 3489 3807 principis
3519 3726 3600 3788 ad
3631 3728 3957 3802 utendum,

2476 3830 2539 3885 et
2568 3822 3036 3905 disponendum
3071 3825 3150 3887 de
3187 3824 3279 3887 eis
3319 3826 3669 3887 seeundum
3710 3826 3965 3906 exigen-

2476 3920 2625 3983 tiam
2658 3920 2810 3983 boni
2842 3922 3227 3985 communiS.
3248 3922 3311 3985 Si
3334 3942 3483 3986 vero
3517 3942 3624 3986 rex
3656 3933 3767 3986 aut
3800 3924 3965 4007 prin-

2472 4038 2623 4101 ceps
2652 4021 2841 4113 modo
2862 4029 3160 4102 praetacto
3193 4029 3402 4084 utatur
3427 4021 3613 4085 bonis
3640 4042 3715 4086 ac
3745 4023 3961 4087 sobole

2473 4118 2897 4196 subditorum,
2932 4127 3107 4182 extra
3150 4119 3547 4183 necessitatis
3594 4121 3957 4199 articulum,

870 4224 1106 4294 cartas,
1140 4220 1260 4284 hoc
1290 4228 1386 4283 est
1415 4226 1887 4297 unguentorum
1921 4216 2266 4299 paratrices
2301 4225 2364 4279 et
2394 4214 2442 4277 D
2474 4224 2625 4297 puta
2673 4218 2752 4279 ad
2802 4216 3133 4299 proprium
3192 4218 3620 4295 commodum,
3674 4221 3961 4301 tyranni-

873 4320 1276 4395 coctriceS,et
1299 4320 1646 4396 panificas,
1669 4316 1734 4377 id
1755 4323 1853 4379 est
1884 4334 2121 4397 panum
2155 4314 2363 4377 factri—

873 4438 998 4482 ces.
1025 4422 1229 4496 Ayros
1257 4438 1506 4499 quoque
1535 4426 1770 4477 vestros
1798 4424 1857 4475 et
1889 4417 2138 4485 vineas,
2159 4424 2219 4474 et
2247 4417 2361 4475 oli·

873 4530 1014 4580 veta
1041 4520 1286 4597 optima
1314 4520 1506 4587 tollet,
1531 4525 1590 4576 et
1609 4516 1794 4575 dabit
1821 4516 2022 4574 servis
2049 4516 2207 4575 sui-3.
2233 4516 2361 4575 Sed

867 4628 928 4680 et
973 4628 1200 4695 seqetes
1249 4626 1508 4687 vestras,
1561 4624 1622 4674 et
1673 4616 2017 4674 vinearum
2066 4614 2359 4674 redditus

865 4718 1318 4787 addecimabit,
1359 4714 1480 4777 hoc
1527 4721 1647 4789 est,
1693 4712 1774 4773 ad
1824 4710 2140 4773 decimam
2193 4711 2357 4774 acci-

863 4816 1015 4898 piet,
1066 4826 1136 4877 ut
1181 4818 1288 4875 det
1332 4814 1670 4881 eunuchis,
1721 4810 1784 4871 id
1835 4818 1930 4873 est
1979 4809 2351 4872 custodibus

861 4914 1008 4980 lecti
1058 4914 1158 4976 sui
1200 4920 1309 4975 aut
1351 4910 1730 4994 puellarum,
1764 4920 1824 4971 et
1866 4911 2146 4988 famulis
2193 4911 2352 4971 suis.

860 5019 1088 5077 Servos
1115 5015 1314 5074 etiam
1344 5020 1576 5071 vestros
1602 5018 1661 5069 et
1692 5011 1969 5069 ancillas
1988 5019 2047 5069 et
2062 5009 2340 5085 juvenes

862 5114 1134 5193 optimos
1159 5121 1218 5171 et
1249 5112 1470 5183 asinos,
1491 5108 1772 5185 auferet,
1799 5117 1858 5168 et
1880 5116 2076 5185 ponet
2107 5108 2180 5167 in
2216 5126 2355 5183 ope-

867 5232 938 5273 re
953 5232 1089 5273 suc.
1113 5212 1339 5287 Greyes
1357 5226 1605 5288 quoque
1633 5216 1868 5266 vestros
1895 5207 2355 5275 addecimabit,

870 5331 1102 5392 vosque
1127 5310 1312 5369 eritis
1339 5309 1403 5367 ei
1429 5308 1622 5368 servi.

2470 4334 2617 4377 cum
2648 4323 2766 4377 est.

2549 4414 2812 4497 Insuper
2853 4415 3333 4491 advertendum,
3368 4416 3539 4496 quod
3583 4416 3821 4498 duplex
3865 4426 3957 4481 est

2468 4512 2819 4576 dominatio
2853 4531 2867 4574 :
2902 4513 3038 4575 Una
3080 4513 3376 4577 videlicet
3414 4514 3723 4577 naturalis
3768 4525 3833 4579 et
3862 4536 3958 4580 or-

2468 4610 2705 4688 dinata,
2737 4631 2862 4693 qua
2905 4611 3050 4693 quis
3099 4612 3243 4675 aliis
3295 4620 3525 4695 praeest
3572 4614 3653 4675 ad
3699 4614 3950 4679 illorum

2467 4710 2823 4792 proiectum
2873 4718 2937 4774 et
2985 4711 3324 4774 utilitatem
3362 4729 3375 4774 :
3412 4730 3555 4793 quie
3604 4712 3954 4777 dominatio

2466 4809 2656 4871 etiam
2678 4810 2966 4890 quaedam
2988 4810 3259 4874 servitus
3280 4810 3654 4893 appellatur,
3672 4810 3743 4874 in
3762 4832 3957 4894 quan-

2466 4916 2599 4970 tum
2646 4908 2725 4971 ad
2772 4908 3149 4972 inleriorum
3205 4909 3634 4987 commodum,
3693 4929 3825 4974 non
3872 4912 3947 4973 ad

2464 5005 2963 5068 emolumentum
3014 5004 3365 5087 proprium,
3396 5005 3767 5069 ordinatur.
3812 5008 3947 5071 Haec

2467 5112 2677 5167 >tamen
2702 5111 2798 5167 est
2821 5103 3093 5166 servitus
3122 5103 3697 5167 administrationis
3718 5114 3784 5169 et
3812 5124 3955 5189 prae-

2465 5203 2721 5266 lationis
2748 5222 2822 5266 ac
2841 5202 3186 5283 dignitatiS,
3204 5203 3553 5266 secundum
3573 5222 3767 5285 quam
3800 5225 3954 5269 sum·

2467 5322 2609 5367 mus
2651 5301 2947 5365 Praelatus
2989 5300 3287 5365 Ecclesiae
3330 5308 3516 5365 vocat
3564 5320 3634 5365 se
3684 5302 3947 5367 Servum
