4359 6250
211 818 331 855 ιιιιιι

995 518 1346 567 ENAnnATlo
1387 519 1448 566 IN
1493 520 1630 565 cn.
1677 519 1744 565 111
1787 519 1944 564 unm
1985 518 2184 564 'remu
2226 518 2452 567 amun.
2497 540 2578 551 —·
2617 521 2767 567 ΛΒΤ.
2810 521 2869 567 v1

364 788 454 849 ad
487 788 805 851 Romanos
843 789 932 851 ait
963 788 1304 871 Apostolus
1340 807 1354 851 :
1387 789 1713 872 Principes
1745 809 1874 852 non

363 894 526 947 sunt
573 886 788 949 timori
819 886 972 949 boni
1003 887 1238 969 operiS‚
1265 880 1385 949 'sed
1417 888 1590 950 mali.
1627 888 1736 948 Vis
1768 907 1876 949 au-

367 992 508 1045 tem
539 1003 668 1048 non
705 986 928 1049 timere
958 989 1376 1067 potestatem?
1397 987 1640 1049 Bonum
1673 985 1793 1061 fac,
1813 996 1876 1049 et

364 1082 648 1145 habebis
681 1084 936 1147 laudem
968 1103 1044 1147 ex
1077 1084 1220 1159 illa;
1266 1084 1319 1146 si
1352 1093 1562 1147 autem
1595 1086 1760 1147 male
1793 1083 1876 1147 fe-

362 1181 565 1256 ceris,
599 1182 794 1245 time:
819 1183 929 1245 Dei
961 1183 1134 1246 enim
1167 1182 1458 1247 minister
1489 1192 1606 1261 est,
1641 1184 1874 1247 vindex

365 1279 438 1341 in
477 1280 637 1342 iram
679 1281 738 1343 ei
780 1282 892 1362 qui
931 1282 1098 1345 male
1128 1282 1280 1362 agit.
1307 1284 1594 1343 Videntes
1623 1284 1875 1359 sapten-

363 1380 540 1441 tae’am
571 1384 718 1453 Dei,
754 1380 818 1443 id
859 1389 956 1443 est
998 1381 1208 1443 datam
1249 1400 1287 1443 a
1321 1381 1608 1457 Domino,
1643 1402 1768 1442 esse
1800 1385 1873 1441 in

363 1498 440 1539 eo
493 1480 880 1543 excellenter
933 1484 1023 1540 ad
1079 1482 1458 1559 faciendum
1501 1481 1868 1557 judicium.

363 1577 642 1640 Tantam
669 1587 881 1641 autem
913 1578 1294 1659 sapientiam
1324 1587 1515 1660 atque
1539 1578 1868 1641 scientiam

363 1676 654 1739 contulit
712 1678 874 1739 Deus
927 1676 1249 1740 Salomoni
1308 1675 1750 1760 principaliter
1797 1697 1873 1739 ex

364 1795 492 1837 sua
521 1776 760 1857 pietate
790 1776 1124 1855 immensa,
1149 1784 1212 1839 et
1243 1784 1504 1859 propter
1533 1794 1872 1839 commune

3356 500 3477 565 605

350 707 524 751 eum
571 688 763 753 filiali
802 691 1052 768 timore,
1089 691 1373 774 perversi
1419 690 1661 755 servili.
1695 691 1872 753 Unde
1903 690 1952 752 A
1981 690 2223 753 bonum
2268 691 2491 774 populi
2536 691 2658 768 sui,
2704 700 2766 754 et
2810 691 3113 773 quoniam
3158 690 3355 753 David
3406 690 3473 751 in

1983 788 2280 851 extremis
2313 787 2634 852 ferventer
2664 789 3002 852 Dominum
3036 788 3315 853 exoravit
3358 806 3473 870 pro

1985 887 2341 965 Salomone,
2380 888 2644 969 ipseque
2688 889 2983 952 Salomon
3029 896 3163 952 erat
3205 888 3473 951 devotus

1984 995 2047 1049 et
2077 987 2273 1049 Deum
2307 1006 2549 1049 amans.

2063 1084 2373 1158 Quaeritur
2411 1085 2579 1148 circa
2623 1085 2990 1168 praehabita‚
3025 1104 3168 1167 quae
3214 1083 3475 1148 femina-

1985 1203 2124 1245 rum
2148 1182 2403 1245 illarum
2426 1182 2452 1244 f
2455 1184 2619 1247 uerit
2638 1204 2787 1247 vera
2807 1193 3007 1247 mater
3026 1184 3155 1247 vivi
3184 1182 3282 1245 inf
3284 1203 3362 1245 an
3372 1184 3467 1260 tis,

1985 1301 2064 1344 an
2101 1282 2213 1344 illa
2246 1281 2492 1345 scilicet
2535 1302 2678 1364 quae
2716 1283 2923 1364 primo
2960 1282 3284 1365 querelam
3330 1301 3475 1365 pro-

1983 1380 2197 1462 posuit
2230 1380 2377 1460 regi.
2401 1380 2478 1441 Et
2505 1390 2767 1463 apparet
2795 1381 2963 1463 quod
3000 1399 3142 1455 non,
3168 1380 3473 1461 quoniam

1984 1478 2094 1541 illa
2123 1498 2267 1559 quae
2302 1476 2514 1540 silium
2549 1499 2734 1541 suum
2766 1486 3191 1562 oppresserat,
3218 1478 3473 1542 videtur

1981 1597 2058 1641 ex
2089 1578 2331 1640 invidia
2362 1586 2532 1640 mota
2559 1579 2637 1641 ad
2676 1576 3103 1640 accusandum
3144 1596 3285 1640 eam
3330 1596 3473 1659 quae

1981 1677 2189 1739 adhuc
2219 1677 2540 1741 viventem
2572 1676 2796 1738 babuit
2827 1674 3063 1750 filium,
3082 1694 3120 1737 a
3149 1694 3278 1757 qua
3308 1675 3474 1739 forte

1983 1776 2194 1839 timuit
2214 1776 2496 1839 accusari
2519 1776 2599 1838 de
2619 1774 3034 1858 oppressione
3054 1775 3295 1857 proprii
3320 1776 3469 1838 nati.

1511 2204 2160 2292 ARTICULUS
2236 2205 2352 2289 VI

1065 2480 1144 2526 DE
1193 2480 1532 2527 sPnu‘ruAm
1587 2480 1772 2527 nulus
1823 2478 2098 2528 CAPITULI
2147 2479 2350 2524 TERTu
2398 2479 2781 2525 INTELLECTU.

499 2758 922 2823 RAETEREA
969 2760 1148 2841 juxta
1194 2760 1532 2842 mysticum
1583 2779 1863 2838 sensum,
1907 2758 1952 2820 B
1980 2758 2253 2835 miliare,
2287 2757 2837 2841 ignorantiamque
2869 2758 3077 2837 fateri,
3111 2768 3305 2841 atque
3335 2779 3473 2843 per-

499 2878 619 2942 per
645 2858 766 2921 boc
804 2858 978 2940 quod
1018 2858 1310 2922 Salomon
1356 2858 1562 2924 filiam
1602 2859 1871 2922 Pharao-

363 2958 472 3021 nis
503 2956 689 3020 duxit
716 2976 980 3020 uxorem
1008 2977 1047 3019 a
1075 2957 1450 3037 gentilitatis
1481 2976 1696 3022 errore
1725 2977 1871 3021 con-

365 3076 649 3135 versam,
685 3055 1166 3140 praefiguratum
1216 3064 1332 3134 est,
1367 3058 1540 3139 quod
1580 3056 1867 3119 Christus

363 3176 565 3221 verus
615 3165 678 3220 et
724 3175 1012 3219 summus
1063 3154 1400 3238 pacificuS,
1445 3156 1866 3236 gentilitatem

365 3257 448 3318 ad
497 3274 666 3319 verae
711 3253 867 3317 fidei
910 3253 1123 3316 lumen
1169 3273 1563 3330 conversam,
1597 3255 1868 3337 sumpsit

364 3355 437 3416 in
485 3372 790 3436 sponsam
825 3370 838 3414 :
875 3372 1068 3434 quam
1109 3355 1396 3414 adduxit
1433 3355 1506 3413 in
1540 3355 1864 3414 civitatem

361 3455 619 3523 David,
651 3452 716 3514 id
758 3460 875 3528 est,
921 3451 1264 3532 primitivae
1307 3451 1604 3514 Ecclesiae
1645 3471 1722 3514 ex
1763 3451 1869 3512 Ju-

364 3552 526 3616 daeis
571 3551 854 3614 collectae
897 3549 1250 3631 conjunxit,
1295 3554 1490 3610 donec
1531 3554 1868 3629 compleret

363 3653 708 3728 (edificans
747 3653 1012 3710 domum
1055 3651 1349 3718 Domini,
1382 3648 1447 3711 id
1495 3634 1611 3725 est,
1653 3649 1868 3712 Eccle-

365 3751 536 3813 siam
569 3757 700 3812 toto
729 3749 882 3812 orbe
916 3757 1222 3811 terrarum
1256 3746 1661 3812 diffunderet.
1685 3751 1867 3811 Abiit

369 3853 686 3912 Salomon
729 3851 802 3910 in
847 3847 1166 3911 excelsum
1211 3850 1498 3919 Gabaon,
1533 3859 1604 3910 ut
1642 3851 1868 3910 immo-

1979 2859 2256 2942 pendere
2279 2859 2449 2940 quod
2474 2858 2551 2921 ad
2580 2858 2677 2919 sui
2706 2858 2908 2940 ipsius
2938 2858 3355 2923 directionem
3390 2878 3464 2923 ac

1977 2958 2263 3039 regimen
2307 2958 2623 3040 impotens
2664 2955 2747 3018 sit
2786 2964 2849 3019 et
2888 2956 3165 3039 ineptu3‚
3202 2958 3329 3021 nisi
3364 2959 3471 3021 de-

1978 3076 2169 3140 super
2213 3058 2548 3140 adjuvetur
2583 3074 2597 3119 t
2633 3065 2873 3140 quanto
2918 3058 3120 3138 magis
3163 3059 3243 3121 ad
3288 3077 3469 3121 suam

1976 3175 2049 3218 ac
2094 3155 2363 3219 aliorum
2406 3156 2981 3236 gubernationem?
3010 3158 3153 3220 Ideo
3199 3157 3388 3222 debet
3434 3177 3471 3221 a

1977 3254 2245 3318 Domino
2296 3255 2673 3336 sapientiam
2725 3254 3067 3337 postulare,
3112 3275 3225 3339 per
3276 3276 3467 3338 quam

1981 3352 2044 3414 in
2087 3353 2387 3416 omnibus
2429 3354 2718 3416 ordinate
2758 3373 2827 3416 se
2867 3354 3115 3432 babeat,
3152 3363 3214 3418 et
3248 3355 3326 3418 ad
3358 3375 3469 3420 eos
3530 3389 3765 3442 edum,

1978 3452 2091 3532 qui
2126 3450 2281 3514 foris
2318 3460 2485 3528 sunt,
2522 3461 2585 3514 et
2614 3452 2691 3514 ad
2724 3451 2846 3513 sibi
2867 3452 3239 3515 commissos
3270 3461 3471 3518 exem'-
3499 3455 3539 3495 ⁵·

1981 3550 2242 3633 plariter
2281 3558 2712 3626 conversetur,
2758 3570 2831 3613 ac
2870 3551 3008 3612 sine
3052 3570 3468 3633 personarum

1979 3648 2345 3731 acceptione
2359 3650 2601 3730 justum
2636 3649 2701 3710 in
2734 3649 2978 3711 cunctis
2998 3649 3313 3730 judicium
3335 3670 3471 3733 pro-
3546 3683 3653 3729 ιω,
3678 3699 3762 3738 m,

1980 3747 2153 3810 ferat.
2170 3749 2429 3830 Nempe,
2451 3756 2521 3809 ut
2549 3747 2637 3809 ait
2654 3746 2874 3810 Glossa
2896 3765 2909 3808 :
2937 3747 2999 3809 Si
3023 3747 3318 3811 Salomon
3340 3769 3471 3813 cor·
3502 3749 3566 3789 15-

1977 3865 2203 3929 porum
2236 3854 2463 3922 rector,
2498 3845 2875 3927 sapientiam
2908 3843 3242 3924 flagitavit,
3267 3866 3470 3929 quan-

369 3954 540 4010 laret
580 3950 693 4010 ibi.
727 3947 832 4010 Sic
871 3947 1144 4029 promoti
1175 3947 1252 4009 ad
1285 3947 1719 4029 praelationem
1759 3956 1867 4010 aut
1903 3951 1946 4014 C
1980 3954 2040 4008 to
2079 3945 2283 4025 magis
2320 3945 2675 4007 animarum
2716 3953 2990 4008 rectores
3030 3944 3263 4008 debent
3302 3947 3468 4011 hanc

368 4047 830 4130 principatum,
862 4046 1098 4108 debent
1139 4045 1219 4108 ad
1263 4046 1458 4108 Deum
1498 4044 1863 4126 confugere,

367 4146 528 4208 etei
569 4143 961 4208 sacrificium
1008 4142 1236 4219 laudiS,
1272 4161 1380 4206 cor
1419 4144 1767 4207 contritum
1807 4152 1869 4207 et

367 4243 808 4315 humiliatum,
831 4241 1174 4324 thymiama
1196 4242 1439 4304 devotae
1470 4241 1776 4304 orationis
1808 4251 1869 4304 et

369 4342 805 4406 obedientiam
836 4349 1120 4403 sanctam
1149 4339 1412 4403 offerre.

451 4441 996 4516 Quemadmodum
1028 4449 1237 4503 autem
1272 4439 1576 4503 Dominus
1602 4439 1761 4501 dixit
1791 4440 1868 4502 ad

371 4540 796 4614 Salomonem,
810 4539 1064 4602 Postula
1083 4559 1120 4601 a
1141 4557 1242 4601 me
1260 4539 1430 4620 quod
1453 4538 1581 4612 vis3
1617 4538 1709 4600 sic
1736 4539 1872 4601 uni-

370 4639 613 4722 cuique
661 4637 1050 4721 praesidenti,
1094 4637 1418 4719 propriam
1471 4635 1872 4700 insufficien-

370 4741 530 4802 tiam
575 4736 904 4800 humiliter
943 4736 1444 4816 recognoscenti,
1481 4743 1671 4817 atque
1710 4735 1870 4800 divi-

371 4857 532 4900 num
554 4835 897 4919 postulanti
923 4834 1290 4908 subsidium,
1307 4834 1607 4897 Dominus
1629 4835 1870 4918 praebet

371 4958 440 5001 se
482 4944 777 5019 paratum
816 4935 893 4996 ad
937 4935 1433 4996 succurrendum
1477 4954 1549 4997 ac
1589 4935 1868 4997 dandum

372 5035 549 5118 quod
601 5032 1066 5096 rationabiliter
1114 5052 1186 5095 ac
1236 5042 1715 5114 perseveranter
1765 5052 1871 5114 pe-

1977 4045 2320 4128 postulare,
2342 4045 2631 4127 exemplo
2663 4045 2803 4126 ejus
2833 4053 2897 4107 et
2927 4044 3126 4108 instar
3158 4044 3333 4108 illius
3352 4046 3467 4128 qui

1979 4153 2243 4208 testatur
2295 4162 2308 4205 ε
2361 4144 2505 4206 Adii
2560 4144 2917 4220 Dominum,
2971 4153 3035 4208 et
3090 4145 3467 4229 deprecatus
3541 4179 3651 4237 309,
3678 4193 3762 4231 vm.

1977 4264 2116 4306 sum
2149 4243 2430 4321 illum,et
2448 4243 2578 4305 dixi
2601 4262 2676 4305 ex
2698 4243 2851 4313 ‚totis
2877 4244 3241 4324 praecordiis
3266 4246 3463 4308 meis:
3498 4245 3564 4348 {3²
3585 4257 3641 4294 ¹¹1
3662 4245 3701 4294 ¹·
3722 4245 3763 4296 ⁴·

1979 4343 2137 4405 Deus
2198 4351 2447 4426 patrum
2511 4361 2821 4418 meorum,
2872 4343 2955 4403 da
3002 4341 3159 4402 mihi
3217 4343 3467 4406 sedium

1980 4450 2231 4504 tuarum
2259 4440 2657 4503 adsistricem
2690 4438 3093 4521 sapientiam,
3120 4447 3189 4501 ut
3218 4459 3467 4504 mecum

1978 4540 2062 4602 sit
2098 4549 2162 4603 et
2202 4559 2451 4602 mecum
2490 4539 2757 4616 laboret,
2790 4549 2853 4601 et
2882 4538 3079 4601 sciam
3110 4538 3266 4619 quid
3297 4559 3469 4602 acce

1980 4648 2159 4720 ptum
2192 4638 2273 4700 sit
2304 4638 2469 4720 apud
2505 4641 2607 4700 te?

1969 4761 1980 4772 ·
2057 4740 2323 4800 Placuit
2350 4757 2553 4796 sermo
2586 4756 2801 4796 coram
2830 4739 3131 4808 Domirw,
3164 4739 3337 4816 quod
3373 4756 3470 4799 sa-

1979 4835 2283 4917 pientiam
2320 4838 2723 4912 postulasset.
2757 4837 2843 4895 Et
2884 4835 3061 4894 dioeit
3092 4856 3116 4894 .·
3148 4837 3317 4904 Quia
3356 4855 3471 4913 po-
3504 4857 3511 4862 ·

1975 4936 2239 4994 stuta-sti
2264 4936 2527 4994 verbum
2557 4936 2697 5004 Ιιοσ,
2728 4941 2851 4996 etc.
2890 4935 2972 4994 Ec
3002 4936 3136 4994 laec
3164 4955 3307 5014 quae
3338 4956 3465 4996 non

1969 5034 2339 5109 postulasti,
2362 5033 2515 5092 dedi
2547 5034 2683 5092 tibi.
2710 5031 2835 5093 Hoc
2866 5038 2963 5092 est
2992 5031 3161 5111 quod
3184 5031 3468 5096 Salvator

377 5132 574 5196 [ierit.
609 5136 749 5210 Eyo
797 5153 940 5192 sum
978 5153 1147 5209 puer
1179 5135 1525 5208 parvula-3,
1561 5133 1870 5208 iqnorans
1896 5141 1947 5202 D
1980 5131 2044 5192 in
2067 5128 2412 5210 Evangelio
2432 5129 2719 5193 hortatur
2739 5148 2811 5191 ac
2836 5130 3101 5210 spondet
3126 5146 3140 5190 :
3165 5130 3469 5210 Primum,
3522 5163 3762 5218 numu,

371 5253 698 5312 eyressum
740 5241 800 5292 et
847 5232 1186 5290 introitum
1241 5250 1473 5290 meum.
1510 5229 1610 5292 Sic
1661 5230 1868 5292 omnis
1979 5229 2299 5309 inquienS,
2325 5227 2589 5309 quaerite
2622 5245 2887 5307 regnum
2918 5228 3027 5290 Dei
3060 5236 3123 5291 et
3154 5228 3467 5309 justitiam
3498 5229 3564 5270 ³³·

375 5333 492 5414 qui
525 5327 983 5414 praeest,debct
1013 5346 1082 5390 se
1107 5327 1344 5414 jugiter
1366 5345 1578 5390 coram
1611 5329 1736 5390 Deo
1764 5327 1872 5388 hu·
1977 5328 2140 5408 ejuS‚
2175 5335 2238 5388 et
2276 5326 2411 5389 haec
2446 5325 2663 5388 omnia
2700 5325 3083 5406 adjicientur
3120 5327 3324 5390 vobis,
3360 5329 3467 5390 His
