4359 6250
995 486 1344 534 ιιΝΑιιιιΑτιο
1387 490 1448 533 m
1491 490 1627 535 car.
1675 489 1763 534 xu
1804 490 1962 535 unm
2002 492 2201 537 τειιτιι
2243 492 2467 538 nucum.
2511 512 2590 522 —
2630 494 2772 538 Αιιτ.
2818 494 2905 539 xx
3374 474 3493 539 679

399 658 457 719 ri
491 665 716 739 potest,
752 658 1074 739 quomodo
1105 668 1288 721 erant
1315 660 1762 735 adolescentes,
1786 661 1897 742 qui
1929 658 1982 720 A
2012 672 2237 722 vestro.
2256 666 2458 723 Pater
2491 685 2665 725 meus
2694 667 2946 735 cecidit,
2966 666 3085 728 hoc
3118 674 3213 727 est
3242 686 3495 749 percus-

399 764 590 820 erant
619 776 768 818 cum
800 775 876 819 eo
906 756 1148 833 nutriti,
1173 777 1372 839 quum
1406 758 1544 840 ipse
1575 768 1740 821 esset
1769 760 1899 840 jam

403 855 836 938 quadraginta
879 856 1072 918 unius
1116 875 1452 922 annorum.
1490 858 1624 921 Dici
1671 866 1898 941 potest,

399 954 578 1036 quod
609 954 1042 1017 adolescentia
1066 956 1340 1017 sumitur
1359 957 1465 1019 hic
1498 956 1690 1037 large,
1715 964 1906 1039 prout

395 1054 808 1134 juventutem
859 1054 1154 1131 includit,
1199 1056 1335 1119 sive
1381 1074 1496 1138 pro
1542 1056 1900 1137 juventute,

97 1160 364 1211 &de-11³·
399 1152 574 1215 sieut
605 1153 672 1215 in
703 1152 1086 1217 Ecclesiaste
1119 1153 1352 1234 legitur
1387 1171 1400 1217 :
1437 1155 1693 1230 Laetare,
1725 1154 1907 1235 juve-

401 1251 532 1327 niS,
569 1250 636 1313 in
669 1252 1102 1315 adolescentia
1130 1261 1260 1315 tua.
1298 1252 1455 1315 Hinc
1487 1253 1767 1315 secundo
1799 1254 1907 1315 Pa-

97 1357 366 1410 “Per-108-
401 1351 853 1434 ralipomenon
885 1351 1142 1427 dicitur,
1177 1353 1349 1433 quod
1381 1372 1524 1415 cum
1560 1352 1906 1435 juvenibus

401 1458 682 1513 tractare
709 1449 925 1532 coepit.
943 1450 1395 1513 Verumtamen
1423 1450 1604 1533 juxta
1622 1450 1906 1514 Glossam

403 1550 717 1612 dicuntur
737 1549 1174 1612 adolescentes
1197 1568 1308 1613 seu
1328 1550 1596 1630 juvenes
1619 1568 1746 1613 non
1768 1558 1910 1612 aeta-

407 1656 494 1725 te,
528 1648 632 1711 vel
666 1665 795 1710 non
828 1646 1036 1710 solum
1069 1655 1274 1723 aetate,
1309 1647 1418 1709 sed
1449 1648 1660 1729 potius
1693 1648 1908 1711 animo

403 1754 468 1809 et
515 1745 824 1809 moribuS.
858 1745 1188 1821 Praeterea,
1224 1746 1572 1809 secundum
1605 1746 1908 1828 Hierony-

2011 760 2114 836 sit,
2133 781 2242 820 vos
2260 764 2565 838 flayellis;
2584 784 2693 839 eqo
2713 774 2929 824 autem
2948 768 3191 827 caedam
3214 784 3319 826 vos
3340 787 3497 827 seor-

2005 859 2333 936 pionibuS,
2378 858 2445 920 id
2494 868 2610 936 est,
2662 861 2865 924 multo
2912 861 3121 924 acrius
3175 881 3387 943 regam
3437 872 3501 927 et

2014 956 2327 1037 corrigam
2366 976 2481 1021 vos
2526 978 2719 1040 quam
2761 968 2939 1041 pater
2982 980 3182 1023 meuS.
3229 962 3501 1025 Iuvenes

2014 1053 2142 1131 isti,
2182 1062 2249 1116 ut
2288 1055 2597 1138 Josephus
2640 1057 2858 1137 tangit,
2898 1059 3357 1122 consuluerunt
3392 1060 3505 1123 Ro-

2013 1152 2201 1215 boam
2244 1154 2399 1233 regi,
2434 1162 2505 1216 ut
2544 1155 2886 1237 imperiose
2923 1164 2985 1219 et
3023 1157 3505 1221 comminatorie

2016 1251 2404 1332 loqueretur,
2431 1261 2727 1334 putantes
2755 1254 2927 1335 quod
2958 1254 3051 1317 sic
3081 1255 3357 1338 populus
3390 1265 3508 1319 ter-

2016 1358 2278 1426 reretur,
2300 1369 2417 1413 nec
2449 1350 2796 1413 reclamare
2826 1352 3097 1417 auderet.
3124 1353 3313 1416 Porro
3343 1372 3509 1417 scor-

2018 1448 2145 1530 pio,
2184 1449 2533 1511 secundum
2572 1449 2880 1527 Glossam,
2913 1460 3010 1513 est
3046 1469 3247 1531 genus
3287 1451 3509 1532 flagel-

2017 1545 2086 1622 li,
2128 1555 2191 1609 et
2231 1547 2487 1630 proprie
2524 1547 2759 1610 dicitur
2799 1549 2996 1612 rubus
3038 1549 3359 1613 aculeatus
3393 1570 3506 1613 seu

2021 1644 2349 1725 flagellum
2388 1646 2709 1726 virgarum
2752 1648 3085 1725 nodosum,
3124 1649 3225 1713 vel
3267 1650 3510 1713 scutica

2019 1744 2084 1805 in
2133 1745 2499 1809 summitate
2545 1746 2787 1809 habens
2838 1747 3171 1829 plumbeas
3219 1749 3503 1829 glandes,

405 1864 587 1907 mum
635 1852 700 1907 et
739 1842 1049 1921 Glossam,
1101 1845 1384 1908 seniores
1429 1865 1466 1907 a
1513 1845 1749 1927 quibus
1790 1845 1907 1907 Ro-
1943 1842 1990 1906 B
2020 1842 2340 1904 Interdum
2393 1843 2653 1925 ponitur
2702 1862 2817 1926 pro
2870 1862 2998 1907 uno
3047 1845 3128 1908 de
3174 1845 3507 1911 duodecim

407 1943 596 2007 boam
631 1942 859 2025 petivit
890 1942 1250 2019 consilium,
1271 1943 1531 2005 fuerunt
1558 1944 1658 2023 (ut
1687 1944 1909 2007 dicunt

150 2062 164 2075 ·
191 2059 338 2103 saniei
411 2041 692 2122 Hebraei)
721 2041 986 2104 Banaias
1017 2050 1082 2105 et
1110 2041 1330 2105 Achiel
1353 2042 1398 2104 *.
1421 2042 1488 2103 ln
1523 2041 1911 2106 Scholastica

407 2146 624 2202 autem
657 2148 952 2202 narratur
975 2138 1261 2217 historia,
1279 2140 1451 2221 quod
1483 2147 1663 2203 erant
1689 2139 1909 2217 Sadoc,

407 2238 703 2315 BanaiaS,
737 2237 977 2315 Joiada‚
1011 2247 1076 2302 et
1110 2238 1342 2320 reliqui
1381 2238 1704 2321 principes
1739 2238 1910 2301 Salo-

405 2336 646 2400 moniS.
679 2339 999 2417 Dixitque
1031 2342 1118 2399 ad
1146 2359 1246 2398 eos
1271 2359 1295 2397 .·
1328 2341 1511 2407 Quod
1539 2339 1711 2399 datis
1743 2339 1908 2398 mihi

409 2438 780 2506 consilium,
801 2446 874 2497 ut
905 2440 1324 2513 respondeam
1341 2440 1581 2513 populo
1605 2438 1773 2507 huic,
1791 2439 1910 2515 qui

405 2537 728 2596 dia-erunt
773 2537 944 2595 mihi
974 2555 997 2595 .·
1033 2537 1270 2595 Levius
1312 2536 1424 2612 fac
1453 2536 1701 2612 juyum
1739 2538 1909 2614 quod

405 2635 720 2711 imposuit
753 2644 946 2711 pater
987 2644 1136 2694 tuus
1172 2654 1366 2711 super
1401 2653 1514 2693 nos
1535 2634 1564 2693 ?
1601 2636 1686 2695 E't
1725 2636 1908 2693 dixe-

401 2742 566 2793 runt
609 2734 674 2791 ei
698 2733 1001 2809 juvenes,
1036 2734 1153 2811 qui
1183 2734 1428 2793 nutriti
1459 2733 1729 2809 fuerant
1759 2752 1907 2791 cum

402 2851 472 2891 eo
514 2853 538 2890 .·
582 2833 697 2893 Sic
746 2835 998 2911 loquere
1036 2835 1277 2909 populo
1327 2833 1506 2901 huie,
1549 2832 1667 2910 qui
1710 2831 1907 2891 locuti

405 2940 560 2990 sunt
591 2933 682 2991 ad
713 2940 794 2999 te,
824 2932 1107 2991 dicentes
1129 2951 1152 2989 :
1178 2933 1378 2991 Pater
1410 2940 1558 2990 tuus·
1587 2950 1907 3006 ayyrava-

2019 1942 2242 2021 signiS,
2272 1960 2732 2023 nonnunquam
2765 1961 2881 2024 pro
2911 1944 3182 2025 quadam
3215 1945 3504 2022 bestiola,

2018 2059 2162 2121 quae
2206 2039 2387 2104 vultu
2425 2040 2751 2103 blanditur
2783 2050 2847 2103 et
2889 2042 3091 2105 cauda
3129 2043 3377 2124 pungit.
3424 2046 3511 2105 Et

2017 2159 2148 2199 non
2177 2142 2503 2219 acquievit
2532 2160 2647 2199 rem
2672 2144 2939 2219 popule,
2968 2140 3032 2203 id
3074 2150 3169 2203 est
3215 2141 3511 2224 precibus

2019 2237 2265 2320 populi,
2314 2245 2384 2299 ut
2432 2237 2651 2300 mitius
2702 2239 3151 2321 responderet3
3200 2243 3511 2320 quoniam

2021 2340 2399 2397 adversatus
2427 2338 2650 2413 fuerat
2678 2356 2827 2397 eum
2859 2340 3199 2411 Dominus,
3233 2338 3353 2401 hoc
3391 2346 3507 2415 est,

2019 2434 2184 2495 Deus
2223 2435 2396 2515 ,iusto
2435 2434 2679 2515 judicio
2728 2434 3179 2498 adversabatur
3216 2436 3341 2519 ipsi
3394 2436 3511 2499 Ro-

2018 2531 2209 2595 boam
2260 2531 2327 2593 in
2381 2532 2499 2594 hac
2548 2551 2758 2609 causa,
2808 2551 2935 2594 non
2986 2532 3355 2599 inclinando
3403 2553 3511 2597 cor

2018 2630 2158 2710 ejus
2179 2631 2258 2693 ad
2283 2630 2813 2693 consentiendum
2842 2650 2998 2693 sano
3020 2632 3342 2697 seniorum
3366 2651 3511 2696 con-

2018 2728 2185 2805 silio,
2221 2730 2331 2792 sed
2374 2728 2795 2810 relinquendo
2832 2748 2978 2793 eum
3021 2730 3087 2791 in
3124 2749 3238 2793 sua
3272 2732 3509 2814 impro-

2017 2826 2229 2890 bitate.
2249 2827 2409 2889 Hinc
2441 2826 2506 2889 in
2536 2827 3063 2910 Paralipomenon
3093 2829 3340 2903 dicitur,
3360 2830 3507 2893 Erat
3562 2850 3598 2895 ιι
3616 2850 3730 2894 Par.
3750 2861 3795 2899 x,

2018 2925 2191 2988 enim
2229 2925 2337 2989 Dei
2371 2926 2718 2989 voluntatis
2756 2944 2770 2988 ι
2807 2944 2935 2990 ιιοιι
2976 2929 3148 3009 quod
3187 2928 3379 3010 culpa
3417 2928 3507 3012 ip-
3536 2917 3603 2958 ¹⁵·

405 3030 503 3089 vit
519 3030 770 3106 ,ju-qum
802 3039 1120 3099 nostrum,
1157 3038 1225 3089 tu
1257 3032 1472 3089 releva
1501 3048 1636 3089 nos.
1671 3029 1784 3089 Sic
1820 3030 1910 3109 lo·¹
1943 3028 1987 3092 C
2019 3025 2151 3087 sius
2186 3024 2464 3088 Roboam
2496 3024 2811 3105 placuerit
2844 3026 2989 3103 Dec,
3018 3027 3128 3089 sed
3164 3026 3507 3108 permissio

406 3131 627 3209 queris
648 3132 736 3189 ad
755 3149 856 3188 eos
873 3147 895 3188 .·
921 3130 1242 3190 Minimus
1265 3130 1516 3205 diqitus
1543 3148 1719 3188 meus
1734 3147 1908 3205 yros-

405 3229 542 3288 sior
579 3237 670 3288 est
707 3231 894 3287 dorso
929 3229 1142 3305 patris
1179 3228 1328 3298 mei,
1377 3226 1498 3288 hoc
1540 3233 1658 3302 est,
1705 3225 1908 3287 multo

409 3326 616 3406 major
659 3333 756 3388 est
797 3323 970 3405 rigor
1016 3324 1376 3407 disciplinae
1416 3323 1910 3405 jurisdictionis-

411 3442 542 3505 que
567 3443 728 3486 meae
747 3430 810 3486 et
832 3421 1117 3504 potentia
1143 3441 1288 3486 mea
1309 3441 1503 3503 quam
1530 3421 1728 3503 patris
1758 3421 1905 3498 mei,

415 3523 507 3585 ita
533 3530 603 3584 ut
638 3541 834 3605 parva
857 3540 1006 3603 pars
1032 3519 1260 3601 rigoris
1284 3529 1477 3602 atque
1497 3519 1734 3600 vigoris
1759 3519 1907 3596 mei,

417 3639 716 3702 magnam
758 3627 1003 3701 partem
1051 3618 1280 3700 rigoris
1324 3619 1523 3700 patris
1566 3618 1692 3680 mei
1737 3637 1915 3681 exce-

417 3721 549 3782 dat.
585 3719 756 3781 Istud
780 3717 906 3780 fuit
926 3717 1172 3799 puerile
1191 3725 1257 3780 et
1277 3717 1541 3779 stultum
1572 3716 1912 3779 consilium

419 3818 499 3883 ab
527 3816 876 3899 inexpertis
901 3815 1258 3899 probatum,
1275 3823 1338 3878 et
1357 3815 1628 3896 juvenili
1653 3815 1916 3878 audacia

420 3919 656 3980 datum.
677 3916 854 3979 Unde
875 3915 942 3977 in
965 3914 1492 3996 Paralipomenon
1516 3911 1730 3988 fertur,
1744 3914 1913 3995 quod

157 4033 188 4075 ιι
211 4033 326 4074 Par.
347 4046 389 4083 x,
423 4017 896 4099 responderunt
926 4014 1008 4090 ei,
1043 4021 1114 4076 ut
1136 4014 1406 4094 juvenes
1443 4012 1507 4074 in
1543 4012 1790 4075 deliciis
1823 4032 1918 4074 se-

133 4102 194 4140 ¹⁰·
421 4134 571 4179 cum
619 4113 868 4176 nutriti.
912 4116 998 4175 Εἰ
1041 4132 1220 4172 nunc
1254 4122 1446 4189 pater
1491 4131 1664 4171 meus
1699 4113 1918 4188 posuit

2020 3124 2127 3187 Dei
2161 3122 2307 3186 fuit.
2344 3127 2418 3186 Ut
2440 3126 2797 3194 suscitaret,
2820 3125 2883 3188 id
2913 3133 3010 3189 est
3040 3125 3357 3208 impleret,
3380 3149 3510 3188 ver-

2020 3226 2171 3284 bum
2210 3244 2402 3284 suum
2432 3226 2604 3302 quod
2634 3227 2881 3284 locutus
2910 3225 3133 3302 fuerat
3172 3227 3247 3286 in
3278 3245 3504 3298 manu,

2020 3322 2140 3385 hoc
2171 3330 2268 3384 est
2298 3340 2411 3403 per
2442 3321 2847 3402 obsequium,
2871 3323 3063 3384 Akiae
3091 3324 3392 3385 Silonitoe
3422 3326 3511 3384 ad

2018 3423 2350 3482 Jeroboam
2376 3421 2597 3498 filium
2632 3421 2867 3482 Nabal.
3464 3449 3471 3454 ·

2121 3521 2354 3580 Videns
2394 3519 2613 3597 itaque
2642 3521 2927 3596 populus
2969 3519 3157 3582 oculo
3198 3519 3509 3598 interiori,

2025 3618 2087 3679 id
2129 3624 2226 3678 est
2267 3615 2702 3692 consideranS,
2736 3620 2907 3696 quod
2936 3619 3244 3678 noluisset
3270 3639 3371 3678 eos
3400 3639 3516 3679 au-

2024 3719 2167 3776 dire
2197 3737 2338 3786 reoe,
2367 3714 2613 3778 scilicet
2646 3713 2925 3778 Roboam
2963 3732 2976 3777 τ
3022 3715 3126 3778 cui
3162 3716 3307 3796 J’ure
3338 3715 3518 3780 here-

2024 3814 2257 3877 ditario
2288 3812 2689 3895 competebat
2714 3813 2779 3874 in
2809 3831 3003 3894 regno
3027 3814 3515 3898 succedere‚qui

2029 3921 2240 3975 tamen
2276 3912 2561 3974 nondum
2606 3911 2728 3973 fuit
2765 3919 3126 3994 acceptatus
3160 3931 3198 3974 a
3232 3913 3513 3995 populo;

2027 4013 2355 4089 respondit
2397 4011 2480 4080 ei,
2519 4012 2739 4070 dicens
2770 4031 2793 4068 .·
2830 4013 2983 4079 Quoe
3024 4012 3205 4070 nobis
3238 4031 3400 4088 pars
3444 4013 3516 4072 in
3614 4061 3621 4066 .

2029 4112 2299 4173 David?
2342 4112 2442 4169 vel
2490 4129 2632 4188 quoe
2670 4110 2992 4169 hereditas
3032 4111 3105 4168 in
3143 4111 3283 4186 filio
3328 4111 3468 4172 lsai
3487 4114 3519 4170 Ρ

419 4235 618 4291 super
649 4233 754 4273 vos
770 4213 1017 4290 juyum
1040 4230 1266 4288 yrave,
1289 4229 1398 4286 eqo
1428 4219 1646 4270 autem
1674 4212 1916 4269 addam
1949 4213 1998 4273 D
2045 4213 2215 4270 Vade
2255 4210 2327 4268 in
2370 4209 2785 4268 tabernacula
2816 4210 3202 4276 tua,Israel.
3237 4207 3379 4270 Haec
3416 4225 3517 4270 ea-

419 4313 882 4390 superjuyum
915 4319 1219 4369 vestrum.
1255 4311 1454 4370 Pater
1483 4327 1656 4367 meus
1690 4308 1919 4366 cecidit

423 4431 532 4472 vos
577 4411 882 4487 flaqellis,
923 4427 1032 4486 eyo
1071 4417 1289 4467 autem
1327 4410 1570 4467 coedam
1609 4426 1714 4465 vos
1756 4424 1922 4465 scor-

417 4511 753 4588 pionibm.

527 4609 715 4669 Venit
753 4626 903 4683 erqo
937 4608 1268 4668 Jeroboam
1307 4614 1368 4665 et
1403 4605 1614 4664 omnis
1643 4607 1923 4680 populus

428 4711 518 4769 ad
557 4707 842 4768 Roboam
880 4706 988 4766 die
1030 4706 1242 4775 tertia,
1283 4705 1451 4763 sicut
1499 4706 1742 4762 locutus
1784 4703 1926 4780 fue-

427 4815 536 4867 rat
577 4825 720 4874 reoe‚
758 4805 978 4865 dicens
1008 4821 1031 4864 .·
1069 4801 1508 4864 Revertimini
1549 4802 1637 4860 ad
1677 4819 1776 4859 me
1819 4801 1926 4859 die

437 4906 654 4966 tertia.
689 4904 1168 4982 Responditque
1197 4921 1312 4960 rem
1334 4902 1574 4978 populo
1603 4902 1801 4969 dura,
1833 4900 1931 4958 de-

433 5005 659 5065 relicto
679 5003 859 5062 consi
863 5002 950 5066 tio
983 5002 1312 5062 seniorum
1333 5001 1503 5078 quod
1521 4999 1583 5057 ei
1600 4999 1930 5068 dederant,

431 5113 493 5164 et
531 5105 782 5162 locutus
814 5109 903 5160 est
942 5101 1033 5159 eis
1066 5100 1420 5160 secundum
1453 5097 1799 5156 consilium
1814 5096 1933 5173 ju-

2028 4311 2172 4373 dem
2213 4306 2409 4370 verba
2444 4303 2605 4366 dixit
2647 4303 2809 4366 Scba
2847 4303 3025 4366 filius
3065 4305 3289 4367 Bochri
3322 4305 3388 4366 in
3421 4325 3517 4369 re·
3572 4328 3807 4382 naemu,

2029 4405 2311 4469 bellione
2355 4403 2660 4466 adversus
2708 4402 2907 4466 David
2952 4421 3186 4484 regem,
3234 4411 3305 4466 ut
3351 4402 3516 4466 libro
3548 4395 3586 4435 ¹·

2030 4503 2313 4568 seeundo
2354 4501 2739 4578 continetur,
2774 4500 2885 4562 ubi
2925 4501 3061 4564 haec
3100 4501 3295 4564 verba
3329 4519 3519 4584 expo-

2033 4604 2154 4666 sita
2199 4609 2369 4664 sunt.
2416 4603 2610 4661 Nunc
2647 4600 2795 4658 vide
2831 4601 3097 4660 domum
3140 4609 3342 4672 tuam,
3388 4604 3520 4662 Da-

2031 4704 2171 4772 vid,
2193 4700 2257 4762 id
2288 4706 2407 4775 est,
2436 4706 2528 4776 tu,
2554 4697 2889 4779 posteritas
2919 4705 2981 4758 et
3011 4697 3305 4779 cognatio
3326 4699 3522 4761 David

2034 4799 2223 4880 regiS,
2260 4796 2583 4881 perpende
2624 4795 2934 4878 populum
2972 4803 3173 4873 tuum,
3207 4797 3362 4878 quia
3390 4796 3523 4879 jam

2035 4896 2223 4981 pauci
2256 4901 2587 4958 remanent
2614 4902 2847 4970 tecum,
2882 4902 2947 4956 et
2984 4893 3248 4975 provide
3285 4895 3525 4977 populo

2039 5007 2169 5060 tuo.
2206 4995 2342 5073 Vel,
2376 4993 2537 5058 Vide
2566 4993 2827 5056 domum
2861 5001 3057 5070 tuam,
3092 4991 3214 5056 hoc
3244 5002 3339 5057 est
3370 5003 3529 5058 tem-

2038 5095 2218 5178 plum
2264 5113 2341 5156 ex
2384 5091 2580 5156 David
2626 5090 3027 5154 ordinatione
3069 5099 3527 5170 constructum,

437 5221 698 5270 venum,
747 5199 968 5259 dicens
1007 5218 1029 5257 .·
1077 5201 1279 5259 Pater
1325 5215 1503 5255 meus
1549 5195 1935 5272 ayyravavit
2040 5203 2103 5257 et
2143 5193 2211 5255 in
2252 5210 2328 5256 eo
2370 5189 2669 5254 sacrifica
2704 5207 2717 5251 ε
2764 5189 2947 5270 quasi
2984 5189 3221 5266 dicant,
3256 5190 3389 5253 Non
3428 5212 3537 5256 ve·-

434 5301 688 5380 juqum
737 5307 1041 5370 vestrum,
1081 5317 1192 5374 eqo
1238 5305 1454 5356 autem
1496 5297 1738 5355 addam
1768 5294 1937 5371 juyo
2043 5291 2295 5357 niemus
2338 5289 2493 5354 illuc
2532 5286 2811 5369 amplius
2854 5287 2934 5349 ad
2978 5285 3405 5350 offerendum.
3448 5293 3537 5356 Et
