4359 6250
957 523 1310 570 mauriano
1352 524 1412 570 ln·
1457 525 1593 570 CAP.
1641 524 1704 570 lx
1747 524 1904 570 unm
1945 524 2114 570 ant
2158 525 2383 570 REGUM.
2428 543 2507 554 -
2548 523 2689 570 Ant.
2738 523 2865 570 xvu

3329 501 3449 571 309

341 690 812 755 revelationem
854 711 965 756 seu
1005 694 1459 758 allocutionem
1505 695 1843 772 internam,
1879 695 1930 756 A
1960 695 2265 775 quoniam
2298 695 2625 777 publicum
2664 695 2804 773 ruit,
2832 705 3019 778 atque
3052 717 3127 760 ex
3155 697 3265 760 Dei
3298 715 3451 778 prae-

341 785 588 852 factam
629 809 745 872 per
784 792 1108 873 angelum,
1141 793 1294 875 quia
1325 813 1439 876 per
1469 793 1730 875 angelos
1764 793 1850 856 fa-

338 895 468 950 ctae
503 896 655 950 sunt
689 891 1110 954 revelationes
1141 892 1550 975 propheticae,
1586 901 1658 954 ut
1688 893 1850 955 divi-

340 1005 468 1048 nus
503 987 846 1070 Dionysius
887 989 1093 1053 docet.
1128 995 1290 1053 Ecce
1319 994 1427 1052 vir
1455 1013 1644 1072 quem
1672 995 1850 1052 dixe·

337 1107 496 1148 ram
521 1088 657 1160 tibi,
677 1095 776 1150 est
802 1087 920 1151 iste
941 1089 1052 1169 qui
1083 1089 1203 1153 tibi
1235 1091 1640 1173 propinquat,
1661 1099 1848 1172 teque

339 1183 687 1247 affabitur.
735 1189 864 1248 Iste
909 1190 1359 1250 domina-bitur
1398 1194 1637 1267 populo
1690 1211 1842 1252 meO.

337 1282 458 1345 Est
491 1286 788 1366 quaedam
819 1286 1174 1351 dominatio
1213 1289 1505 1352 ordinata
1547 1297 1610 1351 et
1653 1296 1845 1366 reeta,

340 1401 480 1464 qua
509 1384 806 1466 superior
839 1385 1109 1468 imperat
1144 1386 1439 1464 subditiS,
1471 1387 1650 1468 juxta
1689 1387 1848 1469 legis

341 1480 593 1544 divinae
611 1491 922 1562 tenorem,
940 1486 1020 1547 ad
1046 1485 1448 1549 subditorum
1480 1487 1843 1549 utilitatem.

346 1579 588 1661 Sicque
621 1581 771 1644 Saul
812 1583 1180 1647 dominatus
1211 1594 1308 1648 est
1336 1585 1596 1668 populo,
1631 1604 1852 1667 quam-

347 1677 468 1740 diu
503 1679 670 1742 bene
701 1699 770 1743 se
800 1680 1046 1744 habuit.
1083 1682 1186 1746 Sic
1215 1683 1454 1766 Moyses
1495 1683 1850 1766 appellatus

345 1785 450 1840 est
482 1777 784 1841 dominus
814 1799 852 1843 a
882 1780 1042 1843 filiis
1071 1781 1283 1858 lsrael,
1304 1783 1433 1846 imo
1457 1790 1519 1846 et
1540 1783 1621 1846 ab
1643 1783 1847 1846 Aaron

1959 802 2144 875 cepto
2194 793 2526 857 tenebatur
2572 794 2631 857 ei
2678 795 2889 859 dicere
2938 805 3002 859 ct
3052 795 3261 859 facere
3306 814 3450 877 quae

1959 901 2337 972 sequuntur.
2365 892 2839 956 Sacratissimus
2871 913 3022 958 vero
3050 895 3321 958 Joannes
3342 893 3449 955 Ba·

1959 990 2154 1072 ptista
2205 992 2651 1073 interrogatuS,
2698 993 3009 1075 Propheta
3056 1013 3123 1056 es
3172 996 3288 1055 tu‘l
3317 991 3444 1054 alio
3473 1011 3737 1062 loannem.

1960 1088 2200 1151 intuitu
2233 1091 2412 1166 dixit,
2438 1091 2590 1154 Non.
2618 1095 2903 1152 Ascende
2931 1103 3081 1152 ante
3110 1113 3208 1152 me
3236 1095 3309 1152 in
3338 1113 3446 1151 ex-

1956 1193 2215 1259 celsum,
2249 1198 2322 1249 ut
2368 1194 2655 1250 comedas
2703 1193 2891 1250 hodie
2940 1181 3207 1252 mecum.
3241 1189 3445 1264 Quare

1960 1306 2087 1350 non
2121 1287 2300 1364 dixit,
2339 1288 2612 1369 Sequere
2644 1308 2766 1366 me,
2802 1290 2927 1366 vel,
2961 1291 3152 1370 Perge
3196 1309 3445 1353 mecum

1962 1386 2026 1448 in
2078 1386 2421 1462 excelsum,
2465 1388 2598 1464 sed,
2645 1387 2930 1451 Ascende
2978 1396 3123 1450 ante
3172 1391 3319 1451 met
3352 1389 3446 1450 An

1958 1486 2036 1548 ad
2069 1484 2642 1567 praefigurandum,
2677 1487 2850 1566 quod
2892 1485 3038 1549 Saul
3069 1496 3203 1549 erat
3232 1486 3356 1550 sibi
3388 1495 3452 1549 et

1959 1583 2104 1647 aliis
2135 1583 2589 1666 praeficiendus
2624 1585 2689 1647 in
2722 1591 2983 1666 regem?
3014 1584 3264 1649 Samuel
3296 1605 3453 1667 quo-

1960 1701 2086 1764 que
2137 1691 2273 1746 erat
2324 1702 2536 1760 senex,
2575 1703 2691 1746 nec
2735 1681 2943 1766 potuit
2990 1703 3102 1766 per
3141 1684 3261 1746 iter
3289 1684 3449 1747 illud

1961 1788 2372 1843 montuosum
2418 1781 2711 1844 celeriter
2754 1783 3079 1868 scandere.
3114 1785 3200 1844 Et
3228 1785 3452 1843 dimic-

348 1875 558 1939 l'ratre
592 1895 666 1939 ac
705 1877 964 1941 subdito
1003 1898 1140 1943 suo.
1176 1879 1316 1942 Alia
1358 1889 1454 1943 est
1497 1881 1850 1945 dominatio
1887 1881 1934 1942 B
1965 1889 2096 1939 tam
2128 1890 2185 1939 te
2214 1900 2423 1941 mane.
2447 1882 2530 1940 Ec
2559 1881 2777 1940 omnia
2808 1901 2952 1960 quae
2978 1890 3134 1940 sunt
3162 1882 3235 1941 in
3266 1884 3452 1940 corde

349 1973 560 2036 fastus
604 1984 670 2037 et
711 1985 1039 2058 usurpata,
1075 1997 1202 2059 qua
1231 1978 1375 2060 quis
1406 1979 1590 2042 alteri
1622 1989 1850 2062 praeest

345 2092 422 2136 ac
472 2071 751 2155 imperat
794 2074 1032 2156 injuste
1075 2078 1424 2140 secundum
1467 2078 1740 2161 propriae
1780 2079 1851 2141 li-

349 2171 566 2234 bitum
599 2173 969 2236 voluntatiS.
1006 2174 1238 2256 Sicque
1276 2194 1392 2257 pro
1429 2178 1658 2258 majori
1699 2186 1852 2240 tem-

347 2269 532 2352 poris
563 2281 746 2352 parte
765 2273 1132 2336 dominatus
1163 2282 1260 2338 est
1289 2275 1434 2338 Saul
1465 2276 1726 2358 populo,
1745 2277 1848 2339 cui

222 2396 316 2433 unz
351 2369 734 2451 frequenter
777 2371 976 2454 impie
1010 2372 1204 2454 jussit
1247 2393 1462 2437 secum
1509 2377 1850 2456 procedere

197 2459 266 2558 ,ξ’
305 2478 316 2558 J
346 2475 579 2531 contra
607 2468 829 2532 David.
850 2469 1210 2534 Secundum
1235 2472 1481 2553 Lyram,
1504 2473 1570 2534 in
1592 2473 1852 2538 Hebroeo

347 2567 652 2644 habetur,
702 2568 822 2631 Iste
873 2569 1176 2633 retinebit
1225 2571 1530 2653 populum
1583 2591 1846 2636 meum:

346 2667 508 2748 quia
537 2667 616 2729 ad
652 2685 864 2746 regem
896 2668 1176 2749 pertinet
1205 2669 1513 2752 populum
1553 2670 1848 2747 retinere,

349 2785 434 2828 ne
469 2765 536 2827 in
581 2765 770 2829 bellis
812 2766 1287 2850 praecipitanter
1330 2787 1398 2832 se
1443 2769 1754 2851 ingerant,
1790 2780 1854 2834 et

345 2865 548 2928 etiam
613 2875 902 2948 tempore
951 2867 1150 2949 paciS,
1206 2887 1286 2931 ne
1336 2868 1574 2950 injuste
1632 2879 1854 2934 contra

346 2962 684 3046 proximos
713 2973 926 3046 agant.
943 2965 1392 3030 Verumtamen
1425 2968 1638 3050 potius
1671 2977 1848 3051 put0,

1964 1988 2098 2048 tuo,
2130 1980 2431 2038 indicabo
2474 1979 2612 2038 tibi.
2648 1977 2825 2051 Quod
2873 1997 2999 2042 non
3050 1979 3280 2041 dixerit
3328 1979 3450 2041 hoc

1962 2077 2040 2139 de
2070 2076 2393 2138 asinarum
2428 2075 2822 2153 inventione,
2858 2085 3103 2140 constat
3132 2096 3207 2140 ex
3238 2076 3451 2141 verbis

1963 2173 2399 2256 sequentibuS,
2432 2174 2583 2255 quia
2613 2176 2693 2238 de
2724 2175 2853 2236 illis
2884 2183 3185 2257 tanquam
3222 2176 3301 2238 de
3330 2175 3455 2237 alia

1963 2293 2052 2350 re,
2088 2291 2233 2336 mox
2265 2271 2481 2335 subdit
2503 2291 2517 2334 t
2539 2276 2625 2335 Ec
2655 2277 2735 2334 de
2760 2275 2966 2334 asinis
2996 2295 3156 2354 quas
3184 2276 3456 2336 nudius-

1966 2373 2193 2433 tertius
2232 2373 2614 2450 perdidisti,
2656 2393 2737 2434 ηε
2776 2374 3093 2433 sollicitus
3134 2373 3248 2443 six,
3292 2375 3453 2452 quia

1964 2474 2243 2532 inventae
2270 2481 2442 2532 sunt.
2479 2470 2717 2552 ltaque,
2752 2471 2917 2534 sicut
2946 2470 3235 2552 Magister
3265 2469 3333 2532 in
3364 2470 3456 2532 hi-

1963 2568 2179 2632 storiis
2212 2567 2432 2647 refert,
2465 2579 2562 2634 est
2592 2589 2815 2633 sensus
2844 2569 3105 2633 :Omnia
3134 2589 3275 2652 quae
3306 2577 3455 2632 sunt

1965 2669 2029 2731 in
2061 2668 2254 2731 corde
2284 2677 2415 2746 tuo,
2438 2670 2501 2732 id
2532 2677 2629 2732 est
2648 2687 2723 2732 ea
2743 2689 2886 2751 quae
2916 2668 3033 2731 tibi
3064 2668 3452 2752 praecipuam

1963 2767 2213 2832 faciunt
2243 2768 2729 2831 admirationem
2762 2778 2825 2831 et
2854 2767 3341 2846 dubitationem,
3362 2766 3454 2829 in·-

1963 2867 2213 2944 dicabo,
2256 2868 2321 2929 id
2372 2875 2469 2930 est
2510 2886 2821 2950 exponam
2870 2866 3009 2929 tibi.
3044 2866 3453 2941 Quemadmo-

1962 2966 2115 3028 dum
2161 2965 2334 3028 enim
2380 2966 2446 3027 in
2493 2965 2879 3028 Scholastica
2922 2964 3125 3028 fertur
3161 2964 3449 3042 historia,

345 3065 524 3148 quod
579 3063 850 3127 verbum
901 3063 1061 3128 illud
1113 3065 1466 3144 Hebraeum,
1509 3075 1852 3151 utrumque
1887 3063 1930 3127 C
1963 3064 2187 3129 dicunt
2240 3064 2478 3129 Hebraei
2530 3063 2783 3128 Saulem
2834 3063 3071 3127 vidisse
3128 3082 3242 3147 per
3290 3081 3455 3127 som-

347 3163 706 3246 signil'icet,
741 3172 805 3226 et
837 3163 925 3225 ita
955 3162 1022 3226 in
1053 3164 1314 3228 Hebraeo
1347 3184 1474 3229 non
1508 3167 1708 3248 magis
1744 3169 1854 3230 ha-

347 3262 564 3339 betur,
601 3260 946 3339 Retinebit,
992 3280 1185 3343 quam
1235 3264 1711 3342 Dominabitur;
1745 3286 1854 3349 ap-

349 3361 615 3443 tiusque
647 3360 1026 3423 translatum
1050 3369 1167 3439 est,
1183 3362 1640 3440 Dominabitur,
1661 3384 1854 3446 quam

351 3460 406 3521 si
453 3459 938 3538 transferretur,
974 3460 1296 3524 Retinebit
1333 3480 1346 3523 :
1381 3464 1685 3543 quoniam
1726 3463 1853 3527 tilii

351 3558 544 3622 lsrael
590 3557 910 3640 petierant
950 3576 1162 3641 regem
1192 3560 1305 3642 qui
1338 3560 1430 3623 eis
1472 3561 1852 3645 imperaret3

351 3666 416 3721 et
448 3655 776 3721 dominari
808 3658 1235 3721 communiter
1272 3659 1656 3723 adscribitur
1701 3662 1858 3743 regi-

351 3756 500 3819 bus,
525 3755 679 3819 Saul
712 3774 968 3837 quoque
1000 3757 1368 3837 permodico
1401 3766 1684 3840 tempore
1715 3758 1858 3821 reti—

357 3855 504 3917 nuit
537 3854 875 3937 populum,
901 3871 982 3916 ne
1014 3853 1253 3936 injuste
1284 3864 1506 3918 contra
1535 3856 1856 3938 proximos

355 3960 578 4035 ageret
613 3970 628 4014 :
664 3952 816 4034 quia
861 3951 1148 4030 bienni0,
1192 3961 1262 4015 ut
1305 3953 1560 4034 legitur,
1604 3956 1856 4036 praefuit

356 4053 549 4130 bene,
587 4052 698 4115 diu
747 4060 956 4114 autem
1011 4050 1261 4113 induxit
1311 4053 1622 4134 populum
1672 4072 1854 4118 suum

357 4154 436 4216 ad
476 4150 998 4235 persequendum
1033 4150 1229 4214 David
1269 4158 1332 4213 et
1371 4172 1646 4215 cuneum
1693 4154 1852 4233 ejus,

1965 3165 2164 3242 nium,
2181 3183 2249 3227 se
2270 3164 2645 3227 collocatum
2669 3164 2737 3226 in
2759 3164 2991 3227 vertice
3013 3163 3241 3246 palmae
3256 3180 3270 3226 τ
3285 3164 3454 3245 quod

1965 3263 2217 3328 Samuel
2262 3261 2385 3324 sibi
2426 3262 2739 3344 exposuit,
2774 3262 2927 3323 dum
2970 3261 3153 3324 unxit
3194 3281 3340 3325 eum
3385 3260 3451 3324 in

1964 3380 2174 3443 regem
2194 3386 2209 3437 ;
2237 3380 2381 3422 nam
2405 3360 2527 3424 hoc
2548 3359 2987 3443 prael'iguravit
3008 3360 3172 3423 visio
3194 3360 3457 3424 colloca·
3486 3398 3493 3407 -

1965 3462 2160 3525 tionis
2192 3459 2369 3523 illius
2401 3459 2469 3521 in
2512 3459 2875 3523 summitate
2916 3458 3161 3522 arboris
3202 3458 3452 3541 palmae.

1967 3566 2050 3625 Et
2081 3563 2271 3639 cujus
2300 3569 2493 3620 erunt
2522 3560 2765 3636 optima
2795 3578 3061 3638 quaeque
3100 3560 3173 3619 in
3200 3560 3459 3619 Israel?

1966 3660 2027 3723 id
2075 3667 2193 3735 est,
2238 3659 2314 3720 ad
2358 3676 2551 3739 quem
2596 3655 3007 3738 pertinebunt
3045 3655 3338 3718 maximae
3370 3656 3460 3720 di-

1966 3758 2237 3838 gnitates
2287 3764 2479 3836 atque
2526 3753 2863 3835 praecipuae
2900 3772 3052 3836 opes
3102 3754 3458 3817 Israeliticae

1970 3854 2217 3935 plebis?
2250 3856 2479 3917 Nonne
2520 3853 2641 3912 cibi
2677 3862 2738 3912 ec
2774 3854 2958 3912 omni
2995 3855 3221 3913 domui
3243 3855 3458 3932 patris

1970 3956 2070 4016 tui
2086 3956 2114 4013 ,2
2136 3953 2201 4015 id
2222 3960 2339 4028 est,
2361 3951 2476 4013 tibi
2497 3959 2561 4013 et
2590 3950 2718 4013 tuis
2741 3950 3230 4031 consanguineis
3262 3970 3333 4015 ac
3364 3970 3459 4015 so-

1967 4052 2099 4117 boli
2127 4060 2251 4115 tuae
2269 4050 2743 4133 deputabuntur
2760 4068 2833 4112 ac
2853 4049 3006 4113 conf
3006 4069 3154 4114 eren
3164 4058 3285 4113 tur.
3304 4050 3457 4115 Nam

1967 4152 2140 4233 regia
2162 4150 2437 4232 dignitas
2458 4150 2603 4212 data
2630 4157 2727 4211 est
2748 4148 2942 4225 Sauli,
2965 4158 3027 4212 et
3049 4147 3189 4212 filio
3214 4149 3351 4231 ejus
3382 4150 3460 4212 ls-

439 4252 726 4313 Accessit
771 4259 989 4310 autem
1031 4252 1202 4311 Saul
1242 4253 1330 4311 ad
1372 4254 1740 4313 Samuelem
1785 4254 1856 4312 in
1890 4257 1939 4319 D
1968 4249 2195 4313 boseth
2224 4250 2300 4311 ad
2334 4256 2584 4330 tempus
2625 4255 2770 4330 post
2806 4248 2976 4309 eu'm.
3012 4246 3159 4310 Saul
3204 4265 3461 4328 quoque

361 4352 578 4412 naedio
601 4357 833 4428 portoe,
853 4358 914 4408 et
940 4349 1084 4408 ait:
1105 4349 1341 4409 Indica
1371 4351 1563 4420 mihi,
1581 4372 1712 4423 or0,
1749 4352 1860 4410 ubi

361 4458 452 4510 est
467 4451 704 4509 domus
731 4448 1036 4508 Videntia
1056 4446 1216 4511 Ecce
1241 4466 1431 4528 quam
1465 4449 1707 4511 humile
1727 4469 1860 4513 ver-

362 4547 540 4610 bum.
554 4545 728 4608 lstud
747 4551 960 4607 autem
981 4546 1326 4625 contigisse
1345 4546 1596 4610 videtur
1627 4548 1692 4609 in
1725 4568 1862 4632 por-

365 4655 450 4721 ta,
484 4662 603 4727 per
641 4660 837 4725 quam
883 4643 1136 4706 Samuel
1182 4644 1335 4707 exiit
1377 4645 1600 4709 urbem
1640 4667 1860 4711 versus

364 4742 713 4817 excelsum,
750 4740 818 4802 in
860 4758 990 4821 quo
1042 4740 1248 4803 fuerat
1296 4741 1626 4805 oblaturus
1661 4762 1674 4806 :
1709 4745 1860 4825 quia

364 4841 495 4922 jam
528 4838 776 4901 dictum
805 4844 925 4913 est,
943 4837 1280 4921 Quumque
1311 4839 1429 4917 illi,
1449 4841 1692 4905 scilicet
1712 4842 1858 4905 Saul

367 4945 429 5001 et
473 4956 636 5021 puer
683 4936 846 5018 ejuS,
881 4935 1284 5000 ambularent
1318 4937 1384 4999 in
1418 4938 1626 5003 medio
1657 4940 1856 5017 urbiS,

367 5034 670 5119 apparuit
691 5032 942 5098 Samuel
976 5034 1309 5115 egrediens
1341 5036 1590 5100 obviam
1626 5037 1862 5115 illis,ut

369 5134 746 5198 ascenderet
771 5133 837 5193 in
865 5132 1208 5195 excelsum.
1228 5137 1580 5212 Respondit
1601 5140 1866 5198 Samuel

373 5234 594 5303 Sauli,
626 5234 849 5293 dicens
880 5252 902 5290 .·
933 5233 1073 5309 qu
1116 5252 1263 5293 sum
1313 5236 1562 5295 Viden-5.
1597 5234 1731 5297 Non
1771 5235 1868 5317 ja·-

373 5338 621 5394 ctanter
665 5329 790 5392 hoc
835 5328 1016 5406 dixit,
1053 5331 1164 5393 sed
1207 5330 1490 5393 veritatis
1534 5351 1769 5411 amore,
1803 5344 1868 5399 et

1971 4367 2117 4412 suos
2150 4355 2450 4429 cognatos
2481 4348 2803 4429 promovit
2830 4348 2909 4409 ad
2940 4346 3193 4410 diversa
3212 4345 3455 4410 officia.

1971 4449 2115 4511 ldeo
2143 4447 2235 4509 ait
2263 4445 2481 4509 Glossa
2507 4446 2676 4509 :Uno
2707 4446 2786 4509 de
2819 4444 3064 4507 familia
3092 4445 3455 4523 sublimato,

1971 4546 2271 4610 omnibus
2316 4545 2447 4606 suis
2489 4544 2768 4626 prodest.
2806 4544 3089 4625 Denique
3118 4544 3311 4608 etiam
3346 4536 3462 4626 per

1972 4647 2106 4709 haec
2146 4643 2342 4706 verba
2386 4642 2636 4705 Samuel
2677 4643 2850 4707 dedit
2889 4642 3059 4705 Sauli
3102 4641 3460 4723 intelligere

1970 4744 2285 4808 visionem
2333 4741 2681 4824 prael'atam,
2716 4760 2909 4823 quam
2950 4749 3011 4804 et
3042 4728 3187 4804 Saul
3218 4760 3295 4803 ex
3326 4760 3461 4805 ver-

1970 4843 2070 4906 bis
2115 4840 2218 4903 his
2266 4840 2601 4917 intellexit,
2634 4847 2856 4922 utpote
2900 4840 3068 4921 quod
3112 4839 3460 4902 subliman-

1971 4942 2091 5004 dus
2141 4947 2310 5003 esset
2360 4939 2427 5001 in
2476 4938 2831 5021 principem
2882 4938 3126 5021 populi.
3161 4938 3312 5000 Nam
3364 4958 3460 5003 se-

1974 5040 2193 5122 quitur
2229 5056 2244 5100 z

2053 5140 2467 5216 Respondeas
2496 5146 2712 5197 autem
2743 5139 2937 5207 Saul,
2959 5139 3055 5197 ait
3076 5154 3099 5195 .·
3123 5138 3466 5217 Numquid

1977 5258 2106 5298 non
2128 5238 2312 5315 filius
2330 5236 2573 5294 Jemini
2592 5254 2703 5312 eqo
2725 5238 2911 5295 sum?
2930 5234 3058 5297 Hoc
3082 5235 3213 5315 jam
3246 5234 3311 5297 in
3344 5234 3465 5297 isto

1977 5335 2250 5399 articulo
2293 5332 2651 5415 expositum
2696 5340 2812 5396 est.
2846 5336 2941 5394 De
2976 5322 3254 5395 minima
3294 5335 3465 5395 tribu
