4359 6250
1278 507 1623 554 ENARRATIO
1666 507 1729 552 IN
1772 506 1907 552 cn.
1954 506 1973 552 1
2018 508 2199 554 num.
2246 528 2326 538 —
2367 510 2507 556 Am.
2555 511 2575 556 1

3493 401 3534 438 S

3350 494 3470 560 225

362 667 959 741 denominationem
1008 696 1046 739 a
1098 677 1230 739 fine
1277 677 1570 761 accipiat,
1622 678 1751 740 imo
1802 685 1865 740 et
1897 676 1948 738 A
1976 680 2167 740 batur
2209 682 2584 752 Elimeleclz,
2613 692 2672 744 et
2711 703 2880 744 αωον
2915 685 3056 760 ejus
3097 687 3368 758 Noemi,-
3399 695 3460 746 et

360 773 651 855 aliquam
692 776 890 838 sumit
922 795 959 837 a
988 795 1107 838 suo
1147 776 1489 858 principio.
1527 776 1603 836 Et
1641 795 1863 856 quam-

361 873 465 934 vis
497 873 949 937 denominetur
980 893 1017 936 a
1043 873 1198 950 fine,
1226 893 1353 937 non
1389 882 1595 937 tamen
1630 874 1864 936 dicitur

362 969 537 1033 facta
570 971 635 1034 in
671 971 806 1036 fine
836 992 951 1036 suo
983 993 1095 1036 seu
1128 973 1402 1036 termino
1434 973 1533 1034 sui
1564 993 1724 1048 csse,
1752 973 1861 1034 sed

360 1069 432 1130 in
484 1069 810 1154 principio
858 1072 1023 1152 ejuS.
1077 1071 1385 1134 Praeterea
1434 1089 1563 1134 non
1615 1079 1865 1152 oportet

360 1176 617 1250 putare,
656 1169 827 1250 quod
870 1169 1043 1232 Jcsse
1077 1169 1201 1232 fuit
1228 1169 1307 1232 ad
1346 1170 1560 1231 minus
1604 1169 1863 1250 triginta

361 1286 598 1330 novem
640 1286 957 1330 annorum
999 1269 1154 1330 dum
1192 1269 1416 1348 genuit
1452 1267 1648 1330 David
1684 1288 1697 1332 :
1735 1269 1862 1330 imo

360 1365 701 1447 Benjamin
738 1365 960 1447 junior
1002 1365 1141 1448 ipso
1170 1366 1402 1449 Ioseph
1443 1375 1729 1449 tempore
1770 1366 1865 1428 in-

362 1464 716 1543 gressionis
749 1484 881 1528 suae
914 1465 978 1526 in
1010 1464 1611 1547 AEgyptum,habuit
1640 1465 1718 1526 ad
1750 1465 1867 1526 mi-

212 1589 267 1618 n.
298 1591 333 1628 ι,
365 1580 491 1624 11113
554 1560 731 1625 filios
790 1581 1022 1626 novem
1072 1563 1330 1644 quando
1394 1563 1677 1626 nondum
1732 1572 1867 1626 erat

87 2561 230 2606 ladit.
248 2576 307 2605 xn

68 2625 147 2665 114
154 2629 195 2668 5.

109 3058 123 3100 Ι
141 3059 245 3104 Par.
264 3073 324 3113 iv,

367 1659 637 1741 triginta
667 1669 913 1743 septem
946 1679 1283 1738 annorum,
1313 1671 1380 1722 ut
1411 1661 1476 1722 in
1511 1660 1739 1724 Genesi
1768 1679 1868 1724 os-

360 1759 672 1821 tenditur.
690 1758 911 1822 Melius
933 1777 1081 1840 ergo
1102 1759 1326 1822 dicunt
1344 1759 1651 1822 Catholici
1673 1778 1865 1841 quam

358 1856 641 1920 Hebraei.

446 1955 691 2037 ltaque,
718 1958 801 2018 In
833 1958 1058 2017 diebus
1084 1959 1285 2017 unius
1290 1957 1549 2033 judicis
1580 1956 1755 2034 facta
1776 1966 1867 2016 est

355 2055 575 2132 fames
604 2055 681 2116 in
716 2065 889 2116 terra
922 2076 943 2114 .·
984 2074 1129 2136 quae
1157 2055 1451 2136 quamvis
1481 2056 1865 2137 quandoque

356 2153 699 2232 contingat
732 2171 807 2216 ex
860 2152 1262 2216 naturalibus
1304 2153 1536 2230 causiS,
1576 2162 1725 2216 tunc
1775 2161 1867 2216 ta-

355 2270 512 2314 men
538 2261 805 2335 propter
823 2269 1052 2332 magna
1068 2252 1427 2316 Judaeorum
1448 2251 1719 2315 crimina
1738 2271 1866 2315 cre·

356 2351 543 2412 ditur
583 2349 951 2430 contigisse.
997 2349 1172 2424 Quod
1218 2369 1345 2413 non
1391 2350 1641 2412 videtur
1679 2369 1865 2432 posse

357 2448 631 2524 salvari,
667 2450 723 2512 si
753 2449 949 2531 judex
970 2449 1081 2512 ille
1116 2447 1241 2511 fuit
1270 2449 1519 2512 Abesan
1541 2459 1651 2513 aut
1677 2450 1864 2532 Jeph-

312 2549 497 2624 .the‚
546 2547 662 2628 qui
704 2566 853 2609 eum
900 2546 1244 2630 praecessit‚
1294 2556 1401 2610 aut
1444 2547 1713 2611 Ahialon
1762 2548 1861 2612 vel

356 2647 615 2722 Abdon‚
640 2647 759 2728 qui
792 2654 935 2728 post
953 2646 1203 2709 Abesan
1238 2645 1499 2709 fuerunt
1532 2667 1546 2712 :
1583 2646 1737 2729 quia
1763 2649 1864 2728 (ut

356 2747 603 2828 patuit)
633 2746 754 2808 sub
805 2745 935 2807 illis
986 2763 1114 2808 non
1159 2745 1457 2826 leguntur
1502 2745 1629 2808 filii
1673 2747 1859 2810 lsrael

356 2844 707 2908 recessisse
746 2863 783 2907 a
812 2843 990 2907 cultu
1028 2843 1161 2920 Dei,
1199 2852 1271 2906 ut
1301 2844 1594 2907 Judicum
1626 2846 1861 2909 duode-

356 2943 533 3006 cimo
566 2942 810 3005 dictum
831 2951 949 3005 est.
965 2942 1270 3023 Denique,
1291 2943 1461 3006 circa
1483 2943 1645 3006 illud
1668 2943 1859 3025 primi

1972 780 2101 837 duo
2130 781 2286 855 filii,
2320 783 2484 839 alter
2516 781 2855 851 Mahalon,
2883 791 2944 841 et
2973 786 3139 842 alter
3170 783 3458 853 Chelion,

1972 877 2335 950 Epleratoei,
2357 880 2436 936 de
2455 880 2822 938 Bethlehem
2843 881 3038 940 Juda.
3054 884 3460 960 Inyressique

1974 975 2296 1049 reqionem
2333 977 2767 1048 Asoabitiderm
2791 980 3211 1039 morabantur
3251 981 3360 1042 ibi.
3376 982 3464 1041 Et

1975 1082 2268 1133 mortu-us
2296 1083 2384 1133 est
2405 1077 2752 1136 Eli-melech
2791 1078 3067 1136 maritus
3090 1080 3343 1151 Noemi,
3373 1101 3466 1138 re-

1974 1171 2340 1248 mansitque
2361 1173 2502 1247 ipsa
2521 1191 2669 1232 cum
2696 1175 2880 1250 filiis.
2905 1175 3032 1242 Qui
3060 1185 3464 1252 acceperunt,

1974 1266 2219 1330 scilicet
2257 1267 2405 1332 ‚filii
2460 1269 2710 1346 Noemi,
2765 1291 2997 1332 umores
3047 1273 3465 1342 Moabitidem,

1974 1387 2255 1445 quarum
2277 1387 2409 1427 una
2433 1370 2781 1429 vocabatur
2801 1371 3248 1448 Orpka,altera
3270 1374 3460 1434 Ruth.

1974 1460 2156 1524 Circa
2198 1462 2316 1525 hoc
2364 1462 2559 1526 refert
2597 1464 2757 1546 Lyra
2793 1485 2806 1530 :
2855 1466 3086 1528 Dicunt
3114 1466 3358 1530 Hebraei
3400 1477 3463 1531 et

1976 1559 2235 1639 quidam
2295 1560 2636 1638 Catholici,
2688 1564 2859 1644 quod
2918 1564 3084 1626 Ruth
3142 1563 3284 1628 filia
3343 1565 3468 1628 fuit

1978 1657 2177 1737 Eglon
2211 1658 2375 1738 regis
2404 1659 2840 1724 Moabitarum.
2864 1661 3039 1736 Quod
3070 1663 3225 1725 satis
3257 1681 3469 1747 repro-

1978 1754 2083 1817 bat
2131 1755 2312 1838 Lyra,
2349 1759 2700 1840 praesertim
2747 1761 2917 1841 quod
2967 1778 3096 1823 non
3149 1760 3273 1823 fuit
3325 1762 3467 1825 filia

1906 1853 1951 1914 B
1980 1853 2147 1934 regis
2177 1854 2399 1935 Eglon,
2434 1875 2627 1937 quem
2657 1858 2792 1922 Aod
2820 1858 3016 1940 judex
3047 1859 3237 1922 lsrael
3277 1860 3466 1923 inter—

1981 1948 2154 2028 fecit,
2190 1953 2343 2034 quia
2386 1953 2496 2016 ille
2536 1955 2666 2035 jam
2700 1964 2990 2018 mortuus
3033 1954 3158 2019 fuit
3185 1958 3463 2041 amplius

1976 2068 2169 2130 quam
2216 2071 2329 2132 per
2368 2070 2568 2115 annos
2612 2053 2941 2117 ducentos,
2987 2055 3110 2117 Nec
3156 2074 3464 2137 apparen-

1978 2147 2129 2210 tiam
2162 2148 2373 2226 habet,
2409 2151 2581 2232 quod
2616 2171 2724 2214 rex
2766 2152 2943 2216 Moab
2974 2154 3221 2218 dederit
3254 2153 3458 2217 filiam

1977 2266 2155 2309 suam
2193 2248 2327 2312 viro
2368 2257 2688 2312 extraneo.
2722 2249 2931 2314 Nihilo
2973 2252 3186 2315 minus
3217 2254 3460 2317 dictum

1976 2344 2135 2407 illud
2157 2355 2372 2428 posset
2399 2346 2761 2428 aliqualiter
2782 2348 3072 2426 colorari,
3089 2371 3167 2413 ex
3185 2371 3261 2415 eo
3289 2353 3463 2433 quod

1975 2443 2284 2525 scriptum
2314 2454 2412 2508 est
2441 2445 2605 2509 libro
2649 2447 2856 2529 primo
2887 2447 3413 2531 Paralipomenon
3441 2469 3455 2512 :

1974 2542 2246 2606 Securus
2296 2553 2358 2607 et
2407 2544 2732 2622 IncedenS,
2778 2546 2892 2628 qui
2944 2547 3268 2630 principes
3321 2549 3462 2613 fue·
3531 2571 3748 2620 marm.

1974 2651 2123 2704 runt
2170 2642 2237 2703 in
2285 2642 2485 2706 Moab.
2533 2642 2651 2706 Ubi
2703 2644 2925 2707 scribit
2970 2644 3390 2729 Hieronymus
3440 2635 3556 2711 2²²·

1971 2739 2256 2803 Mahalon
2305 2749 2367 2804 et
2419 2741 2682 2805 Chelion
2746 2741 2870 2804 filii
2915 2743 3294 2822 Elimelech,
3347 2747 3455 2811 hic

1972 2836 2242 2901 Securus
2272 2847 2336 2901 et
2364 2840 2663 2902 lncedcns
2694 2841 3008 2904 dicuntur.
3037 2843 3098 2905 Si
3127 2862 3274 2925 ergo
3295 2846 3461 2928 prin-

1970 2935 2143 3017 cipes
2175 2936 2265 2999 ihi
2287 2946 2487 3014 erant,
2525 2938 2822 3002 videntur
2853 2939 2943 3002 ibi
2977 2940 3277 3005 nobiliter
3307 2963 3459 3008 uxo-

356 3041 515 3104 libri
549 3040 1105 3124 Paralipomenon,
1140 3041 1215 3102 Et
1233 3040 1346 3122 qui
1378 3049 1546 3103 stare
1579 3040 1731 3105 fecit
1762 3061 1860 3105 so-
1889 3029 1933 3092 C
1970 3035 2111 3096 rati·
2159 3035 2294 3097 lam
2344 3054 2600 3118 quoque
2649 3038 3072 3120 praehabitum
3117 3049 3233 3118 est,
3284 3044 3456 3125 quod

355 3141 513 3216 lem,
543 3140 637 3203 ait
665 3141 731 3202 B.
770 3140 1190 3222 Hieronymus
1235 3156 1249 3201 :
1285 3140 1592 3223 Tempore
1629 3141 1861 3205 Elime-

355 3240 504 3303 lech
548 3247 813 3322 propter
851 3238 1369 3321 praevaricatores
1413 3238 1569 3319 legis
1611 3240 1704 3304 sol
1738 3250 1860 3305 ste-

354 3339 459 3415 tit,
510 3346 585 3399 ut
632 3338 774 3400 viso
824 3337 1159 3413 miraculo,
1208 3344 1733 3401 converterentur
1779 3341 1858 3402 ad

354 3436 707 3499 Dominum
735 3436 947 3517 :quod
978 3434 1283 3516 quoniam
1315 3444 1855 3518 contempserunt,

354 3537 423 3598 in
476 3544 733 3598 tantum
781 3533 1116 3617 praevaluit
1154 3534 1379 3611 sameS‚
1421 3537 1593 3617 quod
1637 3537 1750 3618 qui
1792 3538 1859 3601 in

354 3634 537 3697 tribu
584 3634 745 3696 Juda
788 3633 966 3716 prior
1004 3632 1362 3709 videbatur,
1407 3642 1674 3715 cogente
1724 3636 1860 3699 ino—

352 3732 488 3815 pia,
534 3750 683 3794 cum
728 3750 923 3794 uxore
960 3739 1025 3794 et
1067 3730 1229 3792 filiis
1271 3731 1475 3812 patria
1520 3732 1764 3813 pulsuS‚
1792 3733 1857 3795 in

353 3830 881 3914 peregrinatione
910 3848 1057 3892 cum
1090 3829 1249 3891 filiis
1280 3838 1568 3892 mortuus
1601 3839 1717 3893 est.
1744 3831 1860 3894 He-

352 3929 515 3991 braei
557 3936 767 3991 tamen
799 3930 899 4008 (ut
930 3928 1159 4007 fertur)
1193 3927 1533 4010 perhibent
1572 3946 1717 3991 eum
1751 3949 1858 4011 pe-

352 4027 755 4108 regrinatum
781 4027 846 4089 in
868 4026 1066 4104 Moab,
1086 4044 1214 4089 non
1246 4046 1322 4089 ex
1352 4026 1724 4108 indigentia,
1746 4030 1855 4091 sed

351 4128 433 4189 ad
466 4125 805 4188 vitandum
836 4122 1193 4188 molestiam
1230 4144 1243 4188 :
1280 4126 1433 4206 quia
1460 4145 1659 4208 quum
1692 4134 1858 4189 esset

1970 3141 2148 3215 pater
2187 3153 2408 3197 eorum
2452 3134 2575 3197 fuit
2612 3136 2692 3200 de
2736 3136 3161 3201 nobilioribus
3206 3140 3456 3206 civibus

1968 3232 2358 3296 Bethlehem.
2382 3233 2558 3297 Unde
2587 3235 2698 3316 qui
2731 3235 2898 3299 istud
2931 3236 3124 3299 vellet
3153 3239 3457 3304 defende-

1970 3350 2058 3407 re,
2105 3330 2318 3395 dicere
2365 3341 2598 3414 posset,
2651 3334 2823 3415 quod
2871 3335 3070 3415 Eglon
3122 3356 3231 3399 rex
3279 3347 3458 3421 pater

1970 3429 2157 3506 Ruth,
2196 3429 2320 3494 fuit
2348 3430 2508 3494 alter
2543 3432 2622 3495 ab
2655 3431 2767 3496 illo
2796 3452 2989 3514 quem
3020 3434 3154 3497 Aod
3199 3436 3458 3501 interfe-

1970 3529 2077 3592 cit.
2117 3530 2248 3610 Ego
2293 3537 2502 3593 tamen
2547 3550 2674 3594 non
2719 3540 2874 3614 puto
2919 3533 2983 3595 id
3025 3554 3247 3599 verum
3293 3556 3452 3615 esse,

1969 3648 2167 3709 quum
2201 3637 2265 3691 et
2294 3628 2510 3692 Noemi
2543 3638 2606 3692 et
2633 3630 2798 3693 Ruth
2833 3631 2896 3693 in
2929 3652 3160 3714 magna
3189 3653 3458 3718 pauper-

1972 3734 2097 3790 tate
2145 3728 2224 3790 de
2272 3735 2438 3789 terra
2485 3727 2661 3791 Moab
2713 3748 2982 3793 reversae
3038 3731 3187 3793 sint.
3241 3732 3456 3798 Hiero-

1972 3844 2200 3907 nymus
2248 3844 2528 3907 quoque,
2582 3826 2647 3888 In
2699 3827 2982 3906 Hebroeo,
3037 3829 3270 3912 inquit,
3326 3851 3456 3897 non

1972 3924 2316 4006 principeS,
2351 3925 2460 3986 sed
2491 3924 2701 3987 mariti
2734 3925 3054 3989 dicuntur.

2064 4025 2447 4084 Mamerunt
2497 4025 2589 4083 ibi
2633 4028 2846 4085 decem
2894 4027 3112 4099 annia,
3167 4038 3226 4089 et
3275 4032 3455 4091 ambo

1968 4122 2214 4181 mortui
2237 4130 2417 4191 sunt,
2448 4121 2574 4184 duo
2604 4120 2847 4185 scilicet
2880 4120 3004 4184 filii
3044 4124 3284 4203 Noemi,
3322 4131 3457 4190 Ma·

350 4224 923 4301 abundanS,multi
956 4222 1377 4303 indigentium
1403 4224 1858 4304 confugiebant
1887 4222 1936 4283 D
1967 4222 2162 4280 halon
2205 4221 2500 4279 videlicet
2537 4230 2596 4281 et
2637 4222 2924 4292 chelion,
2965 4222 3029 4283 in
3073 4230 3238 4287 terra
3274 4225 3454 4290 Moab

350 4326 437 4389 ad
480 4324 719 4405 ipsum,
753 4322 991 4404 quibus
1031 4322 1231 4386 invite
1270 4342 1387 4385 sua
1423 4323 1858 4387 communica-

351 4424 475 4499 vit,
528 4422 677 4485 ideo
722 4420 901 4484 abiit.
948 4420 1025 4483 Et
1067 4421 1221 4503 quia
1264 4441 1340 4484 ex
1385 4421 1615 4485 vitiosa
1664 4442 1858 4486 causa

355 4518 629 4585 recessit
670 4538 817 4582 cum
864 4518 1051 4583 bonis
1095 4519 1228 4582 suis
1270 4519 1637 4597 mobilibuS,
1683 4521 1857 4602 justo

354 4619 471 4683 Dei
510 4617 759 4701 judicio
788 4618 1257 4701 depauperatus
1294 4626 1485 4700 atque
1514 4618 1855 4683 defunctus

352 4726 454 4781 est
486 4736 637 4781 cum
673 4716 835 4780 filiis
864 4716 1001 4779 suis
1032 4715 1099 4779 in
1141 4724 1309 4779 terra
1350 4734 1476 4779 non
1509 4736 1644 4780 sua.
1679 4718 1857 4782 Unde

352 4824 421 4880 et
448 4816 674 4880 Noemi
714 4814 886 4877 infra
924 4822 1213 4892 testatur,
1248 4815 1514 4895 Egressa
1554 4836 1695 4879 sum
1726 4817 1857 4900 ple-

354 4935 441 4978 na
476 4936 491 4979 :
528 4914 705 4996 quod
746 4920 960 4976 tamen
1003 4914 1080 4976 ad
1119 4912 1315 4977 alium
1356 4932 1616 4976 sensum
1648 4924 1856 4997 potest

351 5012 618 5096 exponi.

434 5114 751 5192 Abiitque
796 5114 979 5172 homo
1028 5115 1107 5172 de
1144 5114 1513 5172 Bethlehem
1556 5115 1759 5182 Iuda,
1784 5123 1857 5174 ut

344 5212 892 5289 peregrinaretur
926 5212 999 5270 in
1037 5211 1298 5286 reqione
1327 5210 1681 5271 Moabitide
1709 5232 1855 5272 cum

352 5328 563 5369 umore
608 5328 733 5370 sua
780 5328 857 5369 ac
902 5309 1149 5369 duobus
1199 5308 1439 5369 liberis,
1481 5310 1625 5385 Ipse
1677 5328 1857 5370 voca-

608 5438 675 5496 Τ.
711 5440 759 5491 3.

1969 4316 2141 4379 infra
2175 4318 2394 4380 decem
2437 4337 2636 4381 annos
2675 4320 3202 4400 peregrinationis
3251 4323 3451 4388 illius.

1966 4419 2424 4496 Remansitque
2455 4420 2696 4477 mulier
2723 4422 2944 4481 orbata
2972 4424 3217 4483 duobus
3238 4426 3456 4485 liberis

1967 4535 2044 4576 ac
2072 4517 2347 4576 marito:
2371 4514 2512 4579 ideo
2546 4515 2668 4578 fuit
2699 4518 3126 4597 moestissima,
3153 4521 3306 4603 quia
3337 4543 3455 4587 nec

1969 4612 1995 4674 f
1998 4612 2093 4675 ilii
2116 4614 2255 4694 ejus
2275 4613 2560 4677 sobolem
2581 4614 3257 4701 reliqueruntpropter
3279 4623 3453 4702 quod

1966 4731 2143 4793 spem
2175 4711 2563 4793 posteritatis
2595 4714 2829 4776 amisit.
2847 4718 2930 4777 E't
2959 4720 3246 4779 surremit
3277 4728 3350 4780 ut
3380 4723 3454 4780 in

1956 4812 2252 4888 patriam
2293 4821 2603 4890 peryeret‚
2657 4812 2902 4875 scilicet
2945 4813 3009 4875 in
3057 4815 3334 4879 Judaeam
3391 4827 3455 4880 et

1963 4908 2354 4987 Bethlehem,
2387 4930 2534 4971 cum
2565 4921 2840 4992 utraque
2867 4934 3050 4974 nuru
3077 4934 3219 4986 sua,
3259 4915 3322 4977 id
3358 4925 3457 4979 est

1964 5009 2267 5073 uxoribus
2301 5009 2585 5074 filiorum
2619 5029 2901 5089 suorum,
2933 5015 3012 5073 de
3041 5016 3297 5092 reqione
3319 5019 3456 5077 Mo-

1963 5110 2228 5171 abitide.
2252 5109 2329 5170 Et
2355 5109 2526 5190 quod
2557 5109 2811 5186 dicitur,
2843 5110 3000 5173 Cum
3031 5120 3300 5194 utraque
3338 5134 3454 5176 nu-

1965 5227 2041 5269 ru
2088 5226 2223 5283 sua,
2250 5214 2457 5288 potest
2493 5206 2914 5271 determinare
2954 5209 3218 5273 verbum
3266 5211 3449 5289 illud,

1966 5306 2268 5382 Surrexit,
2302 5313 2373 5368 ut
2409 5304 2492 5367 sit
2529 5324 2774 5383 sensus,
2809 5309 2980 5389 quod
3017 5309 3159 5372 duae
3194 5307 3452 5374 seminae

3143 5443 3205 5494 15
