4359 6250
646 1565 775 1610 Deut.
807 1581 849 1616 n.

585 1629 652 1681 28,
669 1630 737 1672 29.

635 2430 755 2497 1⁶10!ss
780 2456 819 2497 ι.

614 3834 749 3877 Num.
764 3847 847 3882 xxi.

590 3899 655 3939 1³.

880 477 995 539 172

1666 499 2013 544 ENARRATIO
2057 499 2117 543 m
2161 499 2298 544 CAP.
2346 499 2410 545 xl
2450 498 2722 546 mmmm.
2769 518 2849 529 --
2891 500 3032 546 ΛΒΤ.
3080 501 3188 548 xlx

878 673 1019 746 post
1039 667 1381 742 concessit3
1405 676 1469 731 et
1486 669 1657 749 quod
1682 669 1745 732 in
1769 669 1981 732 verbis
2006 670 2127 747 his,
2144 671 2370 732 Trans·
2398 670 2448 732 A
2479 671 2739 747 fortiter
2757 674 3104 734 resistebat.
3132 675 3553 752 Tradiditque
3581 693 3728 733 eum
3746 673 3969 732 Domi-

879 763 1059 826 ibitis
1090 784 1203 847 per
1236 767 1564 844 terminOS,
1602 767 1874 830 sumitur
1902 790 2021 847 per
2055 787 2171 850 pro
2201 771 2368 847 juat-

880 873 973 933 ta,
1014 863 1101 926 ita
1139 867 1308 946 quod
1358 867 1748 930 transierunt
1784 868 1965 948 juxta
2003 869 2361 944 ldumaeam,

878 980 1007 1025 non
1043 982 1153 1044 per
1184 982 1345 1026 eam.
1374 955 1491 1028 Sed
1524 965 1802 1047 primum
1834 966 2047 1029 verius
2078 986 2240 1030 reor.

958 1062 1145 1121 Misit
1176 1083 1423 1142 qaoque
1452 1064 1639 1126 lsrael
1672 1069 1760 1124 ad
1788 1085 1997 1143 reyem
2019 1069 2230 1138 Moab,
2250 1085 2365 1148 pro

878 1155 1138 1221 licentia
1183 1163 1549 1225 transeundi
1590 1182 1705 1244 per
1744 1183 2009 1245 regnum
2052 1164 2213 1246 ejus,
2249 1168 2367 1245 qui

878 1266 938 1316 et
971 1259 1101 1333 ipse
1132 1262 1485 1320 transitum
1505 1263 1787 1338 proebere
1816 1265 2210 1339 contempsit..
2237 1263 2365 1326 Hoc

880 1352 944 1415 in
998 1354 1180 1416 libris
1222 1356 1445 1438 Moysis
1496 1378 1622 1421 non
1675 1360 2123 1424 habetur.1mo
2166 1361 2364 1442 objici

882 1460 1109 1532 potest,
1146 1455 1313 1535 quod
1359 1455 1425 1517 in
1470 1457 1957 1521 Deuteronomio
2008 1457 2134 1520 filii
2176 1458 2364 1522 Israel

885 1549 1180 1630 leguntur
1223 1554 1356 1632 regi
1400 1555 1685 1618 Hesebon
1736 1557 2103 1619 nuntiasse:
2136 1558 2368 1620 Conce-

882 1649 991 1710 das
1043 1651 1376 1713 transitum
1430 1653 1635 1729 nobiS,
1684 1654 1849 1717 sicut
1899 1654 2190 1718 fecerunt
2241 1656 2364 1719 filii

880 1747 1043 1809 Esau
1074 1757 1135 1811 et
1165 1750 1467 1813 Moabitae.
1493 1753 1585 1814 Ad
1618 1754 1786 1833 quod
1818 1755 2003 1815 datur
2034 1756 2364 1837 responsio

2483 789 2607 829 nus
2646 771 2718 829 in
2759 791 2993 830 manus
3033 775 3237 832 Israel
3274 793 3420 832 eam
3459 774 3639 832 omni
3675 773 3965 831 emer-citu

2479 888 2615 940 suc,
2639 878 2696 928 et
2719 871 3036 946 percussit
3053 890 3222 941 eum,
3247 880 3307 929 et
3317 872 3596 947 possedit
3627 867 3809 932 Israel
3844 889 3970 929 om-

2481 986 2622 1027 nem
2649 976 2886 1027 terram
2906 969 3299 1039 Amor-rhcei,
3318 967 3616 1031 videlicet
3635 967 3844 1030 Schon
3876 986 3968 1028 re-

2478 1065 2577 1144 gis
2613 1065 3145 1141 Amorrhaeorum,
3176 1077 3234 1127 et
3267 1069 3592 1127 universos
3623 1070 3784 1144 fines
3821 1067 3966 1142 ejus

2477 1167 2558 1222 de
2593 1166 2825 1224 Arnon
2869 1185 3067 1242 usque
3099 1167 3309 1226 Jaboc.
3347 1165 3582 1245 Estque
3617 1163 3808 1226 Jaboc
3845 1164 3970 1242 (se-

2480 1262 2760 1323 cundum
2791 1262 3164 1344 Josephum)
3195 1261 3435 1325 fluvius
3466 1261 3749 1343 quidam.
3771 1264 3860 1323 Et
3885 1265 3966 1321 de

2477 1362 2853 1429 solitudine,
2873 1379 3017 1443 quae
3047 1368 3142 1422 est
3173 1361 3338 1424 inter
3358 1361 3692 1442 AEgyptum
3723 1370 3786 1423 et
3813 1361 3966 1422 Cha-

2480 1477 2666 1534 naan,
2703 1479 2902 1537 usque
2930 1463 3020 1519 ad
3046 1462 3418 1520 Iordanem.
3453 1459 3608 1522 Hinc
3652 1459 3960 1542 scriptum
4302 1526 4303 1548 χ

2478 1563 2574 1619 est
2606 1556 2671 1618 in
2705 1556 2871 1620 libro
2901 1557 3313 1620 Numerorum
3343 1575 3358 1618 t
3393 1557 3555 1620 Misit
3584 1557 3773 1620 lsrael
3801 1579 3963 1620 nun·
4017 1585 4239 1625 ,vmm
4302 1561 4303 1634 ᾗ

2479 1655 2600 1718 tios
2642 1656 2720 1718 ad
2770 1655 2975 1719 Sehon
3029 1674 3240 1736 regem
3284 1656 3812 1733 Amorrhaeorum,
3847 1658 3960 1738 qui
3991 1649 4062 1752 {1¹⁵ss
4093 1650 4156 1694 ²³·
4185 1650 4240 1691 ³⁴·
4302 1653 4303 1726 Ξ

2478 1756 2824 1818 concedere
2846 1755 3053 1817 noluit
3083 1763 3154 1816 ut
3182 1754 3478 1818 transiret
3505 1755 3690 1818 Israel
3713 1775 3826 1837 per
3847 1764 3965 1818 ter-

881 1846 1111 1910 similis
1154 1850 1558 1931 praecedenti.
1595 1855 1841 1912 Mansit
1882 1855 2102 1932 itaque
2148 1857 2218 1915 in
2253 1858 2368 1916 Ca-
2403 1854 2449 1915 B
2478 1855 2686 1916 minos
2730 1872 2900 1930 sum,
2933 1853 3092 1935 quin
3133 1853 3345 1935 potius
3385 1854 3661 1917 exercitu
3705 1872 3965 1934 congre-

876 1948 1007 2016 des,
1045 1945 1110 2007 id
1158 1955 1255 2009 est
1305 1947 1370 2008 in
1422 1948 1533 2011 illa
1578 1949 1944 2012 solitudinis
1992 1960 2192 2033 parte,
2239 1971 2364 2016 non

880 2044 1153 2106 multum
1185 2046 1463 2110 distante
1491 2048 1571 2110 ab
1603 2048 1758 2112 urbe
1778 2049 1997 2112 Gades,
2020 2054 2101 2112 Et
2130 2054 2366 2112 circui-

880 2144 975 2202 vit
995 2164 1077 2202 eat
1100 2148 1294 2205 latere
1317 2155 1553 2205 terram
1574 2147 1784 2206 Edom
1804 2158 1863 2208 et
1894 2157 2131 2209 terram
2150 2152 2365 2219 Λίοαὺ,

884 2249 1027 2320 post
1074 2241 1345 2322 primam
1408 2243 1583 2305 illam
1644 2245 2042 2324 negationem
2092 2246 2366 2310 lieentiae

880 2339 1249 2401 transeundi
1282 2359 1396 2422 per
1428 2351 1623 2405 terras
1656 2343 1820 2405 illas.
1852 2344 2029 2407 Unde
2056 2345 2124 2406 in
2143 2345 2368 2408 Deute-

878 2437 1169 2500 ronomio
1227 2439 1498 2502 habetur
1541 2458 1573 2506 ε.
1606 2441 2025 2504 Circuivimus
2082 2453 2362 2507 montem

881 2535 1017 2598 Seir
1048 2536 1237 2617 longo
1268 2547 1574 2620 tempore.
1613 2541 1693 2602 De
1722 2540 1842 2603 hoc
1881 2540 1946 2602 in
1979 2541 2366 2605 Scholastica

881 2634 1145 2698 historia
1195 2656 1270 2700 ex
1311 2637 1583 2719 Josepho
1636 2638 1975 2702 recitatur:
2020 2640 2364 2722 Egrediens

876 2734 1064 2798 Israel
1104 2736 1183 2798 de
1222 2737 1440 2813 CadeS,
1475 2737 1771 2801 circuivit
1810 2739 2167 2816 ldumzmm,
2201 2740 2366 2803 ince-

878 2832 1162 2913 densque
1207 2852 1318 2915 per
1362 2835 1682 2896 desertum
1712 2835 1977 2912 Arabiae,
2013 2846 2076 2899 et
2109 2847 2364 2921 praeter-

878 2931 1173 3011 grediens
1206 2932 1459 2994 Archim
1492 2934 1895 3015 metropolim
1927 2936 2226 3014 Arabum,
2261 2955 2365 3001 ve-

2476 1961 2642 2034 gam,
2680 1971 2967 2032 egressus
3008 1961 3101 2015 est
3131 1952 3384 2016 obviam
3429 1953 3494 2014 in
3525 1954 3865 2030 desertum,
3899 1963 3964 2016 et

2478 2070 2814 2134 percussus
2867 2059 2960 2114 est
3010 2051 3075 2112 in
3125 2070 3235 2114 ore
3282 2051 3474 2132 gladii
3525 2051 3605 2114 ab
3647 2052 3857 2128 lsrael,
3899 2060 3963 2115 et

2476 2169 2768 2233 possessa
2799 2159 2894 2213 est
2925 2159 3092 2213 terra
3121 2151 3262 2232 ejus
3295 2151 3375 2213 ab
3408 2151 3622 2213 Arnon
3653 2170 3856 2232 usque
3883 2153 3959 2212 ad

2474 2250 2665 2313 Jaboc
2696 2257 2760 2312 et
2792 2249 2964 2314 filios
2993 2250 3286 2313 Ammon.
3320 2251 3446 2312 Rex
3478 2250 3684 2313 Sehon
3727 2269 3964 2332 pugna-

2477 2349 2570 2413 vit
2601 2356 2820 2411 contra
2853 2367 3064 2429 regem
3087 2348 3364 2427 Moab‚et
3397 2349 3541 2410 tulit
3561 2367 3812 2412 omnem
3847 2357 3966 2411 ter-

2479 2467 2610 2510 ram
2673 2467 2815 2528 quae·
2878 2447 3143 2510 ditionis
3203 2446 3377 2509 illius
3433 2455 3568 2510 erat
3623 2466 3824 2529 usque
3883 2449 3962 2510 ad

2476 2548 2713 2609 Arnon.

2531 2648 2842 2708 Dominus
2860 2665 3006 2722 erqo
3021 2647 3190 2706 Deus
3204 2649 3408 2706 Israel
3421 2647 3728 2706 subvertit
3739 2649 3962 2706 Amor·-

2475 2747 2752 2813 rkoeum,
2793 2752 3135 2820 pugnante
3181 2753 3404 2804 contra
3455 2745 3667 2814 illum,
3717 2743 3964 2806 scilicet·

2475 2850 2696 2906 contra
2737 2859 2947 2920 regem
2976 2841 3482 2903 Amorrhaeorum
3521 2841 3650 2921 jam
3691 2841 3955 2918 dictum,

2469 2944 2706 3018 populo
2737 2960 2850 3000 suo
2875 2943 3102 3000 Israel.
3135 2941 3224 3000 Et
3256 2949 3326 2998 tu
3355 2959 3534 3000 nanc
3563 2943 3659 2999 vis
3679 2943 3965 3017 posside-

882 3029 972 3091 nit
1000 3030 1065 3091 in
1091 3039 1371 3094 montem
1394 3032 1535 3094 Hor.
1562 3035 1861 3113 Venitque
1882 3039 1970 3095 ad
1990 3039 2366 3097 orientalem
2397 3040 2440 3102 C
2477 3061 2544 3101 re
2577 3048 2817 3099 terram
2845 3039 3005 3114 ejus,
3040 3035 3104 3097 id
3135 3045 3232 3099 est
3272 3044 3499 3099 terram
3533 3037 3704 3099 illam
3737 3038 3960 3120 populi

874 3133 1144 3206 playam
1192 3140 1373 3192 terra
1404 3134 1614 3202 Moab,
1648 3142 1707 3192 et
1746 3143 2235 3195 castrametatus
2278 3146 2367 3195 est
2477 3138 2892 3217 lsrael,quam
2913 3135 3253 3217 acquisivit
3285 3145 3406 3198 tam
3430 3136 3573 3216 jure
3593 3136 3746 3199 belli
3768 3157 3958 3219 quam

882 3235 1062 3287 trans
1088 3231 1345 3297 Arnon,
1366 3229 1476 3310 'qui
1510 3231 1858 3292 secundum
1878 3232 2246 3313 Josephum,
2273 3240 2368 3295 est
2476 3238 2643 3299 dono
2672 3235 2805 3311 Dei,
2826 3234 3011 3316 cujus
3039 3242 3190 3297 sunt
3219 3233 3453 3311 omnia,
3474 3243 3536 3297 et
3564 3235 3674 3316 qui
3705 3236 3813 3298 dat
3845 3244 3964 3297 ter-

882 3325 1122 3389 fluvius
1153 3326 1231 3389 dc
1259 3327 1582 3390 montibus
1605 3328 1849 3392 Arabiae
1871 3330 2286 3407 descendenS,
2307 3340 2369 3393 et
2479 3353 2611 3396 ram
2644 3352 3114 3415 quamcumque
3143 3333 3285 3413 jure
3319 3332 3658 3396 creationis
3687 3352 3760 3396 ac
3791 3353 3964 3395 sum-

881 3443 994 3506 per
1024 3425 1341 3487 desertum
1372 3426 1603 3503 fluenS,
1638 3428 1915 3510 erumpit
1949 3428 2014 3489 in
2047 3438 2362 3509 stagnum.
2480 3434 2566 3495 mi
2617 3431 2884 3496 dominii
2936 3432 3318 3513 cuicumque
3367 3431 3640 3494 volucrit
3668 3436 3690 3493 3
3731 3436 3964 3495 Nonne

884 3526 1014 3584 Nec
1050 3524 1253 3584 voluit
1286 3526 1535 3584 intra-re
1569 3528 1872 3585 terminos
1904 3530 2113 3603 ᾸΙοαῖ),
2140 3527 2372 3589 Moabi-
2477 3553 2550 3591 ea
2599 3552 2742 3611 quw
2781 3534 3061 3608 possidet
3107 3531 3372 3591 Chamos
3419 3534 3575 3591 deus
3625 3541 3797 3601 taus,
3843 3534 3962 3592 tibi

883 3622 963 3683 tis
997 3621 1253 3695 invitis;
1289 3622 1561 3685 libenter
1590 3631 1800 3687 tamen
1832 3623 2147 3701 intrasset,
2175 3626 2229 3687 si
2261 3646 2370 3688 an·
2462 3634 2623 3709 ‚fure
2653 3633 2964 3690 debentur
2985 3632 3015 3689 ?
3049 3629 3171 3691 Hoc
3211 3646 3437 3691 sonare
3473 3628 3740 3707 videtur,
3775 3630 3956 3711 quasi

882 3720 1194 3783 nuissent.
1220 3725 1448 3783 Arnon
1480 3724 1717 3799 quippe
1745 3725 2103 3800 confinium
2132 3735 2222 3785 est
2255 3736 2371 3785 ter·
2475 3729 2744 3812 Jephthe
2781 3727 3101 3811 putaverit
3135 3728 3306 3808 quod
3350 3726 3543 3789 falsus
3573 3729 3962 3791 Ammonita-

882 3839 971 3880 roe
1002 3822 1211 3890 Moab,
1246 3819 1425 3899 juxta
1467 3819 1622 3881 illud
1658 3820 2074 3883 Numerorum
2102 3839 2115 3882 ε
2152 3823 2367 3886 Arnon
2478 3848 2619 3890 rum
2651 3828 2830 3901 deus,
2855 3825 2967 3907 qui
2997 3825 3264 3888 Chamos
3297 3834 3576 3901 vocatur,
3609 3828 3959 3908 possederit

882 3918 1192 3980 terminus
1241 3926 1338 3979 est
1386 3917 1583 3993 Moab,
1618 3917 1911 3981 dividens
1958 3919 2258 3983 Moabitas
2307 3930 2368 3983 et

878 4015 1296 4079 Amorrhaeos,

962 4116 1148 4175 Misit
1198 4116 1418 4194 itaque
1460 4118 1667 4175 Israel
1714 4119 1977 4177 nuntios
2026 4122 2113 4178 ad
2156 4121 2366 4178 Sehon

2481 3936 2706 3988 terram
2757 3923 2954 4001 illam,
2990 3933 3098 3986 aut
3141 3942 3279 3986 eam
3327 3924 3668 3987 contulerit
3709 3925 3841 4005 regi
3887 3944 3960 3988 ac

2478 4023 2716 4106 populo
2747 4024 3042 4099 Ammon,
3063 4030 3131 4084 ut
3161 4022 3280 4084 hac
3312 4022 3555 4085 ratione
3585 4022 3676 4084 eis
3706 4024 3962 4087 debere·

2478 4132 2580 4184 tur
2611 4124 2690 4185 de
2717 4120 2885 4201 jure.
2919 4120 3176 4197 Verum,
3211 4126 3280 4181 ut
3315 4120 3516 4201 tangit
3546 4120 3956 4201 AugustinuS,

880 4235 1089 4289 reyem
1112 4216 1639 4275 Amorrhceorum
1660 4218 1779 4294 qui
1800 4218 2129 4277 habitabat
2159 4220 2232 4277 in
2251 4220 2370 4278 He·
2398 4225 2445 4285 D
2473 4220 2742 4302 Jephthe
2765 4220 2898 4280 haec
2919 4216 3185 4299 protulit
3209 4218 3559 4280 secundum
3580 4238 3804 4280 vanam
3827 4220 3962 4301 opi-

878 4314 1087 4383 sebon,
1131 4330 1247 4394 pro
1296 4311 1552 4374 licentia
1597 4312 1789 4374 eundi
1838 4331 1949 4394 per
1993 4322 2222 4376 terram
2275 4313 2368 4396 ip-

882 4410 1038 4487 siuS,
1069 4420 1129 4470 et
1157 4413 1473 4471 citauerunt
1503 4414 1564 4470 ei
1585 4430 1607 4472 .·
1639 4414 1909 4473 Dimitte
1942 4424 2013 4473 ut
2046 4424 2366 4475 transeam

876 4530 996 4587 per
1040 4518 1277 4568 terram
1324 4520 1503 4569 taam
1545 4530 1741 4589 usqae
1780 4515 1866 4571 ad
1894 4514 2200 4587 fluvium.
2239 4514 2368 4581 Qui

880 4618 939 4668 et
972 4609 1106 4684 ipse
1134 4609 1491 4685 despiciens
1520 4611 1749 4680 Israel,
1776 4631 1903 4670 non
1934 4612 2190 4671 dimisit
2220 4632 2368 4671 eum

884 4707 1164 4767 transire
1205 4726 1321 4783 per
1366 4708 1669 4767 terminos
1710 4729 1874 4781 suos,
1913 4708 1972 4771 id
2023 4718 2139 4787 est,
2174 4708 2370 4771 licen-

884 4804 1035 4867 tiam
1086 4802 1263 4866 illam
1318 4805 1590 4884 negavit,
1627 4814 1835 4869 tamen
1880 4808 2194 4889 impedire
2241 4827 2366 4871 non

881 4904 1109 4985 potuit,
1145 4904 1298 4984 quia
1339 4904 1529 4985 paulo
1580 4914 1722 4986 post
1771 4905 1893 4967 fuit
1943 4906 2229 4980 occisus;
2263 4912 2371 4968 sect

882 5004 1180 5078 infinita,
1213 5001 1277 5062 id
1317 5009 1413 5063 est
1453 5002 1637 5064 valde
1672 5011 1735 5065 et
1767 5001 1931 5064 ultra
1962 5002 2222 5066 solitum
2255 5023 2370 5067 nu-

882 5118 1152 5176 merosa,
1186 5101 1614 5160 multitudine
1652 5112 2054 5179 eonqreyata,
2088 5124 2368 5179 ‹syres-sus

880 5208 968 5259 est
996 5208 1221 5259 contra
1251 5219 1424 5268 eum,
1455 5197 1521 5260 id
1567 5206 1661 5260 est
1705 5199 2117 5262 Israeliticum
2169 5219 2371 5283 popu-

882 5295 1039 5372 lum,
1076 5298 1148 5356 in
1176 5299 1357 5366 lasa,
1383 5294 1447 5359 id
1480 5304 1576 5360 est
1606 5297 1746 5360 loco
1778 5295 1871 5359 sic
1902 5308 2289 5381 nuncupato,
2309 5311 2368 5361 et

2480 4318 2734 4380 nionem
2788 4335 2860 4378 ac
2923 4315 3384 4397 reputationem
3443 4315 3604 4396 ejus,
3665 4316 3765 4378 cui
3826 4318 3960 4381 haec

2479 4415 2808 4493 nuntiavit,
2830 4414 3179 4477 secundum
3205 4415 3374 4495 quod
3404 4415 3792 4478 consuetudo
3813 4416 3964 4479 Scri-

2480 4524 2682 4596 pturae
2717 4520 2832 4589 est,
2869 4512 3123 4593 negotia
3162 4510 3426 4575 recitare
3465 4514 3808 4575 secundum
3851 4514 3966 4577 ho—

2480 4614 2724 4674 minum
2787 4610 3270 4674 aestimationem
3337 4628 3451 4693 pro
3511 4620 3792 4692 tempore
3851 4612 3964 4676 illo

2479 4719 2854 4773 currentem.
2876 4709 3416 4783 Quemadmodum
3446 4717 3656 4772 autem
3687 4710 3964 4773 cultores

2479 4808 2612 4874 veri
2658 4807 2790 4884 Dei,
2825 4826 2976 4869 vero
3015 4807 3142 4869 Deo
3180 4806 3552 4869 adscribunt
3583 4826 3654 4869 ea
3685 4826 3825 4888 quae
3855 4808 3963 4870 ha-

2481 4910 2631 4971 bent
2678 4926 2752 4970 ac
2800 4905 3092 4969 obtinent
3135 4928 3148 4977 ;
3200 4904 3285 4966 ita
3336 4903 3640 4967 salsorum
3689 4906 3965 4968 cultores

2478 5007 2764 5081 deorum,
2801 5003 2923 5067 diis
2955 5002 3088 5065 suis
3121 5021 3265 5064 suas
3298 5003 3728 5084 possessiones
3767 5002 3968 5066 victo—

2481 5103 2734 5183 riasque
2777 5101 3155 5164 attribuunt.
3197 5104 3348 5170 Quae
3389 5111 3606 5163 autem
3651 5104 3966 5163 Dominus

2478 5207 2652 5264 Deus
2681 5210 2891 5262 noster
2923 5202 3124 5261 victor
3152 5202 3458 5269 obtinuit,
3491 5200 3554 5262 id
3593 5208 3708 5277 est,
3743 5208 3966 5282 poten-

2481 5309 2576 5363 ter
2615 5307 2678 5362 et
2709 5299 2880 5379 juste
2919 5298 3267 5360 incredulis
3307 5298 3720 5379 indignisque
3756 5297 3966 5361 abstu-
