4359 6250
1009 494 1358 544 suamne
1400 493 1462 539 m
1504 492 1641 538 CAP-
1687 491 1730 536 X
1769 490 1924 536 unm
1964 491 2132 538 mun
2175 492 2399 540 REGUH.
2442 513 2523 524 —
2562 495 2706 541 ΛΒΤ.
2754 495 2839 542 XX

3343 477 3459 542 317

357 670 596 736 fideles
629 669 1056 754 multiplicem
1087 667 1395 732 hauriunt
1427 665 1649 746 gratiae
1679 660 1864 742 largi·
1891 657 1942 718 A
1972 659 2144 724 mine
2175 661 2457 727 fideliter
2478 674 2845 748 occupatur,
2870 675 2935 730 et
2964 666 3029 728 in
3061 666 3207 730 vitae
3236 666 3461 731 activae

359 779 583 834 tatem.
611 771 850 833 Rursus
883 768 1189 832 lenticula
1217 765 1366 842 olei,
1389 771 1596 848 potest
1628 759 1862 824 intelli-

355 869 422 952 gi
467 869 611 952 ipsa
649 867 1117 952 omnipotentia
1146 875 1210 929 et
1237 859 1684 928 munificentia
1725 856 1858 932 Dei,

355 967 428 1030 in
467 987 599 1050 qua
637 967 857 1032 omnia
885 964 1246 1032 virtualiter
1285 971 1348 1026 et
1396 955 1864 1043 supereffluen-

357 1067 612 1130 tissime
632 1065 1066 1142 continentur,
1090 1065 1170 1127 de
1189 1082 1318 1145 qua
1339 1069 1401 1124 et
1421 1054 1862 1142 copiosissime

354 1165 815 1228 effunduntur.
849 1167 936 1226 Et
963 1166 1366 1225 deosculatus
1395 1168 1484 1220 εει
1513 1177 1660 1217 eum
1693 1175 1716 1217 .·
1749 1169 1862 1235 per

353 1264 536 1346 quod
587 1263 982 1344 designatur,
1035 1280 1228 1344 quam
1279 1255 1644 1342 specialiter
1692 1257 1862 1315 amet

355 1363 653 1426 Salvator
701 1380 852 1425 suos
893 1360 1188 1437 vicariOS,
1236 1357 1510 1421 aliorum
1555 1350 1858 1418 efficaces

355 1469 674 1544 pastoreS,
709 1480 823 1544 per
853 1479 1127 1542 quorum
1158 1456 1559 1536 diligentiam
1590 1459 1654 1516 et
1681 1467 1862 1514 cona·

356 1567 496 1621 tum
529 1560 746 1642 passio
778 1549 892 1621 sua
923 1555 1298 1632 fructificat,
1335 1555 1500 1616 Deus
1538 1551 1718 1612 Pater
1747 1547 1862 1609 ho-

356 1667 650 1734 noratur,
675 1666 740 1720 et
759 1657 1012 1732 animae,
1029 1661 1289 1738 propter
1307 1671 1464 1734 quas
1498 1650 1634 1733 ipse
1663 1646 1860 1708 Filius

355 1755 470 1819 Dei
489 1754 702 1818 factus
715 1762 815 1818 est
829 1754 1021 1817 homo
1035 1773 1108 1816 ac
1123 1749 1332 1815 crucif
1336 1751 1495 1826 ixuS,
1511 1746 1854 1811 salvantur.

1971 759 2289 823 exercitiis
2321 781 2389 825 se
2409 763 2740 827 caritative
2772 764 3123 828 exercet.ln
3146 765 3265 830 hoc
3296 765 3459 828 colle

1969 868 2058 918 est
2085 861 2276 920 statio
2310 863 2819 924 philistinorum
2850 885 2873 924 .·
2905 862 3207 945 quoniam
3244 863 3462 926 invisi-

1971 955 2132 1018 biles
2182 957 2395 1021 hostcs
2444 959 2674 1023 acriter
2722 968 2943 1024 contra
2987 961 3141 1024 tales
3185 961 3459 1045 praeliari

1972 1073 2100 1118 non
2140 1064 2411 1120 cessant.
2445 1058 2599 1120 Nam
2639 1066 2703 1122 et
2740 1059 3004 1141 angelus
3036 1059 3280 1125 Satanae
3309 1061 3461 1124 Pau·
3506 1085 3541 1130 ιι
3559 1085 3665 1131 eor.
3678 1100 3748 1138 ιιι,

1971 1153 2105 1216 lum
2135 1153 2581 1236 colaphizavit.
2616 1159 2721 1218 Ibi
2746 1160 3007 1220 obvium
3036 1161 3290 1220 habebis
3310 1179 3459 1236 yre-
3487 1151 3529 1192 ⁷·

1961 1271 2110 1328 ¹qem
2131 1257 2599 1332 prophetarum
2617 1277 2639 1314 .·
2659 1255 2811 1337 quia
2833 1256 2899 1318 in
2921 1257 3052 1321 vita
3071 1257 3461 1340 contempla-

1971 1351 2102 1414 tiva
2121 1362 2467 1416 occurrunt
2494 1354 2740 1418 homini
2771 1355 2999 1438 psalmi
3026 1366 3087 1420 et
3109 1357 3355 1420 cantica
3385 1375 3460 1420 ac

1971 1450 2273 1514 vaticinia
2303 1461 2553 1534 patrum
2585 1473 2659 1516 ac
2690 1462 2929 1532 vatum,
2956 1455 3023 1517 in
3054 1475 3326 1537 quorum
3358 1456 3463 1519 de-

1969 1551 2353 1628 cantatione,
2384 1552 2831 1633 intelligentia,
2865 1555 3279 1620 meditatione
3302 1556 3463 1618 mul-

1971 1649 2275 1733 tipliciter
2313 1650 2691 1730 oblectatur,
2717 1653 2803 1715 ita
2832 1655 3003 1736 quod
3046 1654 3250 1718 insilit
3288 1655 3353 1717 in
3394 1675 3462 1718 se

1971 1747 2245 1831 Spiritus
2290 1749 2578 1828 SanctuS‚
2622 1759 2686 1813 et
2724 1751 3108 1816 vaticinatur
3145 1772 3290 1816 cum
3332 1753 3463 1818 illis

435 1856 528 1916 Ec
573 1856 670 1914 ait
701 1875 725 1914 .·
755 1855 920 1914 Ecce
959 1853 1158 1913 uri-vit
1203 1859 1260 1910 ιε
1298 1849 1618 1911 Dominus
1659 1861 1854 1920 super
1889 1843 1936 1906 B
1971 1845 2168 1909 Deum
2199 1847 2535 1926 laudando,
2575 1849 2915 1932 futuraque
2944 1852 3456 1934 contemplando,

355 1954 788 2014 hereditatem
815 1973 1007 2012 suam
1037 1953 1110 2010 in
1125 1950 1514 2027 principem.
1537 1940 1861 2007 Hereditas

359 2050 474 2114 Dei
505 2059 608 2114 est
638 2050 916 2133 populus
945 2047 1556 2127 christianuS,quem
1575 2040 1860 2104 omnium

95 2155 329 2208 {causa
361 2148 676 2212 Dominus
697 2148 854 2212 emit
873 2155 938 2212 et
957 2146 1228 2210 redemit
1257 2142 1462 2227 pretio
1481 2135 1860 2220 magno‚qui

128 3147 290 3193 Coloni

155 4616 294 4666 saut.

115 4692 204 4731 niv,
229 4688 287 4729 Β,

360 2265 477 2330 per
509 2245 999 2329 inspirationem
1032 2244 1348 2307 internam
1380 2240 1514 2304 sive
1537 2257 1649 2322 per
1680 2253 1864 2318 supc-

359 2345 600 2408 riorem
643 2344 978 2427 praelatum
1009 2342 1295 2424 loquitur
1323 2339 1563 2404 vicario
1595 2355 1710 2400 suo
1753 2352 1864 2397 no-

357 2443 530 2508 viter
563 2443 858 2507 instituto
891 2442 956 2505 in
989 2440 1380 2525 praelationis
1410 2437 1674 2503 officio:
1702 2437 1864 2498 Ecce

357 2542 550 2604 unxit
582 2550 644 2606 te
675 2541 984 2604 Dominus
1013 2558 1206 2622 super
1236 2537 1652 2602 hereditatem
1684 2552 1860 2597 suam

359 2640 428 2702 in
461 2639 852 2722 principem,
891 2639 1012 2702 hoc
1059 2646 1178 2715 cst,
1221 2637 1477 2700 attende
1524 2635 1617 2697 tui
1659 2632 1864 2714 digni-

359 2747 558 2801 tatem
611 2737 846 2815 officii,
899 2746 962 2801 et
1012 2736 1272 2800 satisfac
1319 2735 1402 2812 ei,
1457 2742 1527 2797 ut
1574 2733 1860 2798 oratione

356 2837 600 2914 cordis,
636 2835 1090 2920 praedicatione
1119 2834 1272 2912 oriS,
1306 2833 1596 2916 exemplo
1629 2831 1864 2896 virtuo-

358 2955 443 2998 sae
463 2934 978 2999 conversationis
1009 2952 1232 3016 pascas
1261 2949 1517 3013 gregem
1539 2939 1720 2994 tuum
1743 2927 1862 2992 tibi

1971 1952 2036 2006 et
2064 1945 2332 2027 mystica
2362 1965 2437 2008 ex
2476 1946 2693 2010 divina
2728 1948 3197 2013 illuminatione
3226 1949 3463 2015 intelli-

1971 2043 2221 2124 gendo:
2257 2043 2477 2127 sicque
2507 2053 2786 2108 mutatur
2819 2046 2885 2109 in
2919 2047 3191 2111 alterum
3225 2048 3459 2125 virum,

1971 2141 2122 2223 quia
2150 2141 2407 2206 divinus
2438 2151 2503 2206 et
2532 2143 2881 2226 spiritualis
2913 2165 3301 2228 prorsusque
3331 2147 3465 2210 the-

1971 2240 2181 2304 oricus
2229 2240 2539 2319 efficitur,
2595 2251 2660 2305 et
2705 2243 3031 2307 hominem
3082 2243 3147 2306 in
3200 2244 3459 2310 homine

1971 2358 2233 2418 exuenS,
2263 2359 2455 2424 super
2499 2360 2567 2404 se
2610 2340 2912 2420 elevatur,
2949 2343 3035 2404 ita
3081 2351 3149 2406 ut
3189 2362 3337 2406 cum
3364 2344 3462 2407 Je-

1973 2438 2169 2501 remia
2212 2447 2405 2521 queat
2447 2438 2631 2502 fateri
2667 2458 2681 2502 :
2716 2440 2940 2504 Factus
2978 2449 3075 2504 est
3112 2460 3322 2506 sermo
3352 2442 3461 2506 Dei

1974 2536 2037 2598 in
2069 2538 2261 2602 corde
2289 2557 2433 2602 meo
2463 2539 2646 2622 quasi
2678 2539 2845 2620 ignis
2876 2549 3173 2619 aestuans,
3198 2549 3261 2604 et
3290 2541 3463 2606 defe-

1971 2635 2053 2713 ci,
2091 2634 2259 2700 ferre
2301 2656 2429 2701 non
2472 2638 2814 2701 sustinens,
2853 2643 3120 2710 Quando
3149 2661 3298 2719 eryo
3327 2661 3463 2702 ευε-

1969 2736 2189 2796 nerine
2218 2739 2407 2814 siqna
2432 2739 2565 2799 Itoec
2593 2740 2815 2800 omnia
2842 2739 2983 2810 cibi,
3004 2740 3117 2816 fac
3144 2761 3465 2820 quaecum-

1970 2854 2090 2912 que
2111 2835 2435 2896 invenerit
2457 2857 2689 2898 manus
2714 2846 2827 2898 tua
2849 2857 2871 2896 .·
2894 2836 3049 2918 quia
3082 2837 3237 2899 dum
3269 2838 3462 2902 homo

1973 2932 2164 2994 tantis
2186 2934 2405 3013 gratiae
2423 2934 2913 2999 charismatibus
2935 2936 3345 3019 adimpletur,
3374 2957 3465 3002 se-

357 3033 998 3098 commissum.Unde
1019 3030 1358 3115 Apostolus
1379 3027 1862 3094 Colossensibus
1889 3026 1934 3090 C
1973 3050 2124 3094 cure
2168 3051 2207 3094 a
2248 3032 2488 3116 Spiritu
2532 3033 2761 3104 Sancto
2807 3034 3129 3115 dirigitur,
3175 3044 3238 3099 et
3275 3053 3465 3118 agere

291 3164 330 3201 v,
359 3132 656 3199 scribens
693 3150 706 3194 :
749 3131 1095 3215 Archippo,
1139 3130 1372 3213 inquit,
1417 3129 1608 3194 dicite
1653 3148 1667 3193 :
1703 3127 1862 3191 Vide

359 3229 798 3293 ministerium
845 3239 1026 3293 tuum
1069 3230 1242 3312 quod
1287 3228 1588 3311 accepisti
1636 3228 1704 3290 in
1745 3228 1866 3290 Do-

361 3330 566 3402 mino,
603 3336 675 3391 ut
713 3328 873 3391 illud
915 3328 1206 3410 impleas,
1241 3330 1530 3389 Inventoe
1557 3337 1712 3387 sunt
1741 3329 1866 3387 asi-

357 3450 474 3491 nae.
492 3427 815 3508 Diligente
837 3435 1090 3509 pastore
1115 3445 1263 3490 suos
1295 3425 1582 3507 undique
1601 3425 1864 3490 visitan-

363 3534 444 3604 te,
459 3534 526 3589 et
559 3525 864 3590 reducere
891 3524 1190 3607 cupiente
1218 3534 1517 3603 erranteS,
1539 3523 1860 3588 interdum

359 3625 779 3689 denuntiatur
799 3643 836 3686 a
857 3623 1044 3688 bonis
1066 3623 1458 3702 hominibuS,
1474 3624 1646 3706 quod
1667 3622 1861 3686 etiam

361 3724 427 3785 hi
457 3741 627 3806 quos
669 3724 953 3786 nondum
983 3723 1405 3806 personaliter
1434 3722 1593 3786 adiit
1625 3731 1734 3785 aut
1766 3722 1857 3783 in-

360 3822 618 3899 struxit,
659 3821 954 3886 conversi
999 3829 1146 3884 sunt
1188 3840 1202 3883 ε
1241 3823 1434 3905 quod*-
1459 3824 1623 3885 Deus
1669 3822 1864 3888 inter—

361 3922 514 4003 dum
567 3921 700 4003 agit
751 3921 1092 4004 exemplis,
1145 3922 1392 3985 meritis
1443 3930 1506 3983 et
1565 3923 1861 4003 precibus

362 4020 625 4084 solliciti
665 4040 738 4083 ac
777 4019 992 4083 devoti
1032 4020 1326 4102 pastoris.
1362 4024 1446 4083 Ec
1477 4023 1862 4083 intermissis

355 4131 548 4195 paler
589 4129 738 4179 tuus
768 4120 1002 4187 asinis,
1030 4120 1347 4179 sollicitus
1379 4128 1470 4179 esc
1493 4139 1614 4196 pro
1663 4122 1855 4182 vobis,

1973 3137 2180 3212 potest
2222 3132 2673 3214 quodcumque
2718 3132 2879 3195 ratio
2919 3151 3031 3195 seu
3068 3134 3465 3205 conscientia

1973 3247 2084 3291 sua
2119 3247 2257 3292 esse
2294 3230 2609 3309 agendum
2648 3230 3003 3294 dictaverit.
3030 3232 3206 3297 Tunc
3247 3241 3461 3297 tamen

1972 3327 2354 3391 descendere
2393 3329 2583 3392 debet
2622 3332 2695 3391 in
2738 3332 3041 3408 Galyala,
3073 3332 3193 3396 hoc
3246 3341 3344 3397 est
3381 3335 3461 3398 ad

1973 3426 2268 3505 religiosa
2305 3435 2673 3510 secretaque
2702 3428 2860 3506 loca,
2898 3429 2964 3491 in
2995 3430 3232 3511 quibus
3266 3433 3463 3497 sacri-

1973 3522 2199 3591 ficium
2240 3524 2467 3603 laudiS,
2503 3525 2850 3608 thymiama
2884 3528 3213 3606 orationiS,
3250 3539 3312 3593 et
3349 3532 3461 3595 ob-

1972 3622 2353 3686 servantiam
2394 3624 2836 3687 mandatorum
2878 3625 3166 3691 immolet
3206 3629 3353 3707 Deo,
3396 3640 3463 3694 et

1969 3720 2291 3784 Christum
2332 3720 2569 3784 ibidem
2609 3723 3006 3805 praestoletur
3048 3736 3284 3804 septem
3324 3731 3463 3789 die-

1971 3821 2111 3889 bus,
2131 3820 2304 3883 omni
2330 3819 2627 3883 videlicet
2660 3830 2944 3904 tempore
2974 3834 3359 3906 opportuno,
3388 3836 3461 3890 ut

1969 3917 2049 3979 de
2077 3917 2341 3996 agendis
2372 3916 2724 3980 illustretur
2754 3938 2827 3982 ac
2856 3920 3157 3983 doceatur
3186 3922 3267 3986 ab
3292 3923 3451 4007 ipso.

1969 4014 2199 4095 Sicque
2220 4014 2455 4078 ibidem
2484 4015 2552 4077 in
2582 4016 2956 4081 abscondito
2987 4019 3258 4099 hauriat,
3283 4024 3457 4103 quod

1969 4114 2370 4195 postmodum
2394 4113 2624 4178 ovibus
2647 4115 2902 4197 publice
2932 4120 3363 4185 communicet
3393 4131 3455 4186 et

3513 2461 3609 2506 Jer.
3629 2475 3698 2514 xx,
3712 2463 3753 2506 ⁹.

361 4216 666 4291 Quamvis
685 4216 857 4278 enim
881 4214 1174 4280 officium
1197 4216 1586 4298 praelationis
1620 4217 1702 4281 sit
1724 4238 1861 4282 san·
1891 4222 1938 4285 D
1968 4211 2285 4295 Pfflpisset,
2314 4212 2491 4295 juxta
2517 4214 2688 4295 quod
2718 4214 2809 4276 8st
2839 4214 3163 4298 Scriptura
3190 4236 3203 4281 :
3229 4219 3455 4285 Memo-
3479 4240 3744 4295 Paestum.

361 4322 572 4391 ctum,
629 4314 834 4377 nihilo
893 4314 1106 4389 minus
1155 4322 1252 4377 est
1299 4315 1482 4380 valde
1543 4312 1860 4399 periculo-

361 4434 524 4477 sum.
563 4413 663 4475 Fit
691 4412 1054 4495 aliquando,
1090 4422 1160 4475 ut
1179 4413 1290 4497 qui
1321 4414 1480 4478 alios
1510 4415 1691 4498 cupit
1718 4434 1860 4481 con·

363 4522 634 4589 vertere,
671 4520 1069 4594 pervertatur
1112 4510 1192 4574 ab
1235 4511 1401 4591 aliis,
1437 4522 1500 4577 et
1545 4513 1854 4597 paulatim

365 4610 741 4693 refrigescat
775 4630 814 4673 a
852 4608 1133 4673 caritatis
1177 4630 1307 4675 suae
1351 4610 1624 4691 fervore,
1661 4612 1750 4676 ita
1785 4623 1858 4677 ut

367 4708 521 4773 illud
555 4707 1024 4791 Apocalypseos
1063 4708 1122 4771 ei
1161 4708 1408 4773 dicatur
1451 4729 1488 4772 a
1527 4711 1798 4777 Domino
1837 4731 1851 4775 :

229 4836 289 4875 .ι.,
325 4858 336 4869 .
365 4806 576 4872 Habeo
613 4807 953 4871 adversum
993 4815 1075 4886 te,
1107 4808 1278 4891 quod
1309 4808 1636 4873 caritatem
1677 4818 1850 4874 tuam

365 4905 638 4986 primam
672 4904 1012 4987 reliquisti.

441 5006 598 5065 Post
635 5006 771 5067 hoec
801 5006 1014 5065 venies
1053 5007 1127 5065 in
1165 5008 1387 5065 collem
1419 5008 1708 5069 Domini.
1743 5008 1854 5071 Per

365 5102 592 5167 collem
615 5101 750 5179 Dei,
785 5101 1342 5185 contemplationis
1372 5104 1574 5184 gratia
1606 5124 1716 5169 seu
1740 5106 1858 5167 vir-

368 5208 567 5264 tutum
599 5199 912 5284 perfectio
933 5200 1321 5281 designatur,
1337 5202 1416 5264 ad
1439 5221 1631 5284 quam
1661 5224 1696 5266 a
1719 5204 1857 5287 Spi-

367 5298 490 5361 ritu
521 5300 754 5363 Sancto
799 5298 1188 5381 perducitur,
1230 5300 1342 5380 qui
1380 5300 1652 5364 aliorum
1699 5302 1855 5381 regi-

1967 4309 2126 4372 riam
2175 4310 2586 4374 abundantiae
2644 4312 2975 4376 suavitatis
3025 4323 3151 4379 tuae
3206 4327 3453 4382 eructa-

1965 4408 2146 4471 bunt.
2181 4410 2506 4489 Praeterea,
2540 4410 2679 4475 viro
2718 4429 3121 4495 quocumque
3164 4417 3450 4482 saeculari

1964 4517 2091 4572 tam
2143 4508 2463 4590 spirituali
2511 4517 2574 4573 et
2630 4511 3131 4594 contemplativo
3180 4513 3451 4595 effecte,

1963 4607 2150 4670 multi
2181 4607 2514 4687 mirantur,
2549 4617 2613 4672 et
2641 4609 2853 4674 dicere
2880 4621 3163 4692 queunt:
3190 4616 3367 4679 Num
3398 4626 3457 4677 ει

1967 4709 2133 4769 Saul
2161 4710 2335 4769 inter
2358 4710 2701 4787 prophetas
2728 4712 2759 4769 ?

2043 4806 2435 4869 Instruamur
2472 4807 2727 4870 demum
2770 4828 2847 4871 ex
2888 4807 3010 4874 isto
3049 4810 3352 4893 capitulo,
3378 4814 3459 4877 ad

1964 4905 2345 4968 imitandum
2397 4906 2667 4988 primam
2718 4907 2895 4971 illam
2949 4908 3155 4972 Saulis
3202 4911 3461 4975 humili-

1965 5013 2180 5081 tatem,
2218 5006 2643 5087 prudentiam,
2680 5016 2874 5089 atque
2912 5008 3312 5088 modestiam,
3346 5012 3459 5095 qui

1964 5104 2174 5167 sciens
2206 5122 2273 5166 se
2294 5104 2563 5167 electum
2586 5113 2649 5167 et
2679 5114 2942 5169 unctum
2978 5106 3043 5168 in
3076 5108 3461 5187 regem,abs·

1964 5202 2181 5266 condit
2233 5222 2322 5280 se,
2359 5210 2658 5285 reputans
2700 5223 2769 5267 se
2812 5204 3301 5286 indignum.Vae
3344 5209 3459 5290 igi-

1967 5309 2069 5364 tur
2097 5300 2213 5378 eiS,
2248 5300 2360 5384 qui
2391 5319 2589 5383 quum
2628 5302 2835 5367 adhuc
2874 5304 3281 5386 passionibus
3322 5307 3455 5370 suis
