4359 6250
1180 523 1525 569 manuario
1569 524 1629 569 m
1672 522 1808 570 mr.
1856 523 1967 570 xm
2006 521 2280 570 mmmm.
2325 541 2406 554 —-
2448 524 2589 570 aar.
2636 525 2766 571 xxu
3396 505 3504 569 181

406 691 721 756 hibentur
770 693 901 758 cibi
952 715 1025 758 ac
1070 703 1259 777 potus
1307 696 1428 759 hoc
1478 696 1639 772 loc0,
1690 695 1802 777 qui
1843 695 1909 756 in
1943 695 1993 757 A
2024 693 2196 758 infra
2239 696 2528 758 habetur.
2577 697 2643 758 In
2690 695 3075 760 Scholastica
3117 715 3372 778 quoquc
3417 697 3516 758 hi-

64 797 373 900 ὁι’ἱῆιπωνιβ-
410 792 841 856 Numerorum
892 793 1058 857 libro
1110 795 1533 876 prohibentur
1580 795 1907 858 NazaraeiS.

408 891 979 974 Respondendum,
1020 901 1089 955 ut
1136 893 1275 976 ipsa
1329 913 1441 975 per
1487 894 1676 957 talem
1720 893 1913 956 absti-

410 991 703 1054 nentiam
734 1011 809 1055 ac
840 991 1273 1056 obedientiam
1317 993 1512 1074 digna
1542 992 1914 1056 efficeretur

408 1098 665 1152 tantum
709 1091 1050 1174 concipere
1092 1111 1384 1174 puerum,
1430 1101 1493 1155 et
1532 1099 1913 1174 supernam-'-

408 1189 533 1251 rali
566 1189 963 1253 fecunditate
991 1191 1219 1254 dotari.
1260 1191 1550 1255 Secundo
1581 1190 1909 1272 quaeritur,

405 1307 530 1350 cur
567 1289 998 1353 Nazaraeorum
1030 1299 1221 1373 caput
1257 1309 1385 1354 non
1421 1290 1779 1354 radebatur.
1814 1290 1917 1352 Di-

404 1387 715 1464 cendum,
752 1396 821 1449 ut
851 1389 1399 1469 distinguerentur
1427 1409 1464 1452 a
1508 1389 1824 1452 ministris
1852 1397 1915 1452 et

404 1486 857 1549 sacerdotibus
880 1486 1510 1570 idolorum,quorum
1542 1487 1750 1569 capita
1779 1488 1914 1550 radi

406 1584 858 1648 solebant.·Et
910 1585 1085 1664 item,
1129 1595 1199 1649 ut
1249 1594 1377 1649 tam
1430 1586 1660 1650 intenti
1704 1595 1917 1648 essent

404 1683 587 1747 circa
616 1683 987 1747 interiorem
1016 1685 1253 1748 mentis
1281 1686 1787 1766 decorem,quod
1818 1703 1917 1746 ex-

408 1782 720 1845 teriorem
744 1789 1039 1845 ornatum
1070 1801 1473 1865 nequaquam
1492 1785 1913 1846 adverterent.

2023 795 2219 857 storia
2265 795 2497 874 legitur
2531 813 2545 856 z
2580 795 2822 858 Mulieri
2871 795 2997 871 isti,
3034 795 3101 857 in
3143 814 3295 876 agro
3345 814 3511 877 saepe

2024 912 2139 975 pro
2184 895 2520 957 sterilitate
2562 895 2914 958 amovenda
2956 894 3186 972 oranti,
3219 893 3514 977 apparuit

2023 993 2311 1071 angelus.
2345 993 2410 1056 In
2442 994 2661 1056 eadem
2692 1011 2948 1074 quoque
2979 992 3182 1055 fertur
3214 993 3508 1070 Historia,

2025 1094 2196 1172 quod
2245 1091 2480 1154 mulier
2527 1093 2650 1154 ista
2697 1101 2831 1155 erat
2882 1092 3162 1155 formosa
3200 1112 3212 1156 :
3256 1101 3514 1175 propter

2026 1191 2198 1272 quod
2230 1190 2327 1253 vir
2365 1191 2505 1272 ejus
2541 1198 2676 1253 erat
2717 1191 2972 1254 zelotes,
3006 1190 3339 1272 Quumque
3374 1191 3513 1273 ipsa

2024 1291 2236 1371 angeli
2259 1289 2801 1371 pulchritudinem
2824 1289 3352 1366 commendasset,
3372 1309 3515 1353 cou-

2027 1389 2312 1451 tristatus
2342 1396 2437 1452 est
2467 1389 2606 1469 ejus
2637 1387 2924 1464 maritus,
2949 1395 3140 1469 atque
3171 1395 3240 1450 ut
3269 1387 3517 1468 mitiga-

2025 1496 2121 1550 ret
2171 1486 2674 1549 irrationabilem
2725 1485 2846 1550 viri
2894 1484 3242 1563 tristitiam,
3292 1505 3514 1550 consu-

2026 1586 2148 1648 luit
2178 1585 2238 1648 ei
2270 1594 2339 1647 ut
2367 1585 2557 1648 ambo
2580 1585 2769 1647 simul
2794 1584 3130 1648 Dominum
3155 1593 3511 1662 exorarent,

2026 1692 2342 1766 quatenus
2373 1684 2472 1747 vir
2506 1683 2616 1746 ille
2645 1703 2862 1746 rursus
2893 1683 3164 1760 veniret,
3197 1691 3261 1746 et
3292 1683 3514 1747 ambos

2027 1784 2105 1846 de
2134 1801 2332 1865 puero
2363 1781 2760 1846 informaret.

410 1881 737 1956 Quaeritur
768 1881 980 1957 tertio,
1014 1883 1333 1962 quomodo
1365 1881 1626 1944 Samson
1661 1881 1783 1944 fuit
1812 1900 1916 1943 na·
1952 1879 1998 1940 B
2111 1885 2307 1950 Quem
2337 1903 2541 1961 quum
2571 1883 3087 1958 interroqassem‚
3103 1882 3248 1961 quis
3276 1891 3428 1941 esset
3456 1891 3516 1941 ec

406 1999 658 2042 zaraeus
697 1979 808 2042 Dei
854 1998 931 2042 ex
970 1987 1151 2042 utero
1194 1980 1435 2042 matris,
1471 1980 1565 2042 Au
1612 1981 1778 2043 sicut
1818 1999 1915 2042 sa-

408 2077 817 2142 cratissimus
858 2076 1132 2140 Ioannes
1175 2078 1456 2160 Baptista
1497 2097 1608 2160 per
1648 2078 1912 2159 gratiam

408 2185 671 2258 gratum
707 2175 1049 2239 facientem
1079 2184 1141 2238 et
1170 2176 1338 2239 dona
1368 2177 1425 2240 ei
1457 2177 1777 2258 adjuncta,
1795 2177 1915 2240 hoc

408 2283 537 2352 est,
558 2294 643 2337 an
674 2273 799 2336 fuit
830 2273 1271 2338 sanctificatus
1305 2274 1369 2336 in
1400 2282 1602 2337 utero.
1626 2276 1717 2338 Ad
1744 2276 1912 2356 quod

409 2372 848 2437 communiter
878 2373 1322 2455 respondetur,
1360 2373 1534 2454 quod
1574 2391 1699 2435 non
1738 2398 1751 2450 ;
1804 2375 1913 2436 sed

413 2491 746 2536 nazaraeus
776 2472 885 2535 Dei
918 2471 1009 2535 sic
1041 2470 1425 2554 appellatur,
1460 2479 1762 2552 tanquam
1801 2490 1915 2553 per

406 2571 969 2652 supernaturalem
1001 2569 1443 2634 fortitudinem
1468 2571 1806 2652 deputatus
1835 2570 1914 2631 ad

414 2669 566 2746 hoc,
600 2669 773 2750 quod
816 2669 980 2732 Deus
1023 2688 1135 2751 per
1181 2689 1327 2731 eum
1377 2669 1688 2750 inciperet
1730 2687 1915 2728 suum

416 2767 735 2851 populum
776 2766 1053 2830 liberare
1087 2787 1101 2832 :
1132 2767 1303 2848 quod
1337 2765 1463 2828 fuit
1500 2767 1738 2830 donum
1782 2784 1919 2846 gra·

414 2867 527 2930 tiae
558 2865 761 2948 gratis
789 2866 973 2928 datae.
1008 2865 1275 2928 Videtur
1304 2873 1515 2928 tamen
1549 2864 1918 2946 frequenter

415 2973 487 3028 et
528 2964 719 3028 valde
764 2972 1129 3046 praeventus
1167 2963 1354 3027 donis
1403 2963 1621 3045 gratiae
1666 2971 1917 3044 gratum

2028 1985 2202 2041 unde
2249 1983 2540 2051 venisset,
2583 1991 2641 2041 et
2681 2001 2806 2058 quo
2845 1982 3107 2040 nom-ine
3157 1989 3516 2048 vocaretur,

2026 2081 2238 2140 noluit
2279 2081 2447 2139 mihi
2476 2081 2706 2139 dicere.
2745 2079 2811 2140 In
2841 2077 3143 2140 omnibus
3183 2075 3284 2138 his
3314 2076 3516 2138 decla-

2026 2186 2200 2240 ratur
2230 2176 2580 2240 eminentia
2621 2175 2876 2238 seminae
2914 2175 3108 2256 hujus
3141 2176 3204 2237 in
3245 2175 3517 2257 pruden-

2027 2275 2113 2337 tia
2156 2283 2219 2338 et
2261 2275 2514 2337 virtute.
2565 2274 2761 2338 Scivit
2804 2273 2975 2336 enim
3024 2293 3150 2336 non
3201 2293 3340 2336 esse
3386 2291 3516 2336 cre-

2025 2375 2304 2438 dendum
2353 2374 2527 2438 omni
2579 2373 2858 2456 spiritui,
2912 2373 3054 2436 ideo
3105 2372 3518 2453 interrogavit

2026 2474 2161 2536 haec
2194 2473 2312 2535 tria
2346 2493 2360 2537 ε
2395 2471 2716 2548 videlicet,
2742 2471 2890 2552 quis
2919 2479 3085 2534 esset
3115 2471 3228 2552 qui
3259 2490 3522 2553 appare·

2026 2573 2154 2648 bat,
2191 2590 2270 2633 an
2323 2571 2568 2634 scilicet
2615 2570 2948 2652 Propheta,
2982 2568 3064 2631 an
3112 2569 3416 2649 angelus3
3457 2578 3520 2632 et

2028 2670 2198 2732 unde
2229 2668 2530 2746 venisset,
2573 2688 2653 2731 an
2693 2667 2938 2732 scilicet
2979 2667 3213 2730 missus
3245 2667 3519 2730 essetab

2027 2766 2266 2849 aliqu0,
2312 2787 2392 2830 an
2443 2768 2701 2849 proprio
2749 2774 2926 2830 motu
2974 2765 3276 2842 venisset,
3327 2773 3390 2828 et
3438 2786 3520 2829 an

2030 2866 2310 2929 venisset
2353 2865 2584 2928 missus
2613 2867 2692 2928 de
2736 2866 2940 2940 coelo;
2993 2875 3057 2928 et
3088 2884 3217 2947 quo
3262 2863 3522 2928 nomine

2030 2976 2384 3033 vocaretur.
2429 2966 2549 3030 Sed
2578 2985 2690 3029 cur
2723 2966 2987 3047 angelus
3031 2982 3160 3028 non
3192 2962 3522 3045 respondit

415 3063 905 3144 facientiS,quae
936 3062 1158 3126 saltem
1192 3062 1257 3125 iu
1291 3081 1404 3126 sua
1433 3061 1919 3127 circumcisione
1954 3065 1998 3130 C
2028 3067 2107 3131 ad
2157 3067 2280 3130 ista
2313 3069 2338 3128 ‘l
2386 3065 2757 3142 Dicendum,
2809 3064 2982 3146 quod
3027 3063 3105 3126 ad
3146 3061 3272 3125 duo
3316 3060 3520 3145 prima

412 3164 728 3245 suscepit.

500 3266 587 3324 Ec
610 3263 885 3339 incipiet
914 3263 1189 3322 liberare
1208 3265 1416 3322 Israel
1435 3265 1515 3322 de
1535 3282 1739 3322 manu
1760 3263 1920 3322 Phi-

414 3364 824 3423 It'scinorum.
842 3360 1031 3423 Recte
1058 3360 1168 3435 ait,
1184 3359 1449 3443 Incipiet
1477 3359 1769 3422 liberare.
1785 3360 1920 3422 Non

414 3459 597 3523 enim
630 3458 929 3523 liberavit
962 3475 1041 3522 ex
1078 3466 1212 3521 toto
1250 3465 1360 3521 aut
1397 3460 1588 3541 plene
1628 3458 1924 3522 Israeliti-

414 3580 571 3625 cum
604 3558 920 3642 populum
954 3560 1033 3621 de
1053 3576 1247 3621 manu
1267 3558 1633 3635 Philistiim,
1650 3558 1781 3622 imo
1802 3559 1921 3621 sub

412 3657 739 3733 Samuele,
775 3656 961 3720 Saule
990 3665 1053 3720 et
1081 3657 1277 3720 David
1311 3656 1335 3717 f
1340 3664 1566 3720 uerunt
1598 3657 1922 3720 multoties

416 3778 460 3821 a
486 3755 830 3820 Philistaeis
854 3754 1235 3837 impugnati.

509 3860 667 3925 Quoe
706 3874 911 3933 quum
944 3856 1213 3915 venisset
1244 3856 1331 3915 ad
1360 3857 1677 3915 maritum
1705 3876 1919 3927 suum,

418 3958 607 4018 dixu
654 3957 719 4014 ei
762 3974 785 4014 .·
842 3955 958 4014 Vir
1010 3956 1131 4014 Dei
1180 3954 1357 4014 venit
1407 3956 1495 4013 ad
1544 3974 1644 4013 me
1691 3956 1925 4013 habens

424 4058 693 4115 vultum
737 4054 1135 4130 eumelio-um,
1182 4053 1491 4113 terribilis
1532 4053 1753 4113 nimis.
1802 4052 1927 4113 An-

420 4154 645 4235 gelum
692 4150 935 4234 quippe
973 4150 1040 4212 in
1079 4150 1201 4212 viri
1244 4150 1457 4232 specie
1487 4160 1921 4232 apparentem,

2031 3167 2222 3250 paulo
2270 3172 2414 3247 post
2457 3163 2581 3225 fuit
2626 3182 3051 3244 responsurus
3101 3180 3217 3244 per
3263 3160 3524 3223 eviden-

2032 3266 2181 3328 tiam
2231 3263 2406 3339 facti,
2449 3270 2519 3324 ut
2562 3261 2772 3323 statim
2816 3260 3082 3323 dicetur.
3129 3260 3221 3321 Ad
3263 3257 3518 3321 tertium

2030 3382 2184 3427 vero
2223 3380 2340 3425 nec
2379 3370 2524 3444 post
2561 3358 2910 3440 respondit,
2955 3358 3037 3422 ob
3079 3377 3335 3420 causam
3379 3376 3522 3439 quae

2031 3462 2203 3526 infra
2244 3459 2600 3523 habebitur.
2635 3461 2766 3519 Sed
2801 3458 2914 3517 hoc
2946 3458 3275 3534 respondit
3304 3477 3327 3516 .·
3361 3458 3522 3517 Ecce

2030 3562 2346 3639 concipies
2379 3569 2438 3619 ec
2469 3559 2684 3635 paries
2711 3557 2953 3633 filium.
2981 3556 3144 3615 Cave
3173 3574 3253 3615 ne
3291 3556 3523 3615 vinum

2032 3663 2206 3721 bibas
2237 3678 2349 3719 nec
2375 3659 2669 3716 siceram.
2704 3654 2858 3715 Nam
2899 3661 2962 3715 ct
2994 3652 3139 3714 talis
3171 3660 3358 3734 potus
3389 3671 3524 3714 mu-

2033 3758 2297 3821 lieribus
2339 3754 2699 3837 specialiter
2730 3760 2825 3815 est
2865 3750 3286 3834 periculosuS,
3321 3770 3521 3832 quum

2034 3855 2430 3920 inebrientur
2481 3851 2775 3914 faciliter.
2811 3850 3072 3932 Propter
3109 3850 3279 3931 quod
3319 3857 3381 3912 et
3418 3867 3524 3911 an—

2035 3956 2356 4036 tiquorum
2389 3949 2814 4014 Romanorum
2847 3947 3100 4011 seminae
3121 3947 3525 4010 abstinebant

2034 4074 2071 4116 a
2120 4053 2294 4127 vinc,
2350 4059 2421 4113 ut
2459 4048 2656 4111 refert
2705 4047 3015 4109 Valerius.
3068 4048 3154 4107 Ec
3195 4066 3274 4106 ne
3302 4048 3522 4125 aliquo

2036 4152 2310 4211 vescaris
2343 4149 2703 4208 immundo,
2734 4146 2888 4205 Erit
2926 4147 3102 4205 enim
3123 4164 3291 4221 puer
3329 4164 3525 4204 naza·

424 4250 698 4335 putabat
746 4250 957 4313 virum
1007 4266 1146 4312 esse
1190 4266 1204 4310 :
1247 4267 1438 4329 quem
1487 4248 1648 4309 dixit
1695 4248 1927 4312 habere
1960 4246 2005 4307 D
2037 4270 2203 4311 roeus
2237 4248 2356 4309 Dei
2385 4248 2464 4305 ab
2495 4245 2792 4321 infant-ia
2823 4264 3022 4322 usque
3043 4246 3130 4303 ad
3158 4245 3332 4303 diem
3364 4262 3525 4301 mor-

422 4350 683 4412 vultum
721 4346 1106 4430 angelicum,
1142 4346 1205 4409 id
1244 4355 1343 4408 est
1380 4346 1547 4408 ultra
1576 4346 1923 4409 humanum

420 4449 693 4513 modum
724 4445 1107 4528 speciosum,
1134 4444 1566 4525 splendidum,
1601 4452 1793 4525 atque
1822 4464 1927 4507 au-

422 4544 809 4619 thenticum,
846 4541 933 4604 ita
962 4542 1136 4622 quod
1166 4541 1235 4602 in
1268 4540 1408 4622 ejus
1440 4540 1618 4603 vultu
1661 4540 1926 4604 interior

422 4642 737 4705 sanctitas
774 4638 1245 4721 resplendebat.
1278 4638 1538 4721 Propter
1567 4639 1737 4719 quod
1767 4637 1927 4703 dixit

420 4759 575 4805 eum
606 4757 751 4802 esse
779 4736 991 4800 virum
1032 4736 1166 4813 Dei,
1202 4736 1265 4799 id
1305 4745 1401 4799 est
1438 4736 1763 4800 hominem
1804 4737 1928 4799 vir-

427 4850 683 4901 tuosum
727 4836 1087 4918 placentem
1118 4836 1266 4909 Deo,
1310 4844 1373 4898 et
1412 4836 1677 4897 missum
1716 4835 1797 4899 ab
1826 4853 1922 4897 e0.

424 4938 627 5012 Quem
670 4943 734 4998 et
779 4933 967 4997 valde
1012 4934 1363 4997 terribilem
1409 4934 1590 5011 dixit,
1635 4934 1929 4997 videlicet

428 5036 615 5118 quasi
652 5033 951 5113 fulgureo
982 5032 1322 5114 splendore
1351 5032 1732 5108 terrificum,
1767 5033 1930 5095 sicut

428 5144 497 5197 et
524 5132 817 5197 Christus
846 5131 913 5192 in
948 5130 1207 5212 templo,
1244 5150 1485 5212 suaque
1517 5131 1812 5212 passione
1841 5131 1934 5193 in-

434 5242 645 5295 stante
676 5229 1027 5313 perterruit
1053 5228 1395 5292 intuentes.
1430 5229 1713 5310 Denique
1742 5248 1934 5311 appa-

436 5332 567 5395 ruit
594 5329 867 5411 angelus
910 5328 1031 5390 iste
1070 5327 1326 5391 mulieri
1366 5328 1514 5391 huic
1556 5330 1620 5391 in
1657 5347 1829 5409 agro,
1866 5338 1935 5391 ut
2046 5328 2388 5411 angelum3
2423 5334 2484 5389 et
2514 5326 2693 5407 juxta
2738 5342 2979 5387 morem
3018 5322 3261 5387 Hebraei
3303 5342 3535 5388 sermo·

2039 4352 2119 4410 tis
2138 4368 2293 4417 suae,
2314 4346 2375 4407 id
2410 4352 2504 4405 est
2538 4360 2650 4424 per
2681 4360 2868 4406 omne
2898 4349 3150 4423 tempus
3193 4341 3338 4404 vitae
3369 4360 3520 4417 suae,

2036 4447 2202 4509 sicut
2239 4452 2302 4507 et
2331 4441 2606 4505 Samuel.
2641 4440 2856 4521 Aliqui
2888 4448 3098 4502 autem
3136 4448 3318 4501 erant
3349 4458 3525 4501 naza—

2037 4544 2145 4608 raei
2187 4542 2296 4605 Dei
2326 4542 2406 4604 ad
2450 4548 2692 4603 certum
2726 4547 2998 4621 tempuS,
3036 4546 3105 4600 ut
3135 4538 3202 4599 in
3232 4537 3522 4600 Numeris

2036 4639 2421 4707 describitur
2456 4658 2470 4703 :
2504 4638 2616 4719 qui
2647 4635 2894 4700 scilicet
2913 4636 3231 4700 vovebant
3260 4636 3337 4698 ad
3371 4644 3526 4698 tem-

2038 4761 2157 4825 pus
2197 4736 2686 4802 determinatum
2728 4737 2854 4798 Deo
2899 4754 3011 4816 per
3044 4734 3384 4815 specialem
3422 4733 3525 4795 de-

2040 4840 2362 4904 votionem
2422 4843 2485 4897 et
2541 4834 2892 4897 orationem
2943 4850 3196 4908 vacare,
3249 4832 3414 4895 sicut
3464 4842 3527 4895 et

2039 4934 2432 5017 Augustinus
2477 4932 2580 4994 hic
2625 4931 2828 5012 tangit
2872 4930 2935 4990 in
2975 4928 3214 4991 Glossa.

2124 5034 2352 5095 Oravz’c
2383 5034 2601 5110 itaque
2623 5033 2866 5091 Manae
2896 5030 3276 5097 Dominum,
3303 5038 3364 5089 et
3393 5031 3528 5090 ait:

2044 5135 2326 5203 obsecre,
2351 5130 2733 5198 Domine,uc
2771 5130 2870 5187 vir
2900 5129 3022 5188 Dei
3048 5146 3236 5206 quem
3269 5128 3525 5188 misisti.

2043 5232 2268 5294 Adhuc
2299 5229 2468 5292 enim
2502 5226 2772 5289 credidit
2803 5225 3125 5289 hominem
3159 5224 3379 5301 fuisse,
3403 5243 3530 5288 non

3557 2299 3736 2343 annn.
3750 2312 3807 2350 tv,

3546 2366 3585 2406 t.

3565 4462 3697 4505 Num.
3711 4464 3815 4512 v=,2.
