4359 6250
631 798 773 843 lPar.
791 813 832 849 v,
854 801 890 840 l.

681 1096 802 1139 levid.
826 1098 866 1137 2.

670 2286 805 2329 lotae
828 2298 896 2335 xv,

637 2352 701 2391 ¹7.

641 3179 749 3222 Luc.
765 3193 818 3228 w,
838 3182 901 3230 ἱεὶς

639 3243 742 3286 Act.
755 3256 783 3292 ι,
799 3245 864 3285 13.

680 3368 696 3410 1
725 3369 833 3410 Par.
861 3381 902 3418 ιι,

641 3436 681 3482 9,
706 3434 770 3474 ¹8.

679 3763 806 3804 Num.
819 3776 905 3812 xm,

641 3827 760 3874 434:
777 3824 904 3868 Dent.

640 3901 670 3938 ι,
693 3890 826 3930 19-25.

672 4354 808 4395 Num.
821 4366 906 4402 κη’,

643 4419 728 4458 6-9.

643 4749 763 4793 Ibid.
777 4751 910 4798 29,30.

923 491 998 557 74

1711 516 2056 563 RNARRATIO
2100 516 2162 561 IN
2204 516 2341 561 CAP.
2388 514 2492 560 XIV
2535 513 2735 561 Josuss.
2783 534 2863 544 —-
2903 517 3044 562 ΛΒΤ.
3092 518 3221 563 xxu

921 685 1054 748 hile
1083 687 1282 768 patris
1321 687 1436 748 tui.
1473 687 1628 749 Hinc
1668 706 1923 770 quoque
1965 688 2271 769 scriptum
2318 695 2413 749 est
2442 686 2492 747 A
2524 688 2691 747 mihi
2711 709 2930 749 verum
2960 692 3320 751 videbatur.
3342 692 3599 751 Fratres
3618 698 3833 749 autem
3854 690 4001 757 mei,

924 783 1133 866 primo
1163 784 1689 868 Paralipomenon
1717 804 1730 847 :
1766 786 1982 848 Ruben
2030 786 2152 848 fuit.
2182 786 2414 868 primo-

925 881 1180 962 genitus
1230 881 1440 956 Israel,
1477 884 1586 945 sed
1623 902 1822 965 quum
1866 884 2166 948 violasset
2207 892 2409 946 torum

926 980 1125 1062 patris
1157 980 1279 1054 sui,
1314 982 1460 1044 data
1491 992 1638 1044 sunt
1670 982 2094 1064 primogenita
2131 982 2289 1044 filiis
2318 984 2413 1045 Jo-

925 1080 1108 1161 seph.
1144 1080 1228 1141 De
1259 1080 1458 1163 stirpe
1499 1090 1707 1145 autem
1740 1082 1914 1144 Judae
1955 1081 2279 1164 principes
2309 1100 2413 1161 ge-

926 1179 1129 1241 nerati
1161 1188 1328 1241 sunt.

1005 1280 1417 1338 Ace-esserunt
1457 1281 1676 1360 itaque
1714 1283 1850 1357 filii
1888 1284 2062 1340 Juda
2102 1283 2190 1339 ad
2226 1284 2414 1340 josue

927 1378 998 1437 in
1036 1380 1332 1453 Galqala.
1368 1381 1768 1458 Locum-sque
1805 1390 1894 1439 est
1925 1383 2012 1439 ad
2048 1400 2196 1438 eum
2229 1382 2413 1439 Caleb

921 1477 1106 1552 filius
1151 1478 1431 1552 Jepleone
1475 1480 1824 1540 Cenezoeus.
1860 1476 2047 1540 Caleb
2098 1476 2240 1554 iste,
2292 1475 2416 1538 fuit

925 1592 1090 1635 unus
1122 1591 1340 1636 eorum
1373 1575 1483 1656 qui
1519 1584 1744 1638 terram
1769 1575 2124 1639 diviserunt
2153 1594 2301 1639 cum
2321 1577 2417 1638 Jo-

925 1692 1060 1748 sue,
1096 1681 1357 1753 eratque
1403 1691 1670 1753 magnus
1712 1674 1777 1735 in
1819 1674 1984 1736 tribu
2028 1675 2189 1737 Juda
2224 1692 2237 1735 :
2274 1674 2415 1737 ideo

929 1770 1202 1852 majores
1240 1772 1318 1833 de
1350 1771 1519 1833 tribu
1564 1772 1694 1849 illa,
1730 1782 2130 1836 accesserunt
2159 1792 2307 1837 cum
2340 1792 2414 1835 eo

2523 786 2643 849 hoc
2674 795 2771 849 est
2800 787 2910 848 alii
2932 787 3381 869 exploratoreS‚
3410 788 3516 869 qui
3550 788 3851 850 dicuntur
3884 784 4005 847 fra-

2525 894 2649 947 tres
2684 884 2884 966 ipsius
2914 884 3120 961 Caleb,
3157 886 3459 966 quoniam
3502 887 3577 948 ad
3608 885 3899 947 eumdem
3932 885 4005 946 ls-

2524 983 2875 1047 raeliticum
2921 984 3229 1066 populum
3280 984 3698 1066 pertinebant,
3734 992 3796 1045 et
3844 984 4005 1063 ejus-

2522 1082 2664 1144 dem
2698 1090 2879 1143 erant
2899 1081 3248 1161 religioniS,
3271 1090 3460 1162 atquc
3481 1101 3557 1144 ex
3577 1081 3795 1143 eodem
3817 1081 4005 1144 Jacob

2521 1180 2881 1262 patriarcha
2910 1180 3133 1257 exorti,
3153 1182 3270 1259 qui
3289 1184 3705 1241 ascenderant
3736 1201 4001 1252 meeum,

2520 1283 2952 1339 dissolverunt
2980 1300 3089 1339 eor
3107 1281 3363 1357 populi,
3398 1278 3765 1340 incutiendo
3797 1278 3890 1340 cis
3936 1278 4005 1339 ti-

2524 1396 2763 1440 morem
2798 1378 3253 1454 inordinatum‚
3280 1386 3349 1440 ut
3382 1385 3613 1440 tactum
3636 1386 3762 1440 est:
3779 1379 4003 1437 Nihilo

2524 1480 2744 1539 minus
2786 1498 2896 1555 eqo
2944 1488 3195 1538 secutus
3233 1498 3375 1537 sum
3408 1480 3763 1538 Domi-num
3804 1479 4004 1537 Deum

2524 1597 2763 1645 meum,
2797 1576 2858 1637 id
2910 1584 3024 1651 cst,
3063 1575 3297 1638 divinae
3346 1574 3577 1637 mentis
3617 1574 3860 1656 judicio
3910 1594 4006 1635 me

2524 1674 2943 1749 conformavi,
2980 1683 3041 1737 et
3073 1674 3387 1737 credendo
3420 1673 3483 1735 in
3516 1674 3731 1749 Deum,
3760 1692 4009 1755 speran-

2525 1775 2607 1837 do
2642 1774 2705 1835 in
2747 1792 2844 1846 ec,
2881 1773 3335 1854 diligendoque
3376 1772 3608 1855 ipsum,
3650 1771 3888 1835 adhaesi
3925 1771 4004 1833 ei.

923 1871 1000 1931 ad
1030 1871 1237 1934 Josue.
1274 1870 1514 1932 Dicitur
1543 1880 1751 1933 autem
1784 1872 2113 1934 Cenezaeus
2134 1872 2411 1949 aCenez‚
2443 1871 2489 1932 B
2523 1874 2909 1952 Iuravitque
2954 1875 3227 1949 Moyses,
3257 1871 3322 1933 id
3364 1880 3481 1937 est.
3532 1870 3805 1932 firmiter
3852 1890 4011 1931 asse-

926 1988 1116 2049 quem
1165 1968 1365 2049 aliqui
1409 1967 1632 2031 dicunt
1667 1970 1988 2051 accepisse
2027 1980 2293 2033 matrem
2329 1971 2417 2052 ip-

927 2066 1059 2129 sius
1109 2066 1299 2129 Caleb
1349 2066 1414 2128 in
1467 2068 1828 2149 conjuge-m,
1863 2076 2041 2150 patre
2079 2068 2267 2131 Caleb
2316 2070 2418 2131 dc-

929 2166 1151 2229 functo
1198 2184 1212 2227 :
1266 2166 1418 2247 quia
1463 2168 1751 2247 sequenti
1798 2167 2065 2229 habetur
2109 2168 2411 2250 capitum,

927 2267 1098 2346 quod
1139 2264 1429 2329 Othoniel
1485 2265 1680 2328 frater
1708 2266 1896 2329 Cale-b
1944 2266 2182 2347 junior,
2239 2265 2417 2328 filius

928 2364 1149 2439 Cenez,
1175 2362 1417 2444 accepit.
1441 2363 1635 2425 Axam
1672 2362 1874 2426 filiam
1907 2363 2095 2426 Caleb
2129 2383 2413 2428 uxorem.

928 2462 1156 2544 Sicque
1199 2462 1387 2525 Caleb
1438 2470 1698 2525 vocatus
1747 2471 1843 2524 est
1869 2464 2222 2539 CenezaeuS,
2268 2462 2419 2544 quia

929 2570 1072 2644 post
1104 2569 1369 2624 mortem
1403 2561 1498 2622 sui
1535 2560 1754 2643 patriS,
1780 2580 1816 2622 a
1846 2560 2042 2623 Cenez
2075 2561 2195 2624 illo'
2222 2562 2417 2623 nutri-

928 2670 1030 2723 tus
1062 2668 1179 2721 est.
1205 2659 1331 2721 Alii
1354 2660 1700 2740 opinantur
1720 2659 1893 2741 quod
1912 2659 2112 2722 Cenez
2145 2660 2268 2722 fuit
2300 2660 2421 2722 fra-

933 2769 1026 2822 ter
1060 2759 1263 2840 ipsius
1293 2758 1504 2835 Caleb,
1541 2758 1754 2821 senior
1784 2776 1882 2834 e0‚
1907 2767 1968 2821 et
2000 2760 2171 2839 quod
2202 2778 2420 2822 curam

931 2857 1156 2919 habuit
1187 2856 1380 2937 hujus
1403 2855 1626 2931 Caleb3
1659 2865 1721 2919 et
1750 2856 1917 2933 iden,
1943 2857 2042 2919 vel
2065 2858 2146 2921 ob
2177 2858 2421 2940 aliquid

935 2956 1082 3032 tale,
1117 2956 1447 3018 Cenezaeus
1491 2965 1751 3019 vocatus
1795 2956 1898 3033 sit,
1936 2955 2102 3019 sicut
2146 2956 2212 3019 in
2259 2975 2422 3020 novo

2526 1970 2677 2047 ruit,
2712 1970 2810 2032 vel
2854 1970 3043 2032 etiam
3083 1970 3443 2052 juramento
3477 1969 3756 2032 firmavit
3794 1988 3807 2030 ε
3841 1968 4009 2050 quod

2526 2078 2740 2131 tamen
2792 2070 2857 2130 in
2911 2068 3075 2131 libro
3118 2069 3535 2133 Numerorum
3586 2086 3713 2131 non
3759 2068 4009 2148 legitur,

2528 2168 2637 2232 ubi
2690 2168 2823 2231 hauc
2867 2168 3168 2231 recitatur
3212 2168 3497 2230 historia.
3543 2168 3836 2229 Attamen
3888 2186 4014 2229 crc-

2526 2268 2805 2330 dendum
2838 2275 2955 2343 est,
2981 2276 3241 2350 propter
3272 2266 3405 2328 haec
3426 2265 3641 2341 verba,
3665 2265 3835 2346 quod
3858 2265 4013 2346 Moy-

2529 2385 2627 2428 ses
2662 2366 2829 2428 istud
2872 2366 3134 2448 juravit,
3171 2365 3321 2446 quia
3366 2384 3483 2427 nec
3526 2364 3740 2428 omnia
3780 2363 4013 2444 scripta

2528 2473 2697 2527 sunt.
2726 2468 2805 2526 In
2834 2467 2942 2525 (lie
2978 2468 3115 2534 illo,
3144 2467 3363 2524 dicens
3386 2485 3407 2523 .·
3436 2468 3630 2525 Terra
3660 2484 3857 2542 quam
3890 2466 4015 2521 cal—

2528 2567 2699 2624 cavit
2736 2584 2849 2641 pes
2900 2574 3069 2635 tetus,
3102 2566 3227 2623 erit
3258 2564 3563 2640 possessio
3610 2573 3719 2623 tua
3748 2572 3809 2621 et
3856 2564 4017 2639 filio-

2528 2684 2675 2723 rum
2715 2674 2974 2723 tuorum
3006 2666 3074 2721 in
3111 2672 3453 2731 (eternum,
3485 2662 3641 2741 quia
3678 2670 3931 2720 secutus
3958 2681 4017 2719 es

2528 2764 2881 2825 Dominum
2900 2764 3103 2821 Deum
3132 2772 3310 2821 tuum
3324 2808 3337 2821 .
3360 2760 3570 2842 Aliqui
3590 2758 3831 2832 dicunt,
3846 2758 4015 2839 quod

2531 2860 2723 2923 Caleb
2756 2859 3167 2922 considerans
3195 2860 3413 2922 decem
3446 2857 3875 2939 exploratores
3904 2855 4021 2919 dir-

2534 2958 2809 3020 l'identes
2841 2958 2919 3019 de
2943 2958 3051 3020 Dei
3076 2957 3385 3031 subsidio,
3403 2955 3749 3018 declinavit
3768 2956 3848 3017 ad
3873 2964 4021 3017 tem-

933 3056 1333 3117 Testamento
1372 3056 1563 3117 Judas
1603 3055 1928 3138 apostolus
1971 3055 2167 3118 frater
2208 3056 2419 3118 Jacobi
2450 3060 2496 3126 C
2533 3076 2651 3140 pus
2681 3056 2761 3119 ab
2798 3056 2910 3133 eis,
2948 3064 3009 3118 et
3045 3056 3163 3118 ivit
3210 3055 3383 3119 solus
3422 3055 3489 3116 in
3524 3054 3796 3132 Hebron,
3832 3062 4021 3136 atque

933 3153 1223 3229 minoriS‚
1258 3154 1446 3216 Judas
1488 3154 1704 3216 Jacobi
1747 3163 2176 3237 nuncupatur.
2215 3154 2424 3218 Scien-

933 3255 1086 3316 dum
1128 3261 1451 3334 praeterea‚
1489 3255 1658 3333 quod
1692 3253 1882 3316 Caleb
1923 3253 2042 3316 iste
2083 3253 2290 3335 primo
2322 3253 2425 3314 Pa-

939 3351 1376 3433 ralipomenon
1439 3351 1676 3414 dicitur
1739 3352 1914 3414 filius
1962 3352 2226 3414 Hesron.
2282 3350 2423 3415 ldeo

935 3450 1215 3513 creditur
1245 3450 1414 3531 quod
1447 3459 1627 3533 pater
1657 3450 1796 3531 ejus
1830 3451 1954 3513 suit
1982 3451 2326 3513 binomius.

1019 3553 1208 3612 Nosti
1237 3551 1400 3629 quid
1433 3554 1678 3610 loeutus
1697 3553 1780 3609 sit
1801 3552 2118 3610 Dominus
2139 3554 2228 3610 ad
2250 3553 2427 3628 „Moy-

934 3671 1044 3710 sen
1076 3653 1402 3710 hominem.
1422 3651 1545 3709 Dei
1573 3652 1651 3708 de
1681 3671 1780 3708 me
1807 3659 1866 3708 et
1901 3660 1956 3708 te
1985 3652 2058 3708 in
2093 3652 2430 3710 Cmiesbar-

939 3769 1036 3809 ne.
1092 3747 1186 3809 Ab
1238 3747 1350 3810 illo
1409 3748 1705 3829 equidem
1768 3748 1906 3810 loco
1967 3746 2136 3808 misit
2190 3747 2427 3828 Moyses

936 3845 1272 3908 duodecim
1318 3845 1745 3926 exploratore-s
1785 3845 1862 3907 ad
1895 3845 2425 3908 considerandum

938 3952 1169 4005 terram
1214 3941 1510 4004 Chanaan
1559 3960 1572 4004 :
1628 3943 1737 4023 qui
1779 3943 1856 4004 ad
1889 3942 2182 4005 eumdem
2218 3942 2427 4004 locum

937 4039 1208 4123 regressi
1241 4049 1412 4103 sunt.
1436 4041 1768 4122 Quumque
1797 4043 2014 4104 decem
2047 4059 2124 4103 ex
2163 4041 2256 4102 eis
2288 4039 2430 4100 sub-

937 4148 1261 4202 verterent
1307 4140 1496 4203 corda
1539 4138 1820 4202 filiorum
1871 4139 2082 4215 lsrael,
2131 4139 2426 4215 dicend0‚

2535 3157 2771 3219 ibidem
2815 3157 2893 3218 ad
2944 3156 3307 3238 sepulcrum
3340 3154 3841 3216 patriarcharum
3890 3171 4023 3215 ora-

2536 3256 2647 3329 vit,
2684 3274 2764 3317 nc
2790 3263 2853 3317 et
2884 3254 3021 3336 ipse
3050 3253 3526 3316 subverteretur
3563 3251 3644 3313 ab
3674 3251 4023 3334 explorato-

2536 3355 2711 3417 ribus
2745 3353 3032 3428 vitiosis;
3066 3353 3339 3434 ideoque
3376 3352 3681 3414 Dominus
3722 3350 4025 3433 promise-

2538 3453 2618 3516 rit
2650 3453 2708 3514 ei
2742 3453 2891 3514 dare
2923 3452 3093 3514 hunc
3124 3451 3357 3514 locum.
3396 3451 3517 3513 Sed
3560 3450 3813 3512 videtur
3857 3449 4023 3510 istud

2539 3552 2873 3626 incertum,
2895 3569 3011 3612 nec
3043 3551 3119 3612 ad
3154 3548 3529 3611 salvandum
3562 3546 3893 3610 veritatem
3916 3545 4025 3606 hu-

2534 3652 2639 3733 jus
2671 3648 2972 3721 historiae,
2999 3648 3120 3712 hoc
3151 3647 3363 3710 dicere
3395 3654 3492 3709 est
3523 3663 3779 3708 necesse
3814 3662 3829 3706 :
3876 3663 4025 3726 quo·

2540 3749 2708 3811 niam
2752 3747 2963 3810 dicere
3005 3765 3341 3828 possumus
3384 3745 3551 3806 istud
3587 3763 3699 3825 per
3728 3743 4027 3824 synecdo—

2538 3847 2699 3910 chen
2760 3865 2898 3908 esse
2961 3844 3472 3924 intelligendum,
3527 3841 3679 3923 quia
3725 3840 4027 3903 Dominus

2538 3943 2833 4026 promisit
2864 3943 2920 4005 ci
2954 3949 3197 4024 partem
3232 3949 3413 4004 terrae
3446 3940 3640 4015 illius,
3676 3938 4027 4020 prmsertim

2541 4051 2781 4125 partem
2814 4060 3004 4122 quam
3030 4041 3237 4103 fuerat
3258 4039 3573 4102 electurus
3594 4047 3657 4100 et
3688 4035 4024 4119 petiturus.

2537 4142 2727 4205 Porro
2759 4141 2927 4221 quod
2960 4139 3069 4216 ait,
3106 4139 3240 4200 Erit
3270 4137 3587 4220 possessio
3618 4145 3727 4198 tua
3760 4135 3825 4197 in
3858 4143 4030 4198 aeter-

937 4238 1108 4319 quod
1163 4246 1390 4301 terram
1438 4238 1609 4301 illam
1663 4239 1952 4302 obtinere
1992 4257 2120 4301 non
2172 4245 2431 4319 possent
2466 4240 2510 4300 D
2541 4259 2717 4316 num,
2754 4239 2873 4300 sub
2919 4238 3286 4301 conditione
3326 4235 3817 4317 intelligendum
3870 4242 4025 4304 erat,

940 4346 1199 4419 propter
1233 4335 1674 4399 fortitudinem
1719 4338 2049 4400 civitatum
2085 4345 2146 4399 et
2190 4335 2431 4398 habita—

941 4445 1146 4498 torum
1195 4435 1419 4516 ipsiuS,
1452 4436 1638 4498 Josue
1683 4444 1744 4497 et
1788 4434 1978 4497 Caleb
2023 4435 2237 4499 conati
2283 4443 2429 4496 sunt

940 4533 1114 4596 filios
1163 4533 1347 4596 lsrael
1400 4533 1684 4596 animare
1715 4543 1778 4596 et.
1817 4534 2176 4599 confortare
2222 4534 2288 4596 in
2322 4533 2433 4596 Do-

939 4631 1136 4694 mino.
1173 4632 1434 4714 Propter
1464 4633 1636 4713 quod
1659 4632 1962 4695 Dominus
1986 4632 2143 4695 dixit
2173 4634 2250 4694 ad
2274 4633 2431 4714 Moy-

939 4749 1074 4806 sen,
1127 4731 1298 4811 quod
1354 4731 1582 4792 ceteris
1633 4731 2083 4812 pereuntibus,
2132 4732 2322 4794 Josue
2371 4739 2431 4793 et

938 4829 1130 4892 Caleb
1163 4829 1512 4910 ingressuri
1549 4838 1611 4892 et
1655 4830 2008 4911 possessuri
2062 4839 2275 4893 essent
2315 4839 2433 4893 ter-

940 4947 1073 4990 ram
1125 4947 1312 5008 quam
1366 4927 1874 5007 exploraverunt.
1933 4929 2056 4992 Hoc
2117 4939 2211 4991 est
2262 4930 2432 5010 quod

943 5025 1222 5104 tangitur
1275 5044 1443 5087 nunc
1485 5025 1550 5086 in
1598 5035 1789 5087 textu.
1829 5030 2283 5104 Quaslraqz'ma
2325 5050 2436 5088 an-

944 5146 1176 5184 norum
1205 5145 1381 5183 eram
1416 5128 1676 5203 quando
1707 5147 1806 5184 me
1853 5127 2028 5185 misit
2063 5129 2309 5203 „Moyses
2337 5131 2435 5206 sa-

948 5227 1161 5283 mnius
1190 5224 1461 5284 Domini
1490 5225 1614 5284 Dei
1642 5227 1721 5282 de
1745 5225 2166 5296 Cadesbarne,
2204 5235 2275 5285 uc
2304 5247 2438 5286 ron·

941 5323 1293 5381 siden-arem
1356 5330 1629 5390 terram,
1681 5323 2114 5400 nuntiavique
2159 5325 2222 5382 ei
2269 5327 2438 5402 quod

2541 4337 2837 4401 videlicet
2870 4337 2990 4398 nisi
3043 4335 3275 4418 posteri
3308 4334 3497 4397 Caleb
3539 4334 3859 4415 peccando
3903 4351 4032 4394 me-

2543 4444 2830 4499 rerentur
2879 4444 3045 4497 terra
3086 4434 3195 4496 illa
3237 4433 3497 4514 privari.
3533 4433 3669 4508 Vel,
3706 4431 4027 4492 AEternum

2541 4535 2814 4598 sumitur
2845 4533 2948 4596 hic
2971 4551 3087 4615 pro
3110 4532 3342 4595 sae-culo
3374 4551 3486 4593 seu
3512 4539 3793 4611 tempore
3814 4529 4028 4610 longo.

2638 4636 2947 4694 Concessil
2995 4651 3142 4708 erqo
3193 4633 3512 4693 Dominus
3574 4631 3776 4689 vitam
3830 4650 3889 4686 m
3902 4631 3965 4686 m
3976 4630 4028 4695 i,

2540 4735 2708 4792 sicut
2748 4732 3085 4810 pollicitus
3132 4740 3243 4801 est,
3294 4749 3492 4808 usque
3540 4730 3611 4786 in.
3650 4736 4031 4803 prce-sentem

2540 4835 2737 4892 diem.
2754 4831 2843 4891 Ex
2866 4829 2986 4891 hoc
3008 4828 3318 4909 sequitur,
3338 4827 3506 4907 quod
3539 4825 3729 4888 homo
3753 4825 4034 4887 virtuose

2542 4930 2787 5009 agendo
2838 4935 3114 4990 merctur
3154 4925 3346 4986 etiam
3381 4942 3567 5004 -szepe
3616 4921 4033 5003 temporalem

2546 5025 3053 5110 prosperitatem,
3119 5021 3801 5107 prolongationemque
3862 5020 4029 5088 vitm,

2547 5126 2839 5207 quamvis
2872 5125 2989 5186 hoc
3014 5143 3141 5185 non
3174 5122 3257 5184 sit
3278 5121 3607 5204 praeminm
3634 5118 3990 5201 principale
4017 5134 4031 5177 ε

2546 5233 2739 5304 atque
2772 5223 2837 5286 in
2872 5221 3069 5284 veteri
3102 5221 3505 5283 Testamento
3538 5218 3656 5280 hoc
3696 5217 3899 5298 magis
3936 5217 4037 5279 ha-

2550 5322 2687 5384 buit
2720 5322 2952 5393 locum,
2984 5319 3136 5401 quia
3170 5319 3234 5380 in
3282 5318 3393 5380 illo
3439 5315 3815 5397 temporalia
3856 5323 4033 5376 erant
