4359 6250
1007 503 1356 550 mannum
1398 505 1461 550 IN
1503 503 1640 550 GAP.
1687 503 1730 549 X
1771 503 1929 550 unm
1969 504 2140 551 PRllss
2181 503 2407 550 REGUH.
2451 523 2532 534 -
2572 503 2714 549 ΛΒΤ.
2760 503 2869 549 xlx

3363 485 3481 558 313

375 675 578 734 meo?
607 673 792 755 quasi
840 674 1032 751 dicat,
1072 674 1224 737 Tam
1283 683 1547 737 moestus
1596 693 1760 752 sum,
1807 692 1883 738 eo
1913 676 1962 737 A
1995 693 2138 738 nem
2170 672 2649 737 Philistinorum
2691 694 2833 756 quae
2872 659 3003 736 erat
3037 672 3103 735 in
3133 672 3360 738 Gabaa.
3398 679 3482 738 Et

373 773 563 854 quod
595 781 880 856 tempore
900 772 1210 836 aestimato
1233 793 1361 837 non
1388 774 1598 852 rediit,
1618 782 1690 836 ut
1711 773 1884 856 igno-

373 888 522 932 rem
545 871 703 952 quid
735 889 920 952 agere
949 871 1385 945 debeam.Quo
1407 880 1674 948 constat,
1690 892 1881 954 quam

375 967 604 1032 valide
642 988 788 1032 eum
830 970 1074 1049 dilexit,
1112 990 1240 1034 non
1282 971 1490 1034 solum
1529 978 1602 1032 ut
1643 968 1877 1047 filium,

375 1067 498 1129 sed
526 1076 591 1129 et
610 1067 763 1149 quia
794 1076 921 1130 tam
951 1068 1208 1149 elegans
1231 1068 1356 1131 l'uit
1385 1068 1452 1131 in
1485 1066 1884 1130 naturalibus

376 1172 448 1227 et
485 1167 1080 1248 supernaturalibus
1109 1167 1318 1230 doniS.

469 1263 774 1345 Sequitur
823 1265 1078 1344 signum
1128 1266 1502 1330 secundum.
1550 1269 1885 1346 Quumque

375 1363 628 1424 abieris
658 1365 840 1434 inde,
859 1373 920 1424 et
949 1368 1130 1426 ultra
1162 1365 1527 1434 transieriS,
1545 1373 1606 1425 et
1637 1365 1884 1424 veneris

375 1463 474 1520 ad
494 1481 804 1540 quercum
832 1464 1100 1523 Thabor.
1118 1461 1349 1524 Dicunt
1380 1460 1884 1542 nonnulli,quod

377 1558 642 1622 Thabor
663 1560 748 1621 sit
777 1560 886 1623 hic
916 1579 1150 1624 nomen
1182 1561 1326 1639 viri,
1354 1579 1482 1624 non
1512 1559 1771 1636 montiS‚
1797 1558 1886 1621 ita

377 1659 562 1738 quod
613 1677 890 1740 quercus
941 1659 1052 1721 illa
1101 1679 1139 1722 a
1177 1659 1320 1723 viro
1369 1659 1481 1722 illo
1530 1676 1882 1740 cognomen

114 1773 342 1826 cmxxxv,
375 1756 614 1819 sortita
642 1765 742 1820 est
777 1758 857 1821 ab
889 1766 1142 1836 eventu,
1179 1759 1345 1822 sicut
1378 1759 1444 1820 in
1473 1757 1699 1821 Genesi
1729 1756 1886 1820 dici-

377 1975 471 2018 τε.
511 1959 860 2018 Invenient
906 1968 962 2018 ce
1005 1960 1098 2017 ibi
1145 1969 1266 2018 tres
1311 1959 1447 2018 viri
1483 1959 1884 2018 ascendentes

375 2059 471 2116 ad
505 2057 716 2116 Deum
746 2057 820 2117 in
853 2059 1286 2126 &ethelstanus
1309 2066 1582 2134 portans
1613 2065 1735 2116 tres
1761 2057 1884 2116 lzoe-

372 2157 522 2223 dos,
547 2164 609 2215 et
639 2157 816 2215 alius
841 2165 962 2216 tres
995 2165 1192 2216 tortas
1206 2157 1432 2232 paniS,
1451 2165 1510 2216 ec
1539 2155 1715 2216 alius
1737 2173 1883 2231 por-

377 2262 530 2312 tans
561 2257 866 2330 laqenam
897 2251 1067 2323 vini,
1098 2252 1163 2314 id
1209 2261 1306 2315 est
1347 2253 1427 2314 ad
1472 2251 1881 2315 offerendum

373 2358 578 2432 atque
605 2351 918 2414 orandum
952 2350 1018 2413 in
1051 2347 1298 2414 excelso
1329 2350 1508 2413 urbis
1537 2350 1629 2412 sic
1658 2349 1878 2412 dictae:

376 2449 450 2512 in
497 2467 628 2531 quo
675 2449 815 2512 loco
861 2449 1191 2512 dicebatur
1225 2450 1380 2512 Deus
1421 2467 1561 2512 esse
1605 2448 1771 2511 sicut
1816 2449 1881 2510 in

373 2547 616 2611 ceteris
666 2547 828 2611 locis
875 2546 1080 2610 divini
1129 2547 1362 2610 cultus.
1399 2547 1628 2628 Sicque
1671 2565 1884 2610 ascen-

373 2647 596 2710 dendo
616 2648 698 2709 ad
720 2647 932 2710 locum
955 2646 1164 2722 illum,
1187 2646 1567 2710 dicebantur
1584 2645 1662 2708 ad
1685 2645 1879 2708 Deum

375 2746 732 2809 ascendere
779 2764 980 2827 quum
1027 2753 1237 2808 tamen
1286 2745 1366 2808 ad
1414 2743 1883 2808 incircumscri-

376 2844 683 2927 ptibilem
716 2843 1178 2925 infinitumque
1207 2845 1404 2906 Deum
1447 2842 1686 2924 ubique
1727 2862 1884 2924 prae-

376 2946 658 3020 sentem,
694 2942 978 3005 motibus
1021 2941 1308 3024 corporis
1351 2959 1479 3004 non
1520 2941 1878 3004 accedatur.

379 1863 512 1932 tur,
549 1875 828 1938 quercus
866 1857 1104 1934 Fletus,
1138 1857 1246 1921 ubi
1282 1857 1530 1940 sepulta
1561 1865 1656 1919 est
1685 1855 1886 1919 Debo-
1919 1866 1965 1929 Β
1995 1868 2096 1922 tur
2125 1861 2372 1924 Eliseus
2420 1860 2655 1923 dixisse
2695 1877 2709 1921 ε
2754 1859 3063 1924 Adducite
3112 1860 3269 1923 mihi
3318 1860 3483 1943 psal-

1990 794 2193 855 quum
2224 775 2546 851 inyressus
2574 774 2785 850 fueris
2826 775 2921 834 ibi
2948 776 3195 844 urbe-m,
3224 776 3481 835 obvium

1992 875 2249 934 habebis
2292 892 2551 950 yreyem
2594 874 3064 949 prophetarum
3112 875 3482 958 descenden-

1996 973 2162 1033 tium
2218 975 2297 1032 de
2354 975 2615 1041 eoecelso,
2655 969 2717 1032 id
2770 979 2867 1032 est
2914 969 3182 1052 praefato
3232 969 3479 1033 Domini

1992 1068 2156 1133 colle
2205 1070 2270 1131 in
2317 1087 2445 1151 quo
2492 1070 3071 1148 commorabantur,
3118 1080 3177 1131 et
3205 1079 3355 1131 ante
3382 1091 3483 1131 eos

1993 1168 2246 1231 obviam
2291 1167 2556 1231 habebis
2576 1172 2967 1246 psalterium
3005 1178 3065 1230 et
3098 1179 3482 1247 tympanum

1992 1279 2052 1329 et
2075 1269 2305 1329 tibia-m
2323 1278 2382 1328 et
2404 1271 2743 1337 citharam,
2756 1267 2821 1330 id
2843 1275 2939 1330 est
2958 1267 3264 1349 quosdam
3293 1265 3359 1328 in
3381 1265 3483 1329 his

1993 1365 2257 1429 musicis
2287 1366 2730 1429 instrumentis
2771 1366 3061 1429 ludentes
3092 1373 3282 1446 atque
3320 1365 3484 1448 psal-

1994 1464 2199 1528 lentes
2234 1482 2247 1526 :
2298 1472 2360 1527 et
2398 1464 2519 1528 hoc
2563 1483 2639 1528 ex
2683 1464 3000 1546 spirituali
3044 1463 3478 1545 jucunditate}

1994 1566 2072 1627 ad
2093 1563 2569 1646 provocandum
2590 1579 2847 1645 quoque
2867 1562 3264 1645 spiritualem
3287 1563 3485 1628 fervo-

1995 1681 2130 1726 rem
2161 1669 2225 1726 et
2254 1661 2667 1738 alacritatem,
2689 1670 2799 1724 aut
2822 1661 3013 1724 etiam
3045 1663 3481 1744 propheticam

1994 1761 2469 1838 revelationem,
2486 1769 2675 1843 prout
2696 1760 2795 1823 inl'
2798 1780 2865 1823 ra
2886 1760 3049 1824 libro
3072 1770 3296 1843 quarto
3329 1761 3483 1844 legi-

3528 1886 3581 1930 tv
3591 1887 3703 1942 Rea.
3716 1899 3773 1936 m,

1993 1968 2140 2023 tem.
2161 1960 2436 2023 Diversae
2467 1959 2767 2041 equidem
2787 1959 3077 2023 melodiae
3098 1959 3382 2023 diversas
3413 1959 3478 2022 in
3514 1953 3578 1993 ¹⁶·

1990 2058 2249 2121 homine
2279 2058 2557 2122 excitant
2585 2056 2984 2121 affectiones.
3003 2058 3157 2121 Nam
3190 2059 3480 2139 quaedam

1992 2157 2341 2239 planctum,
2376 2158 2663 2239 quaedam
2696 2157 2969 2238 gignunt
3007 2157 3313 2234 laetitiam,
3350 2156 3481 2220 imo

1991 2264 2056 2320 et
2084 2256 2514 2333 devotionem,
2550 2256 3101 2338 elevationemque
3131 2255 3363 2320 mentis
3400 2256 3481 2319 ad

1991 2355 2553 2437 contemplandum
2576 2353 3203 2436 sublimiaJpsosque
3214 2358 3483 2434 prophe-

1996 2465 2219 2516 tantes,
2238 2458 2319 2516 Et
2350 2455 2599 2516 insiliet
2620 2455 2693 2514 in
2717 2465 2773 2514 te
2792 2456 3085 2532 Spiritus
3104 2457 3394 2528 Domini,
3418 2455 3479 2517 id

1992 2560 2108 2628 est,
2144 2553 2415 2634 Spiritus
2461 2553 2728 2616 Sanctus
2773 2563 3035 2636 repente
3076 2573 3147 2617 ac
3188 2561 3483 2636 prompte

1991 2651 2332 2715 descendet
2362 2653 2429 2714 in
2462 2661 2522 2716 te
2542 2673 2656 2735 per
2676 2654 2987 2735 quosdam
3018 2673 3165 2717 suos
3186 2641 3480 2732 effectus,

1994 2749 2726 2834 multiplicationemque
2768 2752 2990 2833 gratiae
3029 2772 3101 2816 ac
3142 2753 3476 2816 donorum.

1993 2849 2136 2912 Ideo
2181 2850 2476 2913 subditur
2512 2869 2525 2913 :
2560 2862 2619 2913 et
2649 2855 3065 2932 prophetabis
3102 2874 3247 2914 cum
3275 2854 3389 2924 eis,
3420 2862 3484 2913 et·

1996 2951 2341 3010 mutaberis
2385 2953 2457 3010 in
2503 2953 2723 3012 virum
2760 2954 2998 3022 alium,
3030 2950 3096 3013 id
3139 2957 3257 3029 est,
3291 2936 3481 3015 solito

379 3045 728 3121 Quumque
759 3044 1162 3102 &salutaver
1165 3043 1290 3111 inl
1311 3043 1562 3102 dabunt
1586 3041 1705 3101 cibi
1721 3041 1883 3099 duo-³·
1913 3049 1957 3113 C
1991 3047 2282 3110 devotior
2311 3067 2385 3111 ac
2414 3049 2809 3132 spiritualior
2840 3051 2987 3114 eriS.

375 3161 610 3219 panea,
639 3150 700 3201 et
730 3141 1012 3218 accipies
1033 3143 1114 3201 de
1143 3161 1346 3202 manu
1377 3160 1621 3201 eorum.

464 3239 772 3321 Sequitur
815 3238 1075 3302 tertium
1116 3239 1393 3321 signum.
1437 3243 1592 3302 Post
1621 3240 1754 3301 Izoec
1781 3259 1882 3299 ve-

375 3342 524 3401 nies
555 3341 631 3399 in
660 3343 882 3399 collem
911 3341 1208 3409 Domini,
1230 3338 1296 3401 id
1329 3347 1424 3402 est
1455 3339 1521 3401 in
1553 3338 1782 3401 collem
1814 3338 1879 3399 in

374 3456 510 3519 quo
542 3437 958 3501 morabantur
978 3437 1324 3519 prophetae,
1344 3438 1694 3501 secundum
1715 3435 1883 3499 Glos-

373 3556 542 3600 sam.
579 3535 846 3609 Quidam
878 3554 1030 3599 vero
1060 3554 1176 3618 per
1205 3536 1434 3600 collem
1477 3535 1648 3599 hunc
1677 3536 1881 3599 Domi-

376 3636 473 3713 ni,
510 3634 971 3698 intellexerunt
1021 3634 1250 3698 collem
1300 3632 1763 3713 Cariathiarim,
1812 3636 1876 3698 in

373 3754 510 3818 quo
542 3732 788 3798 exstitit
812 3752 960 3797 arca
989 3734 1098 3797 Dei
1124 3754 1138 3798 :
1164 3735 1340 3817 quod
1367 3734 1478 3797 alii
1511 3735 1874 3817 reprobant,

372 3834 536 3917 quia
556 3833 708 3895 inde
737 3834 868 3916 jam
900 3841 1036 3895 erat
1057 3834 1361 3896 translata
1390 3852 1504 3916 per
1525 3834 1877 3898 Samuelem

377 3934 444 3995 in
475 3932 759 4014 Maspha,
781 3932 951 4013 quod
974 3931 1177 3995 nihilo
1210 3932 1422 3995 minus
1455 3932 1731 3996 faciliter
1762 3934 1881 3996 sol-

377 4040 665 4109 veretur,
706 4030 1010 4111 quoniam
1056 4030 1258 4093 multa
1301 4031 1578 4095 retinent
1617 4032 1880 4096 nomina

375 4150 498 4193 sua
529 4130 818 4211 antiqua,
864 4130 1159 4211 quamvis
1191 4131 1400 4242 prima
1429 4132 1878 4215 appellationis

2071 3146 2361 3226 Magister
2409 3147 2477 3211 in
2528 3149 2813 3213 historiis
2862 3150 3105 3228 recitat,
3152 3087 3322 3233 quod
3373 3150 3480 3213 Sa·

1991 3246 2162 3308 muel
2214 3246 2459 3329 primus
2506 3247 2789 3311 instituit
2831 3258 3183 3313 conventus
3229 3248 3480 3330 religio-

1993 3361 2208 3405 sorum
2237 3345 2475 3427 jugiter
2513 3347 2925 3429 psallentium
2957 3347 3244 3426 Domino,
3288 3357 3352 3412 et
3390 3349 3481 3411 di-

1990 3441 2300 3505 cebantur
2329 3454 2681 3508 conventus
2723 3464 2943 3509 eorum
2986 3466 3250 3525 cuneus,
3294 3448 3477 3530 quasi

1989 3540 2321 3619 counienS,
2336 3542 2437 3604 vel
2468 3544 2795 3618 counitus3
2820 3543 3321 3628 dicebanturque
3344 3563 3479 3627 pro-

1990 3639 2275 3721 phetare,
2325 3639 2390 3701 id
2440 3649 2534 3703 est
2580 3643 2777 3705 Deum
2821 3642 3059 3725 jugiter
3101 3644 3379 3721 laudare,
3415 3636 3479 3708 e't

1989 3738 2155 3801 forte
2195 3738 2453 3820 quidam
2499 3758 2573 3801 ex
2618 3741 2711 3802 eis
2754 3740 3099 3823 aliquando
3144 3742 3479 3824 propheta-

1989 3836 2162 3899 bant.
2198 3837 2341 3901 Haec
2373 3836 2485 3900 ibi.
2521 3838 2848 3916 Praeterea,
2874 3839 3215 3921 tripliciter
3243 3840 3477 3903 dicitur

1987 3934 2223 4015 aliquis
2268 3936 2669 4017 prophetare.
2716 3936 2947 4015 Prim0,
2993 3937 3476 4020 praenuntiando

1989 4032 2205 4096 futura
2234 4052 2392 4116 pure
2420 4034 2855 4115 contingentia
2875 4055 2952 4099 ex
2984 4036 3368 4100 revelatione
3387 4037 3477 4100 di-

1986 4131 2187 4197 vina:
2224 4154 2262 4196 a
2290 4152 2417 4215 quo
2446 4141 2589 4197 actu
2630 4136 2911 4221 proprie,
2948 4135 3077 4199 imo
3105 4144 3169 4198 et
3210 4135 3277 4197 in
3307 4155 3477 4199 com-
3494 4156 3497 4159 ’

157 4238 228 4280 ³¹⁰
231 4240 310 4281 ¹1¹·
377 4227 734 4293 cessaverit
761 4248 974 4305 causa,
990 4229 1156 4292 sicut
1187 4230 1253 4291 in
1273 4230 1616 4311 Evangelio
1647 4232 1881 4295 dicitur
1909 4238 1960 4300 D
1988 4231 2169 4293 muni
2199 4234 2387 4296 modo
2427 4233 2730 4345 loquendi
2770 4235 3177 4323 appellantur
3206 4235 3477 4318 Prophe-

113 4305 262 4407 nm:
267 4336 354 4417 33,
381 4327 610 4391 Simon
655 4327 968 4437 leprosus,
998 4330 1120 4390 Ubi
1147 4339 1238 4390 est
1272 4332 1464 4391 statio
1498 4333 1881 4393 Philistina-

379 4445 591 4488 rum:
621 4423 775 4506 quia
819 4424 887 4486 in
932 4424 1083 4488 loco·
1111 4424 1224 4489 illo
1262 4426 1607 4508 aliquando
1648 4436 1880 4490 castra-

379 4522 606 4587 metati
639 4530 790 4585 sunt
818 4522 1120 4587 Philistaei
1147 4548 1162 4599 ;
1201 4524 1334 4589 sive
1365 4533 1436 4587 ut
1467 4526 1579 4588 alii
1611 4525 1878 4609 opinan-

379 4630 502 4700 tur,
509 4641 628 4705 per
648 4620 989 4685 stationem
1009 4622 1488 4687 philistinorum
1512 4625 1878 4705 designatur

382 4721 564 4785 locus
603 4720 894 4783 munitus
935 4740 1047 4785 seu
1087 4730 1387 4801 castrum,
1423 4724 1490 4785 in
1531 4742 1657 4805 quo
1687 4724 1879 4787 Phili-

379 4819 521 4883 staei
561 4818 1029 4883 constituerant
1058 4820 1366 4901 quosdam
1397 4841 1473 4885 ex
1512 4823 1644 4885 suis
1675 4824 1880 4887 homi-

381 4936 500 4979 nes
543 4916 886 4981 bellicosos
929 4918 1011 4979 ad
1056 4916 1510 4982 refrenandum
1556 4922 1872 5001 HebraeOS,

152 5027 352 5082 macha.
379 5016 924 5097 quemadmodum
955 5015 1164 5098 primo
1195 5017 1359 5081 libro
1383 5018 1877 5085 Machabaeorum

117 5092 246 5197 2⁵52„
199 5095 266 5143 ³⁶
289 5108 350 5207 ’ζ
323 5109 730 5185 'multoties
756 5112 984 5191 fertur,
1019 5116 1190 5196 quod
1236 5116 1301 5177 in
1345 5136 1490 5181 arce
1532 5119 1878 5184 Jerusalem

121 5216 176 5263 ²·⁶
201 5221 275 5261 ἀι
379 5211 763 5294 alienigenae
793 5212 985 5294 positi
1007 5222 1211 5276 crant.
1226 5214 1402 5279 Unde
1424 5215 1594 5280 infra
1623 5238 1878 5301 quoque

121 5317 350 5377 mam-‚a
379 5318 702 5386 narratur,
739 5311 912 5391 quod
955 5310 1261 5376 Jonathas
1307 5316 1624 5395 percussit
1663 5319 1878 5383 statio-

1991 4336 2076 4391 tae.
2097 4328 2399 4406 Secundo,
2415 4332 2568 4413 quia
2588 4330 2948 4415 Scripturas
2968 4334 3243 4417 exponit,
3256 4334 3477 4416 sicque

1988 4427 2273 4509 loquitur
2319 4430 2548 4493 Paulus
2583 4452 2597 4497 ε
2630 4432 2971 4515 ,Prophetas
3018 4434 3143 4496 duo
3191 4442 3303 4496 aut
3348 4441 3474 4497 tres
3532 4461 3763 4513 worm„

1987 4527 2224 4591 dicant.
2260 4530 2491 4609 Tertio,
2526 4531 2679 4613 quia
2710 4532 3069 4615 spiritualia
3088 4532 3335 4596 cantica
3362 4551 3472 4595 seu
3504 4526 3572 4567 ’9-

1987 4626 2266 4709 psalmos
2296 4629 2609 4707 decantat,
2644 4649 2759 4694 seu
2778 4631 2975 4695 Deum
3006 4632 3343 4695 collaudat.
3364 4632 3476 4695 Po-

1988 4734 2111 4789 test
2139 4727 2287 4791 addi
2320 4736 2385 4790 et
2416 4736 2680 4809 quartus
2712 4732 2961 4808 moduS,
2998 4749 3123 4811 quo
3158 4730 3303 4794 l'alsi
3336 4750 3476 4813 pro-

1988 4825 2195 4935 phetae
2236 4826 2555 4889 interdum
2586 4828 2913 4911 Prophetae
2952 4828 3272 4905 dicuntur,
3308 4827 3475 4891 sicut

1988 4922 2054 4983 in
2107 4924 2378 4987 Jercmia
2420 4925 2739 4989 Hananias
2788 4928 3118 5010 propheta,
3154 4928 3476 5008 ceterique

1987 5024 2315 5106 prophetae
2363 5023 2473 5105 qui
2534 5026 3096 5108 apprehenderunt
3138 5027 3471 5090 Jeremiam

1987 5121 2383 5204 prophetam,
2411 5122 2694 5187 dicentes
2731 5141 2744 5185 :
2778 5125 3093 5187 Judicium
3126 5126 3347 5189 mortis
3379 5135 3475 5189 est
3533 5150 3629 5195 ιη.
3655 5163 3767 5201 xm,

1986 5220 2134 5283 huic
2178 5221 2341 5285 vire.
2376 5221 2591 5303 Itaque
2636 5222 2703 5283 in
2747 5222 2859 5286 illo
2898 5242 3101 5287 cuneo
3141 5225 3475 5307 propheta·
3504 5216 3544 5263 ⁸·
3570 5217 3637 5259 ¹¹·

1987 5338 2150 5397 rum,
2173 5327 2355 5382 erant
2386 5319 2591 5383 tribus
2621 5322 2936 5403 praetactis
2966 5323 3173 5387 modis
3203 5324 3476 5406 prophe-
