4359 6250
582 1270 746 1325 Ephes.
761 1274 846 1324 ¹¹02·

588 3730 751 3773 Joann.
763 3744 836 3783 ιιι,

573 3794 616 3834 31
629 3824 639 3843 ,
661 3795 728 3835 ³2.

881 479 960 541 52
1693 493 2042 540 manuario
2085 494 2144 540 m
2188 492 2324 538 mr.
2374 491 2479 536 vm
2518 491 2719 538 Josuss.
2768 512 2843 522 —
2887 493 3029 538 Aur.
3078 493 3158 539 xv

877 666 1217 747 adjuvatur
1259 684 1296 727 a
1337 665 1554 741 fratre,
1589 664 1774 746 quasi
1823 665 2046 727 civitas
2099 663 2365 726 munita.
2400 661 2449 723 A
2480 662 2543 724 di
2587 680 2661 726 ac
2708 664 3142 746 triumphandi
3194 663 3487 726 exhibeat
3526 661 3963 744 semetipsum.

875 764 1008 826 lmo
1030 764 1095 825 in
1127 763 1238 825 tali
1261 762 1569 826 conflictu
1591 763 1758 825 valet
1777 761 2108 844 potissime
2138 762 2371 824 ardens

877 862 1209 941 diligentia
1244 861 1666 944 praesidentiS‚
1704 879 1819 942 pro
1851 860 1975 922 sibi
2008 860 2369 924 commissis

878 960 1130 1024 fortiter
1164 953 1385 1023 contra
1417 967 1673 1042 peccata
1702 979 1778 1022 ac
1807 960 2130 1022 daemones
2161 958 2371 1041 praeli-

877 1059 1066 1120 antiS.
1101 1058 1385 1140 Insuper,
1423 1077 1536 1140 per
1563 1058 1751 1121 Josue
1783 1057 2164 1138 intelligitur
2194 1057 2373 1120 Chri-

879 1165 1036 1234 εωε,
1062 1175 1252 1239 quern
1283 1157 1443 1220 Deus
1473 1157 1654 1218 Pater
1674 1155 2061 1219 confortavit
2089 1174 2164 1218 ac
2195 1153 2371 1216 misit

879 1255 958 1317 ad
1007 1255 1498 1336 expugnandum
1543 1272 1760 1316 aereas
1810 1260 2176 1334 potestateS,
2211 1271 2369 1334 quas

879 1373 1025 1416 cum
1046 1369 1192 1432 rege
1211 1371 1428 1415 earum
1451 1351 1744 1434 principe
1765 1350 2184 1424 tenebrarum,
2200 1351 2369 1414 Chri-

880 1459 978 1515 sto
1017 1451 1292 1533 subjecit
1321 1449 1721 1534 plenissime.

957 1554 1136 1612 Pone
1177 1551 1458 1611 insidias
1497 1548 1764 1612 civitati.
1809 1548 2078 1611 Insidias
2121 1547 2367 1611 civitati

877 1647 1116 1710 diaboli
1147 1646 1466 1730 ponimuS,
1503 1666 1697 1728 quum
1744 1665 1858 1728 per
1900 1654 2141 1709 secreta
2173 1646 2371 1710 virtu-

876 1755 1012 1808 tum
1043 1745 1363 1822 exercitia,
1399 1745 2107 1828 supererogationisque
2147 1763 2362 1826 opera,

2478 760 2761 823 Valletur
2778 780 3033 844 quoque
3061 760 3298 824 auxilio
3319 767 3765 842 pugnatorum,
3784 759 3847 820 id
3870 765 3969 820 est

2476 859 2907 922 virtuosorum
2955 859 3221 921 fratrum
3268 857 3544 920 militum
3584 857 3696 919 Dei
3738 857 3969 920 oratio-

2480 956 2671 1019 nibus
2710 966 2773 1020 et
2803 957 3071 1034 meritiS,
3100 957 3231 1021 imo
3261 956 3547 1020 vicissim
3579 963 3643 1018 et
3680 955 3969 1018 exhorta-

2478 1055 2761 1118 tionibus
2802 1065 2867 1120 et
2910 1055 3220 1138 exemplis
3261 1056 3541 1137 juvetur,
3574 1054 3727 1136 quia
3754 1053 3964 1116 Aaron
4012 1078 4227 1122 &aaut

2475 1173 2549 1216 ac
2587 1155 2717 1216 Hur
2751 1174 2977 1217 manus
3016 1155 3243 1237 Moysis
3279 1153 3742 1216 sustentabant.
3778 1155 3965 1214 Abiit
3998 1147 4065 1187 ¹²·

2476 1272 2621 1331 erqo
2668 1257 2857 1315 Josue
2904 1265 3082 1315 nocte
3130 1256 3279 1323 illu,
3326 1262 3387 1313 et
3433 1254 3605 1312 stetit
3654 1253 3727 1312 in
3772 1251 3965 1311 vallis

2476 1353 2706 1411 medio.
2752 1350 2854 1414 Sic
2899 1351 3217 1432 praelatuS‚
3255 1350 3385 1414 imo
3432 1358 3496 1412 et
3535 1347 3743 1412 omnis
3792 1345 3967 1408 Chri-

2478 1447 2777 1512 stit'idelis
2824 1448 3013 1512 debet
3051 1469 3088 1511 a
3132 1447 3538 1529 suggestione
3578 1447 3799 1528 iniqua
3848 1463 3965 1527 per

2476 1548 2711 1610 mentis
2739 1548 3100 1610 dissensum
3135 1549 3527 1624 recedere,et
3556 1555 3723 1608 stare
3752 1545 3819 1606 in
3852 1543 3966 1605 hu-

2476 1645 2767 1722 militate,
2800 1665 2945 1728 quae
2996 1646 3160 1708 inter
3210 1644 3768 1728 praesumptionem
3818 1643 3963 1722 (seu

2476 1743 2845 1824 elationem)
2872 1753 2935 1806 et
2964 1743 3560 1826 pusillanimitatem
3602 1751 3696 1806 est
3726 1740 3958 1804 media.

879 1844 1008 1908 imo
1037 1863 1151 1926 per
1181 1843 1644 1906 occultissimas
1675 1849 1738 1905 et
1770 1843 1890 1905 soli
1925 1843 2046 1905 Deo
2076 1843 2363 1922 cognitas
2394 1841 2441 1903 Β
2475 1841 2628 1904 Nam
2658 1851 2899 1924 quanto
2928 1842 3075 1924 quis
3107 1843 3311 1925 major
3339 1851 3457 1920 est,
3494 1849 3669 1906 tanto
3699 1839 3965 1923 profun-

877 1945 1110 2007 mentis
1131 1943 1543 2022 cogitationes
1565 1961 1754 2024 puras
1776 1961 1848 2004 ac
1872 1941 2158 2014 humiles
2175 1951 2366 2023 atquc

875 2061 989 2125 pcr
1027 2041 1402 2104 affectiones
1435 2049 1684 2102 sanctas
1714 2060 1788 2102 ac
1831 2039 2130 2116 fervidaS,
2166 2049 2365 2103 'tenta-

876 2140 1078 2203 tiones
1100 2159 1172 2202 ac
1193 2139 1452 2221 laqueos
1473 2139 1835 2202 daemonum
1866 2159 2243 2221 superamus
2268 2157 2281 2200 τ
2302 2148 2364 2202 et

875 2237 1060 2301 talem
1093 2237 1468 2300 conflictum
1499 2237 1804 2299 adversus
1835 2236 2272 2312 eOS,Christus
2302 2245 2364 2300 et

874 2336 1013 2417 ejus
1043 2335 1320 2399 vicarius
1351 2353 1518 2416 saepe
1557 2335 1823 2398 edocent
1863 2334 2152 2398 subditos
2185 2355 2357 2398 suoS.

873 2435 1063 2498 Porro
1093 2433 1377 2497 Salvator
1418 2443 1636 2516 aperte
1675 2451 2052 2513 congressus
2093 2443 2189 2498 est
2218 2454 2365 2498 con-

874 2541 971 2595 tra
1009 2551 1116 2596 eos
1159 2552 1306 2596 cum
1350 2532 1483 2594 suis
1523 2531 1880 2614 discipulis,
1907 2533 2359 2596 Verumtamen

871 2631 1057 2713 quasi
1094 2631 1312 2713 fugam
1357 2630 1703 2707 simulavit,
1747 2631 1902 2692 dum
1940 2630 2194 2694 deitatis
2234 2652 2361 2696 suae

872 2729 1399 2812 omnipotentiam
1461 2728 1591 2789 illis
1648 2729 2014 2805 abscondit,
2071 2750 2266 2812 seque
2324 2751 2361 2794 a

873 2827 1178 2890 membris
1208 2835 1272 2889 et
1301 2825 1683 2889 satellitibus
1705 2827 2064 2891 daemonum
2095 2829 2163 2890 in
2187 2829 2362 2912 AEgy-

871 2934 1051 3008 ptum
1082 2924 1312 3006 fugari,
1348 2924 1623 3001 irrideri,
1658 2945 1730 2988 ac
1771 2926 2215 3008 multipliciter
2254 2929 2361 2990 tri-

2475 1941 2619 2002 dius
2652 1940 2990 2003 humiliare
3024 1960 3092 2003 se
3132 1941 3318 2003 debet
3354 1957 3367 2000 :
3408 1940 3538 2002 imo
3579 1958 3706 2022 quo
3747 1939 3963 2021 praesi-

2473 2040 2643 2114 ᾱθιιε,
2661 2059 2791 2121 prae
2810 2039 2967 2112 aliis
2984 2039 3171 2101 donis
3188 2039 3409 2118 gratiae
3428 2047 3571 2119 eget
3590 2037 3959 2119 majoribuS,

2470 2146 2534 2200 et
2560 2137 2921 2218 gratiosiori
2951 2137 3302 2201 directione
3326 2137 3597 2220 Spiritus
3628 2136 3863 2210 Sancti.
3885 2155 3962 2199 eo

2471 2235 2813 2317 perfectior
2841 2236 3171 2299 humilitas
3202 2235 3326 2298 sibi
3360 2245 3454 2299 est
3487 2235 3863 2300 necessaria.

2554 2338 2736 2404 Quod
2762 2357 2965 2416 quum
2998 2337 3258 2396 vidisset
3287 2357 3406 2395 rem
3437 2337 3599 2405 Hai,
3620 2337 3959 2413 festina-vit

2470 2455 2685 2504 mane,
2722 2446 2783 2495 et
2824 2455 3105 2512 cyre-esus
3142 2444 3233 2495 est
3260 2455 3409 2496 cum
3439 2436 3619 2496 omni
3662 2437 3950 2494 exercitu

2470 2533 2737 2595 suo.Per
2758 2551 2967 2614 regem
2990 2532 3125 2609 Hai,
3143 2540 3212 2594 ut
3241 2531 3485 2594 dictum
3516 2539 3633 2609 est,
3661 2533 3957 2615 princeps

2468 2629 2779 2713 accipitur
2811 2629 3236 2693 tenebrarum.
3256 2629 3554 2704 Quamvis
3581 2639 3794 2694 autem
3825 2630 3953 2712 pri-

2469 2748 2611 2790 mus
2652 2729 2760 2791 ille
2806 2736 3112 2810 apostata,
3167 2728 3251 2790 sit
3298 2728 3614 2809 generalis
3660 2728 3953 2792 omnium

2468 2827 2891 2908 malignorum
2942 2827 3239 2910 princeps
3289 2826 3629 2908 spirituum
3682 2825 3803 2889 sub
3852 2846 3951 2904 eo,

2471 2934 2679 2988 tamen
2700 2935 2795 2989 est
2818 2927 2983 2989 inter
3014 2925 3246 3008 impios
3269 2925 3416 2988 illos
3445 2924 3778 3007 multiplex
3800 2926 3955 2989 ordo

871 3023 1078 3086 bulari
1110 3022 1420 3105 permisit.
1455 3022 1789 3104 Quumque
1830 3025 2081 3106 longius
2121 3035 2359 3109 protra—
2387 3027 2432 3090 C
2469 3024 2955 3106 superioritatiS.
2980 3023 3110 3098 Quo
3140 3032 3351 3086 autem
3384 3023 3627 3105 praelati
3658 3023 3955 3087 Ecclesiae

871 3120 1066 3185 xisset
1083 3140 1192 3185 eos
1212 3129 1352 3204 post
1383 3141 1471 3199 se,
1496 3120 1584 3184 ita
1605 3124 1776 3203 quod
1810 3142 2010 3205 usque
2038 3127 2117 3188 ad
2147 3128 2357 3191 crucis

870 3219 1227 3303 patibulum
1267 3220 1537 3284 insecuti
1573 3228 1721 3282 sunt
1754 3238 1922 3297 eum,
1959 3230 2109 3286 tunc
2141 3227 2353 3290 statim

869 3328 1014 3401 post
1043 3319 1568 3383 resurrectionem
1592 3328 1655 3382 et
1674 3319 1947 3401 Spiritus
1969 3320 2176 3385 Sancti
2212 3326 2358 3388 mis-

869 3417 1138 3495 sionem,
1173 3436 1285 3499 per
1314 3435 1462 3480 suos
1491 3418 1825 3500 Apostolos
1856 3418 2142 3502 aliosque
2172 3422 2358 3485 disci-

868 3516 1054 3599 pulos
1083 3516 1427 3599 prostravit
1457 3535 1565 3579 eos
1595 3517 1880 3594 omnino,
1907 3518 1972 3579 in
2005 3518 2227 3581 multis
2260 3541 2359 3584 su·

866 3633 1050 3678 orum
1099 3614 1386 3677 millibus
1429 3614 1774 3678 electorum
1821 3634 1834 3677 2
1881 3625 2140 3699 propter
2182 3622 2355 3701 quod

868 3713 1163 3795 passione
1222 3714 1524 3786 instante,
1578 3712 1904 3795 professus
1955 3724 2052 3777 est
2103 3736 2116 3780 ε
2173 3718 2354 3782 Nunc

868 3813 1167 3895 princeps
1198 3811 1390 3891 hujus
1431 3811 1653 3873 mundi
1696 3812 1986 3893 ejicietur
2019 3813 2348 3883 foraS.Et:

866 3912 998 3991 Ego
1027 3909 1080 3973 si
1121 3907 1431 3972 exaltatus
1465 3908 1713 3972 fuero'a
1753 3918 1939 3989 terra,
1974 3913 2193 3977 omnia
2237 3925 2355 3979 tra·

865 4010 1016 4073 ham
1044 4008 1124 4070 ad
1145 4026 1248 4069 me
1279 4007 1512 4089 ipsum.
1549 4006 1706 4069 Hinc
1725 4008 1904 4071 Pater
1935 4011 2261 4092 pollicitus
2292 4016 2350 4078 ei

2468 3130 2531 3185 et
2576 3121 2799 3184 fideles
2835 3120 3164 3184 ardentius
3202 3121 3281 3184 ad
3321 3120 3591 3186 virtutes
3634 3140 3702 3185 se
3752 3120 3955 3205 appli-

2464 3228 2627 3295 cant,
2643 3220 3023 3302 viriliusque
3044 3238 3111 3282 se
3131 3228 3467 3301 opponunt
3498 3219 3953 3283 tentationibus

2464 3329 2529 3383 et
2555 3319 2941 3401 peccatiS,eo
2970 3318 3290 3381 daemones
3320 3326 3383 3381 et
3413 3317 3616 3401 aliqui
3648 3319 3815 3380 inter
3844 3338 3953 3382 eos

2462 3416 2936 3494 eminentioreS,
2978 3416 3189 3479 acrius
3228 3424 3291 3479 et
3330 3417 3601 3479 celerius
3647 3416 3791 3480 illos
3839 3418 3954 3479 im—

2462 3534 2746 3598 pugnare
2774 3535 2849 3579 ac
2868 3514 3145 3597 dejicere
3175 3515 3953 3597 moliuntur.Di·e-exitque

2460 3620 2665 3677 aciem
2694 3626 2917 3676 contra
2945 3618 3267 3675 desertum
3298 3636 3321 3674 .·
3351 3614 3505 3696 quia
3548 3613 3807 3697 iniquus
3840 3614 3951 3677 ille

2460 3722 2746 3795 apostata
2788 3732 2896 3777 eos
2938 3712 3195 3794 gravius
3238 3712 3606 3790 insectatur,
3644 3713 3755 3795 qui
3804 3714 3965 3777 reli-⁹

2461 3820 2564 3875 cto
2583 3811 2835 3888 saeculo,
2856 3812 2935 3873 ad
2955 3810 3345 3873 eremiticam
3368 3810 3566 3873 vitam
3597 3831 3711 3874 seu
3740 3831 3953 3876 mona-

2462 3909 2686 3973 sticam
2715 3910 3260 3973 conversationem
3293 3908 3693 3989 confugiunt,
3728 3918 3951 3973 contra

2459 4027 2620 4089 quos
2660 4008 3003 4091 praeliatur,
3031 4009 3214 4089 quasi
3264 4027 3457 4071 manu
3504 4009 3583 4071 ad
3633 4027 3895 4071 manum
3932 4027 3949 4070 ε

586 4122 749 4173 nun,
769 4125 834 4166 η.
865 4116 961 4170 est
991 4126 1104 4189 per
1133 4104 1357 4167 isaiam
1393 4124 1406 4168 :
1441 4104 1818 4188 Dispertiam
1841 4107 1899 4170 ei
1932 4109 2266 4190 plurimOS,
2288 4122 2353 4177 et
2463 4114 2719 4188 propter
2748 4106 2919 4187 quod
2950 4105 3230 4168 solitaria
3250 4105 3382 4169 vita
3414 4106 3770 4188 periculosa
3800 4126 3949 4170 cen-

865 4203 1125 4268 fortium
1157 4203 1400 4266 dividet
1431 4202 1655 4285 spolia,
1691 4222 1806 4285 pro
1839 4223 1915 4268 eo
1955 4208 2127 4289 quod
2159 4210 2353 4271 tradi·
2380 4208 2429 4270 D
2460 4214 2630 4267 setur
2657 4213 2721 4267 et
2747 4205 2967 4268 ardua.
2998 4208 3187 4266 Josue
3217 4224 3361 4265 vero
3390 4216 3451 4267 et
3482 4209 3691 4267 omnis
3724 4206 3937 4269 multi-

861 4302 957 4364 dit
985 4302 1051 4363 in
1083 4310 1349 4364 mortem
1382 4301 1660 4363 animam
1695 4320 1896 4364 suam.

937 4404 1126 4462 Josue
1154 4409 1369 4461 autem
1399 4410 1577 4460 nocte
1607 4401 1728 4461 illa
1761 4402 1830 4461 in
1871 4405 2076 4462 medio
2111 4408 2350 4467 mansit

850 4501 1105 4577 populi.
1122 4497 1223 4560 Sic
1245 4498 1542 4581 praelatus
1572 4506 1856 4580 tempore
1889 4500 2255 4563 tentationis
2286 4512 2351 4565 et

857 4597 1260 4660 adversitatis
1289 4595 1802 4678 inseparabiliter
1823 4596 2010 4660 debet
2040 4598 2349 4665 adsistere

857 4714 973 4758 suo
991 4694 1189 4775 gregi,
1211 4703 1274 4757 et
1294 4694 1642 4777 unicuique
1669 4703 1979 4775 quantum
2011 4705 2242 4778 potest.
2264 4703 2348 4762 Ec

853 4795 1143 4855 ascendit
1190 4814 1337 4855 cum
1384 4795 1744 4853 senioribus
1792 4795 1866 4854 in
1907 4795 2120 4871 fronte
2169 4818 2347 4857 ewer—

852 4895 1047 4963 cituS,
1082 4896 1362 4952 vallatus
1410 4893 1668 4951 auxilio
1707 4904 2168 4968 puynatorum.
2216 4895 2344 4959 Hoc

853 4989 1045 5072 plane
1082 4989 1162 5051 ad
1199 5007 1452 5052 omnem
1500 4996 1743 5069 spectat
1784 4998 2122 5072 pastorem,
2165 5002 2235 5055 ut
2275 4994 2339 5056 in

852 5089 1101 5150 cunctis
1151 5106 1219 5150 se
1267 5085 1544 5168 praebeat
1602 5088 2049 5169 exemplarem,
2104 5099 2165 5152 et
2216 5092 2339 5155 sibi

851 5185 1228 5249 commissos
1259 5184 1325 5245 in
1346 5184 1520 5247 omni
1543 5188 1858 5267 praecedat
1878 5187 2132 5264 virtute,
2149 5199 2339 5272 atque

852 5282 919 5345 in
951 5282 1371 5345 tentationum
1403 5283 1711 5347 conflictu
1744 5283 2016 5349 formam
2047 5286 2341 5350 resisten-

2461 4305 2609 4366 tudo
2628 4307 2835 4365 Israel
2862 4314 3181 4365 cesserunt
3215 4309 3373 4375 2000,
3402 4307 3783 4367 simulantes
3814 4327 3940 4367 me-

2460 4412 2617 4474 tum,
2639 4412 2698 4463 et
2724 4403 3046 4479 fuyientes
3067 4422 3190 4479 per
3214 4406 3593 4465 solitudinis
3622 4406 3817 4465 viam.
3841 4404 3945 4467 Sic

2457 4500 2642 4563 multi
2679 4500 2863 4563 electi
2909 4500 3159 4577 fideleS,
3193 4502 3482 4565 videntes
3524 4522 3592 4565 se
3632 4504 3799 4566 inter
3828 4522 3941 4566 εω-

2455 4600 2700 4663 culares
2741 4599 3033 4662 homines
3079 4599 3183 4662 vix
3228 4618 3413 4680 posse
3452 4600 3705 4677 salvari,
3740 4603 3821 4665 ad
3852 4621 3945 4665 se-

2454 4706 2626 4761 creta
2654 4707 2717 4761 et
2759 4698 3043 4761 solitaria
3081 4707 3277 4779 atque
3316 4699 3665 4763 monastica
3714 4719 3938 4783 prope-

2454 4807 2596 4860 rant
2651 4798 2812 4874 loca,
2866 4796 2933 4858 in
2982 4796 3218 4877 quibus
3276 4814 3405 4859 non
3465 4798 3703 4861 habent
3756 4808 3932 4862 tanta

2454 4895 2757 4977 peccandi
2786 4895 3217 4971 incitamenta,
3254 4914 3371 4958 nec
3402 4902 3529 4957 tam
3576 4897 3769 4961 fortia
3794 4916 3944 4961 con-

2452 4992 2985 5076 cupiscentiarum
3016 4993 3305 5074 objecta3
3352 5003 3415 5056 et
3460 4998 3763 5075 quoniam
3808 5018 3939 5061 me-

2453 5101 2637 5154 tuunt
2668 5092 2834 5154 inter
2860 5094 3219 5155 mundanos
3252 5092 3543 5156 homines
3576 5096 3939 5177 supplanta-

2452 5190 2527 5266 ri,
2580 5197 2642 5253 et
2688 5209 2833 5252 cum
2884 5190 3200 5271 perversis
3253 5192 3552 5270 perverti,
3605 5194 3686 5255 ad
3737 5194 3933 5258 vitam
3968 5212 4243 5265 Paxwffi.
4317 5178 4318 5187 ἵ

2447 5288 2827 5351 abstractam
2858 5288 3152 5352 nituntur
3187 5290 3569 5372 pertingere.
