4359 6250
608 1570 644 1613 11
659 1570 772 1612 Par.
789 1583 844 1619 w.

583 1636 602 1675 ί
609 1636 644 1676 3.
654 1632 718 1676 Cf.
725 1632 850 1688 Lyra-

581 1708 685 1739 num
721 1708 849 1751 super

867 476 988 541 632
1465 493 1814 539 masurio
1857 493 1916 539 m
1960 493 2098 539 m.
2143 492 2227 537 vu
2270 492 2428 537 tiam
2468 491 2667 537 rssaru
2710 491 2935 537 ascum.
2980 510 3061 521 —
3102 492 3245 537 aar.
3289 492 3359 538 xx

871 667 1350 750 responsionem
1380 668 1562 749 ponit
1592 674 1653 729 et
1685 665 1973 747 sequitur
2001 664 2263 745 quidam
2284 680 2359 724 ex
2388 662 2439 724 A
2469 662 2840 739 ornatioreS,
2866 663 3317 728 eminentiores
3350 662 3416 724 in
3448 662 3691 740 multi8‚
3726 671 3789 726 et
3816 680 3955 745 pro-

870 768 1084 830 verbis
1135 766 1336 829 Rabbi
1382 765 1736 828 Salomonis
1773 782 1786 826 :
1821 784 1963 845 quae
2003 772 2215 825 tamen
2266 779 2360 822 re-

870 865 1130 948 sponsio
1161 864 1600 947 apparentiam
1629 863 1944 926 modicam
1975 861 2188 937 habet,
2207 879 2361 942 prae-

870 964 1090 1026 sertim
1120 983 1320 1046 quum
1352 984 1424 1026 ex
1459 963 1660 1045 ipsius
1701 962 1912 1025 verbis
1943 960 2074 1042 jam
2117 960 2359 1022 dictum

871 1063 976 1139 sit,
1008 1064 1180 1145 quod
1211 1062 1534 1145 portiones
1567 1062 2008 1124 columnarum
2039 1067 2220 1123 erant
2250 1078 2363 1119 un-

870 1162 1064 1243 dique
1095 1160 1454 1243 perforatae,
1479 1160 1569 1222 ita
1595 1160 1764 1241 quod
1799 1159 2014 1223 lumen
2045 1157 2361 1220 transiens

874 1279 986 1342 per
1038 1260 1147 1322 illa
1195 1259 1530 1336 foramina,
1567 1259 1722 1321 satis
1771 1259 2104 1321 ostendere
2154 1256 2363 1339 potuit

873 1360 1089 1423 omnia
1149 1358 1578 1439 malogranata
1636 1357 1982 1439 cujuslibet
2039 1355 2357 1438 capitelli,

875 1478 1072 1541 quum
1105 1464 1168 1519 et
1199 1457 1480 1539 porticus
1524 1457 1718 1519 fuerit
1757 1456 2094 1518 luminosa.
2131 1456 2361 1517 lterum

874 1556 1202 1639 quaeritur,
1241 1556 1562 1637 quomodo
1613 1556 1678 1617 in
1709 1555 2235 1636 Paralipomenon
2275 1553 2365 1614 di-

877 1662 1102 1718 cantur
1161 1653 1361 1716 fuisse
1421 1653 1842 1735 quadraginta
1896 1652 2359 1733 malogranata,

2469 768 2610 841 pter
2640 780 2855 823 earum
2890 762 3219 843 mysticam
3252 760 3793 842 significationem
3828 779 3844 821 ε
3876 761 3956 821 de

2470 878 2597 941 qua
2628 860 2691 921 in
2726 862 3015 941 sequenti
3048 860 3317 923 articulo
3361 879 3590 923 sermo.
3624 859 3953 941 Siquidem

2470 958 2784 1021 columnae
2814 958 2941 1020 illae
2972 976 3099 1021 non
3133 958 3393 1021 fuerunt
3434 958 3615 1021 factae
3652 968 3764 1020 aut
3804 958 3959 1020 situ-

2470 1064 2587 1119 atae
2628 1056 2695 1118 in
2736 1058 3006 1139 porticu,
3050 1058 3129 1119 ad
3172 1058 3657 1120 sustentandum
3698 1056 3959 1137 aliquod

2472 1156 2743 1237 ponduS,
2778 1156 2887 1218 sed
2937 1156 3015 1218 ad
3054 1158 3347 1219 decorem
3396 1166 3459 1218 et
3497 1155 3963 1238 praefiguratio-

2472 1274 2636 1317 nem.
2664 1255 2817 1317 Nam
2846 1263 2911 1316 et
2932 1254 3101 1317 infra
3126 1274 3341 1318 muros
3372 1255 3655 1337 porticus
3688 1255 3956 1330 stabant,

2472 1363 2534 1414 et
2580 1353 2795 1415 liliatae
2826 1362 3007 1416 erant
3052 1353 3117 1415 in
3160 1354 3420 1417 vertice.
3454 1353 3701 1416 Lilialis
3747 1362 3961 1415 autem

2475 1451 2705 1533 figura,
2726 1470 2853 1514 non
2876 1461 2974 1514 est
3003 1453 3079 1514 ad
3102 1453 3484 1534 portandum
3512 1452 3777 1534 aliquod
3798 1471 3965 1515 onus

2472 1558 2639 1632 apta.

2554 1650 2859 1712 Praeterea
2895 1649 3163 1730 quaestio
3202 1650 3405 1713 oritur
3442 1650 3613 1713 circa
3650 1650 3967 1731 praehabi-

596 1759 653 1802 1¹1
673 1760 782 1814 Rev·
875 1772 1076 1835 quum
1108 1752 1175 1813 in
1207 1753 1426 1815 eodem
1452 1752 1742 1832 legantur
1775 1751 1974 1813 fuisse
2003 1757 2366 1827 centum,et
2477 1756 2553 1823 ta,
2571 1748 2875 1829 quoniam
2908 1748 3145 1811 dictum
3178 1758 3294 1825 est,
3320 1748 3675 1830 quamlibet
3706 1748 3963 1811 illarum

878 1852 944 1913 in
971 1851 1242 1913 Jeremia
1274 1850 1622 1931 nonaginta
1649 1869 1780 1926 sex,
1815 1856 2004 1930 atque
2026 1849 2092 1911 in
2126 1849 2248 1910 isto
2270 1867 2365 1911 ca—
2402 1846 2447 1909 Β
2475 1846 2919 1909 columnarum
2961 1846 3261 1911 habuisse
3300 1848 3365 1910 in
3408 1848 3749 1910 altitudine
3788 1847 3967 1910 cubi·

820 5173 852 5189 f

875 1949 1079 2032 pitulo
1111 1949 1596 2031 quadringenta.
1635 1948 1726 2009 Ad
1756 1949 1926 2029 quod
1959 1948 2112 2009 satis
2143 1948 2368 2030 proba·

873 2049 1090 2112 biliter
1121 2048 1558 2129 respondetur,
1592 2048 1763 2129 quod
1795 2048 1951 2110 vitio
1981 2047 2365 2129 scriptorum

875 2168 952 2211 ex
983 2146 1404 2209 similitudine
1425 2145 1802 2221 dictionum,
1826 2154 2032 2209 textus
2064 2145 2175 2208 ille
2197 2146 2369 2207 Para-

878 2246 1247 2329 lipomenon
1279 2245 1363 2307 sit
1385 2252 1745 2326 corruptuS,
1777 2244 2071 2307 habendo
2101 2243 2369 2317 Quadra-

876 2345 1053 2424 ginta
1091 2362 1207 2427 pro
1246 2343 1738 2423 Quadringenta,
1775 2342 2122 2424 praesertim
2165 2361 2365 2423 quum

877 2444 944 2506 in
977 2443 1236 2507 Hebraeo
1269 2442 1597 2518 habeatur,
1632 2440 2122 2523 Quadringenta.

959 2541 1196 2623 ltaque,
1225 2559 1425 2621 quum
1462 2539 1528 2601 in
1569 2547 1741 2601 textu
1779 2539 1900 2601 isto
1931 2539 2232 2601 dicuntur
2272 2537 2371 2600 fu-

879 2640 1006 2703 isse
1065 2637 1324 2701 ducenti
1373 2637 1628 2700 ordines
1673 2636 2251 2717 malogranatorum
2302 2636 2369 2697 in

878 2739 1150 2802 circuitu
1199 2736 1482 2819 capitelli
1533 2736 1820 2811 secundi,
1857 2744 2065 2817 potest
2109 2754 2223 2817 per
2270 2756 2372 2798 ca-

880 2838 1172 2920 pitellum
1202 2836 1573 2912 secundum,
1593 2834 1863 2916 intelligi
1885 2835 2253 2917 capitellum
2286 2854 2373 2897 se-

881 2936 1105 2999 cundae
1129 2934 1471 3007 columnae3
1505 2942 1568 2996 et
1592 2934 1761 3015 quod
1793 2933 1872 2995 de
1902 2934 2042 3013 ejus
2073 2933 2372 3015 capitello

2478 1954 2573 2008 tos
2624 1944 2885 2024 triginta
2926 1946 3215 2027 quinque
3260 1965 3275 2007 :
3317 1948 3487 2027 quod
3537 1965 3666 2009 non
3710 1946 3967 2009 videtur

2476 2044 2805 2127 possibile,
2840 2063 3037 2125 quum
3074 2044 3139 2105 in
3180 2044 3501 2127 principio
3545 2046 3964 2128 praecedentis

2474 2143 2723 2206 dicatur
2762 2142 3048 2224 capituli,
3081 2144 3253 2223 quod
3283 2144 3553 2207 altitudo
3584 2145 3807 2226 templi
3838 2143 3963 2206 fuit
4020 2166 4251 2221 nimau.

2479 2240 2740 2322 triginta
2768 2241 3153 2317 cubitorum,
3172 2241 3470 2305 videlicet
3500 2262 3703 2323 usque
3730 2243 3811 2304 ad
3840 2242 3967 2325 pri-
3996 2232 4037 2271 ι

2478 2360 2653 2403 mum
2685 2340 3010 2402 solarium.
3047 2340 3110 2402 Si
3152 2358 3302 2421 ergo
3350 2340 3650 2402 columna
3692 2348 3967 2423 utraque

2480 2438 2507 2500 f
2512 2438 2605 2501 uit
2634 2438 2893 2518 triginta
2924 2438 3209 2521 quinque
3240 2438 3623 2515 cubitorum,
3656 2440 3971 2503 extendis-

2482 2546 2575 2599 set
2596 2556 2664 2599 se
2693 2537 2981 2618 quinque
3012 2536 3245 2600 cubitis
3276 2537 3444 2599 ultra
3482 2538 3759 2619 primum
3792 2539 3973 2602 tabu-

2481 2636 2679 2698 latum
2712 2636 2951 2699 solarii.
2986 2635 3079 2697 Ad
3127 2635 3298 2698 istud
3337 2645 3549 2699 tamen
3596 2636 3795 2718 aliqui
3840 2648 3969 2701 tam

2480 2734 2785 2798 Catholici
2817 2754 3009 2815 quam
3030 2734 3273 2797 Hebraei
3305 2735 3623 2811 dixerunt,
3644 2754 3975 2816 argumen-

2482 2841 2614 2896 tum
2676 2833 2844 2895 istud
2896 2831 3277 2896 concludere
3330 2852 3345 2895 ε
3401 2834 3543 2897 ideo
3595 2844 3969 2917 posuerunt,

2481 2932 2649 3014 quod
2679 2931 2976 2994 columna
3004 2931 3306 3012 quaelibet
3336 2952 3623 2995 seorsum
3666 2953 3795 2995 una
3826 2954 3975 2997 cum

881 3032 1205 3109 asseritur,
1241 3033 1319 3095 de
1364 3032 1586 3114 primae
1625 3050 1882 3113 quoque
1915 3031 2230 3095 columnae
2278 3051 2374 3095 ca·
2408 3032 2453 3094 C
2482 3050 2597 3093 suo
2628 3030 2927 3112 capitello
2956 3038 3019 3093 et
3050 3030 3365 3112 epistylio,
3404 3049 3531 3093 non
3564 3030 3688 3094 fuit
3718 3032 3843 3095 nisi
3874 3036 3977 3097 de—

882 3133 1102 3216 pitello
1135 3133 1321 3194 datur
1354 3131 1649 3212 intelligi.

963 3235 1049 3293 Et
1067 3233 1297 3292 statuit
1315 3234 1481 3290 duas
1505 3235 1836 3291 columnas
1859 3232 1932 3290 in
1947 3232 2205 3308 porticu
2230 3241 2375 3290 tem-

876 3333 1004 3410 pti,
1038 3330 1158 3394 hoc
1201 3336 1318 3406 cst,
1352 3327 1650 3410 praefatas
1694 3330 1849 3391 duas
1889 3329 2225 3393 collocavit
2256 3330 2375 3392 ibi-

881 3430 1049 3506 dem,
1085 3437 1156 3490 ut
1186 3427 1426 3491 dictum
1459 3435 1574 3502 est,
1603 3428 1782 3507 juxta
1817 3444 2030 3489 muros
2065 3447 2174 3490 seu
2212 3429 2375 3510 pari-

883 3536 1016 3591 etes
1047 3526 1352 3609 porticus,
1392 3526 1556 3588 inter
1585 3544 1746 3606 quos
1787 3525 1908 3587 fuit
1942 3523 2144 3607 ipsius
2180 3527 2375 3608 porti-

883 3645 996 3690 cus
1018 3626 1298 3688 latitudo.
1320 3628 1654 3704 Quumque
1671 3626 1992 3685 statuisset
2011 3629 2375 3687 columnam

883 3727 1242 3792 deoeteram,
1273 3721 1334 3783 id
1371 3729 1468 3783 est
1505 3740 1644 3782 eam
1679 3739 1820 3801 quae
1858 3719 1982 3782 fuit
2019 3721 2085 3782 in
2121 3722 2379 3784 dextera

885 3821 1166 3903 porticus
1188 3828 1386 3902 parte,
1415 3823 1662 3880 vocavit
1681 3841 1823 3881 eam
1844 3822 2103 3881 nomine
2119 3822 2376 3889 Jachin,

881 3920 1052 4001 quod
1083 3919 1537 4000 interpretatur
1558 3917 2168 4000 firmitas,quoniam
2195 3918 2379 3982 valde

883 4016 1252 4082 excellentis
1286 4014 1411 4077 fuit
1443 4015 1788 4080 firmitatis,
1816 4018 2144 4078 Similiter
2171 4020 2378 4078 erexit

884 4121 1252 4178 columnam
1283 4119 1658 4185 secundam,
1692 4115 1756 4177 in
1789 4115 2050 4177 sinistra
2094 4105 2377 4196 porticus

2482 3151 2619 3194 cem
2652 3138 2714 3192 et
2745 3138 2886 3193 octo
2916 3128 3299 3206 cubitorum,
3324 3130 3491 3194 sicut
3521 3131 3586 3193 in
3620 3139 3790 3195 textu
3824 3133 3975 3198 insi-

2484 3229 2664 3292 nuari
2688 3228 2961 3305 videtur,
2987 3248 3185 3309 quum
3209 3227 3463 3306 dicitur,
3488 3231 3713 3293 Decem
3744 3239 3809 3294 et
3826 3241 3973 3296 octo
4002 3269 4119 3299 ven.
4150 3260 4209 3298 ιε.

2484 3328 2843 3392 cubitorum
2890 3327 3251 3390 columnam
3292 3348 3507 3390 unam.
3542 3328 3747 3409 Atque
3786 3332 3865 3392 ad
3906 3331 3971 3394 id

2484 3427 2652 3510 quod
2686 3426 2962 3488 secundo
2983 3427 3505 3508 Paralipomenon
3532 3427 3785 3507 legitur,
3812 3429 3973 3494 Ante
4030 3453 4067 3496 11
4084 3455 4193 3494 Par.
4210 3469 4261 3495 tr..

2486 3524 2655 3588 fores
2688 3524 2910 3606 templi
2946 3524 3098 3587 fecit
3125 3525 3283 3587 duas
3314 3525 3666 3602 columnaS,
3692 3546 3837 3608 quae
3868 3529 3975 3590 tri-
4006 3519 4075 3561 ¹⁵·

2485 3625 2662 3705 ginta
2692 3633 2755 3686 et
2784 3624 3069 3705 quinque
3100 3624 3349 3688 cubitos
3396 3624 3718 3687 habebant
3760 3625 3977 3688 altitu-

2484 3723 2677 3799 dinis,
2713 3723 3119 3804 respondent,
3154 3723 3273 3786 hoc
3303 3742 3441 3786 esse
3486 3724 3977 3804 intelligendum

2486 3821 2903 3904 conjunctim,
2940 3829 3011 3882 ut
3044 3822 3125 3883 sit
3170 3841 3417 3899 sensuS‚
3450 3824 3621 3904 quod
3665 3823 3870 3886 ambae
3898 3824 3981 3885 si-

2488 3920 2619 3982 mul
2650 3927 2830 3983 erant
2862 3919 3220 3981 altitudinis
3256 3927 3467 3982 tantae.

2568 4017 2687 4080 Sed
2716 4025 2937 4080 contra
2966 4017 3085 4080 hoc
3116 4025 3390 4098 arguunt
3420 4018 3553 4093 alii,
3586 4019 3741 4100 quia
3778 4038 3981 4101 quum

2487 4137 2615 4179 una
2644 4116 2938 4179 habuerit
2962 4117 3042 4179 ad
3091 4117 3303 4179 minus
3347 4118 3565 4180 decem
3606 4127 3671 4180 et
3718 4129 3863 4181 octo
3914 4119 3981 4181 in

886 4224 1084 4299 parte,
1121 4232 1248 4278 non
1282 4213 1422 4275 sine
1451 4213 1795 4276 multorum
1825 4213 2160 4294 'adjutorio
2198 4222 2260 4276 et
2292 4215 2379 4276 la-
2410 4215 2460 4276 D
2486 4215 2823 4278 altitudine
2851 4214 3121 4292 cubitoS,
3149 4215 3351 4278 ambae
3380 4216 3570 4277 simul
3604 4216 3981 4280 habuissent

887 4316 1060 4390 bore,
1089 4324 1148 4374 et
1183 4315 1432 4374 vocavit
1470 4333 1696 4374 nomen
1738 4315 1878 4390 ejus
1910 4317 2104 4384 Booz,
2148 4313 2249 4377 vel
2280 4313 2378 4392 (ut

885 4413 1082 4494 aliqui
1113 4411 1362 4492 dicunt)
1391 4411 1590 4474 Booth
1617 4418 1727 4472 aut
1759 4412 1895 4488 Bez,
1931 4413 2102 4493 quod
2135 4411 2377 4491 signifi-

885 4519 985 4575 cat
1031 4511 1242 4573 robur.
1271 4509 1502 4591 Sicque
1532 4528 1645 4590 per
1681 4509 1835 4571 duas
1863 4510 2007 4572 illas
2047 4510 2378 4573 columnas

884 4609 1334 4689 designabatur
1367 4608 1546 4688 regni
1571 4607 1850 4670 Davidici
1885 4607 2215 4686 fortitudo,
2236 4628 2379 4689 quae

885 4707 1192 4790 populum
1253 4707 1632 4772 sustentavit
1682 4715 1872 4788 atque
1921 4708 2229 4789 portavit,
2286 4727 2379 4770 se-

885 4806 1166 4870 cundum
1197 4804 1510 4868 HebraeOS.
1543 4809 1631 4868 Et
1657 4827 1852 4884 super
1887 4810 2106 4884 capita
2144 4811 2379 4868 cotum-

885 4924 1149 4973 narum,
1183 4921 1340 4979 opus
1369 4905 1440 4963 in
1477 4908 1739 4966 modum
1784 4907 1919 4965 titii
1939 4907 2159 4982 posuit
2179 4929 2207 4978 ,·
2230 4926 2379 4983 per-

885 5005 1248 5081 fectumque
1264 5011 1354 5062 est
1373 5021 1529 5079 opus
1549 5007 1688 5062 colu
1697 5024 2012 5065 mnarum.
2033 5003 2221 5065 Porro
2244 5003 2379 5065 istae

880 5101 1026 5164 duae
1056 5099 1529 5181 columma-prm
1551 5101 1776 5162 ceteris
1807 5101 2012 5165 deseri
2024 5101 2279 5178 buntur,
2304 5121 2375 5164 ae

2488 4314 2553 4376 in
2583 4313 2922 4375 altitudine
2944 4313 3194 4376 cubitos
3217 4313 3479 4393 triginta
3498 4333 3628 4376 sex.
3646 4315 3975 4389 Praeterea,

2486 4431 2783 4494 expressa
2838 4411 3179 4474 altitudine
3240 4411 3679 4474 columnarum
3702 4463 3717 4490 ,
3772 4421 3981 4476 textus

2487 4509 2850 4592 specialiter
2881 4510 3058 4572 addit
3088 4509 3190 4573 hic
3236 4511 3315 4572 de
3344 4510 3683 4574 altitudine
3728 4512 3985 4594 capitel-

2487 4610 2717 4684 lorum,
2753 4617 2815 4671 et
2848 4608 2914 4670 in
2946 4608 3494 4691 Paralipomenon,
3528 4610 3607 4673 de
3638 4610 3985 4674 altitudine

2486 4708 2781 4790 capitum.
2802 4707 2979 4770 Unde
3010 4715 3294 4789 apparet,
3320 4709 3489 4788 quod
3522 4727 3743 4772 eorum
3772 4709 3986 4772 altitu-

2486 4807 2590 4881 do,
2628 4807 2691 4867 in
2724 4805 3063 4868 altitudine
3093 4806 3407 4868 columnae
3446 4823 3574 4868 non
3620 4805 3745 4869 fuit
3784 4808 3987 4871 inclu—

2488 4925 2577 4968 sa.
2612 4903 2924 4986 AmpliuS,
2970 4903 3309 4966 altitudine
3352 4904 3797 4986 capitellorum
3836 4906 3987 4969 sub-

2488 5011 2707 5078 tracta,
2744 5021 2872 5065 non
2904 5009 3234 5064 remanent
3278 5001 3401 5064 nisi
3445 5003 3747 5066 tredecim
3780 5005 3983 5068 cubiti

2486 5119 2601 5183 pro
2624 5100 2961 5164 altitudine
2982 5099 3297 5163 columnae
3317 5118 3331 5161 :
3352 5100 3571 5180 sicque
3604 5100 3833 5165 fuisset
3856 5113 3985 5165 tam

883 5199 1162 5284 propriis
1193 5199 1560 5261 nominibus
1602 5199 2034 5279 designantur,
2070 5210 2374 5282 tanquam
2481 5219 2700 5281 grossa
2740 5218 2931 5280 quam
2984 5199 3194 5279 longa,
3250 5200 3507 5280 dempto
3556 5199 3775 5264 cubito
3828 5221 3981 5275 uno,

880 5298 1027 5362 aliis
1076 5297 1143 5359 in
1191 5296 1545 5377 quantitate
1596 5297 1892 5378 maj0reS,
1943 5296 2007 5359 in
2057 5298 2371 5378 qualitate
2481 5317 2681 5379 quum
2704 5297 2771 5358 in
2796 5305 2965 5358 textu
2988 5295 3237 5371 dicitur,
3255 5296 3425 5377 quod
3451 5295 3620 5358 linea
3640 5297 3983 5362 duodecim
4014 5324 4205 5364 mma
