4359 6250
907 475 987 539 48
1711 485 2058 533 manuario
2099 487 2160 532 ΙΝ
2204 485 2341 532 w.
2390 486 2495 532 vlu
2534 486 2737 532 sosoi-3.
2782 506 2863 516 —
2902 489 3044 535 ΛΒΤ.
3092 490 3195 535 XIV

1990 897 2636 984 ARTICULUS
2714 900 2911 983 XIV

941 1175 1322 1224 ExPLANATlo
1367 1174 1714 1220 LITTERALIS
1757 1170 2034 1218 currum
2077 1171 2300 1217 OCTAVI
2343 1170 2357 1214 Ζ
2406 1171 2572 1217 DleT
2614 1171 2819 1218 Au'rssn
2862 1172 3125 1220 nomNus
3166 1174 3253 1220 An
3291 1174 3474 1221 Josuss
3519 1175 3534 1219 :
3580 1175 3659 1220 NE
3698 1176 3945 1220 rmus,

1043 1455 1361 1523 STENSO
1391 1457 1456 1518 in
1489 1453 1771 1537 capitulo
1801 1447 2207 1534 praecedenti,
2241 1466 2392 1529 qua-
2420 1446 2472 1511 Α
2500 1450 2708 1509 medio
2753 1469 2899 1513 cum
2944 1471 3060 1516 suo
3102 1453 3399 1516 exercitu.
3440 1457 3618 1524 Quod
3652 1475 3857 1534 quum
3898 1456 3986 1514 vi·

1061 1559 1205 1622 litet·
1247 1557 1465 1620 divina
1506 1553 1754 1635 justitia
1792 1550 2067 1634 peccatis
2109 1547 2178 1613 os
2184 1549 2384 1623 sensa,
2497 1550 2692 1609 disset
2728 1570 2845 1609 rece
2876 1553 3033 1623 Hai,
3067 1553 3405 1629 festinavit
3447 1574 3659 1624 mane,
3692 1563 3753 1613 et
3786 1573 3986 1630 egres-

901 1658 1280 1722 silioslsrael
1312 1655 1869 1736 dereliquit,nunc
1900 1651 2221 1726 edocetur,
2239 1666 2389 1730 qua·
2494 1668 2603 1708 sus
2650 1661 2739 1710 est
2782 1671 2931 1712 eum
2970 1655 3149 1713 omni
3189 1655 3475 1715 exercitu
3512 1656 3819 1715 civitatis.
3868 1654 3985 1714 Di-

899 1758 1041 1821 liter
1063 1757 1273 1838 dignis
1306 1755 1513 1839 poenis
1546 1753 1814 1834 placata,
1835 1749 2088 1812 eosdem
2115 1747 2381 1829 adJuvit.
2495 1751 2791 1829 remitque
2816 1752 3021 1811 aciem
3051 1761 3273 1813 contra
3312 1755 3657 1822 desertum,
3677 1751 3985 1834 quoniam

895 1860 1085 1919 Dixit
1105 1867 1320 1918 autem
1342 1853 1979 1936 Dominzlsadlosue
2000 1869 2022 1908 .·
2043 1850 2140 1908 Ne
2163 1849 2386 1908 timeas
2494 1848 2676 1912 Josue
2719 1867 2865 1911 cum
2912 1867 3027 1912 suo
3069 1850 3349 1912 exercitu
3396 1849 3520 1912 fuit
3565 1851 3630 1913 in
3661 1869 3735 1914 ea
3778 1860 3981 1934 parte,

896 1955 1108 2032 corde,
1147 1975 1348 2034 neque
1389 1953 1699 2033 formides
1743 1967 1856 2031 per
1896 1943 2383 2009 redundantiam
2495 1965 2639 2026 quae
2658 1947 3067 2011 solitudinem
3090 1948 3797 2030 respiciebatiqnorans
3816 1953 3988 2030 quod

892 2052 1142 2116 timoris
1171 2052 1236 2114 in
1268 2068 1533 2133 corpore
1567 2067 1581 2113 ε
1616 2067 1762 2131 quae
1789 2042 2215 2110 redundantia
2245 2059 2385 2123 pro-
2488 2055 2628 2122 post
2670 2056 2939 2123 ter-qum.
2976 2046 3275 2110 videlicet
3315 2047 3397 2110 ab
3427 2047 3555 2110 alia
3583 2054 3647 2110 et
3686 2047 3983 2130 opposita

893 2153 1033 2235 prie
1061 2151 1294 2214 dicitur
1334 2157 1588 2213 tremor.
1622 2148 1839 2227 ltaque
1873 2161 1999 2208 non
2034 2143 2259 2204 timeas
2293 2140 2385 2202 in-
2494 2143 2669 2206 urbis
2690 2153 2889 2227 parte,
2918 2150 3186 2208 laterent
3206 2147 3495 2216 ineidiae,
3524 2145 3791 2223 scilicet,
3816 2145 3985 2209 inter

888 2251 1181 2314 ordinato
1212 2248 1452 2312 carnali
1485 2247 1710 2311 timore
1746 2265 1761 2309 :
1795 2242 1982 2325 quasi
2023 2241 2213 2318 dicat,
2246 2241 2382 2303 Jam
2492 2241 2705 2305 Bethel
2750 2261 2864 2306 seu
2906 2244 3221 2308 Bethaven
3256 2253 3320 2308 et
3361 2245 3498 2308 Hai.
3528 2250 3719 2309 Josue
3750 2265 3894 2306 vero
3924 2255 3983 2306 et

891 2348 1340 2412 reconciliatus
1370 2364 1511 2408 sum
1541 2344 1779 2428 populo
1811 2353 1942 2405 tuo.
1985 2345 2154 2405 Tolle
2177 2351 2382 2402 tecum
2490 2344 2701 2403 omnis
2728 2345 2937 2404 Israel
2966 2354 3283 2405 cesserunt
3314 2349 3469 2415 loco,
3504 2345 3871 2408 recedentes
3900 2343 3981 2406 ah

891 2468 1144 2508 omnem
1173 2447 1662 2508 multitudinem
1677 2453 2137 2520 puynatorum,
2161 2449 2223 2500 et
2242 2458 2384 2498 con·
2490 2457 2587 2516 eo,
2612 2441 2795 2522 quasi
2826 2460 2902 2504 ex
2933 2440 3161 2506 timore
3192 2441 3408 2524 fugam
3442 2443 3757 2520 ineuntes',
3776 2445 3981 2502 simu-

891 2567 1182 2624 suryens‚
1211 2548 1476 2606 ascende
1523 2545 1596 2603 in
1637 2543 1950 2620 oppidum
1999 2540 2154 2610 Hai,
2190 2537 2254 2598 id
2286 2543 2383 2599 cst
2494 2543 2697 2601 lantes
2728 2551 2988 2612 metum,
3022 2552 3081 2602 et
3110 2542 3434 2619 fugientes
3454 2562 3576 2620 per
3604 2542 3981 2602 solitudinis

893 2645 971 2707 ad
1005 2644 1230 2707 urbem
1261 2643 1353 2706 sic
1384 2641 1640 2704 dictam.
1681 2643 1836 2701 Ecce
1867 2639 2118 2700 tradidi
2151 2638 2221 2696 in
2252 2657 2384 2696 ma·
2413 2628 2458 2688 Β
2492 2641 2689 2700 viam.
2723 2642 2812 2700 At
2834 2641 2944 2699 illi
2974 2641 3397 2718 vociferantes
3417 2643 3699 2719 pariter,
3728 2649 3879 2716 etc„
3916 2639 3979 2701 id

893 2764 988 2804 nu
1021 2753 1134 2804 tua
1163 2762 1372 2819 reyem
1401 2741 1543 2817 ejus
1573 2749 1633 2799 et
1657 2741 2000 2817 populum,
2036 2738 2378 2816 urbemque
2488 2745 2606 2812 est,
2633 2736 3019 2801 habitatores
3058 2738 3170 2800 Hai
3202 2757 3276 2801 ac
3316 2739 3634 2802 Bethaven
3666 2758 3813 2802 cum
3859 2738 3981 2801 cla-

889 2852 950 2902 et
982 2852 1220 2902 terram
1250 2837 1812 2918 circumjacentem
1842 2854 1988 2897 cum
2019 2833 2195 2896 villis
2218 2833 2374 2910 suiS‚
2490 2853 2665 2898 more
2706 2844 2771 2899 et
2813 2845 3035 2899 mutua
3080 2836 3517 2901 cohortatione
3568 2837 3979 2920 insequentes

889 2939 1215 3017 faciesque
1259 2937 1408 2997 urbi
1449 2935 1585 2996 Hai
1620 2943 1679 2993 et
1719 2934 1858 3010 reyi
1891 2933 2053 3009 ejus,
2085 2933 2254 2992 sieut
2288 2933 2381 3008 fe-
2490 2931 2665 2996 filios
2706 2935 2917 2997 Israel.
2954 2939 3039 2998 Et
3076 2957 3155 2997 ne
3198 2958 3369 2998 unus
3399 2938 3661 3016 quidem
3704 2939 3779 2998 in
3824 2939 3981 2997 urbe

889 3037 1037 3097 cisti
1074 3037 1326 3097 Jertelzo
1365 3043 1424 3094 et
1461 3035 1598 3110 re9i
1639 3032 1780 3108 ejus
1811 3052 1832 3090 .·
1876 3029 1939 3091 id
1985 3037 2102 3105 est,
2148 3028 2374 3092 urbem

890 3135 1064 3198 illam
1095 3136 1430 3199 combures
1461 3142 1524 3195 et
1556 3131 1866 3215 populum
1893 3129 2070 3192 urbis
2099 3129 2375 3207 occideS,

882 3253 956 3297 ac
987 3252 1198 3314 regem
1228 3234 1369 3315 ejus
1403 3230 1633 3313 affiges
1668 3228 1958 3312 patibulo
1993 3246 2107 3309 per
2147 3246 2375 3290 manus

887 3332 1108 3415 populi
1159 3332 1274 3394 tui.
1309 3334 1617 3395 Pra’dam
1658 3350 1828 3399 vere,
1859 3327 1923 3390 id
1973 3334 2069 3390 'est
2119 3325 2376 3390 divitias

771 3465 776 3469 ·
886 3430 1086 3507 urbiS,
1126 3440 1186 3491 et
1223 3432 1443 3491 omnia
1487 3428 1862 3490 animantia
1909 3424 2091 3489 vobis
2135 3442 2377 3487 accom-

886 3529 1096 3606 moda,
1134 3531 1463 3607 diripietis
1505 3529 1700 3597 vobis,
1745 3524 1812 3587 id
1855 3532 1953 3587 est
1994 3522 2276 3606 rapietiS‚
2312 3530 2375 3585 et

884 3628 1052 3691 inter
1079 3646 1190 3691 vos
1223 3626 1543 3692 dividetis·
1569 3628 1748 3688 Pone
1769 3625 2047 3685 insidias
2067 3624 2218 3683 urbi
2230 3631 2373 3701 post

880 3749 1042 3789 eam.
1077 3726 1354 3800 Qualiter
1384 3734 1596 3788 autem
1630 3724 1818 3786 liceat
1847 3721 1940 3785 uti
1974 3721 2040 3783 in
2075 3720 2247 3784 bello
2279 3720 2372 3782 in-

881 3826 1084 3902 sidiis,
1119 3825 1288 3887 infra
1317 3825 1585 3887 dicetur.

961 3926 1393 4003 Sum-emitque
1438 3926 1651 3991 Josue‚
1693 3931 1754 3982 et
1802 3922 2010 3981 omnis
2053 3920 2371 3979 exercitus

881 4026 1258 4083 bellatorum
1289 4042 1436 4082 eum
1466 4041 1555 4081 ee.
1582 4024 1666 4083 Et
1693 4024 1888 4080 electa
1923 4020 2197 4096 triyinta
2230 4020 2372 4079 mil-

879 4124 974 4181 lia
995 4123 1287 4181 virorum
1306 4121 1583 4197 fortium
1605 4120 1782 4179 misit
1801 4121 1988 4179 Josue
2009 4127 2371 4194 nocte,proe-

876 4222 1164 4298 cepitque
1194 4221 1311 4287 eis,
1339 4219 1558 4279 dicens
1589 4238 1612 4277 .·
1644 4218 1878 4280 Ponite
1919 4216 2201 4276 insidias
2224 4226 2366 4293 post

873 4320 1224 4379 civitatem.
1243 4315 1457 4397 Aliqui
1484 4316 1728 4392 dicunt,
1752 4313 1924 4396 quod
1956 4312 2078 4377 ista
2107 4314 2366 4395 triginta

875 4415 1081 4478 millia
1128 4421 1477 4497 posuerunt
1526 4431 1594 4476 se
1636 4420 1766 4476 tota
1809 4413 1875 4475 in
1923 4412 2178 4475 insidiis
2220 4420 2365 4495 post

872 4514 1120 4591 urbem,
1153 4522 1217 4576 et
1253 4514 1428 4595 quod
1471 4512 1538 4574 in
1581 4512 1709 4576 alio
1747 4512 1887 4576 loco
1918 4511 2031 4594 qui
2075 4512 2141 4574 in
2178 4518 2349 4574 textu

873 4612 1269 4695 exprimitur,
1296 4612 1510 4695 posuit
1537 4613 1722 4675 Josue
1750 4611 1876 4674 alia
1905 4611 2193 4692 quinque
2224 4609 2361 4671 mil-

2488 3035 2625 3094 Hai
2652 3043 2711 3094 et
2740 3035 3072 3096 Belleaven
3100 3036 3867 3117 remansisset,loquendo
3898 3036 3980 3098 de

2485 3130 2586 3194 his
2615 3132 2728 3213 qui
2757 3141 3009 3197 aet'atem
3050 3143 3113 3197 et
3146 3134 3339 3198 robur
3382 3134 3743 3198 habuerunt
3770 3136 3851 3197 ad
3887 3135 3979 3197 in-

2484 3232 2919 3312 sequendum3
2950 3234 3120 3293 sicut
3148 3244 3501 3313 eruperant
3546 3232 3746 3296 instar
3783 3232 3974 3297 fluvii

2484 3328 2691 3411 rapidi
2732 3350 2877 3393 cum
2920 3330 3164 3413 impetu
3201 3332 3510 3409 exeundo,
3544 3342 3769 3411 aperta
3796 3336 3976 3411 oppi-

2480 3430 2569 3487 da
2609 3430 3059 3507 relinquentes,
3107 3428 3287 3511 quasi
3332 3430 3609 3511 praedam
3662 3429 3839 3493 illico
3881 3448 3975 3493 re-

2482 3525 2814 3607 portaturi,
2851 3526 2950 3590 vel
2984 3535 3051 3589 ut
3090 3526 3361 3590 celerius
3408 3535 3666 3608 possent
3694 3528 3969 3607 regredi,

2482 3621 2536 3683 si
2568 3621 2889 3704 fugerent3
2922 3626 3098 3686 dixit
3126 3628 3447 3687 Dominus
3474 3629 3563 3687 ad
3599 3630 3787 3687 Josue
3806 3646 3831 3686 :
3860 3630 3973 3688 Le·

2484 3744 2563 3783 va
2601 3727 2895 3801 elypeum
2936 3726 3055 3803 qui
3093 3726 3165 3785 in
3206 3745 3409 3785 manu
3450 3736 3561 3785 tua
3600 3735 3709 3796 est,
3742 3736 3971 3787 eontra

2398 3824 2441 3886 C
2482 3825 2701 3883 urbem
2751 3825 2909 3884 Hai.
2966 3825 3299 3903 Quumque
3348 3828 3607 3885 levasset
3643 3828 3970 3902 clypeum,

2480 3923 2742 3984 insidioe
2780 3944 2923 4003 quae
2963 3926 3269 3993 latebant,
3298 3934 3722 3985 surrexerunt-
3760 3927 3972 4001 confe-

2476 4024 2650 4091 stim,
2687 4032 2746 4082 et
2776 4032 3110 4099 peryentes
3152 4026 3239 4083 ad
3282 4025 3633 4093 civitatem,
3662 4034 3971 4101 ceperunt

2476 4129 2535 4179 et
2552 4122 3018 4180 succenderunt
3046 4120 3319 4182 eam.Ex
3350 4121 3469 4183 hoc
3500 4119 3968 4202 elicitur,qu0d

2476 4216 2898 4280 elevationem
2928 4217 3135 4299 clypei
3170 4218 3343 4281 dedit
3382 4219 3475 4281 eis
3502 4218 3691 4283 Josue
3726 4238 3842 4301 pro
3882 4220 3971 4281 si·-

2474 4333 2622 4396 gn0,
2659 4323 2728 4377 ut
2758 4315 3003 4379 scilicet
3041 4324 3373 4397 surgerent
3413 4316 3493 4380 de
3539 4317 3816 4395 insidiis,
3862 4338 3969 4381 ur·

2472 4413 2745 4496 bemque
2777 4414 3261 4495 ingrederentur
3290 4424 3481 4498 atque
3522 4415 3963 4496 incenderent,

2471 4512 2693 4595 clypeo
2734 4513 2894 4577 viso.
2930 4513 3049 4577 Sed
3093 4514 3291 4595 quaeri
3337 4522 3565 4598 potest,
3599 4516 3881 4597 qualiter
3928 4538 3968 4579 a

2472 4610 2610 4674 loco
2634 4620 2762 4674 tam
2782 4620 3026 4675 remoto
3046 4620 3339 4695 poterant
3356 4613 3653 4696 clypeum
3674 4633 3961 4679 cernere.

875 4713 960 4775 lia
1005 4712 1072 4775 in
1116 4711 1390 4776 insidiis.
1423 4710 1550 4774 Alii
1589 4711 1833 4787 dicunt,
1876 4710 2050 4791 quod
2091 4707 2181 4771 ihi
2229 4727 2356 4772 non
2468 4709 2560 4773 Ad
2589 4711 2764 4792 quod
2792 4710 2993 4791 aliqui
3025 4710 3265 4789 dicunt,
3300 4712 3474 4794 quod
3502 4712 3779 4777 elevavit
3811 4733 3963 4777 eum

873 4812 1134 4875 fuerunt
1172 4811 1419 4875 insidiae
1461 4811 1706 4894 positae,
1741 4808 1866 4871 nisi
1913 4808 1978 4869 in
2018 4826 2145 4870 uno
2192 4807 2351 4885 loco,
2468 4810 2533 4871 in
2576 4808 2757 4871 hasta
2801 4828 2914 4872 seu
2959 4809 3199 4873 lancea.
3234 4811 3363 4874 lmo
3411 4811 3654 4874 Hehraei
3702 4812 3958 4889 dicunt,

871 4912 937 4974 in
988 4930 1113 4993 quo
1157 4910 1378 4975 dicunt
1427 4908 1626 4973 fuisse
1675 4908 1964 4991 quinque
2015 4906 2240 4985 millia,
2294 4914 2358 4969 et
2465 4907 2638 4992 quod
2668 4910 2913 4971 hastam
2944 4926 3060 4990 pro
3080 4909 3263 4990 signo
3296 4909 3543 4974 levavit.
3570 4912 3709 4971 Viri
3726 4922 3947 4974 autem

866 5012 1038 5093 quod
1087 5019 1268 5073 erant
1317 5010 1396 5072 de
1453 5026 1719 5072 numero
1769 5007 2030 5070 illorum
2091 5006 2351 5086 triginta
2386 5010 2437 5074 D
2464 5009 2582 5088 qui
2612 5010 3157 5087 persequebantur
3183 5010 3393 5079 Josue,
3425 5010 3856 5086 respicientes,
3889 5020 3953 5070 et

870 5110 1146 5173 millium
1174 5126 1187 5172 ε
1214 5109 1428 5191 itaque
1457 5106 1688 5189 viginti
1718 5106 2006 5188 quinque
2036 5105 2241 5168 millia
2280 5126 2355 5171 ex
2468 5109 2751 5167 videntes
2763 5107 3027 5182 fumum
3048 5107 3227 5165 urbis
3244 5108 3380 5167 Hai
3400 5110 3729 5169 adcoelum
3750 5129 3952 5188 usque

867 5210 998 5273 illis
1028 5208 1290 5291 triginta
1319 5206 1628 5283 millibus,
1661 5205 1739 5269 ad
1771 5204 2116 5269 exercitum
2149 5205 2355 5269 redie-
2466 5209 2897 5276 conscendere,
2913 5204 2975 5266 id
3007 5211 3103 5266 est
3122 5204 3307 5268 valde
3329 5204 3457 5268 alte
3482 5205 3548 5267 in
3578 5206 3813 5269 coelum
3855 5226 3957 5270 ae-

869 5317 1039 5374 runt.
1073 5310 1254 5371 Abiit
1294 5325 1440 5383 erqo
1479 5309 1692 5375 Josue,
1720 5314 1780 5365 et
1821 5306 1993 5366 stetit
2035 5306 2109 5365 in
2152 5307 2345 5367 vallis
2468 5322 2658 5379 reum,
2672 5324 2801 5365 non
2810 5313 3166 5381 potuerunt
3180 5306 3948 5386 bucillucquediffuyere.
