4359 6250
927 486 1041 549 724

1473 497 1821 544 ENARRATIO
1863 498 1925 542 IN
1969 497 2103 543 cAP.
2150 497 2259 542 xxi
2302 496 2461 542 LIBRI
2500 497 2701 543 Tssn'ru
2742 498 2965 545 REGUH.
3012 519 3093 529 —
3131 501 3275 548 ΛΒΤ.
3321 502 3471 548 xxxl

921 673 1226 738 deberent
1274 675 1657 757 relinquere,
1707 683 1816 738 aut
1859 675 1926 736 in
1969 675 2111 756 pios
2154 692 2416 738 conver·
2445 665 2497 729 A
2526 669 2623 732 vis
2666 675 3067 736 commodum
3104 691 3117 735 :
3162 695 3233 738 ac
3277 694 3392 756 pro
3438 675 3613 738 illata
3655 685 3782 738 tam
3822 696 4003 740 enor-

923 780 1054 836 tere
1083 793 1257 836 usuS.

999 873 1274 934 Factum
1300 885 1390 934 est
1422 884 1638 934 autem
1676 893 1880 953 quum
1919 875 2204 934 audisset
2234 877 2415 934 ,Τετα-

919 975 1015 1031 bel
1061 974 1430 1049 lapidatum
1475 975 1616 1035 esse
1647 973 1901 1034 Naboth
1951 984 2009 1033 et
2057 983 2407 1043 mortuum,

923 1072 1131 1130 locuta
1188 1080 1280 1130 est
1322 1073 1410 1131 ad
1439 1073 1660 1131 Achab
1693 1091 1715 1129 .·
1749 1073 1982 1148 Sur-qe,
2013 1073 2271 1149 posside
2318 1073 2414 1131 vi-

919 1189 1112 1230 neam
1153 1171 1408 1232 Naboth
1449 1171 1836 1241 Jezraelitoe,
1870 1171 1987 1250 qui
2027 1172 2243 1231 noluit
2295 1172 2414 1231 tibi

921 1269 1314 1346 acquiescere
1341 1277 1403 1329 et
1428 1270 1588 1329 dare
1615 1288 1758 1328 eam
1797 1279 2053 1346 accepta
2072 1272 2357 1346 pecunia
2388 1290 2410 1327 .·

920 1366 1074 1446 quia
1103 1383 1219 1448 pro
1259 1365 1529 1430 crimine
1569 1366 1734 1430 laesae
1778 1367 2127 1449 majestatis
2156 1367 2411 1430 exhere-

919 1464 1151 1527 dantur
1201 1474 1265 1528 et
1315 1464 1463 1542 filii,
1518 1473 1582 1528 et
1629 1465 1800 1528 bona
1847 1465 2276 1530 devolvuntur
2332 1466 2409 1528 ad

2522 772 2611 834 mi
2654 772 2909 854 injuria,
2944 792 3069 837 non
3112 775 3315 837 solum
3360 793 3485 837 non
3522 775 3859 853 satisfaciS,
3896 779 4001 840 sed

2524 879 2586 934 et
2620 871 2867 934 lucrum
2903 873 3311 954 consequeris
3340 883 3405 936 et
3438 894 3628 956 auges
3657 874 3993 953 offensam,

2524 988 2721 1050 quum
2771 978 2983 1034 tamen
3042 970 3203 1032 nulli
3252 971 3475 1034 debeat
3530 992 3644 1034 sua
3698 973 3999 1055 iniquitas

2524 1067 2889 1148 suffragari.
2928 1073 3011 1130 Et
3038 1080 3184 1147 post
3220 1073 3353 1132 ltoec
3396 1074 3636 1132 addes:
3662 1075 3810 1134 Hoec
3836 1075 4001 1132 dicit

2520 1169 2839 1228 Dominus
2868 1189 2891 1227 .·
2930 1171 3013 1229 In
3054 1171 3181 1229 loco
3214 1171 3352 1240 hoc,
3384 1171 3457 1229 in
3494 1191 3616 1250 quo
3664 1173 3999 1231 linxerunt

2520 1285 2706 1326 canes
2753 1269 3137 1342 sanquinem
3187 1269 3467 1339 Naboth,
3520 1271 3795 1330 lambent
3842 1291 3997 1349 quo-

2520 1385 2641 1443 que
2682 1366 3067 1441 sanquinem
3113 1375 3320 1427 tuum.
3366 1365 3538 1439 Quod
3586 1367 3695 1442 ait,
3744 1367 3809 1428 In
3860 1367 3997 1430 loco

2521 1461 2661 1538 hoc,
2699 1461 2884 1524 multi
2924 1471 3271 1544 exponunt,
3307 1463 3372 1524 ln
3412 1463 3531 1527 hac
3570 1464 3845 1552 regione.
3886 1465 3997 1527 Na-

2519 1559 2674 1623 both
2713 1560 2954 1643 quippe
3000 1561 3315 1643 lapidatus
3360 1571 3455 1624 est
3493 1582 3691 1645 prope
3730 1563 3991 1637 Jezraeh
4259 1649 4260 1656 ἵ

2519 1657 2734 1721 Achab
2765 1678 2917 1722 vero
2947 1659 3013 1721 in
3044 1660 3215 1723 bello
3246 1659 3371 1722 fuit
3400 1661 3672 1724 letaliter
3708 1663 3994 1725 vulnera—
4066 1679 4109 1720 111
4132 1680 4217 1730 περ.

4017 1759 4101 1787 nu.
4114 1748 4166 1789 24,
4178 1749 4226 1788 37.
4259 1761 4260 1764 ¹

919 1579 1157 1643 regem.
1191 1563 1278 1626 De
1308 1563 1430 1627 hoc
1459 1572 1671 1627 autem
1701 1563 1970 1628 crimine
2010 1563 2134 1626 fuit
2163 1563 2408 1628 Naboth

917 1663 1287 1726 testimonio
1318 1662 1479 1726 falso
1509 1663 1863 1727 convictus,
1892 1663 2052 1726 Hine
2082 1663 2282 1745 aliqui
2314 1663 2409 1725 di-

919 1768 1094 1836 cunt,
1129 1761 1301 1842 quod
1344 1779 1460 1843 pro
1504 1761 1853 1824 sceleribus
1887 1761 1946 1825 ei
1985 1760 2303 1844 impositis
2346 1769 2409 1824 et
2521 1764 2642 1833 tuS,
2672 1765 2737 1820 et
2766 1758 2915 1821 inde
2945 1758 3287 1822 Samariam
3320 1761 3703 1842 deportatuS‚
3728 1770 3797 1823 ut
3826 1760 3991 1822 infra

919 1857 1081 1921 false
1120 1859 1426 1941 probatiS,
1459 1860 1676 1924 omnia
1709 1860 1849 1942 ejus
1879 1861 2049 1926 bona
2078 1869 2261 1924 erant
2297 1861 2409 1922 hu·
2442 1851 2489 1913 Β
2517 1856 2963 1919 conscribitur.
3018 1857 3281 1931 Quidam
3341 1859 3581 1934 dicunt,
3632 1860 3803 1940 quod
3854 1879 3993 1922 san-

917 1975 1107 2020 mano
1136 1957 1378 2039 judicio
1416 1957 1735 2036 infimata,
1770 1959 1916 2024 ideo
1945 1959 2160 2023 Achab
2190 1978 2409 2022 ascen·
2515 1954 2657 2033 guis
2687 1953 2903 2018 Achab
2934 1956 2999 2018 in
3034 1956 3173 2020 filio
3205 1976 3341 2034 suo,
3370 1957 3432 2020 id
3464 1967 3559 2021 est
3586 1958 3836 2038 sanguis
3868 1957 3986 2019 filii

915 2055 1009 2117 dit
1057 2056 1136 2118 ad
1185 2056 1442 2119 vineam
1489 2057 1630 2139 ejus
1679 2057 2150 2140 possidendam.
2191 2058 2405 2140 Aliqui
2517 2053 2679 2134 ejuS‚
2730 2054 2843 2135 qui
2892 2053 3015 2116 fuit
3064 2057 3532 2136 quodammodo
3582 2057 3835 2138 sanguis
3886 2077 3989 2139 pa-

915 2171 1066 2216 vero
1107 2153 1351 2218 Hebraei
1400 2155 1648 2234 dicunt,
1684 2157 1896 2239 ipsum
1941 2156 2156 2220 Achab
2208 2156 2405 2220 fuisse
2517 2153 2651 2229 triS‚
2700 2173 2737 2215 a
2784 2153 3049 2216 canibus
3103 2154 3461 2234 lingebatur
3507 2155 3573 2216 in
3620 2155 3989 2219 determina-

641 3244 694 3289 1v
703 3246 806 3301 Rea.
820 3260 878 3297 ix,

613 3310 683 3351 26.

913 2250 1128 2315 filium
1177 2252 1392 2315 fratris
1442 2253 1644 2336 ipsius
1682 2253 1952 2330 Naboth,
2005 2262 2068 2317 et
2111 2275 2259 2318 cum
2297 2253 2405 2318 Na·
2518 2259 2579 2313 to
2616 2249 2737 2314 hoc
2779 2251 2918 2314 loco
2959 2269 3087 2333 quo
3127 2251 3441 2334 lapidatus
3490 2261 3585 2315 est
3623 2252 3889 2332 Naboth,
3922 2263 3985 2315 ut
4032 2273 4223 2326 traam.
4259 2287 4260 2328 3

909 2350 1064 2412 both
1115 2350 1288 2415 filios
1344 2352 1484 2434 ejus
1525 2351 1723 2416 fuisse
1760 2353 2025 2430 occis05,
2051 2353 2268 2436 sicque
2314 2355 2404 2419 vi-

911 2467 1096 2511 neam
1148 2450 1324 2512 illam
1371 2449 1514 2531 jure
1565 2450 2062 2534 propinquitatis
2111 2453 2403 2515 devenis-

911 2565 978 2609 se
1017 2548 1097 2610 ad
1137 2547 1372 2611 Achab.
1409 2547 1584 2622 Quod
1625 2549 1866 2612 dictum
1907 2568 2024 2632 pro
2057 2551 2267 2632 prima
2300 2551 2398 2612 sui

907 2654 1088 2726 parte
1126 2665 1255 2710 non
1288 2647 1564 2710 arbitror
1592 2667 1836 2726 verum,
1871 2649 2024 2730 quia
2057 2650 2111 2712 si
2153 2649 2397 2712 Naboth

909 2741 1136 2806 fuisset
1181 2753 1444 2826 patruus
1495 2746 1683 2826 regiS‚
1737 2765 1860 2810 non
1913 2756 2176 2830 apparet
2224 2748 2396 2829 quod

905 2849 1035 2904 tam
1080 2841 1356 2906 faciliter
1393 2845 1472 2906 ad
1515 2845 1950 2908 testimonium
1992 2847 2267 2910 duorum
2304 2847 2393 2910 vi-

907 2939 1064 3002 lium
1096 2940 1429 3004 hominum
1464 2941 1694 3006 fuisset
1723 2945 2006 3021 occisus;
2041 2945 2211 3027 quod
2244 2963 2394 3008 vero

2514 2345 2683 2408 infra
2729 2347 2892 2411 libro
2936 2355 3163 2430 quarto
3204 2359 3513 2412 narratur.
3544 2350 3981 2414 Verumtamen

2510 2446 2771 2526 quidam
2816 2447 3060 2525 dicunt,
3094 2467 3271 2510 arma
3312 2449 3379 2510 in
3424 2449 3660 2530 quibus
3702 2450 3983 2514 vulnera-

2510 2553 2613 2606 tus
2662 2544 2789 2606 fuit
2836 2545 3071 2622 Achab,
3122 2565 3261 2610 esse
3309 2548 3437 2611 lota
3486 2567 3685 2631 prope
3729 2549 3974 2622 lezi-ael,

2509 2651 2570 2704 et
2599 2645 2771 2725 quod
2804 2645 3175 2725 sanguinem
3213 2646 3304 2710 sic
3342 2647 3630 2710 ablutum
3670 2647 3979 2711 linxerunt

2507 2760 2696 2805 canes
2746 2743 2812 2804 in
2860 2742 3000 2806 loco
3048 2763 3175 2825 quo
3225 2745 3521 2808 occubuit
3566 2745 3832 2823 Naboth,
3874 2765 3975 2809 seu

2552 2861 2582 2902 r
2712 2890 2725 2903 .

2504 2860 2547 2923 p
2583 2859 2771 3000 {geezi
2776 2951 2797 3001 t
2826 2941 3049 3002 Achab
3076 2945 3166 3002 ad
3186 2944 3405 3004 Etiam
3426 2961 3449 3002 .·
3470 2945 3649 3004 Num
3679 2945 3980 3004 invenisti

909 3035 1033 3101 filii
1075 3039 1319 3102 Naboth
1361 3059 1579 3103 secum
1617 3040 1861 3104 fuerint
1901 3041 2243 3120 interfecti,
2288 3063 2397 3127 ap-
2431 3037 2476 3100 C
2506 3059 2605 3097 me
2648 3041 2997 3100 inimicum
3039 3041 3157 3100 tibi
3177 3042 3207 3100 ?
3242 3059 3317 3103 ac
3366 3040 3419 3102 si
3465 3041 3636 3104 dicat
3670 3059 3684 3103 :
3725 3043 3851 3104 Cur
3894 3042 3979 3104 sic

908 3138 1262 3218 parentiam
1292 3137 1484 3201 habet
1512 3158 1587 3202 ex
1617 3159 1713 3217 eo,
1747 3142 1918 3223 quod
1950 3141 2120 3204 infra
2149 3143 2397 3207 dicetur

908 3234 1075 3298 libro
1109 3243 1356 3316 quarto,
1393 3236 1457 3299 Si
1491 3256 1620 3300 non
1654 3257 1771 3321 pro
1805 3240 2115 3319 sanguine
2149 3240 2395 3304 Naboth

907 3342 971 3396 et
1000 3352 1116 3415 pro
1148 3334 1458 3415 sanguine
1489 3334 1772 3400 filiorum
1808 3338 1948 3419 ejus
1983 3339 2242 3402 reddam
2277 3340 2393 3402 tibi

907 3430 972 3494 in
1006 3450 1155 3513 agro
1187 3432 1330 3495 isto.
1364 3432 1518 3519 Nam
1550 3442 1612 3497 et
1641 3435 1830 3499 modo
1861 3454 1977 3518 pro
1999 3436 2269 3499 crimine
2298 3437 2395 3501 lae-

905 3548 990 3593 sae
1023 3530 1395 3612 majestatiS‚
1426 3530 1554 3594 filii
1594 3534 1978 3597 damnantur
2011 3535 2237 3599 exsilio
2276 3554 2392 3618 pro

902 3629 1102 3710 patris
1129 3637 1404 3710 peccato.
1429 3633 1578 3694 Non
1601 3634 1778 3693 enim
1803 3635 1968 3693 vivit
1992 3636 2264 3705 Naboth,
2283 3639 2393 3695 sed

901 3738 1192 3789 mortuus
1229 3739 1339 3790 est.
1377 3732 1557 3797 Quod
1590 3750 1792 3808 quum
1826 3733 2111 3792 audisset
2145 3736 2389 3805 Achab,

901 3836 1229 3887 mortuum
1255 3829 1552 3888 videlieet
1572 3829 1843 3898 Naboth,
1871 3832 2175 3900 surrexit,
2204 3841 2263 3891 et
2292 3834 2391 3891 de-

899 3926 1230 3984 scendebat
1254 3927 1328 3985 in
1355 3926 1613 3985 vineam
1637 3926 1891 3988 Naboth
1911 3930 2293 3997 Jezraelitae,
2318 3940 2389 3989 ut

893 4022 1244 4097 possideret
1271 4042 1433 4083 eam.

955 4121 1193 4180 Factus
1212 4129 1303 4180 est
1321 4121 1533 4197 iyitur
1549 4140 1752 4182 sermo
1768 4124 2039 4183 Domini
2056 4126 2144 4183 ad
2161 4126 2387 4185 Etiam

2506 3137 2861 3200 adversaris
2904 3138 3086 3215 mihi,
3120 3158 3318 3221 quum
3362 3158 3489 3203 non
3538 3141 3858 3205 inveneris
3886 3160 3979 3203 me

2507 3234 2839 3299 inimicum
2866 3236 3031 3299 tibi?
3063 3236 3165 3300 Sic
3195 3238 3453 3319 quidam
3484 3250 3831 3321 exponunt.
3862 3240 3981 3302 Ali-

2505 3334 2614 3415 qui
2654 3333 2803 3396 libri
2847 3335 2939 3398 sic
2982 3335 3219 3399 habent
3254 3354 3267 3397 ε
3302 3336 3460 3400 Num
3510 3338 3815 3401 invenisti
3860 3358 3976 3413 me,

2504 3431 2763 3495 inimice
2811 3434 2945 3495 mil
2996 3434 3060 3497 id
3109 3442 3227 3511 est,
3270 3435 3493 3516 utique
3538 3455 3713 3499 nunc
3769 3456 3977 3499 rursus

2502 3530 2661 3591 mihi
2694 3532 2998 3610 occurriS,
3022 3532 3135 3615 qui
3165 3532 3398 3613 jug-iter
3416 3534 3575 3596 mihi
3598 3534 3973 3597 inimicaris:

2502 3647 2630 3692 non
2678 3631 2849 3711 quod
2882 3630 3051 3693 Elias
3093 3631 3299 3695 oderit
3328 3650 3687 3713 personam,
3720 3634 3831 3697 sed
3860 3632 3979 3696 cul·

2500 3746 2646 3809 pam
2686 3727 2922 3791 Achab.
2960 3731 3086 3797 Qui
3128 3730 3308 3791 dioeit
3338 3751 3361 3791 .·
3390 3733 3647 3801 Inveni,
3696 3752 3767 3791 eo
3814 3734 3976 3811 quod

2498 3831 2909 3888 venundatus
2954 3830 3063 3901 sis,
3096 3828 3161 3890 id
3210 3837 3327 3906 est,
3362 3830 3619 3912 propria
3648 3830 3975 3911 iniquitate

2498 3926 2795 3989 venditus
2836 3925 3113 4005 diabolo,
3141 3927 3208 3989 in
3237 3928 3420 4009 eujus
3461 3928 3749 3991 transisti
3792 3929 3975 3993 domi-

2498 4023 2697 4101 nium,
2747 4025 2913 4088 sicut
2954 4046 3053 4088 res
3097 4025 3357 4090 vendita
3398 4028 3625 4090 transit
3674 4028 3739 4090 in
3784 4029 3975 4092 domi-

2497 4123 2819 4186 nationem
2851 4124 3159 4199 ementis3
3195 4125 3417 4208 sicque
3444 4145 3561 4209 pro
3590 4146 3853 4190 nummo
3872 4127 3975 4188 im-

907 4218 1254 4289 leesbiten,
1287 4221 1507 4279 dicens
1536 4240 1560 4278 .·
1593 4223 1822 4297 Surye,
1867 4229 1928 4281 et
1969 4224 2275 4282 descende
2312 4225 2384 4283 in
2418 4217 2467 4278 D
2495 4220 2617 4301 piae
2638 4220 3006 4304 voluptatiS‚
3026 4222 3370 4286 vendidisti
3394 4233 3457 4287 te
3476 4225 3687 4307 ipsum
3708 4225 3967 4291 diabolo-

896 4330 1234 4373 occursum
1278 4317 1498 4375 Achab
1545 4317 1716 4391 re9is
1743 4318 1975 4387 Israel,
2019 4318 2137 4397 qui
2177 4328 2268 4379 εει
2310 4320 2384 4378 in

895 4411 1227 4471 Samaria.
1262 4412 1422 4471 Ecce
1449 4414 1538 4473 ad
1565 4414 1824 4474 vineam
1857 4416 2109 4475 Naboth
2137 4418 2385 4476 descen-

893 4508 1020 4577 dit,
1051 4516 1124 4568 ut
1141 4509 1466 4585 possideat
1491 4530 1654 4572 eam.
1677 4513 1766 4572 Et
1787 4513 2062 4591 loqueris
2091 4516 2180 4573 ad
2208 4534 2381 4584 eum,

892 4606 1156 4665 dicens:
1180 4608 1333 4669 Hoec
1361 4608 1524 4669 dicit
1552 4610 1872 4669 Dominus
1899 4612 2071 4671 Deus
2092 4631 2117 4669 .·
2139 4614 2381 4674 Occidi-

889 4706 977 4763 sti
1019 4703 1231 4784 ipsum
1260 4704 1506 4768 Naboth
1551 4705 1808 4787 injuste,
1841 4709 2201 4771 accusando
2232 4728 2378 4772 eum

891 4807 1014 4863 tuae
1045 4800 1248 4878 uxori,
1273 4810 1337 4864 et
1366 4802 1520 4885 quia
1545 4803 1930 4885 complacuit
1959 4804 2078 4867 tibi
2109 4806 2250 4888 ejus
2282 4826 2379 4871 oc-

889 4897 1047 4961 cisio
1073 4922 1088 4972 ;
1133 4898 1290 4977 sive,
1329 4907 1400 4961 ut
1428 4907 1664 4963 tactum
1693 4909 1808 4979 est,
1834 4902 1986 4984 quia
2013 4903 2093 4966 de
2121 4904 2287 4967 scitu
2316 4914 2379 4969 et

888 4995 1220 5060 voluntate
1240 4996 1477 5075 Achab,
1499 4997 1746 5062 lezabel
1768 5001 1866 5078 (ut
1895 4999 2096 5083 aliqui
2127 5002 2378 5087 dicunt)

888 5093 1130 5156 litteras
1171 5094 1467 5175 praefatas
1511 5096 1801 5160 confecit.
1835 5102 2112 5177 Insuper
2149 5112 2211 5163 et
2232 5123 2377 5181 pos-

885 5193 1110 5253 sedisti
1141 5212 1163 5251 :
1201 5192 1264 5254 id
1309 5201 1425 5269 est,
1462 5194 1785 5276 possidere
1810 5196 1941 5277 jam
1986 5196 2082 5260 vis
2123 5198 2376 5263 vineam

887 5287 1155 5365 Naboth,
1211 5289 1432 5371 sicque
1476 5291 1558 5353 de
1609 5292 1845 5355 scelere
1895 5301 2004 5358 tuo
2051 5306 2376 5379 reportare

2494 4319 2739 4382 scilicet
2772 4321 3155 4384 numismate
3195 4330 3319 4387 tuae
3356 4322 3716 4405 iniquitatis
3749 4342 3763 4385 :
3800 4325 3971 4406 Juxta

2492 4417 2651 4480 illud
2699 4417 2894 4496 Isaiae‚
2940 4419 3102 4483 Ecce
3147 4420 3213 4481 in
3258 4420 3705 4503 iniquitatibus
3748 4422 3967 4487 vestris
4020 4436 4173 4481 12.2.1.

2490 4516 2837 4579 venundati
2882 4518 3034 4580 estis
3060 4542 3076 4592 ;
3112 4529 3183 4580 ut
3212 4522 3454 4599 faceres
3482 4524 3754 4592 malum,
3786 4520 3849 4583 id
3880 4528 3969 4583 est

2492 4613 2777 4677 enormia
2828 4615 3117 4693 crimina,
3164 4618 3239 4677 in
3276 4628 3609 4696 conspectu
3652 4620 3920 4681 Domini
3946 4640 3968 4677 .·

2489 4712 2643 4793 quia
2684 4713 2838 4775 dum
2894 4714 3085 4778 homo
3123 4714 3299 4777 vitiis
3345 4715 3478 4779 suis
3521 4716 3818 4779 subditur
3855 4717 3969 4781 dae-

2489 4810 2687 4887 moni,
2734 4830 2882 4875 mox
2931 4812 3013 4875 ab
3058 4831 3135 4875 eo
3190 4814 3270 4876 ad
3319 4815 3572 4878 diversa
3620 4815 3967 4898 impellitur

2487 4908 2777 4972 crimina.
2820 4910 2998 4975 Unde
3036 4912 3115 4973 de
3168 4911 3385 4995 impiis
3430 4913 3521 4976 ait
3566 4914 3903 4996 Apostolus
3948 4930 3961 4973 :

2486 5006 2883 5088 Resipiscant
2908 5028 2948 5071 a
2975 5008 3215 5072 diaboli
3244 5010 3513 5093 laquem,
3548 5031 3585 5073 a
3612 5030 3743 5093 quo
3768 5011 3963 5094 eapti·
4016 5025 4045 5067 ιι
4064 5024 4197 5065 πῃ.
4259 4986 4260 5017 ³

2486 5104 2548 5170 vi
2596 5113 2894 5168 tenentur
2930 5108 3007 5169 ad
3038 5107 3241 5190 ipsius
3274 5110 3667 5172 voluntatem
3703 5127 3717 5171 ε
3750 5109 3963 5192 sicque
3990 5089 4047 5129 ²⁶·

2486 5212 2937 5285 comparantur
2965 5206 3042 5267 ad
3086 5205 3269 5268 illum
3300 5206 3463 5269 sicut
3492 5226 3699 5289 equus
3740 5209 3818 5271 ad
3844 5226 3963 5271 ses-

2486 5318 2717 5363 sorem.
2752 5302 2896 5366 ldeo
2924 5303 3014 5365 ait
3042 5302 3383 5384 Gregorius
3407 5304 3779 5369 :Peccatum
3798 5306 3961 5388 quod

4012 2337 4069 2382 25.
4087 2337 4145 2378 2⁶.
