4359 6250
616 3934 755 3979 Pron.
772 3946 857 3985 viu,

593 4000 660 4042 22.

590 4132 857 4238 (gunnam,

632 4625 662 4669 Ι
666 4636 726 4669 er.
740 4638 855 4677 xxxi,

590 4688 659 4730 22.

903 479 1022 544 256
1562 497 1911 543 manuario
1954 497 2015 542 ΙΝ
2058 497 2197 544 CAP.
2244 496 2263 541 1
2301 495 2458 542 unm
2500 496 2667 542 mun
2709 495 2934 543 REGUU.
2979 515 3058 526 -
3100 496 3241 542 ΛΒΤ.
3288 497 3332 542 u

902 667 1193 744 rendum,
1220 666 1381 730 alios
1410 668 1569 731 duos
1608 669 1689 729 ad
1720 667 1997 730 dandum
2029 667 2249 731 domui
2283 666 2395 729 He-
2421 668 2470 730 A
2497 687 2643 728 sum
2679 669 2916 728 mulier
2959 669 3105 736 illa,
3149 688 3291 748 quoe
3328 670 3474 728 sceti
3513 687 3728 728 coram
3777 677 3836 728 te
3877 668 3988 726 hie

901 765 969 840 li,
994 773 1065 826 ut
1094 783 1251 847 puer
1281 765 1620 846 gratiosius
1654 773 2049 842 tractaretur,
2072 783 2265 847 quem
2286 782 2392 845 gu·
2497 785 2692 826 orans
2727 768 3078 827 Dominum
3109 785 3232 843 pro
3254 785 3458 842 puero
3489 767 3627 827 isto.
3667 767 3897 834 oravi,
3925 776 3986 824 ec

899 862 1259 926 bernationi
1311 863 1655 927 sacerdotis
1702 864 2184 927 commiserunt.
2234 862 2388 924 Nam
2495 864 2676 923 dedit
2721 864 2890 925 mihi
2947 864 3267 924 Dominus
3308 865 3688 939 peticionem
3745 881 3982 932 mam,

899 961 1225 1025 subditur:
1250 964 1336 1024 Ec
1358 963 1857 1023 immolaverunt
1876 963 2159 1022 viculum
2196 960 2262 1022 in
2297 979 2390 1023 sa·
2497 981 2692 1040 quam
2721 963 3055 1039 postulavi
3083 981 3231 1022 eum
3261 982 3284 1021 .·
3315 962 3554 1022 idcirco
3581 970 3642 1020 et
3677 979 3787 1036 eqo
3817 981 3986 1022 com-

900 1058 1223 1124 crificium
1253 1078 1367 1142 per
1397 1079 1623 1123 manus
1654 1060 2020 1138 sacerdotis,
2050 1059 2190 1141 ipse
2219 1059 2392 1122 vide-
2497 1061 2758 1120 modavi
2795 1080 2942 1122 eum
2975 1062 3272 1129 Domino,
3313 1058 3380 1121 id
3422 1067 3538 1134 est,
3573 1058 3700 1121 Deo
3739 1066 3806 1120 et
3843 1059 3986 1140 ejus

898 1157 1048 1221 licet
1088 1157 1321 1220 Elcana
1364 1166 1427 1220 et
1468 1158 1665 1235 Anna.
1701 1157 2007 1220 Similiter
2052 1158 2131 1220 de
2174 1157 2380 1219 tribus
2493 1155 2800 1238 obsequio
2831 1157 3235 1240 deputavi,et
3252 1155 3436 1238 quasi
3466 1156 3752 1219 concessi
3774 1157 3984 1238 magis

893 1255 1125 1320 modiis
1163 1255 1404 1332 sarinae,
1446 1256 1510 1318 id
1548 1264 1645 1319 est
1684 1255 1933 1332 similae,
1970 1263 2033 1319 et
2076 1256 2387 1338 amphora
2493 1275 2685 1336 quam
2717 1256 2886 1332 dedi,
2911 1275 3112 1338 quum
3144 1256 3443 1320 universa
3481 1254 3612 1318 sint
3639 1255 3772 1332 Dei,
3805 1263 3870 1318 et
3901 1255 3984 1318 is·

892 1353 1052 1430 vini,
1087 1362 1331 1417 tantum
1364 1355 1675 1418 dederunt
1705 1371 1822 1435 pro
1854 1353 2161 1416 libamine
2195 1353 2384 1416 sacri·
2493 1361 2628 1418 tum
2658 1353 2968 1418 infantem
3001 1354 3093 1418 sic
3122 1353 3629 1432 commodavi,ut
3655 1354 3984 1418 aDomino

890 1451 1028 1516 ficii
1068 1452 1233 1517 sicut
1266 1452 1570 1535 oportuit,
1602 1460 1795 1534 atque
1836 1452 2161 1515 residuum
2194 1453 2383 1515 dede·
2489 1452 2892 1516 obtineamus
2939 1453 3326 1529 mercedem,
3380 1461 3506 1514 tam
3565 1470 3724 1533 puer
3771 1471 3972 1534 quam

891 1559 1040 1614 runt
1082 1551 1409 1634 pontificis
1453 1550 1694 1614 domui.
1730 1553 1815 1612 Ec
1857 1553 2227 1612 obtulerunt
2260 1571 2384 1628 pu·
2487 1569 2627 1631 ego,
2661 1555 2908 1613 cunctis
2944 1554 3169 1614 diebus
3211 1554 3444 1631 quibus
3481 1553 3692 1629 fuerit
3734 1571 3984 1612 accom-

888 1671 1073 1712 erum
1124 1653 1296 1714 Heli.
1348 1653 1435 1712 Ec
1484 1653 1581 1712 ait
1629 1652 1827 1712 Anna
1880 1671 1903 1710 .·
1953 1652 2231 1722 obsecre,
2285 1652 2381 1711 mi
2487 1653 2784 1710 modatus
2811 1653 3110 1724 Domino,
3135 1649 3199 1713 id
3230 1657 3326 1713 est
3356 1668 3469 1732 per
3498 1667 3689 1712 omne
3721 1657 3980 1732 tempus

888 1751 1169 1822 domine,
1202 1748 1631 1831 supplendum
1666 1757 1783 1825 est,
1818 1757 1887 1811 ut
1929 1747 2244 1831 patienter
2274 1765 2377 1810 me
2487 1746 2635 1811 vitae
2675 1748 2897 1831 ipsiuS,
2928 1767 3058 1830 quo
3095 1749 3233 1832 ipse
3276 1748 3344 1811 in
3376 1747 3487 1811 Dei
3525 1747 3702 1810 cultu
3753 1757 3984 1830 sponte

889 1846 1150 1923 audias;
1200 1849 1363 1908 vivit
1396 1849 1625 1908 anima
1660 1856 1798 1917 tua,
1827 1848 2119 1916 domine,
2152 1845 2217 1909 id
2257 1854 2374 1920 est,
2405 1853 2450 1916 B
2487 1847 2927 1930 permanserit.
2963 1851 3048 1910 Et
3095 1852 3534 1910 adoraverunt
3585 1851 3694 1908 ibi·
3729 1848 3798 1910 in
3849 1848 3984 1912 Silo

891 1965 1083 2027 quam
1103 1964 1324 2010 verum
1358 1953 1454 2008 est
1482 1944 1654 2027 quod
1674 1945 1889 2007 anima
1920 1953 2027 2008 tua
2048 1944 2376 2021 vivit,tam
2488 1945 2552 2006 in
2597 1946 2758 2010 atrio
2799 1946 3190 2011 tabernaculi
3233 1949 3588 2008 Dominum
3635 1945 3875 2010 Elcaua
3919 1957 3986 2009 et

891 2063 1113 2108 verum
1142 2045 1429 2126 estquod
1462 2061 1631 2107 nunc
1652 2042 1882 2120 dicam,
1898 2043 2217 2120 videlicet,
2241 2046 2375 2122 BIQO
2489 2043 2693 2108 Anna.

2026 2471 2678 2558 ARTICULUS
2751 2473 2837 2557 ΙΙ

1620 2747 1991 2793 smm'rUAus
2046 2747 2361 2793 Exrosrrlo
2413 2747 2679 2794 mosum(
2729 2747 3004 2794 currum
3054 2748 3243 2794 Palm.

1042 3031 1115 3093 lC
1147 3027 1309 3092 liber
1337 3028 1575 3107 Regum
1610 3027 1777 3090 inter
1808 3025 2165 3110 Scripturas
2196 3043 2381 3090 cano-
2408 3022 2452 3087 C
2489 3045 2685 3096 unus,
2717 3027 2782 3090 id
2821 3035 2917 3090 est
2945 3026 3218 3092 maxime
3247 3027 3591 3109 singularis
3621 3039 3684 3094 et
3715 3031 3981 3111 unicus,

1059 3130 1235 3193 nicas
1274 3136 1369 3191 est
1408 3126 1713 3204 solenniS‚
1762 3125 2081 3209 mysteriis
2119 3126 2374 3209 plenus,

886 3228 1235 3293 moralibus
1278 3226 1682 3290 documentis
1728 3224 2023 3302 refertus,
2059 3226 2138 3288 ad
2179 3223 2379 3287 insor-

885 3326 1229 3389 mationem
1287 3341 1507 3405 regum
1558 3331 1623 3386 et
1676 3323 2039 3406 principum
2063 3370 2079 3399 ‚
2136 3322 2265 3385 imo
2315 3330 2377 3385 et

886 3426 1289 3506 praelatorum
1319 3422 1632 3499 omnium,
1652 3422 1970 3504 praecipue
2001 3420 2377 3485 valens.1ta-

2487 3145 2702 3209 parem
2741 3146 2869 3191 non
2910 3126 3172 3205 habenS‚
3209 3137 3273 3191 et
3304 3146 3552 3193 summe
3595 3130 3916 3195 indivisus
3947 3154 3988 3197 a

2485 3244 2575 3302 se,
2609 3244 2684 3288 ac
2731 3226 2976 3290 divisus
3025 3244 3138 3289 seu
3186 3226 3528 3290 distinctus
3579 3230 3660 3292 ab
3709 3229 3885 3307 aliis,
3919 3241 3986 3295 et

2485 3323 2760 3387 maxime
2790 3323 3099 3388 uniformi
3129 3325 3318 3389 modo
3358 3345 3427 3389 se
3457 3325 3720 3405 habens,
3755 3336 3986 3411 utpote

2485 3440 2522 3483 a
2551 3422 2692 3485 luce
2723 3422 3052 3504 sapientiai
3080 3441 3151 3486 ac
3174 3424 3483 3487 virtutum
3515 3424 3888 3490 sinceritate
3919 3438 3986 3491 et

882 3540 1011 3604 que
1038 3521 1379 3602 allegorice
1420 3540 1533 3603 per
1564 3520 1887 3597 Elmnam,
1929 3520 2041 3601 qui
2072 3520 2173 3599 (ut
2203 3517 2378 3581 habi·
2485 3519 2781 3600 aequitate
2812 3540 3138 3603 nunquam
3173 3522 3496 3585 recedens.
3538 3522 3681 3586 Fuit
3712 3524 3870 3587 item
3899 3530 3986 3587 de

888 3632 1020 3685 tum
1051 3629 1148 3685 est
1179 3619 1561 3702 praecedenti
1593 3618 1893 3699 articulo)
1922 3618 2377 3701 interpretatur
2482 3621 2906 3681 Ramathaim
2927 3622 3224 3698 Sophim,
3246 3620 3310 3681 id
3332 3629 3450 3698 est,
3476 3623 3556 3684 de
3577 3622 3984 3688 sublimitate

884 3719 1201 3804 possessio
1250 3718 1389 3795 Dei,
1446 3716 1831 3795 intelligitur
1878 3716 2165 3779 Christus
2221 3716 2374 3778 Uni-
2485 3716 2812 3780 altissimae
2831 3718 3490 3800 contemplationiS,et
3521 3720 3602 3783 ab
3632 3720 3984 3786 altitudine
4032 3737 4238 3779 Pam-:2

883 3818 1139 3900 genitus
1182 3816 1380 3879 Patris
1423 3815 1665 3891 aeterni,
1701 3815 1968 3897 loquens
2013 3815 2078 3876 in
2125 3816 2380 3878 Prover-
2485 3816 2628 3879 coeli
2660 3816 2882 3879 Oriens
2918 3816 3104 3880 nobis
3136 3837 3211 3880 ex
3241 3817 3393 3880 alto.
3433 3818 3702 3901 Fuitque
3733 3820 3982 3903 Ephra-
4009 3800 4218 3847 ”³³¹³

888 3917 1013 3981 biis
1048 3934 1061 3978 :
1098 3915 1403 3980 Dominus
1444 3913 1725 3995 possedit
1757 3933 1860 3977 me
1902 3912 2086 3976 initio
2126 3913 2373 3977 viarum
2487 3922 2662 3991 taeus,
2699 3914 2764 3978 id
2795 3924 2892 3977 est
2921 3914 3211 3995 frugifer,
3245 3935 3358 3979 seu
3389 3917 3662 3981 maxime
3693 3917 3982 3985 fructuo-

888 4034 1145 4078 suarum
1172 4038 1187 4089 ς
1228 4022 1419 4095 atque
1451 4013 1516 4074 in
1546 4012 1891 4093 Evangelio
1919 4013 2254 4094 alloquens
2274 4011 2377 4075 Pa·
2484 4031 2614 4090 suS,
2639 4022 2700 4075 et
2730 4014 2906 4076 omni
2935 4014 3138 4094 gratia
3169 4015 3422 4097 plenuS,
3440 4015 3554 4096 qui
3585 4016 3746 4079 dixit
3771 4034 3786 4079 ε
3809 4017 3980 4093 Quia
4020 4035 4239 4079 lemn..

886 4123 1049 4176 trem
1087 4133 1101 4177 ε
1140 4111 1365 4176 Omnia
1412 4130 1552 4174 mea
1601 4119 1709 4174 tua
1758 4120 1927 4189 sunt,
1966 4120 2031 4175 et
2080 4120 2187 4174 tua
2231 4130 2374 4174 mea
2483 4130 2627 4193 quae
2670 4112 2902 4195 placita
2947 4120 3098 4175 sunt
3137 4112 3325 4189 Patri,
3372 4112 3537 4176 facio
3576 4132 3852 4197 semper.
3889 4118 3981 4180 De
4009 4100 4075 4139 ²⁹·

886 4219 1058 4275 sunt.
1081 4210 1196 4274 Hic
1221 4212 1357 4290 fuit
1393 4212 1521 4282 vir,
1556 4210 1747 4273 etiam
1779 4230 1816 4273 a
1846 4229 1976 4274 suae
2010 4210 2377 4293 conceptio-
2405 4211 2454 4273 D
2483 4228 2612 4291 quo
2641 4210 2722 4272 ab
2751 4210 2908 4273 [saia
2941 4219 3075 4273 erat
3114 4210 3490 4292 praedictum
3525 4231 3540 4276 ε
3577 4210 3641 4274 Si
3683 4216 3980 4295 posuerit
4023 4234 4238 4281 nutu.

888 4309 988 4372 nis
1018 4316 1082 4371 et
1110 4306 1568 4371 incarnationis
1586 4308 1866 4385 exordio,
1900 4326 2027 4372 non
2061 4308 2378 4389 magnitu-

886 4406 1037 4470 dine
1062 4404 1347 4488 corporis
1376 4413 1441 4469 et
1468 4413 1667 4483 aetate,
1694 4407 1804 4468 sed
1835 4406 2010 4469 omni
2042 4405 2378 4488 perfectio-

888 4523 969 4568 ne
1000 4502 1328 4586 sapientiae
1356 4522 1429 4567 ac
1460 4503 1793 4566 virtutum.
1821 4504 1905 4566 De
1926 4522 2051 4585 quo
2072 4504 2374 4567 Jeremias

887 4603 1213 4687 praedixit:
1237 4602 1455 4666 Mulier
1472 4601 1913 4678 circumdabit,
1932 4601 1996 4664 id
2019 4611 2134 4680 est,
2153 4603 2220 4665 in
2244 4610 2376 4666 ute-

884 4721 956 4767 ro
993 4700 1273 4780 habebit,
1312 4701 1494 4778 feret,
1526 4720 1599 4765 ac
1631 4700 1835 4784 pariet
1868 4700 2102 4763 virum.
2134 4700 2374 4784 Nempe

884 4801 1220 4864 mulierem
1242 4800 1520 4864 brachiis
1542 4799 1673 4863 suis
1694 4799 2088 4863 circumdare
2110 4807 2220 4861 aut
2240 4819 2374 4862 am-

882 4898 1076 4982 plecti
1095 4898 1330 4976 virum‚
1346 4916 1473 4963 non
1495 4906 1591 4960 est
1610 4916 1849 4961 novum
1880 4916 2087 4979 neque
2110 4898 2367 4961 mirum.

883 4998 967 5060 De
1007 4997 1117 5059 tali
1160 5014 1310 5079 ergo
1351 4994 1857 5059 circumdatione
1896 4995 2200 5059 Ieremias
2239 5013 2366 5058 non

882 5094 1279 5177 loquebatur,
1312 5094 1555 5177 quippe
1584 5093 1695 5175 qui
1732 5093 1943 5157 verbis
1975 5092 2114 5156 istis
2146 5094 2368 5157 imme-

878 5194 1047 5257 diate
1095 5191 1406 5277 praemisit
1451 5209 1466 5253 ε
1518 5192 1761 5256 Novum
1814 5190 2004 5255 faciet
2056 5192 2366 5256 Dominus

880 5311 1071 5375 super
1119 5300 1374 5355 terram.
1430 5290 1572 5353 Fuit
1629 5308 1884 5373 quoque
1930 5290 2218 5355 Christus
2268 5290 2368 5356 vir

2484 4325 2599 4391 pro
2639 4317 2896 4389 peccato
2926 4308 3204 4371 animam
3237 4328 3438 4386 suam,
3475 4309 3718 4373 videbit
3749 4330 3978 4377 semen

2484 4406 2862 4487 longaevum,
2908 4416 2971 4469 et
3015 4406 3308 4471 voluntas
3357 4406 3608 4471 Domini
3658 4409 3726 4471 in
3775 4430 3979 4476 manu

2483 4505 2622 4587 ejus
2652 4505 2981 4588 dirigetur.
3002 4504 3116 4567 Cui
3137 4512 3201 4568 et
3229 4505 3409 4569 Pater
3437 4506 3528 4569 ait
3557 4524 3672 4588 per
3699 4507 3930 4573 lsaiam
3957 4530 3974 4573 ε

2483 4602 2634 4665 Dedi
2666 4611 2728 4665 te
2748 4604 2814 4665 in
2848 4602 3055 4666 lucem
3074 4603 3386 4684 gentium,
3407 4610 3476 4666 ut
3506 4604 3594 4666 sis
3627 4604 3797 4668 salus
3829 4628 3982 4673 mea
4027 4626 4236 4669 uuam.

2483 4719 2684 4783 usque
2713 4702 2792 4765 ad
2813 4710 3168 4764 extremum
3196 4709 3400 4764 terrae.
3423 4701 3584 4765 Ecce
3613 4721 3806 4784 quam
3841 4704 3982 4770 fru·
4009 4692 4050 4731 ⁶·

2480 4798 2921 4863 ctuosissimus
2961 4798 3106 4861 fuit.
3142 4803 3226 4861 Ec
3255 4802 3485 4861 habuit
3515 4804 3683 4861 duas
3715 4822 3981 4873 umores,

2481 4896 2547 4960 id
2591 4906 2688 4961 est
2717 4897 3132 4979 Synagogam,
3170 4898 3376 4979 primo
3419 4898 3783 4976 fecundam,
3828 4919 3982 4982 quae

2479 4994 2857 5078 exprimitur
2897 5014 3012 5077 per
3054 4994 3486 5073 phenennam,
3521 5004 3586 5059 et
3623 4996 3980 5061 Ecclesiam

2479 5112 2554 5157 ex
2580 5092 2878 5173 gentibus
2915 5102 3382 5175 congregatam,
3416 5095 3626 5177 primo
3661 5095 3976 5173 sterilem,

2478 5192 2587 5254 sed
2631 5191 3154 5255 fecundissimam
3198 5193 3630 5274 postmodum.
3683 5192 3759 5255 Et
3801 5194 3980 5258 sicut

2474 5289 2815 5354 Phenenna
2841 5308 2919 5355 ex
2949 5309 3065 5353 sua
3104 5290 3496 5365 fecunditate
3541 5290 3878 5369 intumuit,
3911 5301 3980 5356 et
