4359 6250
942 513 1290 560 ansianum
1334 513 1394 559 lN
1439 513 1572 560 aar.
1621 512 1686 558 xl
1730 512 1887 558 mam
1929 511 2182 558 sEcuNm
2224 512 2447 560 ascum.
2494 535 2573 544 —
2614 516 2757 561 Aur.
2802 516 2953 562 xvul
3370 497 3489 561 497

379 682 502 745 His
532 685 908 748 contrariari
941 685 1214 761 videtur,
1250 685 1420 764 quod
1459 684 1668 766 primo
1700 683 1888 744 Para·
1917 681 1966 742 A
1997 684 3483 770 ministros‚praedioatores,doctores,praelatoS,

113 791 346 840 {Par-xm,
381 779 766 862 lipomenon
829 782 1063 864 legitur
1116 801 1129 844 :
1179 783 1502 846 Interfecit
1549 781 1746 845 David
1806 781 1886 842 de
1997 786 2925 849 adcessandumasalutaribus
2946 785 3487 862 documentis‚aut

89 855 148 896 ¹⁸·
379 879 566 962 Syris
609 889 852 962 septem
895 881 1102 943 millia
1143 901 1468 957 curruum,
1515 889 1578 943 et
1620 879 1888 962 quadra·
1999 885 2298 947 virtuosis
2330 885 2927 967 exemplaribusque
2958 883 3281 966 operibus,
3310 884 3488 946 abra-

375 978 570 1058 giuta
600 979 806 1042 millia
836 981 1147 1063 peditum.
1175 980 1293 1043 Sed
1325 979 1479 1060 quid
1512 997 1627 1062 pro
1657 979 1886 1040 horum
1995 983 2156 1044 dunt
2196 984 2469 1046 mediam
2510 983 2771 1046 barbam
2812 1001 3053 1046 eorum.
3089 982 3262 1056 Quod
3309 982 3362 1043 si
3406 983 3485 1045 ad

375 1079 845 1142 concordantia
875 1079 958 1140 sit
988 1079 1330 1142 dicendum
1361 1079 1568 1161 primo
1590 1077 1756 1140 libro
1775 1076 1884 1139 Pa-

376 1176 836 1258 ralipomenon
895 1186 991 1241 est
1050 1196 1442 1259 expressum.
1496 1180 1583 1238 Ec
1635 1177 1885 1238 Sobach

369 1277 754 1354 principem
813 1279 1075 1338 militiae
1105 1279 1448 1354 percussit,
1495 1279 1612 1356 qui
1660 1275 1885 1335 statim

379 1384 686 1435 mortuus
712 1385 814 1436 est.
835 1377 1126 1438 Vidences
1154 1385 1372 1436 autem
1403 1375 1697 1434 univ'ersi
1713 1393 1887 1450 reyes

374 1475 506 1550 qai
536 1483 727 1535 erant
767 1476 840 1534 in
864 1475 1176 1552 praesidio
1214 1476 1570 1542 Adur-ezer,
1593 1494 1656 1532 se
1689 1475 1886 1533 victos

373 1589 514 1630 esse
530 1574 613 1631 ab
627 1575 852 1642 Israel,
865 1583 1270 1649 efflaverunt
1287 1582 1347 1632 et
1366 1573 1683 1649 fuyerunt
1703 1574 1886 1651 quin-

375 1673 708 1747 quaqinta
747 1680 808 1732 et
845 1680 979 1732 occo
1020 1673 1242 1732 millia
1279 1692 1495 1732 coram
1534 1674 1762 1732 Israel.
1801 1673 1886 1731 Εἰ

1995 1082 2413 1146 cessationem
2457 1083 2539 1146 ab
2584 1091 2851 1164 utroque
2892 1082 3314 1164 pertraxerint
3350 1100 3480 1158 eOS,

1997 1187 2191 1243 totam
2240 1200 2458 1244 eorum
2508 1181 2769 1243 barbam
2820 1181 3156 1243 abradunt.
3207 1179 3285 1241 Et
3334 1179 3487 1261 quia

1994 1279 2360 1360 praedicatio
2417 1280 2557 1361 ejus
2616 1279 3070 1356 contemnitur,
3118 1279 3302 1360 cujus
3354 1278 3485 1342 vita

1995 1376 2224 1441 vitiosa
2253 1376 2801 1460 aspernabilisque
2829 1375 3145 1452 consistit,
3165 1376 3485 1458 praecipue

1995 1476 2253 1537 student
2281 1476 2583 1538 inducere
2612 1493 2719 1538 eos
2750 1475 2828 1536 ad
2861 1474 3240 1537 cessandum
3270 1474 3352 1536 ab
3384 1493 3487 1536 ac-

1996 1573 2165 1635 tibus
2190 1573 2494 1636 virtuosis
2520 1573 2705 1654 :quia
2726 1573 2875 1636 ethi
2909 1572 3019 1654 qui
3051 1590 3180 1635 non
3214 1571 3486 1654 implent

1995 1689 2067 1734 ea
2097 1691 2240 1752 quae
2272 1673 2499 1736 docent
2536 1691 2609 1734 ac
2646 1671 3173 1746 sermocinantur,
3207 1669 3486 1750 graviter

371 1769 680 1844 fecerunt
713 1788 939 1846 pacem
976 1789 1125 1829 cum
1155 1771 1387 1838 Israel,
1418 1780 1478 1829 et
1517 1769 1880 1829 servierunt
1994 1779 2261 1854 peccant
2318 1770 2823 1834 sermocinando,
2876 1769 3193 1832 Peccatori
3244 1769 3483 1832 etenim
3568 1790 3648 1833 1³2.
3666 1803 3772 1842 mx,

376 1863 554 1947 [eis]‚
579 1867 1066 1947 timueruntque
1095 1869 1258 1945 Syri
1288 1868 1624 1928 auxilium
1650 1867 1884 1943 proebe-
1922 1865 1966 1926 B
1994 1869 2153 1931 dixit
2171 1869 2575 1947 DeuS,Quare
2597 1877 2665 1931 tu
2689 1887 2944 1932 enarras
2965 1867 3247 1949 justitias
3273 1870 3482 1931 meas?
3517 1855 3579 1894 ¹⁶·

371 1983 448 2022 re
487 1965 655 2041 filiis
692 1968 995 2026 Ammon.
1041 1965 1274 2028 Textus
1325 1965 1520 2046 hujus
1570 1972 1634 2026 et
1680 1962 1886 2029 consi·
1993 1969 2070 2029 Et
2100 1967 2267 2030 sicut
2303 1966 2527 2044 oratio,
2564 1967 2652 2028 ita
2691 1975 2755 2030 et
2791 1963 3158 2049 praedic'atio
3199 1966 3339 2047 ejus
3370 1965 3481 2046 qui
3510 1979 3700 2085 “3:102-

105 2336 347 2388 spiritualis.

376 2061 640 2124 milium
675 2064 889 2140 verba,
923 2083 1066 2145 quae
1108 2082 1236 2127 non
1265 2071 1692 2146 exponuntur,
1727 2063 1885 2125 adeo

377 2160 582 2242 plana
603 2170 775 2239 sunt,
801 2163 972 2243 quod
993 2163 1392 2245 expositione
1414 2181 1544 2225 non
1567 2151 1894 2241 indigent(

466 2258 788 2323 Moraliter
817 2279 894 2322 ex
925 2261 1046 2324 isto
1077 2262 1382 2324 docemur
1417 2261 1718 2342 capitu10,
1756 2278 1883 2323 non

383 2355 615 2420 faciles
646 2376 785 2421 esse
815 2359 894 2420 ad
924 2360 1313 2422 credendum
1338 2359 1578 2421 malum
1605 2359 1683 2422 dc
1714 2358 1879 2436 aliis,

381 2456 748 2537 praesertim
785 2457 865 2519 de
904 2457 1088 2520 bonae
1128 2456 1314 2520 famae
1351 2457 1746 2534 hominibus,
1783 2475 1887 2519 ne-

379 2573 514 2634 que
553 2573 633 2617 ex
673 2554 798 2618 levi
841 2555 1208 2637 suspicione
1246 2556 1327 2618 ad
1356 2555 1600 2637 judicia
1629 2556 1886 2619 incauta

381 2653 756 2733 procedere.
776 2653 1032 2735 Alioqui
1066 2654 1268 2716 multa
1298 2663 1361 2716 et
1392 2673 1622 2734 magna
1653 2652 1885 2716 incide-

381 2769 534 2814 mus
562 2751 990 2816 incommoda.
1024 2753 1401 2834 Allegorice,
1436 2772 1550 2835 per
1585 2752 1782 2816 David
1821 2760 1885 2814 et

383 2850 531 2930 ejus
585 2849 918 2914 ministros
973 2869 1048 2913 ac
1107 2850 1388 2928 nuntiOS,
1441 2850 1884 2931 intelliguntur

380 2949 679 3011 Christus
718 2957 782 3012 et
819 2951 960 3032 ejus
997 2948 1249 3028 fideleS,
1283 2948 1638 3031 praesertim
1670 2950 1884 3012 docto-

1993 2066 2225 2128 avertit
2252 2084 2439 2129 aures
2470 2083 2615 2126 suas
2648 2083 2727 2127 ne
2756 2063 2973 2126 audiat
3004 2063 3230 2143 legem,
3250 2070 3349 2126 est
3378 2083 3483 2126 ex-

1995 2163 2345 2227 secrabilis
2378 2162 2821 2238 Conformiter‚
2856 2163 3008 2224 dum
3042 2161 3227 2243 impii
3260 2160 3355 2223 illi
3386 2162 3485 2223 in-

1995 2264 2238 2325 ducunt
2258 2263 2372 2325 hos
2392 2261 2625 2325 Christi
2645 2260 2973 2323 ministros
2993 2262 3069 2323 ad
3091 2261 3481 2344 peccandum

1996 2361 2367 2438 mortaliter,
2424 2359 2780 2442 praecidunt
2840 2368 3047 2422 vestes
3106 2379 3358 2438 eorum,
3402 2359 3481 2421 de

1995 2459 2228 2541 quibus
2259 2459 2490 2538 legitur
2521 2457 2587 2519 in
2616 2456 2997 2540 Apocalypsi
3032 2475 3046 2519 :
3080 2457 3194 2531 Qui
3228 2475 3355 2520 non
3388 2457 3485 2518 in-
3512 2468 3767 2525 Apama.

1994 2556 2424 2640 quinaverunt
2465 2555 2846 2619 vestimenta
2894 2575 3030 2632 sua,
3061 2555 3485 2618 ambulabunt

1995 2675 2245 2719 mecum
2276 2655 2341 2716 in
2372 2654 2557 2717 albis.
2595 2653 2713 2716 Sed
2746 2654 2899 2715 dum
2930 2672 3039 2717 eos
3070 2653 3365 2716 alliciunt
3403 2654 3481 2715 ad

1994 2753 2275 2818 carnalia
2301 2753 2477 2830 vitia,
2513 2752 2841 2833 vitamque
2869 2752 3197 2815 evidenter
3226 2753 3484 2815 scanda-

1996 2853 2195 2917 losam
2237 2859 2303 2915 et
2341 2860 2615 2934 turpem,
2662 2850 3019 2932 praecidunt
3062 2859 3271 2914 vestes
3316 2850 3483 2933 ipso-

1993 2971 2135 3014 rum
2184 2970 2386 3033 usque
2434 2951 2513 3013 ad
2562 2959 2762 3013 nates.
2815 2951 3104 3030 Insuper,
3156 2948 3322 3012 sicut
3376 2967 3485 3011 rex

383 3067 489 3110 res
521 3055 586 3110 et
621 3048 1091 3130 praedicatores.
1126 3049 1242 3111 Per
1280 3066 1490 3129 regem
1529 3055 1743 3110 autem
1773 3047 1884 3109 Ha·
1918 3051 1961 3114 C
1991 3050 2214 3112 Hauon
2265 3058 2329 3113 et
2376 3049 2543 3112 servi
2596 3048 2736 3130 ejus
2774 3047 3225 3131 ¹praeciderunt
3273 3054 3484 3110 vestes

383 3166 520 3209 non
551 3155 616 3210 et
645 3166 864 3211 servos
895 3146 1120 3230 ipsiuS,
1148 3147 1561 3229 designantur
1590 3146 1882 3211 diabolus

381 3256 450 3308 et
491 3245 706 3327 angeli
743 3246 906 3327 ejuS,
949 3254 1062 3309 aut
1101 3245 1294 3309 etiam
1332 3247 1626 3310 homines
1666 3244 1880 3310 vitiosi

379 3344 720 3407 mundani.
737 3344 851 3408 Per
875 3344 1133 3407 barbam
1158 3364 1308 3432 vero
1329 3364 1472 3426 quae
1501 3352 1599 3408 est
1629 3344 1882 3425 signum

379 3442 728 3519 virilitatis,
746 3442 1200 3524 significantur
1221 3444 1509 3508 soliditas
1530 3442 1882 3505 salubrium

381 3542 855 3619 doctrinarum,
907 3551 1100 3624 atque
1161 3543 1474 3606 bonorum
1525 3542 1883 3605 constantia

382 3659 680 3722 operum.
706 3641 821 3704 Per
841 3649 1047 3705 vestes
1069 3659 1350 3723 quoque,
1374 3641 1642 3703 virtutes
1673 3659 1744 3701 ac
1776 3641 1882 3703 do-

387 3759 470 3802 na
502 3739 780 3822 Spiritus
812 3738 1049 3815 Sancti,
1083 3739 1320 3820 quibus
1351 3738 1565 3801 anima
1595 3738 1881 3801 induitur

385 3847 450 3901 et
481 3848 770 3916 ornatur,
804 3837 1273 3917 intelliguntur.
1311 3838 1470 3899 Dum
1503 3836 1718 3918 itaque
1757 3837 1882 3901 dae-

385 3956 614 4000 mones
653 3946 762 4000 aut
801 3936 985 4019 impii
1025 3936 1318 3999 homines
1351 3937 1612 3999 trahunt
1643 3936 1877 3999 Christi

1991 3168 2319 3212 servorum
2349 3148 2547 3212 David
2578 3164 2782 3228 usque
2810 3146 2888 3208 ad
2922 3145 3208 3225 inguina,
3242 3144 3333 3207 sic
3363 3146 3485 3209 ἀω-

1989 3266 2211 3311 mones
2261 3247 2573 3310 inducunt
2619 3246 2915 3309 homines
2967 3245 3351 3308 christianos
3404 3245 3482 3306 ad

1991 3354 2231 3408 tantam
2283 3344 2663 3421 fatuitatem,
2716 3344 2887 3424 quod
2938 3342 3321 3406 vestimenta
3370 3360 3486 3405 sua

1991 3442 2321 3525 superiora
2340 3443 2675 3505 decurtant
2704 3441 2888 3522 quasi
2921 3459 3124 3521 usque
3155 3441 3233 3503 ad
3265 3447 3479 3503 nates:

1989 3550 2182 3623 atque
2224 3541 2293 3603 in
2340 3549 2583 3603 tantum
2630 3541 2822 3604 corda
2864 3559 3085 3604 eorum
3128 3546 3471 3615 excaecant,

1987 3641 2159 3723 quod
2218 3648 2441 3721 sponte
2501 3639 2759 3722 ipsimet
2818 3637 3063 3701 faciunt
3110 3637 3258 3714 sibi,
3301 3636 3474 3718 quod

1989 3739 2156 3803 servi
2190 3737 2383 3801 David
2415 3737 2797 3801 invitissima
2828 3734 3313 3809 sustinuerunt3
3360 3753 3477 3798 nec

1990 3838 2055 3899 in
2088 3837 2323 3900 vestitu
2361 3845 2489 3899 tam
2521 3836 2703 3899 brevi
2735 3834 3107 3915 intelligunt
3148 3853 3217 3897 se
3265 3833 3478 3915 potius

1987 3956 2126 3999 esse
2156 3935 2422 4013 derisoS,
2458 3952 2652 4016 quam
2686 3934 2973 3998 vestitos

1439 4366 2082 4454 ARTICULUS
2156 4364 2454 4451 XVIII

779 4642 1134 4689 Etucma'rlo
1177 4642 1450 4688 CAPITULI
1493 4640 1780 4687 UNDEcml
1818 4641 1832 4685 :
1879 4640 2119 4685 mcum
2163 4640 2270 4686 EST
2312 4639 2516 4685 aum!
2561 4638 2871 4685 vauri-:Nm
2912 4638 3101 4686 ANNO.

515 4918 1123 4995 ONSEQUENTER
1174 4918 1556 4983 describitur
1621 4918 1881 4999 grandis
1914 4919 1964 4982 D
1991 4918 2305 4981 cautelam
2349 4926 2413 4981 et
2452 4917 3005 4996 confortationem,
3048 4924 3363 5000 quatenus
3408 4937 3485 4981 ex

535 5028 600 5083 et
647 5018 984 5101 multiplex
1036 5018 1237 5101 ipsius
1286 5018 1484 5083 David
1536 5025 1882 5097 transgres-

391 5119 512 5196 sio,
566 5136 694 5181 non
745 5117 830 5180 ob
876 5116 1016 5198 ejus
1063 5115 1598 5194 diffamationem,
1647 5117 1755 5178 sed
1806 5116 1884 5178 ad

389 5217 625 5281 divinae
657 5214 1109 5279 misericordiae
1139 5214 1780 5291 commendationem,
1799 5220 1886 5275 at-

389 5334 516 5397 que
555 5317 636 5378 ad
677 5314 1001 5397 copiosam
1042 5321 1322 5377 nostram
1367 5311 1872 5389 instructionem,

641 5447 710 5498 T.
745 5448 793 5497 3.

1996 5017 2154 5079 tanti
2196 5016 2319 5079 viri
2364 5016 2551 5078 ruina
2592 5015 2990 5096 gravissima,
3042 5016 3363 5080 discamus
3406 5017 3486 5079 de

1994 5115 2255 5197 propria
2293 5114 2639 5195 fragilitate
2676 5122 2739 5178 et
2779 5114 2962 5196 lapsu
3000 5134 3139 5178 esse
3176 5114 3487 5179 formido-

1995 5212 2136 5289 losi,
2171 5213 2495 5290 custoditi,
2520 5212 2803 5276 solliciti.
2834 5212 3073 5295 Nempe
3106 5210 3261 5275 felix
3291 5229 3481 5293 quem

1994 5311 2239 5374 faciunt
2269 5312 2477 5375 aliena
2505 5313 2737 5375 damna
2768 5311 3069 5393 peritum.
3094 5311 3271 5386 Quod
3300 5310 3356 5373 si
3388 5330 3488 5374 66-

3169 5447 3233 5497 32
