<?xml version="1.0" encoding="UTF-8"?>
<!DOCTYPE html PUBLIC "-//W3C//DTD XHTML 1.0 Transitional//EN"
    "http://www.w3.org/TR/xhtml1/DTD/xhtml1-transitional.dtd">
<html xmlns="http://www.w3.org/1999/xhtml" xml:lang="en" lang="en">
 <head>
  <title>
</title>
<meta http-equiv="Content-Type" content="text/html;charset=utf-8" />
  <meta name='ocr-system' content='tesseract 3.04.00' />
  <meta name='ocr-capabilities' content='ocr_page ocr_carea ocr_par ocr_line ocrx_word'/>
</head>
<body>
  <div class='ocr_page' id='page_1' title='image "./doctorisecstati02denigoog_0355.png"; bbox 0 0 4359 6250; ppageno 0'>
   <div class='ocr_carea' id='block_1_1' title="bbox 616 2469 885 2652">
    <p class='ocr_par' dir='ltr' id='par_1_1' title="bbox 616 2469 885 2652">
     <span class='ocr_line' id='line_1_1' title="bbox 661 2469 885 2521; baseline -0.013 -7"><span class='ocrx_word' id='word_1_1' title='bbox 661 2469 766 2514; x_wconf 80' lang='lat' dir='ltr'><strong>Lev.</strong></span> <span class='ocrx_word' id='word_1_2' title='bbox 787 2482 854 2512; x_wconf 79' lang='lat' dir='ltr'><strong>vm</strong></span> <span class='ocrx_word' id='word_1_3' title='bbox 873 2484 885 2521; x_wconf 74' lang='grc' dir='ltr'><strong>ς</strong></span> 
     </span>
     <span class='ocr_line' id='line_1_2' title="bbox 616 2533 884 2586; baseline -0.007 -10"><span class='ocrx_word' id='word_1_4' title='bbox 616 2533 768 2576; x_wconf 67' lang='lat' dir='ltr'><strong>Bm.</strong></span> <span class='ocrx_word' id='word_1_5' title='bbox 784 2546 884 2586; x_wconf 82' lang='lat' dir='ltr'>xxx,</span> 
     </span>
     <span class='ocr_line' id='line_1_3' title="bbox 617 2599 854 2652; baseline 0.004 -13"><span class='ocrx_word' id='word_1_6' title='bbox 617 2599 670 2639; x_wconf 78' lang='lat'><strong>2⁵</strong></span> <span class='ocrx_word' id='word_1_7' title='bbox 693 2601 739 2640; x_wconf 76' lang='lat' dir='ltr'><strong>et</strong></span> <span class='ocrx_word' id='word_1_8' title='bbox 760 2607 854 2652; x_wconf 72' lang='lat' dir='ltr'><strong>aeq.</strong></span> 
     </span>
    </p>
   </div>
   <div class='ocr_carea' id='block_1_2' title="bbox 909 481 1026 545">
    <p class='ocr_par' dir='ltr' id='par_1_2' title="bbox 909 481 1026 545">
     <span class='ocr_line' id='line_1_4' title="bbox 909 481 1026 545; baseline -0.026 0"><span class='ocrx_word' id='word_1_9' title='bbox 909 481 1026 545; x_wconf 77' lang='lat'><strong>312</strong></span> 
     </span>
    </p>
   </div>
   <div class='ocr_carea' id='block_1_3' title="bbox 1519 495 3373 544">
    <p class='ocr_par' dir='ltr' id='par_1_3' title="bbox 1519 495 3373 544">
     <span class='ocr_line' id='line_1_5' title="bbox 1519 495 3373 544; baseline -0.002 0"><span class='ocrx_word' id='word_1_10' title='bbox 1519 497 1866 544; x_wconf 63' lang='lat' dir='ltr'><strong>manuue</strong></span> <span class='ocrx_word' id='word_1_11' title='bbox 1907 498 1968 544; x_wconf 83' lang='lat' dir='ltr'><strong>IN</strong></span> <span class='ocrx_word' id='word_1_12' title='bbox 2011 499 2149 544; x_wconf 72' lang='lat' dir='ltr'><strong>CAP.</strong></span> <span class='ocrx_word' id='word_1_13' title='bbox 2196 497 2238 543; x_wconf 81' lang='lat' dir='ltr'>X</span> <span class='ocrx_word' id='word_1_14' title='bbox 2280 497 2437 543; x_wconf 74' lang='lat' dir='ltr'><strong>unm</strong></span> <span class='ocrx_word' id='word_1_15' title='bbox 2478 495 2646 542; x_wconf 73' lang='lat' dir='ltr'><strong>mum</strong></span> <span class='ocrx_word' id='word_1_16' title='bbox 2686 496 2911 543; x_wconf 69' lang='lat' dir='ltr'><strong>REGUH.</strong></span> <span class='ocrx_word' id='word_1_17' title='bbox 2956 515 3037 526; x_wconf 92' lang='lat'><strong>—</strong></span> <span class='ocrx_word' id='word_1_18' title='bbox 3076 496 3219 542; x_wconf 73' lang='grc' dir='ltr'><strong>ΛΒΤ.</strong></span> <span class='ocrx_word' id='word_1_19' title='bbox 3264 495 3373 541; x_wconf 82' lang='lat' dir='ltr'><strong>xlx</strong></span> 
     </span>
    </p>
   </div>
   <div class='ocr_carea' id='block_1_4' title="bbox 908 664 3965 751">
    <p class='ocr_par' dir='ltr' id='par_1_4' title="bbox 908 664 3965 751">
     <span class='ocr_line' id='line_1_6' title="bbox 908 664 3965 751; baseline -0.002 -20"><span class='ocrx_word' id='word_1_20' title='bbox 908 689 1162 731; x_wconf 89' lang='lat' dir='ltr'><strong>sursum</strong></span> <span class='ocrx_word' id='word_1_21' title='bbox 1207 677 1358 732; x_wconf 90' lang='lat' dir='ltr'><strong>sunt</strong></span> <span class='ocrx_word' id='word_1_22' title='bbox 1395 670 1680 751; x_wconf 79' lang='lat' dir='ltr'><strong>quaerite,</strong></span> <span class='ocrx_word' id='word_1_23' title='bbox 1715 669 1826 732; x_wconf 90' lang='lat' dir='ltr'><strong>ubi</strong></span> <span class='ocrx_word' id='word_1_24' title='bbox 1866 669 2151 731; x_wconf 90' lang='lat' dir='ltr'><strong>Christus</strong></span> <span class='ocrx_word' id='word_1_25' title='bbox 2191 676 2287 730; x_wconf 89' lang='lat' dir='ltr'><strong>est</strong></span> <span class='ocrx_word' id='word_1_26' title='bbox 2327 667 2391 729; x_wconf 92' lang='lat' dir='ltr'><strong>in</strong></span> <span class='ocrx_word' id='word_1_27' title='bbox 2422 666 2473 728; x_wconf 89' lang='lat' dir='ltr'>A</span> <span class='ocrx_word' id='word_1_28' title='bbox 2504 666 2627 729; x_wconf 89' lang='lat' dir='ltr'><strong>stia</strong></span> <span class='ocrx_word' id='word_1_29' title='bbox 2678 675 2743 730; x_wconf 89' lang='lat' dir='ltr'><strong>et</strong></span> <span class='ocrx_word' id='word_1_30' title='bbox 2790 676 3024 729; x_wconf 84' lang='lat' dir='ltr'><strong>aeterna</strong></span> <span class='ocrx_word' id='word_1_31' title='bbox 3072 664 3597 748; x_wconf 80' lang='lat' dir='ltr'>contemplamini</span> <span class='ocrx_word' id='word_1_32' title='bbox 3645 672 3709 727; x_wconf 91' lang='lat' dir='ltr'><strong>et</strong></span> <span class='ocrx_word' id='word_1_33' title='bbox 3754 672 3965 740; x_wconf 86' lang='lat' dir='ltr'><strong>amate,</strong></span> 
     </span>
    </p>
   </div>
   <div class='ocr_carea' id='block_1_5' title="bbox 907 767 2397 951">
    <p class='ocr_par' dir='ltr' id='par_1_5' title="bbox 907 767 2397 951">
     <span class='ocr_line' id='line_1_7' title="bbox 907 767 2394 849; baseline -0.001 -19"><span class='ocrx_word' id='word_1_34' title='bbox 907 769 1166 832; x_wconf 84' lang='lat' dir='ltr'><strong>dextera</strong></span> <span class='ocrx_word' id='word_1_35' title='bbox 1192 768 1340 842; x_wconf 81' lang='lat' dir='ltr'><strong>Dei3</strong></span> <span class='ocrx_word' id='word_1_36' title='bbox 1379 787 1520 849; x_wconf 80' lang='lat' dir='ltr'><strong>quae</strong></span> <span class='ocrx_word' id='word_1_37' title='bbox 1551 788 1804 830; x_wconf 88' lang='lat' dir='ltr'><strong>sursum</strong></span> <span class='ocrx_word' id='word_1_38' title='bbox 1835 776 1986 830; x_wconf 90' lang='lat' dir='ltr'><strong>sunt</strong></span> <span class='ocrx_word' id='word_1_39' title='bbox 2011 767 2238 849; x_wconf 87' lang='lat' dir='ltr'><strong>sapite,</strong></span> <span class='ocrx_word' id='word_1_40' title='bbox 2266 785 2394 828; x_wconf 91' lang='lat' dir='ltr'><strong>non</strong></span> 
     </span>
     <span class='ocr_line' id='line_1_8' title="bbox 908 865 2397 951; baseline -0.001 -21"><span class='ocrx_word' id='word_1_41' title='bbox 908 886 1052 951; x_wconf 83' lang='lat' dir='ltr'><strong>quae</strong></span> <span class='ocrx_word' id='word_1_42' title='bbox 1097 885 1289 951; x_wconf 89' lang='lat' dir='ltr'><strong>super</strong></span> <span class='ocrx_word' id='word_1_43' title='bbox 1331 877 1564 932; x_wconf 86' lang='lat' dir='ltr'><strong>terram</strong></span> <span class='ocrx_word' id='word_1_44' title='bbox 1600 884 1613 930; x_wconf 92' lang='lat'><strong>:</strong></span> <span class='ocrx_word' id='word_1_45' title='bbox 1650 866 1715 930; x_wconf 90' lang='lat' dir='ltr'><strong>id</strong></span> <span class='ocrx_word' id='word_1_46' title='bbox 1765 875 1882 944; x_wconf 89' lang='lat' dir='ltr'><strong>est,</strong></span> <span class='ocrx_word' id='word_1_47' title='bbox 1927 867 2165 944; x_wconf 89' lang='lat' dir='ltr'><strong>divina,</strong></span> <span class='ocrx_word' id='word_1_48' title='bbox 2206 865 2397 930; x_wconf 91' lang='lat' dir='ltr'><strong>coele-</strong></span> 
     </span>
    </p>
   </div>
   <div class='ocr_carea' id='block_1_6' title="bbox 2503 762 3975 946">
    <p class='ocr_par' dir='ltr' id='par_1_6' title="bbox 2503 762 3975 946">
     <span class='ocr_line' id='line_1_9' title="bbox 2503 762 3975 847; baseline -0.003 -19"><span class='ocrx_word' id='word_1_49' title='bbox 2503 784 2775 847; x_wconf 90' lang='lat' dir='ltr'><strong>quorum</strong></span> <span class='ocrx_word' id='word_1_50' title='bbox 2808 766 3041 827; x_wconf 88' lang='lat' dir='ltr'><strong>intuitu</strong></span> <span class='ocrx_word' id='word_1_51' title='bbox 3074 773 3137 828; x_wconf 92' lang='lat' dir='ltr'><strong>et</strong></span> <span class='ocrx_word' id='word_1_52' title='bbox 3166 784 3379 827; x_wconf 88' lang='lat' dir='ltr'><strong>amore</strong></span> <span class='ocrx_word' id='word_1_53' title='bbox 3404 772 3631 827; x_wconf 86' lang='lat' dir='ltr'><strong>cuncta</strong></span> <span class='ocrx_word' id='word_1_54' title='bbox 3660 762 3975 826; x_wconf 80' lang='lat' dir='ltr'><strong>sensibilia</strong></span> 
     </span>
     <span class='ocr_line' id='line_1_10' title="bbox 2504 862 3729 946; baseline -0.002 -19"><span class='ocrx_word' id='word_1_55' title='bbox 2504 872 2695 945; x_wconf 88' lang='lat' dir='ltr'><strong>atque</strong></span> <span class='ocrx_word' id='word_1_56' title='bbox 2723 864 3003 928; x_wconf 89' lang='lat' dir='ltr'><strong>carnalia</strong></span> <span class='ocrx_word' id='word_1_57' title='bbox 3032 882 3146 946; x_wconf 89' lang='lat' dir='ltr'><strong>pro</strong></span> <span class='ocrx_word' id='word_1_58' title='bbox 3178 862 3381 927; x_wconf 85' lang='lat' dir='ltr'>nihilo</span> <span class='ocrx_word' id='word_1_59' title='bbox 3412 862 3729 926; x_wconf 88' lang='lat' dir='ltr'><strong>habetote.</strong></span> 
     </span>
    </p>
   </div>
   <div class='ocr_carea' id='block_1_7' title="bbox 1987 1294 2920 1382">
    <p class='ocr_par' dir='ltr' id='par_1_7' title="bbox 1987 1294 2920 1382">
     <span class='ocr_line' id='line_1_11' title="bbox 1987 1294 2920 1382; baseline -0.003 -2"><span class='ocrx_word' id='word_1_60' title='bbox 1987 1294 2635 1382; x_wconf 81' lang='lat' dir='ltr'><strong>ARTICULUS</strong></span> <span class='ocrx_word' id='word_1_61' title='bbox 2714 1295 2920 1378; x_wconf 86' lang='lat' dir='ltr'><strong>XIX</strong></span> 
     </span>
    </p>
   </div>
   <div class='ocr_carea' id='block_1_8' title="bbox 1307 1568 3602 1621">
    <p class='ocr_par' dir='ltr' id='par_1_8' title="bbox 1307 1568 3602 1621">
     <span class='ocr_line' id='line_1_12' title="bbox 1307 1568 3602 1621; baseline -0.004 0"><span class='ocrx_word' id='word_1_62' title='bbox 1307 1574 1622 1621; x_wconf 71' lang='lat' dir='ltr'><strong>Expost&#39;rlo</strong></span> <span class='ocrx_word' id='word_1_63' title='bbox 1664 1573 1938 1620; x_wconf 68' lang='lat' dir='ltr'><strong>camwu</strong></span> <span class='ocrx_word' id='word_1_64' title='bbox 1979 1571 2185 1618; x_wconf 68' lang='lat' dir='ltr'><strong>necuit</strong></span> <span class='ocrx_word' id='word_1_65' title='bbox 2230 1571 2243 1615; x_wconf 74' lang='grc' dir='ltr'><strong>Ζ</strong></span> <span class='ocrx_word' id='word_1_66' title='bbox 2288 1568 2461 1616; x_wconf 78' lang='lat' dir='ltr'><strong>‘rum&#39;</strong></span> <span class='ocrx_word' id='word_1_67' title='bbox 2503 1569 2708 1614; x_wconf 72' lang='lat' dir='ltr'><strong>Au&#39;rssu</strong></span> <span class='ocrx_word' id='word_1_68' title='bbox 2751 1568 2989 1614; x_wconf 69' lang='lat' dir='ltr'>SAEUEL</span> <span class='ocrx_word' id='word_1_69' title='bbox 3032 1569 3405 1614; x_wconf 71' lang='lat' dir='ltr'>LENTICULAM</span> <span class='ocrx_word' id='word_1_70' title='bbox 3448 1568 3602 1614; x_wconf 51' lang='lat'>01181.</span> 
     </span>
    </p>
   </div>
   <div class='ocr_carea' id='block_1_9' title="bbox 1048 1848 4155 1936">
    <p class='ocr_par' dir='ltr' id='par_1_9' title="bbox 1048 1848 4155 1936">
     <span class='ocr_line' id='line_1_13' title="bbox 1048 1848 4155 1936; baseline -0.002 -19"><span class='ocrx_word' id='word_1_71' title='bbox 1048 1853 1293 1936; x_wconf 83' lang='lat' dir='ltr'>NCTIO</span> <span class='ocrx_word' id='word_1_72' title='bbox 1324 1852 1529 1915; x_wconf 88' lang='lat' dir='ltr'><strong>Saulis</strong></span> <span class='ocrx_word' id='word_1_73' title='bbox 1572 1852 1637 1914; x_wconf 92' lang='lat' dir='ltr'><strong>in</strong></span> <span class='ocrx_word' id='word_1_74' title='bbox 1677 1869 1885 1932; x_wconf 83' lang='lat' dir='ltr'><strong>regem</strong></span> <span class='ocrx_word' id='word_1_75' title='bbox 1929 1850 2096 1913; x_wconf 81' lang='lat' dir='ltr'><strong>facta</strong></span> <span class='ocrx_word' id='word_1_76' title='bbox 2131 1858 2393 1928; x_wconf 86' lang='lat' dir='ltr'><strong>secrete,</strong></span> <span class='ocrx_word' id='word_1_77' title='bbox 2432 1848 2479 1909; x_wconf 90' lang='lat' dir='ltr'>B</span> <span class='ocrx_word' id='word_1_78' title='bbox 2508 1850 2727 1909; x_wconf 80' lang='lat' dir='ltr'><strong>minus</strong></span> <span class='ocrx_word' id='word_1_79' title='bbox 2772 1851 2843 1910; x_wconf 77' lang='lat' dir='ltr'><strong>in</strong></span> <span class='ocrx_word' id='word_1_80' title='bbox 2890 1851 3277 1926; x_wconf 80' lang='lat' dir='ltr'><strong>principem.</strong></span> <span class='ocrx_word' id='word_1_81' title='bbox 3312 1850 3533 1912; x_wconf 85' lang='lat' dir='ltr'><strong>Totum</strong></span> <span class='ocrx_word' id='word_1_82' title='bbox 3584 1849 3708 1912; x_wconf 90' lang='lat' dir='ltr'><strong>hoc</strong></span> <span class='ocrx_word' id='word_1_83' title='bbox 3754 1867 3870 1912; x_wconf 88' lang='lat' dir='ltr'><strong>nec</strong></span> <span class='ocrx_word' id='word_1_84' title='bbox 3906 1849 3979 1910; x_wconf 88' lang='lat' dir='ltr'><strong>de</strong></span> <span class='ocrx_word' id='word_1_85' title='bbox 4040 1868 4155 1924; x_wconf 65' lang='lat'><strong>1512</strong></span> 
     </span>
    </p>
   </div>
   <div class='ocr_carea' id='block_1_10' title="bbox 907 1948 2401 3017">
    <p class='ocr_par' dir='ltr' id='par_1_10' title="bbox 907 1948 2401 3017">
     <span class='ocr_line' id='line_1_14' title="bbox 1061 1948 2393 2035; baseline -0.006 -19"><span class='ocrx_word' id='word_1_86' title='bbox 1061 1961 1126 2016; x_wconf 91' lang='lat' dir='ltr'><strong>et</strong></span> <span class='ocrx_word' id='word_1_87' title='bbox 1170 1951 1518 2035; x_wconf 88' lang='lat' dir='ltr'><strong>publicatio</strong></span> <span class='ocrx_word' id='word_1_88' title='bbox 1559 1950 1722 2031; x_wconf 81' lang='lat' dir='ltr'><strong>ejuS,</strong></span> <span class='ocrx_word' id='word_1_89' title='bbox 1769 1949 1874 2012; x_wconf 90' lang='lat' dir='ltr'><strong>hic</strong></span> <span class='ocrx_word' id='word_1_90' title='bbox 1917 1948 2393 2013; x_wconf 87' lang='lat' dir='ltr'><strong>describuntur.</strong></span> 
     </span>
     <span class='ocr_line' id='line_1_15' title="bbox 915 2045 2401 2128; baseline -0.005 -12"><span class='ocrx_word' id='word_1_91' title='bbox 915 2055 1093 2116; x_wconf 73' lang='lat' dir='ltr'><strong>Tulit</strong></span> <span class='ocrx_word' id='word_1_92' title='bbox 1123 2061 1361 2122; x_wconf 79' lang='lat' dir='ltr'><strong>autem,</strong></span> <span class='ocrx_word' id='word_1_93' title='bbox 1399 2050 1462 2112; x_wconf 90' lang='lat' dir='ltr'><strong>id</strong></span> <span class='ocrx_word' id='word_1_94' title='bbox 1501 2057 1620 2126; x_wconf 88' lang='lat' dir='ltr'><strong>est,</strong></span> <span class='ocrx_word' id='word_1_95' title='bbox 1665 2049 1730 2111; x_wconf 92' lang='lat' dir='ltr'><strong>in</strong></span> <span class='ocrx_word' id='word_1_96' title='bbox 1771 2068 1963 2111; x_wconf 90' lang='lat' dir='ltr'><strong>manu</strong></span> <span class='ocrx_word' id='word_1_97' title='bbox 2001 2067 2115 2110; x_wconf 89' lang='lat' dir='ltr'><strong>sua</strong></span> <span class='ocrx_word' id='word_1_98' title='bbox 2153 2045 2401 2128; x_wconf 88' lang='lat' dir='ltr'><strong>aceepit</strong></span> 
     </span>
     <span class='ocr_line' id='line_1_16' title="bbox 909 2148 2395 2232; baseline -0.006 -19"><span class='ocrx_word' id='word_1_99' title='bbox 909 2159 972 2214; x_wconf 89' lang='lat' dir='ltr'><strong>et</strong></span> <span class='ocrx_word' id='word_1_100' title='bbox 995 2169 1211 2213; x_wconf 89' lang='lat' dir='ltr'><strong>secum</strong></span> <span class='ocrx_word' id='word_1_101' title='bbox 1238 2148 1536 2232; x_wconf 85' lang='lat' dir='ltr'><strong>portavit,</strong></span> <span class='ocrx_word' id='word_1_102' title='bbox 1556 2151 1827 2210; x_wconf 79' lang='lat' dir='ltr'><em>Samuel</em></span> <span class='ocrx_word' id='word_1_103' title='bbox 1851 2149 2229 2208; x_wconf 77' lang='lat' dir='ltr'><em>lenticulam</em></span> <span class='ocrx_word' id='word_1_104' title='bbox 2249 2148 2395 2218; x_wconf 79' lang='lat' dir='ltr'><strong>olei,</strong></span> 
     </span>
     <span class='ocr_line' id='line_1_17' title="bbox 909 2244 2398 2332; baseline -0.004 -21"><span class='ocrx_word' id='word_1_105' title='bbox 909 2267 1038 2332; x_wconf 88' lang='lat' dir='ltr'><strong>quo</strong></span> <span class='ocrx_word' id='word_1_106' title='bbox 1070 2266 1249 2328; x_wconf 84' lang='lat' dir='ltr'><strong>reges</strong></span> <span class='ocrx_word' id='word_1_107' title='bbox 1279 2255 1470 2328; x_wconf 89' lang='lat' dir='ltr'><strong>atque</strong></span> <span class='ocrx_word' id='word_1_108' title='bbox 1505 2244 1846 2329; x_wconf 81' lang='lat' dir='ltr'><strong>pontifices</strong></span> <span class='ocrx_word' id='word_1_109' title='bbox 1887 2246 2291 2326; x_wconf 82' lang='lat' dir='ltr'><strong>ungebantur</strong></span> <span class='ocrx_word' id='word_1_110' title='bbox 2332 2244 2398 2305; x_wconf 90' lang='lat' dir='ltr'><strong>in</strong></span> 
     </span>
     <span class='ocr_line' id='line_1_18' title="bbox 912 2342 2401 2428; baseline -0.003 -19"><span class='ocrx_word' id='word_1_111' title='bbox 912 2348 1072 2428; x_wconf 84' lang='lat' dir='ltr'><strong>lege,</strong></span> <span class='ocrx_word' id='word_1_112' title='bbox 1123 2346 1579 2426; x_wconf 77' lang='lat' dir='ltr'><strong>dicebaturque</strong></span> <span class='ocrx_word' id='word_1_113' title='bbox 1627 2343 1838 2407; x_wconf 91' lang='lat' dir='ltr'><strong>oleum</strong></span> <span class='ocrx_word' id='word_1_114' title='bbox 1889 2342 2209 2406; x_wconf 89' lang='lat' dir='ltr'><strong>unctionis</strong></span> <span class='ocrx_word' id='word_1_115' title='bbox 2259 2360 2274 2403; x_wconf 75' lang='grc' dir='ltr'><em>τ</em></span> <span class='ocrx_word' id='word_1_116' title='bbox 2322 2344 2401 2405; x_wconf 92' lang='lat' dir='ltr'><strong>de</strong></span> 
     </span>
     <span class='ocr_line' id='line_1_19' title="bbox 912 2441 2401 2528; baseline -0.005 -20"><span class='ocrx_word' id='word_1_117' title='bbox 912 2463 1042 2528; x_wconf 91' lang='lat' dir='ltr'><strong>quo</strong></span> <span class='ocrx_word' id='word_1_118' title='bbox 1081 2444 1322 2507; x_wconf 89' lang='lat' dir='ltr'><strong>dictum</strong></span> <span class='ocrx_word' id='word_1_119' title='bbox 1367 2451 1463 2506; x_wconf 87' lang='lat' dir='ltr'><strong>est</strong></span> <span class='ocrx_word' id='word_1_120' title='bbox 1504 2443 1567 2505; x_wconf 91' lang='lat' dir='ltr'><strong>in</strong></span> <span class='ocrx_word' id='word_1_121' title='bbox 1604 2441 1908 2506; x_wconf 87' lang='lat' dir='ltr'><strong>Levitico.</strong></span> <span class='ocrx_word' id='word_1_122' title='bbox 1950 2441 2138 2504; x_wconf 91' lang='lat' dir='ltr'><strong>Porro</strong></span> <span class='ocrx_word' id='word_1_123' title='bbox 2181 2459 2401 2504; x_wconf 90' lang='lat' dir='ltr'><strong>secun-</strong></span> 
     </span>
     <span class='ocr_line' id='line_1_20' title="bbox 913 2539 2401 2624; baseline -0.005 -17"><span class='ocrx_word' id='word_1_124' title='bbox 913 2545 1064 2607; x_wconf 89' lang='lat' dir='ltr'><strong>dum</strong></span> <span class='ocrx_word' id='word_1_125' title='bbox 1104 2543 1467 2624; x_wconf 77' lang='lat' dir='ltr'><strong>Magistrum</strong></span> <span class='ocrx_word' id='word_1_126' title='bbox 1510 2541 1575 2603; x_wconf 93' lang='lat' dir='ltr'><strong>in</strong></span> <span class='ocrx_word' id='word_1_127' title='bbox 1615 2541 1923 2615; x_wconf 82' lang='lat' dir='ltr'><strong>historiiS‚</strong></span> <span class='ocrx_word' id='word_1_128' title='bbox 1960 2539 2265 2602; x_wconf 82' lang='lat' dir='ltr'><strong>lenticula</strong></span> <span class='ocrx_word' id='word_1_129' title='bbox 2304 2547 2401 2602; x_wconf 87' lang='lat' dir='ltr'><strong>est</strong></span> 
     </span>
     <span class='ocr_line' id='line_1_21' title="bbox 911 2637 2399 2724; baseline -0.005 -17"><span class='ocrx_word' id='word_1_130' title='bbox 911 2663 1022 2708; x_wconf 89' lang='lat' dir='ltr'><strong>vas</strong></span> <span class='ocrx_word' id='word_1_131' title='bbox 1053 2641 1563 2724; x_wconf 85' lang='lat' dir='ltr'><strong>quadrangulum</strong></span> <span class='ocrx_word' id='word_1_132' title='bbox 1594 2639 1819 2717; x_wconf 77' lang='lat' dir='ltr'><strong>fictile,</strong></span> <span class='ocrx_word' id='word_1_133' title='bbox 1840 2638 2081 2701; x_wconf 88' lang='lat' dir='ltr'><strong>habens</strong></span> <span class='ocrx_word' id='word_1_134' title='bbox 2112 2637 2399 2701; x_wconf 85' lang='lat' dir='ltr'><strong>foramen</strong></span> 
     </span>
     <span class='ocr_line' id='line_1_22' title="bbox 912 2736 2401 2819; baseline -0.003 -14"><span class='ocrx_word' id='word_1_135' title='bbox 912 2743 978 2805; x_wconf 88' lang='lat' dir='ltr'><strong>in</strong></span> <span class='ocrx_word' id='word_1_136' title='bbox 1025 2743 1242 2805; x_wconf 84' lang='lat' dir='ltr'><strong>latere.</strong></span> <span class='ocrx_word' id='word_1_137' title='bbox 1277 2739 1401 2803; x_wconf 86' lang='lat' dir='ltr'><strong>Alii</strong></span> <span class='ocrx_word' id='word_1_138' title='bbox 1445 2738 1758 2816; x_wconf 90' lang='lat' dir='ltr'><strong>scribunt,</strong></span> <span class='ocrx_word' id='word_1_139' title='bbox 1794 2738 1964 2819; x_wconf 92' lang='lat' dir='ltr'><strong>quod</strong></span> <span class='ocrx_word' id='word_1_140' title='bbox 1997 2736 2120 2799; x_wconf 82' lang='lat' dir='ltr'><strong>fuit</strong></span> <span class='ocrx_word' id='word_1_141' title='bbox 2151 2757 2262 2800; x_wconf 88' lang='lat' dir='ltr'><strong>vas</strong></span> <span class='ocrx_word' id='word_1_142' title='bbox 2292 2757 2401 2800; x_wconf 91' lang='lat' dir='ltr'><strong>au-</strong></span> 
     </span>
     <span class='ocr_line' id='line_1_23' title="bbox 909 2836 2399 2920; baseline -0.003 -17"><span class='ocrx_word' id='word_1_143' title='bbox 909 2860 1089 2904; x_wconf 86' lang='lat' dir='ltr'><strong>reum</strong></span> <span class='ocrx_word' id='word_1_144' title='bbox 1141 2840 1276 2904; x_wconf 84' lang='lat' dir='ltr'><strong>sive</strong></span> <span class='ocrx_word' id='word_1_145' title='bbox 1323 2846 1714 2920; x_wconf 84' lang='lat' dir='ltr'><strong>argenteum,</strong></span> <span class='ocrx_word' id='word_1_146' title='bbox 1750 2837 1815 2898; x_wconf 90' lang='lat' dir='ltr'><strong>in</strong></span> <span class='ocrx_word' id='word_1_147' title='bbox 1866 2854 1995 2919; x_wconf 92' lang='lat' dir='ltr'><strong>quo</strong></span> <span class='ocrx_word' id='word_1_148' title='bbox 2044 2836 2399 2919; x_wconf 87' lang='lat' dir='ltr'><strong>ponebatur</strong></span> 
     </span>
     <span class='ocr_line' id='line_1_24' title="bbox 907 2934 2392 3017; baseline -0.003 -15"><span class='ocrx_word' id='word_1_149' title='bbox 907 2940 1120 3004; x_wconf 91' lang='lat' dir='ltr'><strong>oleum</strong></span> <span class='ocrx_word' id='word_1_150' title='bbox 1151 2945 1596 3000; x_wconf 87' lang='lat' dir='ltr'><strong>memoratum.</strong></span> <span class='ocrx_word' id='word_1_151' title='bbox 1630 2935 1733 2998; x_wconf 85' lang='lat' dir='ltr'><strong>Ait</strong></span> <span class='ocrx_word' id='word_1_152' title='bbox 1763 2953 2041 3017; x_wconf 90' lang='lat' dir='ltr'><strong>namque</strong></span> <span class='ocrx_word' id='word_1_153' title='bbox 2076 2934 2351 2998; x_wconf 88' lang='lat' dir='ltr'><strong>Isidorus</strong></span> <span class='ocrx_word' id='word_1_154' title='bbox 2378 2953 2392 2997; x_wconf 93' lang='lat'>:</span> 
     </span>
    </p>
   </div>
   <div class='ocr_carea' id='block_1_11' title="bbox 905 3030 4242 3115">
    <p class='ocr_par' dir='ltr' id='par_1_11' title="bbox 905 3030 4242 3115">
     <span class='ocr_line' id='line_1_25' title="bbox 905 3030 4242 3115; baseline -0.002 -15"><span class='ocrx_word' id='word_1_155' title='bbox 905 3037 1236 3100; x_wconf 87' lang='lat' dir='ltr'><strong>Lenticula</strong></span> <span class='ocrx_word' id='word_1_156' title='bbox 1265 3043 1361 3100; x_wconf 87' lang='lat' dir='ltr'><strong>est</strong></span> <span class='ocrx_word' id='word_1_157' title='bbox 1388 3055 1498 3099; x_wconf 89' lang='lat' dir='ltr'><strong>vas</strong></span> <span class='ocrx_word' id='word_1_158' title='bbox 1531 3034 1863 3112; x_wconf 88' lang='lat' dir='ltr'><strong>olearium,</strong></span> <span class='ocrx_word' id='word_1_159' title='bbox 1888 3053 1966 3097; x_wconf 83' lang='lat' dir='ltr'><strong>ex</strong></span> <span class='ocrx_word' id='word_1_160' title='bbox 1995 3042 2256 3115; x_wconf 84' lang='lat' dir='ltr'><strong>argento</strong></span> <span class='ocrx_word' id='word_1_161' title='bbox 2287 3041 2397 3097; x_wconf 87' lang='lat' dir='ltr'><strong>aut</strong></span> <span class='ocrx_word' id='word_1_162' title='bbox 2425 3030 2470 3095; x_wconf 91' lang='lat' dir='ltr'>C</span> <span class='ocrx_word' id='word_1_163' title='bbox 2504 3032 2682 3115; x_wconf 83' lang='lat' dir='ltr'><strong>juxta</strong></span> <span class='ocrx_word' id='word_1_164' title='bbox 2730 3033 3116 3111; x_wconf 79' lang='lat' dir='ltr'><strong>Bethlehem,</strong></span> <span class='ocrx_word' id='word_1_165' title='bbox 3148 3034 3217 3096; x_wconf 90' lang='lat' dir='ltr'><strong>in</strong></span> <span class='ocrx_word' id='word_1_166' title='bbox 3260 3043 3427 3097; x_wconf 88' lang='lat' dir='ltr'><strong>sorte</strong></span> <span class='ocrx_word' id='word_1_167' title='bbox 3470 3041 3535 3097; x_wconf 86' lang='lat' dir='ltr'><strong>et</strong></span> <span class='ocrx_word' id='word_1_168' title='bbox 3578 3041 3749 3096; x_wconf 86' lang='lat' dir='ltr'><strong>terra</strong></span> <span class='ocrx_word' id='word_1_169' title='bbox 3786 3033 3989 3095; x_wconf 86' lang='lat' dir='ltr'><strong>tribus</strong></span> <span class='ocrx_word' id='word_1_170' title='bbox 4036 3051 4242 3096; x_wconf 60' lang='lat' dir='ltr'><strong>eamr.</strong></span> 
     </span>
    </p>
   </div>
   <div class='ocr_carea' id='block_1_12' title="bbox 901 3132 2402 4204">
    <p class='ocr_par' dir='ltr' id='par_1_12' title="bbox 901 3132 2402 4204">
     <span class='ocr_line' id='line_1_26' title="bbox 904 3132 2398 3214; baseline -0.004 -14"><span class='ocrx_word' id='word_1_171' title='bbox 904 3156 1027 3200; x_wconf 81' lang='lat' dir='ltr'><strong>aere</strong></span> <span class='ocrx_word' id='word_1_172' title='bbox 1059 3135 1323 3213; x_wconf 81' lang='lat' dir='ltr'><strong>factum,</strong></span> <span class='ocrx_word' id='word_1_173' title='bbox 1358 3154 1394 3197; x_wconf 89' lang='lat' dir='ltr'><strong>a</strong></span> <span class='ocrx_word' id='word_1_174' title='bbox 1438 3134 1723 3197; x_wconf 89' lang='lat' dir='ltr'><strong>liniendo</strong></span> <span class='ocrx_word' id='word_1_175' title='bbox 1755 3141 2072 3209; x_wconf 89' lang='lat' dir='ltr'><strong>vocatum,</strong></span> <span class='ocrx_word' id='word_1_176' title='bbox 2106 3132 2259 3214; x_wconf 91' lang='lat' dir='ltr'><strong>quia</strong></span> <span class='ocrx_word' id='word_1_177' title='bbox 2298 3152 2398 3196; x_wconf 88' lang='lat' dir='ltr'><strong>ex-</strong></span> 
     </span>
     <span class='ocr_line' id='line_1_27' title="bbox 903 3229 2397 3313; baseline -0.005 -14"><span class='ocrx_word' id='word_1_178' title='bbox 903 3236 1054 3299; x_wconf 89' lang='lat' dir='ltr'><strong>inde</strong></span> <span class='ocrx_word' id='word_1_179' title='bbox 1103 3251 1282 3313; x_wconf 84' lang='lat' dir='ltr'><strong>reges</strong></span> <span class='ocrx_word' id='word_1_180' title='bbox 1334 3240 1397 3296; x_wconf 87' lang='lat' dir='ltr'><strong>et</strong></span> <span class='ocrx_word' id='word_1_181' title='bbox 1445 3233 1802 3295; x_wconf 81' lang='lat' dir='ltr'><strong>sacerdotes</strong></span> <span class='ocrx_word' id='word_1_182' title='bbox 1852 3229 2266 3294; x_wconf 90' lang='lat' dir='ltr'><strong>liniebantur.</strong></span> <span class='ocrx_word' id='word_1_183' title='bbox 2312 3234 2397 3293; x_wconf 78' lang='lat' dir='ltr'><strong>E&#39;t</strong></span> 
     </span>
     <span class='ocr_line' id='line_1_28' title="bbox 901 3329 2398 3410; baseline -0.003 -15"><span class='ocrx_word' id='word_1_184' title='bbox 901 3356 936 3395; x_wconf 91' lang='lat' dir='ltr'><strong>e</strong></span> <span class='ocrx_word' id='word_1_185' title='bbox 990 3335 1137 3395; x_wconf 79' lang='lat' dir='ltr'><strong>udit</strong></span> <span class='ocrx_word' id='word_1_186' title='bbox 1173 3351 1364 3409; x_wconf 80' lang='lat' dir='ltr'><strong>super</strong></span> <span class='ocrx_word' id='word_1_187' title='bbox 1393 3340 1588 3409; x_wconf 77' lang='lat' dir='ltr'><strong>caput</strong></span> <span class='ocrx_word' id='word_1_188' title='bbox 1626 3332 1788 3409; x_wconf 78' lang='lat' dir='ltr'><strong>ejus,</strong></span> <span class='ocrx_word' id='word_1_189' title='bbox 1824 3330 1891 3391; x_wconf 89' lang='lat' dir='ltr'><strong>in</strong></span> <span class='ocrx_word' id='word_1_190' title='bbox 1938 3329 2192 3410; x_wconf 84' lang='lat' dir='ltr'><strong>signum</strong></span> <span class='ocrx_word' id='word_1_191' title='bbox 2239 3329 2398 3391; x_wconf 90' lang='lat' dir='ltr'><strong>inte-</strong></span> 
     </span>
     <span class='ocr_line' id='line_1_29' title="bbox 905 3428 2397 3510; baseline -0.003 -14"><span class='ocrx_word' id='word_1_192' title='bbox 905 3432 1092 3496; x_wconf 88' lang='lat' dir='ltr'><strong>rioris</strong></span> <span class='ocrx_word' id='word_1_193' title='bbox 1125 3429 1470 3505; x_wconf 81' lang='lat' dir='ltr'><strong>unctioniS‚</strong></span> <span class='ocrx_word' id='word_1_194' title='bbox 1504 3448 1630 3510; x_wconf 91' lang='lat' dir='ltr'><strong>qua</strong></span> <span class='ocrx_word' id='word_1_195' title='bbox 1658 3447 1767 3492; x_wconf 91' lang='lat' dir='ltr'><strong>cor</strong></span> <span class='ocrx_word' id='word_1_196' title='bbox 1795 3428 1934 3509; x_wconf 89' lang='lat' dir='ltr'><strong>ejus</strong></span> <span class='ocrx_word' id='word_1_197' title='bbox 1976 3428 2148 3508; x_wconf 82' lang='lat' dir='ltr'><strong>regia</strong></span> <span class='ocrx_word' id='word_1_198' title='bbox 2188 3435 2397 3491; x_wconf 88' lang='lat' dir='ltr'><strong>aucto-</strong></span> 
     </span>
     <span class='ocr_line' id='line_1_30' title="bbox 906 3528 2397 3611; baseline -0.005 -17"><span class='ocrx_word' id='word_1_199' title='bbox 906 3532 1091 3594; x_wconf 85' lang='lat' dir='ltr'><strong>ritate</strong></span> <span class='ocrx_word' id='word_1_200' title='bbox 1148 3528 1670 3611; x_wconf 79' lang='lat' dir='ltr'><strong>perfundebatur.</strong></span> <span class='ocrx_word' id='word_1_201' title='bbox 1726 3530 1809 3589; x_wconf 76' lang='lat' dir='ltr'><strong>Ec</strong></span> <span class='ocrx_word' id='word_1_202' title='bbox 1857 3531 2261 3587; x_wconf 78' lang='lat' dir='ltr'><strong>deosculatus</strong></span> <span class='ocrx_word' id='word_1_203' title='bbox 2308 3536 2397 3587; x_wconf 78' lang='lat' dir='ltr'><strong>est</strong></span> 
     </span>
     <span class='ocr_line' id='line_1_31' title="bbox 905 3625 2399 3709; baseline -0.003 -17"><span class='ocrx_word' id='word_1_204' title='bbox 905 3652 1076 3703; x_wconf 84' lang='lat' dir='ltr'><strong>eum,</strong></span> <span class='ocrx_word' id='word_1_205' title='bbox 1103 3630 1168 3691; x_wconf 89' lang='lat' dir='ltr'><strong>in</strong></span> <span class='ocrx_word' id='word_1_206' title='bbox 1195 3627 1446 3709; x_wconf 82' lang='lat' dir='ltr'><strong>signum</strong></span> <span class='ocrx_word' id='word_1_207' title='bbox 1471 3626 1836 3690; x_wconf 86' lang='lat' dir='ltr'><strong>dilectionis</strong></span> <span class='ocrx_word' id='word_1_208' title='bbox 1868 3626 2227 3708; x_wconf 82' lang='lat' dir='ltr'><strong>praecipuae,</strong></span> <span class='ocrx_word' id='word_1_209' title='bbox 2248 3625 2399 3707; x_wconf 89' lang='lat' dir='ltr'><strong>quia</strong></span> 
     </span>
     <span class='ocr_line' id='line_1_32' title="bbox 908 3724 2399 3805; baseline -0.005 -13"><span class='ocrx_word' id='word_1_210' title='bbox 908 3729 1146 3792; x_wconf 87' lang='lat' dir='ltr'><strong>electus</strong></span> <span class='ocrx_word' id='word_1_211' title='bbox 1179 3726 1368 3789; x_wconf 80' lang='lat' dir='ltr'><strong>suita</strong></span> <span class='ocrx_word' id='word_1_212' title='bbox 1395 3727 1521 3789; x_wconf 91' lang='lat' dir='ltr'><strong>Deo</strong></span> <span class='ocrx_word' id='word_1_213' title='bbox 1561 3725 1626 3787; x_wconf 91' lang='lat' dir='ltr'><strong>in</strong></span> <span class='ocrx_word' id='word_1_214' title='bbox 1670 3743 1878 3805; x_wconf 83' lang='lat' dir='ltr'><strong>regem</strong></span> <span class='ocrx_word' id='word_1_215' title='bbox 1918 3732 1982 3787; x_wconf 89' lang='lat' dir='ltr'><strong>et</strong></span> <span class='ocrx_word' id='word_1_216' title='bbox 2019 3724 2399 3789; x_wconf 87' lang='lat' dir='ltr'><strong>salvatorem</strong></span> 
     </span>
     <span class='ocr_line' id='line_1_33' title="bbox 910 3822 2402 3911; baseline -0.005 -20"><span class='ocrx_word' id='word_1_217' title='bbox 910 3827 1118 3911; x_wconf 90' lang='lat' dir='ltr'><strong>plebis</strong></span> <span class='ocrx_word' id='word_1_218' title='bbox 1152 3845 1282 3889; x_wconf 83' lang='lat' dir='ltr'><strong>suae</strong></span> <span class='ocrx_word' id='word_1_219' title='bbox 1314 3824 1396 3888; x_wconf 90' lang='lat' dir='ltr'><strong>ab</strong></span> <span class='ocrx_word' id='word_1_220' title='bbox 1432 3823 1984 3906; x_wconf 77' lang='lat' dir='ltr'><strong>impugnatoribus</strong></span> <span class='ocrx_word' id='word_1_221' title='bbox 2018 3824 2179 3904; x_wconf 89' lang='lat' dir='ltr'><strong>ejus.</strong></span> <span class='ocrx_word' id='word_1_222' title='bbox 2216 3823 2283 3884; x_wconf 91' lang='lat' dir='ltr'><strong>In</strong></span> <span class='ocrx_word' id='word_1_223' title='bbox 2318 3822 2402 3884; x_wconf 90' lang='lat' dir='ltr'><strong>si-</strong></span> 
     </span>
     <span class='ocr_line' id='line_1_34' title="bbox 908 3921 2401 4007; baseline -0.004 -19"><span class='ocrx_word' id='word_1_224' title='bbox 908 3945 1106 4007; x_wconf 79' lang='lat' dir='ltr'><strong>gnum</strong></span> <span class='ocrx_word' id='word_1_225' title='bbox 1150 3943 1427 4005; x_wconf 91' lang='lat' dir='ltr'><strong>quoque,</strong></span> <span class='ocrx_word' id='word_1_226' title='bbox 1472 3923 1642 4004; x_wconf 93' lang='lat' dir='ltr'><strong>quod</strong></span> <span class='ocrx_word' id='word_1_227' title='bbox 1687 3941 1815 3985; x_wconf 91' lang='lat' dir='ltr'><strong>non</strong></span> <span class='ocrx_word' id='word_1_228' title='bbox 1865 3921 2117 3998; x_wconf 87' lang='lat' dir='ltr'><strong>invidit,</strong></span> <span class='ocrx_word' id='word_1_229' title='bbox 2165 3922 2294 3984; x_wconf 90' lang='lat' dir='ltr'><strong>imo</strong></span> <span class='ocrx_word' id='word_1_230' title='bbox 2338 3929 2401 3983; x_wconf 89' lang='lat' dir='ltr'><strong>et</strong></span> 
     </span>
     <span class='ocr_line' id='line_1_35' title="bbox 913 4021 2401 4105; baseline -0.003 -20"><span class='ocrx_word' id='word_1_231' title='bbox 913 4022 1073 4088; x_wconf 82' lang='lat' dir='ltr'><strong>favit</strong></span> <span class='ocrx_word' id='word_1_232' title='bbox 1130 4021 1516 4105; x_wconf 86' lang='lat' dir='ltr'><strong>promotioni</strong></span> <span class='ocrx_word' id='word_1_233' title='bbox 1576 4040 1726 4096; x_wconf 87' lang='lat' dir='ltr'><strong>suae,</strong></span> <span class='ocrx_word' id='word_1_234' title='bbox 1777 4039 1976 4102; x_wconf 91' lang='lat' dir='ltr'><strong>quum</strong></span> <span class='ocrx_word' id='word_1_235' title='bbox 2025 4028 2239 4082; x_wconf 86' lang='lat' dir='ltr'><strong>tamen</strong></span> <span class='ocrx_word' id='word_1_236' title='bbox 2290 4038 2401 4101; x_wconf 90' lang='lat' dir='ltr'><strong>per</strong></span> 
     </span>
     <span class='ocr_line' id='line_1_36' title="bbox 913 4118 2402 4204; baseline -0.005 -19"><span class='ocrx_word' id='word_1_237' title='bbox 913 4141 1051 4185; x_wconf 85' lang='lat' dir='ltr'><strong>eam</strong></span> <span class='ocrx_word' id='word_1_238' title='bbox 1089 4121 1226 4204; x_wconf 89' lang='lat' dir='ltr'><strong>ipse</strong></span> <span class='ocrx_word' id='word_1_239' title='bbox 1263 4119 1515 4183; x_wconf 88' lang='lat' dir='ltr'><strong>Samuel</strong></span> <span class='ocrx_word' id='word_1_240' title='bbox 1555 4138 1629 4182; x_wconf 89' lang='lat' dir='ltr'><strong>ac</strong></span> <span class='ocrx_word' id='word_1_241' title='bbox 1669 4118 1792 4181; x_wconf 79' lang='lat' dir='ltr'><strong>filii</strong></span> <span class='ocrx_word' id='word_1_242' title='bbox 1833 4118 1930 4180; x_wconf 91' lang='lat' dir='ltr'><strong>sui</strong></span> <span class='ocrx_word' id='word_1_243' title='bbox 1969 4118 2402 4200; x_wconf 89' lang='lat' dir='ltr'><strong>dejicerentur</strong></span> 
     </span>
    </p>
   </div>
   <div class='ocr_carea' id='block_1_13' title="bbox 2506 1946 3991 3012">
    <p class='ocr_par' dir='ltr' id='par_1_13' title="bbox 2506 1946 3991 3012">
     <span class='ocr_line' id='line_1_37' title="bbox 2508 1946 3979 2025; baseline 0.001 -17"><span class='ocrx_word' id='word_1_244' title='bbox 2508 1955 2681 2010; x_wconf 86' lang='lat' dir='ltr'><strong>textu</strong></span> <span class='ocrx_word' id='word_1_245' title='bbox 2724 1955 2840 2025; x_wconf 89' lang='lat' dir='ltr'><strong>est,</strong></span> <span class='ocrx_word' id='word_1_246' title='bbox 2876 1965 2991 2010; x_wconf 89' lang='lat' dir='ltr'><strong>nec</strong></span> <span class='ocrx_word' id='word_1_247' title='bbox 3038 1947 3105 2009; x_wconf 90' lang='lat' dir='ltr'><strong>in</strong></span> <span class='ocrx_word' id='word_1_248' title='bbox 3145 1948 3403 2011; x_wconf 81' lang='lat' dir='ltr'><strong>Hebraeo</strong></span> <span class='ocrx_word' id='word_1_249' title='bbox 3442 1946 3733 2025; x_wconf 84' lang='lat' dir='ltr'><strong>habetur,</strong></span> <span class='ocrx_word' id='word_1_250' title='bbox 3770 1949 3879 2010; x_wconf 85' lang='lat' dir='ltr'><strong>sed</strong></span> <span class='ocrx_word' id='word_1_251' title='bbox 3906 1948 3979 2010; x_wconf 85' lang='lat' dir='ltr'><strong>ab</strong></span> 
     </span>
     <span class='ocr_line' id='line_1_38' title="bbox 2508 2046 3981 2129; baseline 0.001 -21"><span class='ocrx_word' id='word_1_252' title='bbox 2508 2046 2725 2128; x_wconf 90' lang='lat' dir='ltr'><strong>aliquo</strong></span> <span class='ocrx_word' id='word_1_253' title='bbox 2768 2055 3053 2110; x_wconf 89' lang='lat' dir='ltr'><strong>veterum</strong></span> <span class='ocrx_word' id='word_1_254' title='bbox 3100 2056 3669 2110; x_wconf 80' lang='lat' dir='ltr'><strong>commentatorum</strong></span> <span class='ocrx_word' id='word_1_255' title='bbox 3714 2047 3839 2109; x_wconf 79' lang='lat' dir='ltr'><strong>fuit</strong></span> <span class='ocrx_word' id='word_1_256' title='bbox 3874 2065 3981 2129; x_wconf 87' lang='lat' dir='ltr'><strong>pro</strong></span> 
     </span>
     <span class='ocr_line' id='line_1_39' title="bbox 2506 2145 3983 2228; baseline 0 -21"><span class='ocrx_word' id='word_1_257' title='bbox 2506 2145 2717 2226; x_wconf 82' lang='lat' dir='ltr'><strong>glossa</strong></span> <span class='ocrx_word' id='word_1_258' title='bbox 2764 2146 3102 2228; x_wconf 88' lang='lat' dir='ltr'><strong>adjectum,</strong></span> <span class='ocrx_word' id='word_1_259' title='bbox 3148 2146 3681 2228; x_wconf 89' lang='lat' dir='ltr'><strong>postmodumque</strong></span> <span class='ocrx_word' id='word_1_260' title='bbox 3724 2165 3801 2208; x_wconf 81' lang='lat' dir='ltr'><strong>ex</strong></span> <span class='ocrx_word' id='word_1_261' title='bbox 3844 2145 3983 2208; x_wconf 87' lang='lat' dir='ltr'><strong>scri·</strong></span> 
     </span>
     <span class='ocr_line' id='line_1_40' title="bbox 2508 2243 3860 2326; baseline 0.001 -21"><span class='ocrx_word' id='word_1_262' title='bbox 2508 2252 2761 2325; x_wconf 88' lang='lat' dir='ltr'><strong>ptorum</strong></span> <span class='ocrx_word' id='word_1_263' title='bbox 2794 2243 3117 2326; x_wconf 88' lang='lat' dir='ltr'><strong>imperitia</strong></span> <span class='ocrx_word' id='word_1_264' title='bbox 3146 2244 3371 2307; x_wconf 81' lang='lat' dir='ltr'><strong>litterae</strong></span> <span class='ocrx_word' id='word_1_265' title='bbox 3402 2252 3497 2306; x_wconf 89' lang='lat' dir='ltr'><strong>est</strong></span> <span class='ocrx_word' id='word_1_266' title='bbox 3527 2244 3860 2307; x_wconf 89' lang='lat' dir='ltr'><strong>insertum.</strong></span> 
     </span>
     <span class='ocr_line' id='line_1_41' title="bbox 2582 2342 3987 2421; baseline 0.001 -19"><span class='ocrx_word' id='word_1_267' title='bbox 2582 2346 2917 2421; x_wconf 77' lang='lat' dir='ltr'><strong>Quumque</strong></span> <span class='ocrx_word' id='word_1_268' title='bbox 2936 2345 3171 2404; x_wconf 82' lang='lat' dir='ltr'><strong>abieris</strong></span> <span class='ocrx_word' id='word_1_269' title='bbox 3192 2345 3381 2404; x_wconf 75' lang='lat' dir='ltr'><strong>hodie</strong></span> <span class='ocrx_word' id='word_1_270' title='bbox 3408 2365 3449 2404; x_wconf 86' lang='lat' dir='ltr'><em>a</em></span> <span class='ocrx_word' id='word_1_271' title='bbox 3480 2365 3598 2405; x_wconf 83' lang='lat' dir='ltr'><strong>me.</strong></span> <span class='ocrx_word' id='word_1_272' title='bbox 3618 2342 3733 2405; x_wconf 80' lang='lat' dir='ltr'><strong>Hic</strong></span> <span class='ocrx_word' id='word_1_273' title='bbox 3762 2342 3987 2405; x_wconf 77' lang='lat' dir='ltr'><strong>dantur</strong></span> 
     </span>
     <span class='ocr_line' id='line_1_42' title="bbox 2510 2439 3987 2524; baseline 0.001 -22"><span class='ocrx_word' id='word_1_274' title='bbox 2510 2439 2682 2502; x_wconf 85' lang='lat' dir='ltr'><strong>Sauli</strong></span> <span class='ocrx_word' id='word_1_275' title='bbox 2712 2441 2894 2521; x_wconf 83' lang='lat' dir='ltr'><strong>signa</strong></span> <span class='ocrx_word' id='word_1_276' title='bbox 2910 2441 3191 2505; x_wconf 87' lang='lat' dir='ltr'><strong>veritatis</strong></span> <span class='ocrx_word' id='word_1_277' title='bbox 3224 2440 3505 2524; x_wconf 80' lang='lat' dir='ltr'><strong>praefatae</strong></span> <span class='ocrx_word' id='word_1_278' title='bbox 3524 2442 3987 2523; x_wconf 80' lang='lat' dir='ltr'><strong>praenuntiatio-</strong></span> 
     </span>
     <span class='ocr_line' id='line_1_43' title="bbox 2510 2539 3989 2623; baseline 0 -22"><span class='ocrx_word' id='word_1_279' title='bbox 2510 2539 2609 2601; x_wconf 91' lang='lat' dir='ltr'><strong>nis</strong></span> <span class='ocrx_word' id='word_1_280' title='bbox 2652 2539 3059 2623; x_wconf 84' lang='lat' dir='ltr'><strong>propheticae‚</strong></span> <span class='ocrx_word' id='word_1_281' title='bbox 3093 2540 3191 2605; x_wconf 88' lang='lat' dir='ltr'><strong>vel</strong></span> <span class='ocrx_word' id='word_1_282' title='bbox 3224 2540 3378 2623; x_wconf 90' lang='lat' dir='ltr'><strong>quia</strong></span> <span class='ocrx_word' id='word_1_283' title='bbox 3418 2541 3782 2622; x_wconf 84' lang='lat' dir='ltr'><strong>aliqualiter</strong></span> <span class='ocrx_word' id='word_1_284' title='bbox 3811 2540 3989 2603; x_wconf 89' lang='lat' dir='ltr'><strong>dubi-</strong></span> 
     </span>
     <span class='ocr_line' id='line_1_44' title="bbox 2510 2638 3983 2716; baseline 0.001 -16"><span class='ocrx_word' id='word_1_285' title='bbox 2510 2638 2681 2701; x_wconf 85' lang='lat' dir='ltr'><strong>tabat</strong></span> <span class='ocrx_word' id='word_1_286' title='bbox 2712 2657 2786 2702; x_wconf 84' lang='lat' dir='ltr'><strong>ex</strong></span> <span class='ocrx_word' id='word_1_287' title='bbox 2816 2639 3324 2703; x_wconf 82' lang='lat' dir='ltr'><strong>consideratione</strong></span> <span class='ocrx_word' id='word_1_288' title='bbox 3348 2639 3449 2702; x_wconf 88' lang='lat' dir='ltr'><strong>sui</strong></span> <span class='ocrx_word' id='word_1_289' title='bbox 3470 2638 3735 2702; x_wconf 90' lang='lat' dir='ltr'><strong>humilis</strong></span> <span class='ocrx_word' id='word_1_290' title='bbox 3765 2648 3983 2716; x_wconf 86' lang='lat' dir='ltr'><strong>status,</strong></span> 
     </span>
     <span class='ocr_line' id='line_1_45' title="bbox 2509 2737 3991 2819; baseline -0.002 -17"><span class='ocrx_word' id='word_1_291' title='bbox 2509 2737 2710 2802; x_wconf 88' lang='lat' dir='ltr'><strong>velut</strong></span> <span class='ocrx_word' id='word_1_292' title='bbox 2740 2737 2903 2800; x_wconf 88' lang='lat' dir='ltr'><strong>fides</strong></span> <span class='ocrx_word' id='word_1_293' title='bbox 2938 2738 3078 2819; x_wconf 88' lang='lat' dir='ltr'><strong>ejus</strong></span> <span class='ocrx_word' id='word_1_294' title='bbox 3116 2738 3347 2802; x_wconf 82' lang='lat' dir='ltr'><strong>certior</strong></span> <span class='ocrx_word' id='word_1_295' title='bbox 3386 2739 3774 2801; x_wconf 86' lang='lat' dir='ltr'><strong>redderetur.</strong></span> <span class='ocrx_word' id='word_1_296' title='bbox 3808 2741 3991 2800; x_wconf 81' lang='lat' dir='ltr'><strong>Inve-</strong></span> 
     </span>
     <span class='ocr_line' id='line_1_46' title="bbox 2506 2838 3991 2916; baseline -0.001 -19"><span class='ocrx_word' id='word_1_297' title='bbox 2506 2838 2645 2897; x_wconf 82' lang='lat' dir='ltr'><strong>nies</strong></span> <span class='ocrx_word' id='word_1_298' title='bbox 2682 2841 2840 2898; x_wconf 82' lang='lat' dir='ltr'><strong>duos</strong></span> <span class='ocrx_word' id='word_1_299' title='bbox 2890 2840 3060 2898; x_wconf 79' lang='lat' dir='ltr'><strong>viros</strong></span> <span class='ocrx_word' id='word_1_300' title='bbox 3087 2839 3293 2914; x_wconf 76' lang='lat' dir='ltr'><em>juoeca</em></span> <span class='ocrx_word' id='word_1_301' title='bbox 3343 2841 3713 2916; x_wconf 79' lang='lat' dir='ltr'><strong>sepulcrum</strong></span> <span class='ocrx_word' id='word_1_302' title='bbox 3754 2839 3991 2899; x_wconf 75' lang='lat' dir='ltr'><strong>Rachel</strong></span> 
     </span>
     <span class='ocr_line' id='line_1_47' title="bbox 2508 2935 3989 3012; baseline 0.002 -19"><span class='ocrx_word' id='word_1_303' title='bbox 2508 2936 2581 2994; x_wconf 79' lang='lat' dir='ltr'><strong>in</strong></span> <span class='ocrx_word' id='word_1_304' title='bbox 2624 2937 2867 3012; x_wconf 78' lang='lat' dir='ltr'><strong>finibus</strong></span> <span class='ocrx_word' id='word_1_305' title='bbox 2908 2937 3263 3000; x_wconf 72' lang='lat' dir='ltr'><strong>Beniamin</strong></span> <span class='ocrx_word' id='word_1_306' title='bbox 3312 2937 3385 2996; x_wconf 79' lang='lat' dir='ltr'><strong>in</strong></span> <span class='ocrx_word' id='word_1_307' title='bbox 3436 2937 3727 2996; x_wconf 79' lang='lat' dir='ltr'><strong>meridie.</strong></span> <span class='ocrx_word' id='word_1_308' title='bbox 3763 2935 3989 2997; x_wconf 84' lang='lat' dir='ltr'><strong>Rachel</strong></span> 
     </span>
    </p>
   </div>
   <div class='ocr_carea' id='block_1_14' title="bbox 2502 3118 4082 4203">
    <p class='ocr_par' dir='ltr' id='par_1_14' title="bbox 2502 3118 4082 4203">
     <span class='ocr_line' id='line_1_48' title="bbox 2502 3118 4082 3216; baseline -0.001 -21"><span class='ocrx_word' id='word_1_309' title='bbox 2502 3133 2684 3210; x_wconf 84' lang='lat' dir='ltr'><strong>Juda,</strong></span> <span class='ocrx_word' id='word_1_310' title='bbox 2720 3133 2971 3216; x_wconf 89' lang='lat' dir='ltr'><strong>sepulta</strong></span> <span class='ocrx_word' id='word_1_311' title='bbox 3011 3142 3127 3211; x_wconf 89' lang='lat' dir='ltr'><strong>est,</strong></span> <span class='ocrx_word' id='word_1_312' title='bbox 3164 3141 3235 3195; x_wconf 93' lang='lat' dir='ltr'><strong>ut</strong></span> <span class='ocrx_word' id='word_1_313' title='bbox 3272 3132 3506 3214; x_wconf 82' lang='lat' dir='ltr'><strong>legitur</strong></span> <span class='ocrx_word' id='word_1_314' title='bbox 3544 3133 3610 3196; x_wconf 91' lang='lat' dir='ltr'><strong>in</strong></span> <span class='ocrx_word' id='word_1_315' title='bbox 3640 3132 3892 3197; x_wconf 89' lang='lat' dir='ltr'><strong>Genesi.</strong></span> <span class='ocrx_word' id='word_1_316' title='bbox 3924 3132 3987 3195; x_wconf 88' lang='lat' dir='ltr'><strong>Si</strong></span> <span class='ocrx_word' id='word_1_317' title='bbox 4018 3118 4082 3159; x_wconf 79' lang='lat'><strong>¹⁹·</strong></span> 
     </span>
     <span class='ocr_line' id='line_1_49' title="bbox 2506 3231 3992 3312; baseline -0.001 -17"><span class='ocrx_word' id='word_1_318' title='bbox 2506 3250 2655 3312; x_wconf 83' lang='lat' dir='ltr'><strong>ergo</strong></span> <span class='ocrx_word' id='word_1_319' title='bbox 2677 3232 2799 3296; x_wconf 77' lang='lat' dir='ltr'><strong>viri</strong></span> <span class='ocrx_word' id='word_1_320' title='bbox 2834 3232 2937 3294; x_wconf 90' lang='lat' dir='ltr'><strong>isti</strong></span> <span class='ocrx_word' id='word_1_321' title='bbox 2971 3231 3036 3294; x_wconf 91' lang='lat' dir='ltr'><strong>in</strong></span> <span class='ocrx_word' id='word_1_322' title='bbox 3070 3232 3342 3295; x_wconf 90' lang='lat' dir='ltr'><strong>termino</strong></span> <span class='ocrx_word' id='word_1_323' title='bbox 3364 3232 3568 3295; x_wconf 89' lang='lat' dir='ltr'><strong>tribus</strong></span> <span class='ocrx_word' id='word_1_324' title='bbox 3584 3232 3747 3295; x_wconf 85' lang='lat' dir='ltr'><strong>Juda</strong></span> <span class='ocrx_word' id='word_1_325' title='bbox 3776 3232 3992 3295; x_wconf 83' lang='lat' dir='ltr'><strong>inven-</strong></span> 
     </span>
     <span class='ocr_line' id='line_1_50' title="bbox 2508 3329 3993 3413; baseline -0.001 -21"><span class='ocrx_word' id='word_1_326' title='bbox 2508 3330 2553 3392; x_wconf 88' lang='lat' dir='ltr'><strong>ti</strong></span> <span class='ocrx_word' id='word_1_327' title='bbox 2586 3331 3094 3413; x_wconf 88' lang='lat' dir='ltr'><strong>sunt,quomodo</strong></span> <span class='ocrx_word' id='word_1_328' title='bbox 3119 3330 3185 3391; x_wconf 92' lang='lat' dir='ltr'><strong>in</strong></span> <span class='ocrx_word' id='word_1_329' title='bbox 3215 3330 3459 3393; x_wconf 81' lang='lat' dir='ltr'><strong>finibus</strong></span> <span class='ocrx_word' id='word_1_330' title='bbox 3482 3329 3813 3411; x_wconf 85' lang='lat' dir='ltr'><strong>Benjamin</strong></span> <span class='ocrx_word' id='word_1_331' title='bbox 3847 3340 3993 3393; x_wconf 88' lang='lat' dir='ltr'><strong>sunt</strong></span> 
     </span>
     <span class='ocr_line' id='line_1_51' title="bbox 2508 3429 3994 3512; baseline 0.001 -21"><span class='ocrx_word' id='word_1_332' title='bbox 2508 3430 2783 3512; x_wconf 63' lang='lat' dir='ltr'><strong>reperti?</strong></span> <span class='ocrx_word' id='word_1_333' title='bbox 2814 3430 3273 3512; x_wconf 88' lang='lat' dir='ltr'><strong>Respondetur,</strong></span> <span class='ocrx_word' id='word_1_334' title='bbox 3294 3429 3464 3510; x_wconf 92' lang='lat' dir='ltr'><strong>quod</strong></span> <span class='ocrx_word' id='word_1_335' title='bbox 3498 3429 3865 3511; x_wconf 86' lang='lat' dir='ltr'><strong>sepulcrum</strong></span> <span class='ocrx_word' id='word_1_336' title='bbox 3888 3430 3994 3492; x_wconf 77' lang='lat' dir='ltr'><strong>Ra-</strong></span> 
     </span>
     <span class='ocr_line' id='line_1_52' title="bbox 2508 3526 3990 3605; baseline -0.001 -13"><span class='ocrx_word' id='word_1_337' title='bbox 2508 3528 2649 3592; x_wconf 92' lang='lat' dir='ltr'><strong>chel</strong></span> <span class='ocrx_word' id='word_1_338' title='bbox 2696 3528 2887 3591; x_wconf 90' lang='lat' dir='ltr'><strong>situm</strong></span> <span class='ocrx_word' id='word_1_339' title='bbox 2930 3526 3055 3590; x_wconf 87' lang='lat' dir='ltr'><strong>fuit</strong></span> <span class='ocrx_word' id='word_1_340' title='bbox 3094 3529 3159 3591; x_wconf 92' lang='lat' dir='ltr'><strong>in</strong></span> <span class='ocrx_word' id='word_1_341' title='bbox 3203 3528 3499 3591; x_wconf 83' lang='lat' dir='ltr'><strong>extremis</strong></span> <span class='ocrx_word' id='word_1_342' title='bbox 3534 3526 3785 3589; x_wconf 81' lang='lat' dir='ltr'><strong>finibus</strong></span> <span class='ocrx_word' id='word_1_343' title='bbox 3812 3528 3990 3605; x_wconf 78' lang='lat' dir='ltr'><strong>luda,</strong></span> 
     </span>
     <span class='ocr_line' id='line_1_53' title="bbox 2508 3626 3995 3709; baseline 0 -20"><span class='ocrx_word' id='word_1_344' title='bbox 2508 3628 2679 3709; x_wconf 90' lang='lat' dir='ltr'><strong>quod</strong></span> <span class='ocrx_word' id='word_1_345' title='bbox 2720 3627 2845 3689; x_wconf 87' lang='lat' dir='ltr'><strong>fuit</strong></span> <span class='ocrx_word' id='word_1_346' title='bbox 2885 3626 2949 3688; x_wconf 91' lang='lat' dir='ltr'><strong>in</strong></span> <span class='ocrx_word' id='word_1_347' title='bbox 2981 3626 3271 3690; x_wconf 78' lang='lat' dir='ltr'><strong>confinio</strong></span> <span class='ocrx_word' id='word_1_348' title='bbox 3302 3627 3655 3708; x_wconf 89' lang='lat' dir='ltr'><strong>Benjamin‚</strong></span> <span class='ocrx_word' id='word_1_349' title='bbox 3688 3626 3995 3708; x_wconf 87' lang='lat' dir='ltr'><strong>quoniam</strong></span> 
     </span>
     <span class='ocr_line' id='line_1_54' title="bbox 2510 3725 3999 3806; baseline 0.001 -18"><span class='ocrx_word' id='word_1_350' title='bbox 2510 3725 2714 3788; x_wconf 87' lang='lat' dir='ltr'><strong>tribus</strong></span> <span class='ocrx_word' id='word_1_351' title='bbox 2745 3726 2881 3787; x_wconf 84' lang='lat' dir='ltr'><strong>istae</strong></span> <span class='ocrx_word' id='word_1_352' title='bbox 2909 3734 3089 3788; x_wconf 88' lang='lat' dir='ltr'><strong>erant</strong></span> <span class='ocrx_word' id='word_1_353' title='bbox 3111 3725 3445 3806; x_wconf 83' lang='lat' dir='ltr'><strong>contiguae,</strong></span> <span class='ocrx_word' id='word_1_354' title='bbox 3465 3734 3775 3806; x_wconf 85' lang='lat' dir='ltr'><strong>erantque</strong></span> <span class='ocrx_word' id='word_1_355' title='bbox 3804 3725 3999 3789; x_wconf 87' lang='lat' dir='ltr'><strong>iidem</strong></span> 
     </span>
     <span class='ocr_line' id='line_1_55' title="bbox 2512 3822 4001 3907; baseline 0.001 -23"><span class='ocrx_word' id='word_1_356' title='bbox 2512 3822 2679 3885; x_wconf 90' lang='lat' dir='ltr'><strong>fines</strong></span> <span class='ocrx_word' id='word_1_357' title='bbox 2726 3823 3079 3886; x_wconf 88' lang='lat' dir='ltr'><strong>ambarum.</strong></span> <span class='ocrx_word' id='word_1_358' title='bbox 3112 3823 3377 3897; x_wconf 85' lang='lat' dir='ltr'><strong>Quidam</strong></span> <span class='ocrx_word' id='word_1_359' title='bbox 3418 3832 3629 3887; x_wconf 88' lang='lat' dir='ltr'><strong>tamen</strong></span> <span class='ocrx_word' id='word_1_360' title='bbox 3670 3832 4001 3907; x_wconf 87' lang='lat' dir='ltr'><strong>exponunt</strong></span> 
     </span>
     <span class='ocr_line' id='line_1_56' title="bbox 2512 3921 4003 4005; baseline 0.001 -22"><span class='ocrx_word' id='word_1_361' title='bbox 2512 3921 2603 3983; x_wconf 92' lang='lat' dir='ltr'><strong>sic</strong></span> <span class='ocrx_word' id='word_1_362' title='bbox 2629 3939 2643 3983; x_wconf 90' lang='lat'>:</span> <span class='ocrx_word' id='word_1_363' title='bbox 2669 3922 2959 3985; x_wconf 87' lang='lat' dir='ltr'><strong>Invenies</strong></span> <span class='ocrx_word' id='word_1_364' title='bbox 2989 3923 3148 3985; x_wconf 89' lang='lat' dir='ltr'><strong>duos</strong></span> <span class='ocrx_word' id='word_1_365' title='bbox 3180 3922 3373 3999; x_wconf 67' lang='lat' dir='ltr'><strong>virm,</strong></span> <span class='ocrx_word' id='word_1_366' title='bbox 3410 3922 3659 4005; x_wconf 90' lang='lat' dir='ltr'><strong>supple,</strong></span> <span class='ocrx_word' id='word_1_367' title='bbox 3695 3942 3873 3986; x_wconf 92' lang='lat' dir='ltr'><strong>nunc</strong></span> <span class='ocrx_word' id='word_1_368' title='bbox 3900 3942 4003 3986; x_wconf 83' lang='lat' dir='ltr'><strong>ex-</strong></span> 
     </span>
     <span class='ocr_line' id='line_1_57' title="bbox 2512 4019 4001 4103; baseline 0.001 -21"><span class='ocrx_word' id='word_1_369' title='bbox 2512 4020 2807 4083; x_wconf 85' lang='lat' dir='ltr'><strong>sistentes</strong></span> <span class='ocrx_word' id='word_1_370' title='bbox 2861 4022 3043 4101; x_wconf 80' lang='lat' dir='ltr'><strong>juxta</strong></span> <span class='ocrx_word' id='word_1_371' title='bbox 3100 4019 3461 4103; x_wconf 84' lang='lat' dir='ltr'><strong>sepulcrum</strong></span> <span class='ocrx_word' id='word_1_372' title='bbox 3521 4020 3837 4098; x_wconf 84' lang='lat' dir='ltr'><strong>RacheliS,</strong></span> <span class='ocrx_word' id='word_1_373' title='bbox 3892 4020 4001 4103; x_wconf 90' lang='lat' dir='ltr'><strong>qui</strong></span> 
     </span>
     <span class='ocr_line' id='line_1_58' title="bbox 2514 4118 4006 4203; baseline 0.001 -21"><span class='ocrx_word' id='word_1_374' title='bbox 2514 4127 2701 4182; x_wconf 86' lang='lat' dir='ltr'><strong>erunt</strong></span> <span class='ocrx_word' id='word_1_375' title='bbox 2737 4120 2804 4181; x_wconf 91' lang='lat' dir='ltr'><strong>in</strong></span> <span class='ocrx_word' id='word_1_376' title='bbox 2850 4118 3097 4181; x_wconf 89' lang='lat' dir='ltr'><strong>finibus</strong></span> <span class='ocrx_word' id='word_1_377' title='bbox 3137 4118 3466 4202; x_wconf 87' lang='lat' dir='ltr'><strong>Benjamin</strong></span> <span class='ocrx_word' id='word_1_378' title='bbox 3506 4120 3659 4181; x_wconf 91' lang='lat' dir='ltr'><strong>dum</strong></span> <span class='ocrx_word' id='word_1_379' title='bbox 3690 4138 3799 4183; x_wconf 85' lang='lat' dir='ltr'><strong>eos</strong></span> <span class='ocrx_word' id='word_1_380' title='bbox 3830 4140 4006 4203; x_wconf 87' lang='lat' dir='ltr'><strong>repe-</strong></span> 
     </span>
    </p>
   </div>
   <div class='ocr_carea' id='block_1_15' title="bbox 915 4216 4003 4303">
    <p class='ocr_par' dir='ltr' id='par_1_15' title="bbox 915 4216 4003 4303">
     <span class='ocr_line' id='line_1_59' title="bbox 915 4216 4003 4303; baseline 0 -21"><span class='ocrx_word' id='word_1_381' title='bbox 915 4239 952 4282; x_wconf 88' lang='lat' dir='ltr'><strong>a</strong></span> <span class='ocrx_word' id='word_1_382' title='bbox 983 4218 1346 4303; x_wconf 89' lang='lat' dir='ltr'><strong>principatu</strong></span> <span class='ocrx_word' id='word_1_383' title='bbox 1383 4236 1397 4281; x_wconf 90' lang='lat'>:</span> <span class='ocrx_word' id='word_1_384' title='bbox 1435 4218 1501 4279; x_wconf 91' lang='lat' dir='ltr'><strong>in</strong></span> <span class='ocrx_word' id='word_1_385' title='bbox 1535 4236 1664 4299; x_wconf 92' lang='lat' dir='ltr'><strong>quo</strong></span> <span class='ocrx_word' id='word_1_386' title='bbox 1699 4226 1871 4300; x_wconf 88' lang='lat' dir='ltr'><strong>patet</strong></span> <span class='ocrx_word' id='word_1_387' title='bbox 1903 4217 2267 4281; x_wconf 87' lang='lat' dir='ltr'><strong>virtuositas</strong></span> <span class='ocrx_word' id='word_1_388' title='bbox 2303 4216 2403 4280; x_wconf 89' lang='lat' dir='ltr'><strong>Sa-</strong></span> <span class='ocrx_word' id='word_1_389' title='bbox 2434 4218 2483 4280; x_wconf 92' lang='lat' dir='ltr'>D</span> <span class='ocrx_word' id='word_1_390' title='bbox 2514 4218 2662 4295; x_wconf 84' lang='lat' dir='ltr'><strong>rieS,</strong></span> <span class='ocrx_word' id='word_1_391' title='bbox 2694 4220 2992 4279; x_wconf 79' lang='lat' dir='ltr'><strong>salientes</strong></span> <span class='ocrx_word' id='word_1_392' title='bbox 3023 4239 3295 4295; x_wconf 65' lang='lat' dir='ltr'><strong>mamm-s</strong></span> <span class='ocrx_word' id='word_1_393' title='bbox 3331 4220 3574 4296; x_wconf 81' lang='lat' dir='ltr'><strong>foveas,</strong></span> <span class='ocrx_word' id='word_1_394' title='bbox 3605 4218 3669 4281; x_wconf 93' lang='lat' dir='ltr'><strong>id</strong></span> <span class='ocrx_word' id='word_1_395' title='bbox 3716 4227 3838 4296; x_wconf 87' lang='lat' dir='ltr'><strong>est,</strong></span> <span class='ocrx_word' id='word_1_396' title='bbox 3872 4238 4003 4301; x_wconf 79' lang='lat' dir='ltr'><strong>prae</strong></span> 
     </span>
    </p>
   </div>
   <div class='ocr_carea' id='block_1_16' title="bbox 911 4317 2404 4495">
    <p class='ocr_par' dir='ltr' id='par_1_16' title="bbox 911 4317 2404 4495">
     <span class='ocr_line' id='line_1_60' title="bbox 913 4317 2404 4381; baseline -0.003 0"><span class='ocrx_word' id='word_1_397' title='bbox 913 4317 1167 4381; x_wconf 77' lang='lat' dir='ltr'><strong>muelis,</strong></span> <span class='ocrx_word' id='word_1_398' title='bbox 1218 4320 1301 4379; x_wconf 79' lang='lat' dir='ltr'><strong>Et</strong></span> <span class='ocrx_word' id='word_1_399' title='bbox 1346 4318 1442 4377; x_wconf 76' lang='lat' dir='ltr'><strong>ait</strong></span> <span class='ocrx_word' id='word_1_400' title='bbox 1473 4336 1495 4377; x_wconf 90' lang='lat'><strong>.·</strong></span> <span class='ocrx_word' id='word_1_401' title='bbox 1531 4319 1695 4377; x_wconf 85' lang='lat' dir='ltr'><strong>Ecce</strong></span> <span class='ocrx_word' id='word_1_402' title='bbox 1738 4320 1935 4377; x_wconf 77' lang='lat' dir='ltr'><strong>unxit</strong></span> <span class='ocrx_word' id='word_1_403' title='bbox 1980 4327 2036 4377; x_wconf 82' lang='lat' dir='ltr'><strong>te</strong></span> <span class='ocrx_word' id='word_1_404' title='bbox 2084 4318 2404 4378; x_wconf 76' lang='lat' dir='ltr'><strong>Dominus</strong></span> 
     </span>
     <span class='ocr_line' id='line_1_61' title="bbox 911 4415 2402 4495; baseline 0.001 -18"><span class='ocrx_word' id='word_1_405' title='bbox 911 4438 1108 4495; x_wconf 76' lang='lat' dir='ltr'><strong>super</strong></span> <span class='ocrx_word' id='word_1_406' title='bbox 1140 4418 1556 4477; x_wconf 73' lang='lat' dir='ltr'><strong>hereditatem</strong></span> <span class='ocrx_word' id='word_1_407' title='bbox 1588 4436 1776 4476; x_wconf 85' lang='lat' dir='ltr'><strong>suam</strong></span> <span class='ocrx_word' id='word_1_408' title='bbox 1811 4417 1883 4476; x_wconf 78' lang='lat' dir='ltr'><strong>in</strong></span> <span class='ocrx_word' id='word_1_409' title='bbox 1907 4418 2307 4493; x_wconf 75' lang='lat' dir='ltr'><strong>principem,</strong></span> <span class='ocrx_word' id='word_1_410' title='bbox 2338 4415 2402 4478; x_wconf 89' lang='lat' dir='ltr'><strong>id</strong></span> 
     </span>
    </p>
   </div>
   <div class='ocr_carea' id='block_1_17' title="bbox 822 4512 2401 4597">
    <p class='ocr_par' dir='ltr' id='par_1_17' title="bbox 822 4512 2401 4597">
     <span class='ocr_line' id='line_1_62' title="bbox 822 4512 2401 4597; baseline -0.002 -18"><span class='ocrx_word' id='word_1_411' title='bbox 822 4589 830 4597; x_wconf 52' lang='lat'>‚</span> <span class='ocrx_word' id='word_1_412' title='bbox 915 4523 1031 4592; x_wconf 88' lang='lat' dir='ltr'><strong>est,</strong></span> <span class='ocrx_word' id='word_1_413' title='bbox 1068 4534 1182 4597; x_wconf 89' lang='lat' dir='ltr'><strong>per</strong></span> <span class='ocrx_word' id='word_1_414' title='bbox 1211 4513 1580 4577; x_wconf 88' lang='lat' dir='ltr'><strong>unctionem</strong></span> <span class='ocrx_word' id='word_1_415' title='bbox 1614 4513 1798 4575; x_wconf 88' lang='lat' dir='ltr'><strong>istam</strong></span> <span class='ocrx_word' id='word_1_416' title='bbox 1831 4512 2048 4575; x_wconf 81' lang='lat' dir='ltr'><strong>statuit</strong></span> <span class='ocrx_word' id='word_1_417' title='bbox 2087 4522 2148 4576; x_wconf 91' lang='lat' dir='ltr'><strong>te</strong></span> <span class='ocrx_word' id='word_1_418' title='bbox 2188 4530 2401 4593; x_wconf 83' lang='lat' dir='ltr'><strong>regem</strong></span> 
     </span>
    </p>
   </div>
   <div class='ocr_carea' id='block_1_18' title="bbox 634 4829 885 4882">
    <p class='ocr_par' dir='ltr' id='par_1_18' title="bbox 634 4829 885 4882">
     <span class='ocr_line' id='line_1_63' title="bbox 634 4829 885 4882; baseline 0.012 -9"><span class='ocrx_word' id='word_1_419' title='bbox 634 4829 700 4873; x_wconf 72' lang='lat'><strong>10.</strong></span> <span class='ocrx_word' id='word_1_420' title='bbox 712 4844 798 4882; x_wconf 77' lang='lat' dir='ltr'><strong>xix,</strong></span> <span class='ocrx_word' id='word_1_421' title='bbox 818 4833 885 4877; x_wconf 81' lang='lat'><strong>25.</strong></span> 
     </span>
    </p>
   </div>
   <div class='ocr_carea' id='block_1_19' title="bbox 911 4611 2401 5381">
    <p class='ocr_par' dir='ltr' id='par_1_19' title="bbox 911 4611 2401 5381">
     <span class='ocr_line' id='line_1_64' title="bbox 915 4611 2401 4697; baseline -0.001 -21"><span class='ocrx_word' id='word_1_422' title='bbox 915 4632 1107 4697; x_wconf 87' lang='lat' dir='ltr'><strong>super</strong></span> <span class='ocrx_word' id='word_1_423' title='bbox 1137 4612 1548 4675; x_wconf 82' lang='lat' dir='ltr'><strong>israeliticum</strong></span> <span class='ocrx_word' id='word_1_424' title='bbox 1583 4611 1914 4693; x_wconf 90' lang='lat' dir='ltr'><strong>populum,</strong></span> <span class='ocrx_word' id='word_1_425' title='bbox 1953 4612 2062 4692; x_wconf 91' lang='lat' dir='ltr'><strong>qui</strong></span> <span class='ocrx_word' id='word_1_426' title='bbox 2092 4620 2189 4674; x_wconf 89' lang='lat' dir='ltr'><strong>est</strong></span> <span class='ocrx_word' id='word_1_427' title='bbox 2220 4612 2401 4695; x_wconf 90' lang='lat' dir='ltr'><strong>plebs</strong></span> 
     </span>
     <span class='ocr_line' id='line_1_65' title="bbox 915 4708 2399 4793; baseline -0.003 -16"><span class='ocrx_word' id='word_1_428' title='bbox 915 4712 1024 4777; x_wconf 88' lang='lat' dir='ltr'><strong>Dei</strong></span> <span class='ocrx_word' id='word_1_429' title='bbox 1050 4710 1432 4775; x_wconf 88' lang='lat' dir='ltr'><strong>hereditaria</strong></span> <span class='ocrx_word' id='word_1_430' title='bbox 1454 4709 1819 4793; x_wconf 80' lang='lat' dir='ltr'><strong>peculiaris,</strong></span> <span class='ocrx_word' id='word_1_431' title='bbox 1838 4708 2014 4772; x_wconf 91' lang='lat' dir='ltr'><strong>Unde</strong></span> <span class='ocrx_word' id='word_1_432' title='bbox 2041 4729 2152 4791; x_wconf 89' lang='lat' dir='ltr'><strong>per</strong></span> <span class='ocrx_word' id='word_1_433' title='bbox 2177 4711 2399 4773; x_wconf 89' lang='lat' dir='ltr'><strong>lsaiam</strong></span> 
     </span>
     <span class='ocr_line' id='line_1_66' title="bbox 917 4808 2400 4894; baseline -0.003 -19"><span class='ocrx_word' id='word_1_434' title='bbox 917 4812 1197 4894; x_wconf 89' lang='lat' dir='ltr'><strong>loquitur</strong></span> <span class='ocrx_word' id='word_1_435' title='bbox 1252 4810 1557 4873; x_wconf 90' lang='lat' dir='ltr'><strong>Dominus</strong></span> <span class='ocrx_word' id='word_1_436' title='bbox 1617 4826 1631 4870; x_wconf 91' lang='lat'><strong>:</strong></span> <span class='ocrx_word' id='word_1_437' title='bbox 1689 4808 2064 4871; x_wconf 89' lang='lat' dir='ltr'><strong>Benedictus</strong></span> <span class='ocrx_word' id='word_1_438' title='bbox 2123 4810 2400 4892; x_wconf 89' lang='lat' dir='ltr'><strong>populus</strong></span> 
     </span>
     <span class='ocr_line' id='line_1_67' title="bbox 913 4908 2399 4991; baseline -0.003 -17"><span class='ocrx_word' id='word_1_439' title='bbox 913 4929 1094 4974; x_wconf 90' lang='lat' dir='ltr'><strong>meus</strong></span> <span class='ocrx_word' id='word_1_440' title='bbox 1137 4908 1406 4991; x_wconf 74' lang='lat' dir='ltr'><strong>AEgypti,</strong></span> <span class='ocrx_word' id='word_1_441' title='bbox 1451 4915 1515 4970; x_wconf 91' lang='lat' dir='ltr'><strong>et</strong></span> <span class='ocrx_word' id='word_1_442' title='bbox 1562 4925 1724 4989; x_wconf 90' lang='lat' dir='ltr'><strong>opus</strong></span> <span class='ocrx_word' id='word_1_443' title='bbox 1770 4925 2070 4968; x_wconf 91' lang='lat' dir='ltr'><strong>manuum</strong></span> <span class='ocrx_word' id='word_1_444' title='bbox 2116 4926 2399 4969; x_wconf 89' lang='lat' dir='ltr'><strong>mearum</strong></span> 
     </span>
     <span class='ocr_line' id='line_1_68' title="bbox 912 5005 2398 5091; baseline -0.002 -20"><span class='ocrx_word' id='word_1_445' title='bbox 912 5008 1198 5091; x_wconf 81' lang='lat' dir='ltr'><strong>Assyri03</strong></span> <span class='ocrx_word' id='word_1_446' title='bbox 1227 5006 1546 5070; x_wconf 88' lang='lat' dir='ltr'><strong>hereditas</strong></span> <span class='ocrx_word' id='word_1_447' title='bbox 1575 5013 1785 5067; x_wconf 86' lang='lat' dir='ltr'><strong>autem</strong></span> <span class='ocrx_word' id='word_1_448' title='bbox 1818 5023 1956 5067; x_wconf 92' lang='lat' dir='ltr'><strong>mea</strong></span> <span class='ocrx_word' id='word_1_449' title='bbox 1981 5005 2191 5067; x_wconf 86' lang='lat' dir='ltr'><strong>lsrael.</strong></span> <span class='ocrx_word' id='word_1_450' title='bbox 2218 5009 2299 5068; x_wconf 78' lang='lat' dir='ltr'><strong>Ec</strong></span> <span class='ocrx_word' id='word_1_451' title='bbox 2335 5014 2398 5068; x_wconf 94' lang='lat' dir='ltr'><strong>tu</strong></span> 
     </span>
     <span class='ocr_line' id='line_1_69' title="bbox 913 5106 2399 5183; baseline -0.003 -14"><span class='ocrx_word' id='word_1_452' title='bbox 913 5108 1216 5169; x_wconf 75' lang='lat' dir='ltr'><strong>liberabis</strong></span> <span class='ocrx_word' id='word_1_453' title='bbox 1257 5109 1574 5183; x_wconf 79' lang='lat' dir='ltr'><strong>populum</strong></span> <span class='ocrx_word' id='word_1_454' title='bbox 1623 5106 1763 5181; x_wconf 78' lang='lat' dir='ltr'><strong>ejus</strong></span> <span class='ocrx_word' id='word_1_455' title='bbox 1801 5106 1880 5163; x_wconf 84' lang='lat' dir='ltr'><strong>de</strong></span> <span class='ocrx_word' id='word_1_456' title='bbox 1919 5106 2221 5165; x_wconf 79' lang='lat' dir='ltr'><strong>manibus</strong></span> <span class='ocrx_word' id='word_1_457' title='bbox 2270 5107 2399 5166; x_wconf 77' lang='lat' dir='ltr'><strong>ini-</strong></span> 
     </span>
     <span class='ocr_line' id='line_1_70' title="bbox 911 5204 2352 5283; baseline -0.001 -15"><span class='ocrx_word' id='word_1_458' title='bbox 911 5208 1228 5268; x_wconf 84' lang='lat' dir='ltr'><strong>micorum</strong></span> <span class='ocrx_word' id='word_1_459' title='bbox 1256 5205 1419 5281; x_wconf 72' lang='lat' dir='ltr'><strong>eju-3,</strong></span> <span class='ocrx_word' id='word_1_460' title='bbox 1450 5204 1568 5283; x_wconf 80' lang='lat' dir='ltr'><strong>qui</strong></span> <span class='ocrx_word' id='word_1_461' title='bbox 1597 5204 1672 5263; x_wconf 79' lang='lat' dir='ltr'><strong>in</strong></span> <span class='ocrx_word' id='word_1_462' title='bbox 1701 5204 1986 5265; x_wconf 77' lang='lat' dir='ltr'><strong>circuitu</strong></span> <span class='ocrx_word' id='word_1_463' title='bbox 2013 5204 2154 5280; x_wconf 76' lang='lat' dir='ltr'><strong>ejus</strong></span> <span class='ocrx_word' id='word_1_464' title='bbox 2181 5215 2352 5266; x_wconf 77' lang='lat' dir='ltr'><strong>sunt.</strong></span> 
     </span>
     <span class='ocr_line' id='line_1_71' title="bbox 989 5302 2397 5381; baseline -0.001 -15"><span class='ocrx_word' id='word_1_465' title='bbox 989 5308 1075 5368; x_wconf 76' lang='lat' dir='ltr'><strong>Ec</strong></span> <span class='ocrx_word' id='word_1_466' title='bbox 1113 5304 1227 5364; x_wconf 79' lang='lat' dir='ltr'><strong>hoc</strong></span> <span class='ocrx_word' id='word_1_467' title='bbox 1267 5302 1386 5363; x_wconf 77' lang='lat' dir='ltr'><strong>tibi</strong></span> <span class='ocrx_word' id='word_1_468' title='bbox 1421 5302 1708 5378; x_wconf 74' lang='lat' dir='ltr'><strong>siynum,</strong></span> <span class='ocrx_word' id='word_1_469' title='bbox 1745 5302 1906 5381; x_wconf 82' lang='lat' dir='ltr'><strong>quia</strong></span> <span class='ocrx_word' id='word_1_470' title='bbox 1942 5304 2142 5362; x_wconf 75' lang='lat' dir='ltr'><strong>unoeit</strong></span> <span class='ocrx_word' id='word_1_471' title='bbox 2181 5312 2237 5363; x_wconf 80' lang='lat' dir='ltr'><strong>te</strong></span> <span class='ocrx_word' id='word_1_472' title='bbox 2278 5305 2397 5364; x_wconf 89' lang='lat' dir='ltr'><strong>Do-</strong></span> 
     </span>
    </p>
   </div>
   <div class='ocr_carea' id='block_1_20' title="bbox 2500 4316 4011 5381">
    <p class='ocr_par' dir='ltr' id='par_1_20' title="bbox 2500 4316 4011 5381">
     <span class='ocr_line' id='line_1_72' title="bbox 2511 4316 4007 4398; baseline 0.002 -20"><span class='ocrx_word' id='word_1_473' title='bbox 2511 4318 2743 4397; x_wconf 83' lang='lat' dir='ltr'><strong>gaudio</strong></span> <span class='ocrx_word' id='word_1_474' title='bbox 2773 4335 3002 4398; x_wconf 83' lang='lat' dir='ltr'><strong>magno</strong></span> <span class='ocrx_word' id='word_1_475' title='bbox 3024 4316 3454 4379; x_wconf 88' lang='lat' dir='ltr'><strong>transilientes</strong></span> <span class='ocrx_word' id='word_1_476' title='bbox 3476 4317 3727 4395; x_wconf 81' lang='lat' dir='ltr'><strong>fossata,</strong></span> <span class='ocrx_word' id='word_1_477' title='bbox 3744 4319 3848 4381; x_wconf 83' lang='lat' dir='ltr'><strong>vel</strong></span> <span class='ocrx_word' id='word_1_478' title='bbox 3868 4338 4007 4381; x_wconf 91' lang='lat' dir='ltr'><strong>cau-</strong></span> 
     </span>
     <span class='ocr_line' id='line_1_73' title="bbox 2514 4415 4003 4498; baseline 0.001 -20"><span class='ocrx_word' id='word_1_479' title='bbox 2514 4435 2583 4478; x_wconf 88' lang='lat' dir='ltr'><strong>sa</strong></span> <span class='ocrx_word' id='word_1_480' title='bbox 2630 4416 2915 4479; x_wconf 87' lang='lat' dir='ltr'><strong>exercitii</strong></span> <span class='ocrx_word' id='word_1_481' title='bbox 2964 4416 3029 4479; x_wconf 91' lang='lat' dir='ltr'><strong>id</strong></span> <span class='ocrx_word' id='word_1_482' title='bbox 3075 4424 3354 4496; x_wconf 85' lang='lat' dir='ltr'><strong>agentes.</strong></span> <span class='ocrx_word' id='word_1_483' title='bbox 3402 4415 3765 4479; x_wconf 89' lang='lat' dir='ltr'><strong>Secundum</strong></span> <span class='ocrx_word' id='word_1_484' title='bbox 3807 4436 4003 4498; x_wconf 88' lang='lat' dir='ltr'><strong>quos-</strong></span> 
     </span>
     <span class='ocr_line' id='line_1_74' title="bbox 2512 4513 4001 4593; baseline 0.001 -15"><span class='ocrx_word' id='word_1_485' title='bbox 2512 4515 2681 4591; x_wconf 88' lang='lat' dir='ltr'><strong>dam,</strong></span> <span class='ocrx_word' id='word_1_486' title='bbox 2732 4514 3031 4579; x_wconf 82' lang='lat' dir='ltr'><strong>Hebraeus</strong></span> <span class='ocrx_word' id='word_1_487' title='bbox 3091 4513 3303 4593; x_wconf 88' lang='lat' dir='ltr'><strong>habet,</strong></span> <span class='ocrx_word' id='word_1_488' title='bbox 3358 4514 3451 4577; x_wconf 89' lang='lat' dir='ltr'><strong>Ad</strong></span> <span class='ocrx_word' id='word_1_489' title='bbox 3500 4515 3702 4577; x_wconf 90' lang='lat' dir='ltr'><strong>claras</strong></span> <span class='ocrx_word' id='word_1_490' title='bbox 3755 4514 4001 4593; x_wconf 81' lang='lat' dir='ltr'><strong>foveas,</strong></span> 
     </span>
     <span class='ocr_line' id='line_1_75' title="bbox 2512 4613 4003 4695; baseline 0.001 -20"><span class='ocrx_word' id='word_1_491' title='bbox 2512 4613 2684 4694; x_wconf 89' lang='lat' dir='ltr'><strong>quod</strong></span> <span class='ocrx_word' id='word_1_492' title='bbox 2716 4613 3065 4676; x_wconf 88' lang='lat' dir='ltr'><strong>secundum</strong></span> <span class='ocrx_word' id='word_1_493' title='bbox 3098 4631 3205 4676; x_wconf 91' lang='lat' dir='ltr'><strong>eos</strong></span> <span class='ocrx_word' id='word_1_494' title='bbox 3240 4619 3449 4693; x_wconf 86' lang='lat' dir='ltr'><strong>potest</strong></span> <span class='ocrx_word' id='word_1_495' title='bbox 3486 4630 3628 4676; x_wconf 90' lang='lat' dir='ltr'><strong>esse</strong></span> <span class='ocrx_word' id='word_1_496' title='bbox 3665 4614 4003 4695; x_wconf 85' lang='lat' dir='ltr'><strong>proprium</strong></span> 
     </span>
     <span class='ocr_line' id='line_1_76' title="bbox 2512 4710 4007 4793; baseline 0.003 -19"><span class='ocrx_word' id='word_1_497' title='bbox 2512 4730 2767 4789; x_wconf 88' lang='lat' dir='ltr'><strong>nomen,</strong></span> <span class='ocrx_word' id='word_1_498' title='bbox 2816 4712 3351 4793; x_wconf 85' lang='lat' dir='ltr'><strong>quemadmodum</strong></span> <span class='ocrx_word' id='word_1_499' title='bbox 3400 4710 3584 4774; x_wconf 87' lang='lat' dir='ltr'><strong>Clara</strong></span> <span class='ocrx_word' id='word_1_500' title='bbox 3625 4711 3847 4775; x_wconf 80' lang='lat' dir='ltr'><strong>Vallis.</strong></span> <span class='ocrx_word' id='word_1_501' title='bbox 3882 4713 4007 4777; x_wconf 79' lang='lat' dir='ltr'><strong>Vc-</strong></span> 
     </span>
     <span class='ocr_line' id='line_1_77' title="bbox 2512 4809 4010 4891; baseline 0.002 -20"><span class='ocrx_word' id='word_1_502' title='bbox 2512 4817 2869 4873; x_wconf 90' lang='lat' dir='ltr'><strong>rumtamen</strong></span> <span class='ocrx_word' id='word_1_503' title='bbox 2902 4809 3102 4889; x_wconf 84' lang='lat' dir='ltr'><strong>magis</strong></span> <span class='ocrx_word' id='word_1_504' title='bbox 3133 4809 3322 4891; x_wconf 89' lang='lat' dir='ltr'><strong>periti</strong></span> <span class='ocrx_word' id='word_1_505' title='bbox 3352 4817 3645 4872; x_wconf 88' lang='lat' dir='ltr'><strong>asserunt</strong></span> <span class='ocrx_word' id='word_1_506' title='bbox 3682 4810 3875 4886; x_wconf 87' lang='lat' dir='ltr'><strong>istud,</strong></span> <span class='ocrx_word' id='word_1_507' title='bbox 3912 4813 4010 4876; x_wconf 86' lang='lat' dir='ltr'><strong>vi-</strong></span> 
     </span>
     <span class='ocr_line' id='line_1_78' title="bbox 2510 4907 4009 4987; baseline 0.003 -17"><span class='ocrx_word' id='word_1_508' title='bbox 2510 4907 2763 4984; x_wconf 87' lang='lat' dir='ltr'><strong>delicet,</strong></span> <span class='ocrx_word' id='word_1_509' title='bbox 2779 4907 3091 4970; x_wconf 87' lang='lat' dir='ltr'><strong>Salientes</strong></span> <span class='ocrx_word' id='word_1_510' title='bbox 3112 4926 3373 4987; x_wconf 85' lang='lat' dir='ltr'><strong>magnas</strong></span> <span class='ocrx_word' id='word_1_511' title='bbox 3396 4907 3634 4985; x_wconf 81' lang='lat' dir='ltr'><strong>foveaS,</strong></span> <span class='ocrx_word' id='word_1_512' title='bbox 3653 4907 3718 4970; x_wconf 87' lang='lat' dir='ltr'><strong>in</strong></span> <span class='ocrx_word' id='word_1_513' title='bbox 3740 4908 4009 4975; x_wconf 60' lang='lat' dir='ltr'><strong>Hebraeo</strong></span> 
     </span>
     <span class='ocr_line' id='line_1_79' title="bbox 2510 5006 4009 5087; baseline 0 -16"><span class='ocrx_word' id='word_1_514' title='bbox 2510 5026 2638 5071; x_wconf 91' lang='lat' dir='ltr'><strong>non</strong></span> <span class='ocrx_word' id='word_1_515' title='bbox 2671 5006 2911 5069; x_wconf 87' lang='lat' dir='ltr'><strong>haberi.</strong></span> <span class='ocrx_word' id='word_1_516' title='bbox 2946 5010 3297 5087; x_wconf 78' lang='lat' dir='ltr'><strong>Dicentque</strong></span> <span class='ocrx_word' id='word_1_517' title='bbox 3328 5009 3446 5068; x_wconf 78' lang='lat' dir='ltr'><strong>cibi</strong></span> <span class='ocrx_word' id='word_1_518' title='bbox 3474 5028 3497 5067; x_wconf 93' lang='lat'><strong>.·</strong></span> <span class='ocrx_word' id='word_1_519' title='bbox 3526 5010 3819 5069; x_wconf 77' lang='lat' dir='ltr'><strong>Inventoe</strong></span> <span class='ocrx_word' id='word_1_520' title='bbox 3844 5022 4009 5071; x_wconf 75' lang='lat' dir='ltr'><strong>sunt</strong></span> 
     </span>
     <span class='ocr_line' id='line_1_80' title="bbox 2510 5107 4011 5186; baseline -0.001 -17"><span class='ocrx_word' id='word_1_521' title='bbox 2510 5110 2733 5179; x_wconf 76' lang='lat' dir='ltr'><strong>asinoe,</strong></span> <span class='ocrx_word' id='word_1_522' title='bbox 2760 5110 2848 5167; x_wconf 83' lang='lat' dir='ltr'><strong>ad</strong></span> <span class='ocrx_word' id='word_1_523' title='bbox 2875 5126 3037 5186; x_wconf 81' lang='lat' dir='ltr'><strong>quas</strong></span> <span class='ocrx_word' id='word_1_524' title='bbox 3066 5107 3237 5165; x_wconf 81' lang='lat' dir='ltr'><strong>ieras</strong></span> <span class='ocrx_word' id='word_1_525' title='bbox 3257 5107 3773 5185; x_wconf 49' lang='lat' dir='ltr'><strong>perquirenda-Q·</strong></span> <span class='ocrx_word' id='word_1_526' title='bbox 3810 5117 3871 5167; x_wconf 74' lang='lat' dir='ltr'><strong>et</strong></span> <span class='ocrx_word' id='word_1_527' title='bbox 3906 5110 4011 5168; x_wconf 73' lang='lat' dir='ltr'><strong>in-</strong></span> 
     </span>
     <span class='ocr_line' id='line_1_81' title="bbox 2510 5205 4011 5291; baseline 0.001 -24"><span class='ocrx_word' id='word_1_528' title='bbox 2510 5206 2816 5267; x_wconf 74' lang='lat' dir='ltr'><strong>termissis</strong></span> <span class='ocrx_word' id='word_1_529' title='bbox 2858 5214 3046 5281; x_wconf 74' lang='lat' dir='ltr'><strong>pater</strong></span> <span class='ocrx_word' id='word_1_530' title='bbox 3090 5214 3239 5264; x_wconf 75' lang='lat' dir='ltr'><strong>tuus</strong></span> <span class='ocrx_word' id='word_1_531' title='bbox 3286 5205 3516 5275; x_wconf 75' lang='lat' dir='ltr'><strong>asinis,</strong></span> <span class='ocrx_word' id='word_1_532' title='bbox 3548 5206 3869 5291; x_wconf 60' lang='lat' dir='ltr'><strong>sollicitus</strong></span> <span class='ocrx_word' id='word_1_533' title='bbox 3910 5218 4011 5268; x_wconf 73' lang='lat' dir='ltr'><strong>est</strong></span> 
     </span>
     <span class='ocr_line' id='line_1_82' title="bbox 2500 5300 4007 5381; baseline 0.001 -19"><span class='ocrx_word' id='word_1_534' title='bbox 2500 5322 2621 5381; x_wconf 81' lang='lat' dir='ltr'><strong>pro</strong></span> <span class='ocrx_word' id='word_1_535' title='bbox 2652 5303 2854 5371; x_wconf 82' lang='lat' dir='ltr'><strong>vobis,</strong></span> <span class='ocrx_word' id='word_1_536' title='bbox 2884 5309 2946 5360; x_wconf 73' lang='lat' dir='ltr'><strong>et</strong></span> <span class='ocrx_word' id='word_1_537' title='bbox 2990 5302 3155 5361; x_wconf 76' lang='lat' dir='ltr'><strong>dicit</strong></span> <span class='ocrx_word' id='word_1_538' title='bbox 3186 5320 3209 5359; x_wconf 93' lang='grc'><strong>.·</strong></span> <span class='ocrx_word' id='word_1_539' title='bbox 3245 5300 3418 5368; x_wconf 77' lang='lat' dir='ltr'><strong>Quid</strong></span> <span class='ocrx_word' id='word_1_540' title='bbox 3458 5300 3710 5376; x_wconf 82' lang='lat' dir='ltr'><strong>faciam</strong></span> <span class='ocrx_word' id='word_1_541' title='bbox 3742 5302 3824 5361; x_wconf 83' lang='lat' dir='ltr'><strong>de</strong></span> <span class='ocrx_word' id='word_1_542' title='bbox 3852 5306 4007 5379; x_wconf 74' lang='lat' dir='ltr'><strong>filio</strong></span> 
     </span>
    </p>
   </div>
   <div class='ocr_carea' id='block_1_21' title="bbox 4288 35 4296 1332">
    <p class='ocr_par' dir='ltr' id='par_1_21' title="bbox 4288 35 4296 1332">
     <span class='ocr_line' id='line_1_83' title="bbox 4288 35 4296 1332; baseline 0 0"><span class='ocrx_word' id='word_1_543' title='bbox 4288 35 4296 1332; x_wconf 95' lang='lat' dir='ltr'><strong> </strong></span> 
     </span>
    </p>
   </div>
   <div class='ocr_carea' id='block_1_22' title="bbox 4276 35 4308 6216">
    <p class='ocr_par' dir='ltr' id='par_1_22' title="bbox 4276 35 4308 6216">
     <span class='ocr_line' id='line_1_84' title="bbox 4276 35 4308 6216; baseline 0 0"><span class='ocrx_word' id='word_1_544' title='bbox 4276 35 4308 6216; x_wconf 95' lang='lat' dir='ltr'><strong> </strong></span> 
     </span>
    </p>
   </div>
  </div>
 </body>
</html>
