4359 6250
626 1079 641 1121 l
656 1079 764 1123 Par.
777 1093 862 1130 xm,

600 1144 617 1183 ¹
630 1145 644 1184 ¹
655 1172 669 1185 .

622 3141 759 3185 Pron.
776 3154 853 3193 ιιι,

592 3207 665 3251 250

892 479 1011 541 468

1484 497 1830 543 ENARRATIO
1874 497 1935 542 ΙΝ
1976 496 2114 541 CAP.
2162 495 2222 540 vl
2265 493 2421 539 unm
2463 494 2715 540 SECUNDI
2759 495 2981 540 amun.
3026 515 3107 525 —
3148 496 3289 541 ΛΒΤ.
3335 494 3378 541 1

886 667 969 732 'de
999 669 1133 733 Ozae
1163 671 1371 753 culpa,
1392 670 1473 733 ob
1503 689 1697 752 quam
1728 667 1963 731 meruit
1992 668 2079 730 ita
2111 666 2376 749 plagari,
2407 664 2460 728 A
2487 675 2736 745 gnatur,
2769 669 2939 749 quod
2983 687 3148 730 unus
3192 668 3276 730 sit
3319 667 3517 744 filius,
3562 667 3724 729 alius
3765 675 3971 748 pater.

888 768 1101 849 potius
1131 787 1325 850 quam
1358 769 1436 831 de
1466 769 1762 849 aequitate
1805 767 2045 828 divina.
2082 769 2166 826 Ec
2202 785 2380 826 voea-

891 876 1027 927 tum
1054 877 1144 928 esc
1176 887 1404 928 nomen
1449 869 1571 927 loci
1613 868 1820 935 illius,
1845 866 2173 943 percussio
2209 869 2375 934 Ozce,

889 986 1087 1044 usque
1107 969 1180 1027 in
1198 969 1371 1027 diem
1392 968 1571 1027 lianc.
1593 966 1659 1028 ln
1684 964 1848 1028 libro
1868 963 2381 1045 Paralipomenon

892 1063 1149 1136 dicitur,
1192 1063 1425 1128 divisio
1463 1064 1619 1140 Ozae,
1666 1064 1777 1125 sed
1820 1063 1986 1125 redit
2030 1063 2097 1124 in
2144 1061 2312 1123 idem
2361 1081 2375 1125 :

892 1161 1043 1243 quia
1083 1180 1195 1243 per
1234 1161 1408 1224 illam
1450 1160 1926 1244 percussionem
1967 1159 2098 1221 fuit
2132 1159 2253 1222 Oza
2291 1159 2382 1222 di-

890 1261 1067 1322 visus
1098 1269 1162 1324 et
1190 1260 1548 1323 subtractus
1579 1259 1659 1322 ab
1691 1259 2033 1321 Israelitica
2064 1259 2273 1340 plebe.
2303 1258 2379 1320 Et

892 1358 1105 1421 forsan
1145 1359 1413 1421 verbum
1451 1357 1610 1420 illud
1655 1356 2057 1434 Hebraicum‚
2090 1357 2381 1435 designat

892 1466 1253 1538 utrumque.
1290 1456 1580 1519 Creditur
1608 1474 1886 1538 quoque,
1911 1455 2085 1538 quod
2115 1455 2236 1518 Oza
2267 1473 2381 1537 per

890 1555 1300 1637 temporalem
1345 1554 1521 1616 illam
1562 1553 2037 1636 percussionem
2074 1562 2378 1636 purgatus

891 1654 995 1730 sit,
1036 1663 1099 1716 et
1142 1653 1614 1716 damnationem
1656 1651 1880 1716 evasit.
1918 1653 2071 1714 Nam
2114 1651 2234 1714 etsi
2284 1671 2379 1714 re-

889 1761 1081 1834 pente
1136 1751 1388 1828 obierit,
1443 1751 1648 1833 potuit
1707 1760 1918 1813 tamen
1970 1751 2035 1811 in
2092 1759 2377 1832 tempore

2488 769 2574 826 Ec
2611 768 2929 828 habitavit
2967 787 3120 828 arca
3151 769 3417 827 Domini
3457 769 3528 826 in
3566 769 3750 826 domo
3787 767 3980 828 Obed-

2487 867 2669 925 edom
2705 867 2944 926 Geckcei
2985 868 3186 926 tribus
3227 866 3566 926 mensibus.
3603 867 3690 926 Ει
3729 865 3982 924 benedi-

2488 963 2590 1022 oeic
2618 965 2937 1024 Dominus
2969 966 3316 1026 obededom
3347 973 3406 1024 ee
3435 984 3686 1024 omnem
3711 965 3978 1022 domum.

2489 1061 2645 1137 ejuS.
2679 1059 2908 1123 Dicunt
2934 1061 3156 1142 aliqui,
3175 1062 3346 1143 quod
3375 1061 3538 1124 Deus
3566 1058 3890 1124 benedixit
3917 1058 3976 1120 ei

2487 1177 2560 1220 ac
2601 1159 2732 1220 suis
2762 1159 3150 1235 domesticiS,
3185 1159 3370 1240 quasi
3400 1158 3762 1241 symmistra
3789 1176 3904 1219 sua
3927 1158 3972 1231 ⁶,
4051 1185 4072 1202 ·
4091 1198 4116 1225 s

2491 1256 2698 1320 dando
2725 1277 2798 1321 ac
2827 1257 3312 1340 multiplicando
3347 1258 3440 1321 eis
3469 1255 3843 1340 temporalia
3871 1255 3976 1318 bo-
4047 1249 4084 1289 ὶ-

2489 1373 2590 1416 na.
2624 1355 2802 1418 Unde
2839 1357 3126 1436 Magister
3166 1357 3230 1418 in
3272 1357 3558 1420 historiis
3599 1354 3796 1418 refert
3828 1372 3844 1416 ε
3873 1354 3976 1416 Di·

2488 1462 2642 1514 cunt
2685 1453 2949 1530 Hebraei,
2992 1455 3161 1535 quod
3214 1473 3436 1517 uxores
3481 1455 3616 1536 ejus
3659 1472 3734 1516 ae
3775 1471 3976 1514 nurus

2488 1561 2870 1633 pepererunt
2899 1553 3240 1630 masculoS,
3272 1561 3334 1616 et
3361 1553 3650 1634 jumenta
3682 1551 3976 1634 duplices

2489 1649 2676 1711 fetuS.
2723 1649 2848 1711 Alii
2893 1651 3138 1726 dicunt,
3181 1651 3354 1732 quod
3402 1649 3730 1714 benedixit
3771 1650 3866 1712 eis
3907 1649 3974 1710 in
4033 1667 4042 1673 ·

2490 1747 2944 1829 temporalibus
2973 1767 3046 1811 ac
3077 1748 3538 1830 spiritualibuS,
3558 1748 3862 1830 quoniam
3885 1766 3980 1810 ar-

890 1850 1001 1913 illo
1043 1849 1409 1932 permodico
1455 1849 1787 1931 poenitere,
1824 1849 2175 1930 praesertim
2220 1850 2373 1911 dum
2415 1850 2460 1912 B
2487 1866 2626 1909 cam
2677 1866 2821 1909 cum
2871 1848 3223 1910 reverentia
3262 1866 3337 1910 ac
3380 1847 3718 1910 devotione
3767 1865 3978 1909 susce-

888 1968 1147 2011 manum
1187 1947 1895 2030 suam,.brachiumque
1934 1955 1996 2010 et
2035 1948 2372 2010 humerum

888 2047 1088 2110 sensit
1118 2065 1315 2110 arere.
1351 2050 1436 2108 Ει
1464 2048 1796 2116 extimuit,
1830 2045 1892 2107 id
1925 2053 2043 2122 est,
2076 2065 2153 2108 ex
2185 2047 2374 2109 eorde

889 2145 1073 2207 valde
1104 2144 1338 2222 timuit,
1359 2147 1578 2206 David
1600 2146 1951 2205 Dominum
1984 2147 2057 2204 in
2088 2147 2196 2204 die
2226 2147 2370 2216 illa,

884 2247 1101 2305 dicens
1132 2265 1155 2303 .·
1188 2246 1501 2313 Quomodo
1532 2244 1937 2320 inqredietur
1968 2245 2056 2303 ad
2090 2264 2185 2304 me
2216 2264 2370 2304 arca

886 2343 1200 2402 Domini?
1230 2341 1291 2404 id
1322 2348 1440 2417 est,
1470 2341 1548 2403 ad
1578 2341 1839 2403 domum
1880 2359 2109 2417 meam,
2143 2360 2256 2404 seu
2295 2343 2372 2404 ad

885 2459 1095 2502 arcem
1126 2439 1299 2516 Sion,
1330 2448 1439 2501 aut
1467 2439 1689 2502 urbem
1716 2439 2063 2501 Jerusalem
2096 2440 2377 2502 introdu-

886 2557 1029 2602 cere
1048 2557 1187 2601 eam
1211 2557 1339 2601 non
1360 2538 1575 2613 audeo,
1598 2556 1677 2599 ne
1702 2535 1967 2600 forsitan
1989 2536 2071 2600 ob
2091 2537 2374 2618 aliquam

886 2638 1139 2719 culpam
1174 2655 1379 2700 meam
1412 2654 1655 2698 merear
1685 2634 1952 2716 percuti,
1980 2643 2039 2697 et
2074 2635 2375 2717 indignus

888 2735 1009 2796 sim
1046 2754 1209 2798 arcae
1246 2733 1603 2816 praesentia.
1638 2732 1853 2813 ltaque
1887 2751 1963 2794 ex
2002 2731 2241 2796 effectu
2282 2735 2377 2796 di-

888 2832 1054 2895 vinae
1082 2832 1347 2912 justitiae
1372 2839 1581 2892 motus
1612 2828 1735 2890 fuit
1768 2830 1846 2891 ad
1889 2831 2374 2895 reverentialem

887 2929 997 2992 Dei
1041 2929 1353 2992 timorem.
1397 2927 1644 2991 Etenim
1696 2926 1851 2990 felix
1895 2947 2084 3010 quem
2130 2928 2375 2992 faciunt

2487 1955 2718 2026 perunt
2743 1954 2805 2008 et
2833 1947 3292 2009 custodierunt..
3327 1946 3726 2028 Temporalia
3757 1954 3974 2008 autem

2485 2063 2614 2107 non
2663 2053 2813 2106 sunt
2861 2045 3194 2126 praemium
3245 2044 3586 2107 sufficiens
3637 2053 3702 2107 et
3749 2043 3976 2107 eondi-

2484 2161 2682 2223 gnum
2725 2144 2934 2225 operis
2977 2143 3268 2207 virtuosi.

2567 2244 3088 2320 Nuntiatumque
3113 2253 3202 2303 esi
3231 2245 3371 2320 reyi
3397 2245 3640 2313 David,
3671 2245 3846 2322 quod
3873 2245 3974 2302 be-

2483 2343 2834 2401 nedioeisset
2874 2343 3193 2402 Dominus
3243 2345 3590 2405 obededom
3635 2352 3698 2402 et
3745 2344 3972 2402 omnia

2483 2440 2643 2516 ejuS.
2680 2438 2743 2500 Si
2775 2439 2842 2500 in
2872 2438 3023 2501 solis
3065 2439 3505 2520 spiritualibus
3543 2439 3974 2502 benedixisset

2484 2537 2790 2599 Dominus
2823 2537 2972 2613 illis,
3006 2537 3126 2600 hoc
3166 2556 3294 2600 non
3337 2537 3561 2601 fuisset
3591 2547 3720 2599 tam
3749 2537 3882 2601 cito
3911 2547 3978 2600 et

2485 2634 2814 2698 evidenter
2855 2635 3181 2715 cognitum
3221 2635 3386 2698 aliis.
3421 2639 3694 2714 Propter
3723 2657 3976 2702 aream,

2484 2734 2549 2796 id
2599 2743 2694 2797 est
2743 2744 3000 2817 propter
3052 2735 3342 2798 devotam
3399 2744 3462 2798 et
3507 2736 3966 2798 condecentem

2483 2851 2644 2894 arcae
2673 2833 3164 2914 susceptionem.
3200 2835 3512 2914 Dimitque
3541 2837 3760 2895 David
3788 2855 3814 2893 .·
3835 2835 3970 2904 Ibo,

2481 2942 2540 2992 ec
2583 2935 2890 2992 reducam
2936 2953 3158 2992 arcam
3205 2953 3354 2993 cum
3402 2935 3862 3001 benedictione,
3903 2930 3972 2994 id

886 3028 1095 3090 aliena
1141 3028 1371 3090 damna
1428 3027 1725 3109 peritum.
1780 3027 1854 3088 Et
1899 3027 1968 3090 in
2017 3027 2374 3092 Proverbiis
2410 3035 2454 3099 C
2483 3037 2581 3091 est
2626 3048 2770 3091 cum
2819 3029 3004 3092 laude
3047 3029 3288 3091 divina.
3333 3029 3468 3106 Vel,
3514 3030 3669 3093 Cum
3711 3029 3976 3093 benedi-

887 3126 1197 3208 scriptum
1226 3134 1322 3189 est
1356 3144 1371 3188 t
1402 3126 1740 3188 Pestilente
1770 3124 2115 3207 flagellato,
2142 3126 2375 3190 stultus

885 3226 1233 3308 sapientior
1261 3225 1381 3289 erit
1412 3242 1425 3286 :
1459 3232 1699 3306 quanto
1729 3226 1929 3306 magis
1964 3226 2254 3307 sapiens?

964 3328 1050 3386 Ec
1082 3327 1290 3386 noluit
1319 3328 1408 3385 ad
1434 3344 1497 3384 se
1525 3326 1841 3385 divertere
1860 3346 2082 3385 aream
2100 3327 2373 3386 Domini

883 3424 957 3482 in
987 3424 1335 3494 civitatem,
1370 3421 1670 3486 videlicet
1696 3424 1941 3492 David,
1961 3424 2072 3481 sed
2101 3424 2372 3484 divertit

878 3542 1021 3581 eam
1051 3523 1126 3581 in
1154 3524 1418 3582 domum
1451 3524 1801 3583 Obededom
1835 3523 2079 3582 Geclaaei
2100 3542 2122 3581 .·
2155 3522 2218 3582 id
2249 3529 2366 3598 est,

879 3618 945 3679 in
995 3617 1303 3682 suburbio
1346 3618 1558 3699 posuit
1600 3638 1740 3681 eam
1785 3618 1851 3679 in
1899 3618 2086 3681 domo
2136 3618 2370 3682 Levitae

876 3716 1259 3793 Obededom,
1293 3716 1405 3797 qui
1446 3724 1705 3780 vocatur
1741 3716 2057 3793 GethaeuS,
2091 3716 2245 3798 quia
2283 3717 2364 3779 ad

880 3822 1129 3897 tempus
1173 3814 1240 3875 in
1283 3813 1539 3876 civitate
1581 3814 1839 3877 nomine
1877 3814 2037 3877 Geth
2080 3815 2366 3878 creditur

875 3921 1326 3976 commoratus,
1357 3911 1569 3987 Porro,
1595 3913 1944 3974 secundum
1975 3912 2230 3975 Petrum
2261 3914 2369 3977 Co-

877 4020 1237 4087 mestorem,
1279 4010 1452 4073 Obed
1496 4010 1718 4086 Edom,
1764 4011 1904 4074 duae
1952 4019 2101 4073 sunt
2142 4013 2367 4076 dictio-

878 4129 1010 4172 nes.
1045 4109 1199 4171 Nam
1232 4109 1320 4171 ita
1346 4108 1625 4190 exponit,
1661 4107 1877 4172 Posuit
1905 4128 2115 4172 arcam
2158 4110 2226 4173 in
2254 4113 2366 4175 do-

874 4226 979 4270 mo
1008 4206 1179 4269 Obed
1210 4205 1335 4268 filii
1366 4207 1585 4269 Edom.
1620 4205 1743 4268 Alii
1772 4206 2014 4283 dicunt,
2033 4209 2202 4288 quod
2240 4229 2365 4270 una
2392 4215 2439 4275 D
2473 4230 2598 4291 que
2636 4209 3045 4291 psallentium
3073 4210 3220 4273 Deo.
3255 4210 3496 4273 Chorus
3519 4214 3542 4236 ⁴*
3572 4230 3826 4293 quoque
3865 4220 3968 4274 est
4048 4237 4069 4254 ·

876 4305 959 4367 sit
987 4306 1181 4369 dictio
1214 4322 1229 4367 :
1260 4306 1430 4387 quod
1464 4305 1675 4369 verius
1716 4306 2085 4383 aestimatur,
2125 4315 2189 4369 et
2224 4308 2363 4369 Hie-

830 4398 836 4407 ’
875 4421 1139 4486 ronymo
1159 4423 1231 4466 ac
1251 4403 1529 4466 Hebraeis
1558 4403 1702 4486 plus
1731 4406 2360 4488 consonum.Nempe

876 4509 945 4562 ut
972 4502 1059 4562 ait
1087 4500 1325 4577 Glossa,
1344 4501 1701 4564 Obededom
1738 4502 2210 4584 interpretatur,
2238 4523 2364 4566 ser-

873 4598 1055 4662 viens
1085 4598 1274 4662 homo
1311 4616 1324 4660 :
1358 4599 1660 4679 quoniam
1700 4599 1870 4663 Obed
1903 4602 2364 4683 interpretatur

872 4697 1201 4771 serviens3
1244 4696 1463 4773 Edom,
1510 4698 1723 4760 homo.
1772 4698 1833 4760 Si
1882 4708 2093 4762 autem
2146 4709 2362 4763 essent

873 4796 1136 4860 nomina
1170 4796 1319 4872 duo,
1353 4794 1523 4858 Obed
1554 4796 1775 4871 Edem,
1809 4796 2355 4879 interpretaretur,

873 4895 1157 4958 serviens
1208 4894 1477 4957 homini.
1522 4894 1630 4955 Est
1670 4912 1924 4974 quoque
1966 4898 2362 4959 consuetudo

874 4994 1236 5075 Scripturae,
1276 4993 1446 5075 quod
1496 4992 1909 5073 exprimendo
1958 5012 2194 5057 nomen
2237 4994 2362 5057 filii

872 5091 1143 5173 alicujus
1182 5111 1255 5154 ac
1296 5091 1493 5174 patris
1536 5090 1655 5168 sui,
1690 5091 2053 5172 interponat
2092 5092 2214 5155 hoc
2256 5112 2367 5156 no-

872 5209 1041 5267 men,
1061 5189 1281 5267 Filius,
1298 5190 1463 5252 sicut
1481 5209 1679 5271 quum
1702 5189 1949 5265 dicitur,
1968 5190 2165 5253 David
2191 5190 2365 5253 filius

872 5288 1031 5363 lsai3
1076 5289 1178 5353 vel
1226 5288 1469 5369 aliquid
1520 5289 1642 5351 talc
1689 5299 1989 5369 apponat,
2031 5309 2159 5371 quo
2201 5290 2366 5352 desi-

2483 3128 2715 3205 ctione,
2762 3128 2824 3191 id
2875 3137 2970 3191 est
3021 3128 3346 3192 fructuosa
3394 3129 3704 3205 mercede,
3747 3132 3821 3189 in
3857 3132 3972 3189 do-

2485 3248 2663 3287 mum
2694 3248 2925 3299 meam,
2959 3246 3222 3309 sperans
3250 3227 3420 3308 quod
3449 3223 3753 3289 Dominus
3781 3227 3974 3291 bene-

2482 3325 2652 3387 dicet
2688 3325 2848 3387 mihi
2887 3345 2962 3389 ac
2999 3325 3218 3388 domui
3257 3344 3412 3389 meae
3441 3334 3698 3409 propter
3727 3343 3966 3401 arcam,

2479 3424 3013 3504 quemadmodum
3043 3424 3367 3487 benedixit
3385 3424 3760 3487 Obededom.
3783 3426 3972 3485 Abiit

2478 3542 2624 3598 erqo
2643 3524 2879 3590 David,
2899 3532 2958 3583 et
2987 3526 3271 3583 adduxit
3299 3543 3522 3583 arcam
3542 3523 3664 3584 Dei
3683 3524 3762 3582 de
3779 3525 3972 3583 domo

2481 3622 2828 3683 Obededom
2849 3623 2922 3681 in
2941 3623 3270 3683 civitatem
3287 3624 3508 3682 David
3536 3642 3685 3682 cum
3697 3623 3966 3697 qaudio.

2476 3717 2666 3781 Porro
2693 3718 2868 3798 quod
2899 3717 3214 3795 subditur,
3237 3720 3324 3779 Ec
3353 3728 3540 3780 erant
3571 3740 3717 3779 cum
3747 3720 3972 3780 David

2475 3826 2708 3893 septem
2737 3818 2944 3886 chori,
2973 3826 3032 3877 ec
3061 3818 3326 3877 victima
3359 3820 3580 3889 viculi,
3607 3834 3736 3879 non
3769 3825 3868 3879 est
3897 3816 3967 3877 in

2475 3914 2738 3977 Hebraeo
2773 3932 2786 3976 :
2822 3916 2992 3995 quod
3035 3922 3243 3977 tamen
3285 3914 3564 3978 breviter
3607 3923 3814 3997 potest
3859 3934 3971 3979 ex-

2475 4012 2650 4095 poni,
2685 4020 2754 4074 ut
2785 4032 2897 4095 per
2924 4013 3150 4076 choros
3180 4012 3618 4092 intelligantur
3646 4014 3970 4077 distinetae

2474 4111 2993 4191 congregationes
3025 4131 3136 4173 seu
3167 4111 3423 4175 ordines
3465 4112 3830 4175 canentium
3872 4121 3968 4175 at-

2474 4327 2705 4371 nomen
2753 4326 3068 4371 mensurae
3108 4308 3316 4389 plenae
3353 4308 3588 4386 simila,
3627 4309 3688 4371 id
3729 4317 3826 4373 est
3859 4310 3965 4373 de-

2472 4406 2845 4469 licatissima
2883 4404 3113 4481 farina,
3145 4425 3337 4487 quam
3378 4406 3612 4470 obtulit
3638 4407 3858 4483 David,
3893 4418 3964 4471 et

2471 4506 2759 4568 continet
2797 4504 3014 4566 decem
3055 4504 3226 4587 ephi,
3271 4504 3334 4566 id
3383 4513 3479 4567 est
3525 4506 3784 4585 triginta
3821 4525 3964 4569 mo-

2471 4604 2631 4680 dios,
2667 4612 2736 4665 ut
2775 4610 2948 4685 patet
2987 4602 3054 4663 in
3093 4602 3444 4665 Ezechiele.
3485 4603 3739 4680 Rursus,
3779 4604 3960 4667 chori
4001 4612 4098 4645 ‘¹³’-

2473 4710 2774 4764 vocantur
2803 4700 3048 4764 musica
3077 4700 3500 4763 instrumenta
3519 4700 3772 4765 fistulas
3801 4702 3964 4765 duas

2472 4799 2793 4875 habentia,
2842 4798 2905 4859 in
2955 4817 3224 4881 quarum
3267 4818 3460 4860 unam
3510 4799 3964 4862 intromittitur

2473 4906 2721 4973 ventuS,
2757 4905 2816 4959 et
2845 4916 2958 4979 per
3000 4896 3190 4959 aliam
3235 4897 3550 4959 emittitur
3587 4916 3802 4960 sonuS.
3841 4898 3966 4961 Per

2473 4996 2798 5059 victimam
2837 4995 3048 5073 vituli,
3083 4994 3529 5076 intelliguntur
3568 4996 3808 5072 hostiae,
3845 5015 3964 5059 seu

2477 5094 2597 5176 ipsi
2629 5094 2814 5158 vituli
2844 5094 2922 5156 ad
2954 5092 3448 5156 sacrificandum
3477 5094 3755 5157 adducti.

2559 5197 2892 5273 Quumque
2939 5195 3496 5263 transcendissent,
3539 5192 3602 5254 id
3651 5202 3748 5255 est
3788 5194 3968 5257 velo-

2477 5290 2635 5353 citer
2663 5290 3176 5374 pertransissent,
3213 5292 3330 5369 qui
3359 5294 3706 5367 portabant
3735 5312 3968 5355 arca-m

4051 4534 4216 4577 Bne-A.

4131 4601 4146 4639 ί
4157 4602 4189 4639 i.
