<?xml version="1.0" encoding="UTF-8"?>
<!DOCTYPE html PUBLIC "-//W3C//DTD XHTML 1.0 Transitional//EN"
    "http://www.w3.org/TR/xhtml1/DTD/xhtml1-transitional.dtd">
<html xmlns="http://www.w3.org/1999/xhtml" xml:lang="en" lang="en">
 <head>
  <title>
</title>
<meta http-equiv="Content-Type" content="text/html;charset=utf-8" />
  <meta name='ocr-system' content='tesseract 3.04.00' />
  <meta name='ocr-capabilities' content='ocr_page ocr_carea ocr_par ocr_line ocrx_word'/>
</head>
<body>
  <div class='ocr_page' id='page_1' title='image "./doctorisecstati02denigoog_0372.png"; bbox 0 0 4359 6250; ppageno 0'>
   <div class='ocr_carea' id='block_1_1' title="bbox 115 2760 333 2864">
    <p class='ocr_par' dir='ltr' id='par_1_1' title="bbox 115 2760 333 2864">
     <span class='ocr_line' id='line_1_1' title="bbox 115 2760 333 2836; baseline 0.023 -36"><span class='ocrx_word' id='word_1_1' title='bbox 115 2760 333 2836; x_wconf 42' lang='grc' dir='ltr'><strong>’ΒΞ-,σώζω</strong></span> 
     </span>
     <span class='ocr_line' id='line_1_2' title="bbox 119 2842 147 2864; baseline 0.071 -2"><span class='ocrx_word' id='word_1_2' title='bbox 119 2842 147 2864; x_wconf 75' lang='grc' dir='ltr'><strong>ι.</strong></span> 
     </span>
    </p>
   </div>
   <div class='ocr_carea' id='block_1_2' title="bbox 959 502 2905 550">
    <p class='ocr_par' dir='ltr' id='par_1_2' title="bbox 959 502 2905 550">
     <span class='ocr_line' id='line_1_3' title="bbox 959 502 2905 550; baseline -0.001 -1"><span class='ocrx_word' id='word_1_3' title='bbox 959 502 1306 550; x_wconf 64' lang='lat' dir='ltr'><strong>mannum</strong></span> <span class='ocrx_word' id='word_1_4' title='bbox 1349 503 1410 548; x_wconf 80' lang='lat' dir='ltr'><strong>IN</strong></span> <span class='ocrx_word' id='word_1_5' title='bbox 1453 503 1589 549; x_wconf 74' lang='lat' dir='ltr'><strong>cAl’.</strong></span> <span class='ocrx_word' id='word_1_6' title='bbox 1637 503 1748 550; x_wconf 81' lang='lat' dir='ltr'><strong>xul</strong></span> <span class='ocrx_word' id='word_1_7' title='bbox 1789 502 1948 549; x_wconf 76' lang='lat' dir='ltr'><strong>unm</strong></span> <span class='ocrx_word' id='word_1_8' title='bbox 1989 503 2160 550; x_wconf 74' lang='lat' dir='ltr'><strong>Pium</strong></span> <span class='ocrx_word' id='word_1_9' title='bbox 2200 503 2424 550; x_wconf 70' lang='lat' dir='ltr'><strong>amun.</strong></span> <span class='ocrx_word' id='word_1_10' title='bbox 2470 523 2551 534; x_wconf 94' lang='grc'><strong>--</strong></span> <span class='ocrx_word' id='word_1_11' title='bbox 2591 504 2733 550; x_wconf 73' lang='lat' dir='ltr'><strong>ART.</strong></span> <span class='ocrx_word' id='word_1_12' title='bbox 2780 504 2905 550; x_wconf 75' lang='lat' dir='ltr'><strong>XXV</strong></span> 
     </span>
    </p>
   </div>
   <div class='ocr_carea' id='block_1_3' title="bbox 3354 485 3473 550">
    <p class='ocr_par' dir='ltr' id='par_1_3' title="bbox 3354 485 3473 550">
     <span class='ocr_line' id='line_1_4' title="bbox 3354 485 3473 550; baseline 0 0"><span class='ocrx_word' id='word_1_13' title='bbox 3354 485 3473 550; x_wconf 77' lang='lat'><strong>329</strong></span> 
     </span>
    </p>
   </div>
   <div class='ocr_carea' id='block_1_4' title="bbox 378 641 3477 759">
    <p class='ocr_par' dir='ltr' id='par_1_4' title="bbox 378 641 3477 759">
     <span class='ocr_line' id='line_1_5' title="bbox 378 641 3477 759; baseline 0 -22"><span class='ocrx_word' id='word_1_14' title='bbox 378 641 836 753; x_wconf 84' lang='lat' dir='ltr'><strong>Israelitarum,</strong></span> <span class='ocrx_word' id='word_1_15' title='bbox 871 676 974 739; x_wconf 88' lang='lat' dir='ltr'><strong>vel</strong></span> <span class='ocrx_word' id='word_1_16' title='bbox 1019 693 1147 739; x_wconf 93' lang='lat' dir='ltr'><strong>non</strong></span> <span class='ocrx_word' id='word_1_17' title='bbox 1189 695 1334 739; x_wconf 91' lang='lat' dir='ltr'><strong>cum</strong></span> <span class='ocrx_word' id='word_1_18' title='bbox 1378 683 1552 738; x_wconf 87' lang='lat' dir='ltr'><strong>tanta</strong></span> <span class='ocrx_word' id='word_1_19' title='bbox 1597 673 1882 756; x_wconf 90' lang='lat' dir='ltr'><strong>potentia</strong></span> <span class='ocrx_word' id='word_1_20' title='bbox 1908 673 1961 736; x_wconf 83' lang='lat' dir='ltr'><strong>A</strong></span> <span class='ocrx_word' id='word_1_21' title='bbox 1989 674 2120 739; x_wconf 88' lang='lat' dir='ltr'><strong>ria:</strong></span> <span class='ocrx_word' id='word_1_22' title='bbox 2146 674 2409 749; x_wconf 82' lang='lat' dir='ltr'><strong>Quidam</strong></span> <span class='ocrx_word' id='word_1_23' title='bbox 2442 685 2625 739; x_wconf 87' lang='lat' dir='ltr'><strong>erant</strong></span> <span class='ocrx_word' id='word_1_24' title='bbox 2654 675 2720 738; x_wconf 90' lang='lat' dir='ltr'><strong>in</strong></span> <span class='ocrx_word' id='word_1_25' title='bbox 2751 676 2963 754; x_wconf 85' lang='lat' dir='ltr'><strong>Israel,</strong></span> <span class='ocrx_word' id='word_1_26' title='bbox 2987 675 3079 740; x_wconf 92' lang='lat' dir='ltr'><strong>sic</strong></span> <span class='ocrx_word' id='word_1_27' title='bbox 3108 676 3477 759; x_wconf 90' lang='lat' dir='ltr'><strong>appropria-</strong></span> 
     </span>
    </p>
   </div>
   <div class='ocr_carea' id='block_1_5' title="bbox 377 772 1882 1843">
    <p class='ocr_par' dir='ltr' id='par_1_5' title="bbox 377 772 1882 1843">
     <span class='ocr_line' id='line_1_6' title="bbox 380 772 1880 855; baseline 0 -21"><span class='ocrx_word' id='word_1_28' title='bbox 380 773 548 835; x_wconf 91' lang='lat' dir='ltr'><strong>sicut</strong></span> <span class='ocrx_word' id='word_1_29' title='bbox 593 781 780 849; x_wconf 83' lang='lat' dir='ltr'><strong>ante3</strong></span> <span class='ocrx_word' id='word_1_30' title='bbox 823 772 926 838; x_wconf 90' lang='lat' dir='ltr'><strong>vel</strong></span> <span class='ocrx_word' id='word_1_31' title='bbox 979 774 1126 838; x_wconf 87' lang='lat' dir='ltr'><strong>dato</strong></span> <span class='ocrx_word' id='word_1_32' title='bbox 1175 774 1347 855; x_wconf 92' lang='lat' dir='ltr'><strong>quod</strong></span> <span class='ocrx_word' id='word_1_33' title='bbox 1398 773 1566 835; x_wconf 87' lang='lat' dir='ltr'><strong>ultra</strong></span> <span class='ocrx_word' id='word_1_34' title='bbox 1610 792 1736 837; x_wconf 91' lang='lat' dir='ltr'><strong>non</strong></span> <span class='ocrx_word' id='word_1_35' title='bbox 1790 773 1880 834; x_wconf 91' lang='lat' dir='ltr'><strong>in-</strong></span> 
     </span>
     <span class='ocr_line' id='line_1_7' title="bbox 383 872 1881 956; baseline 0.001 -23"><span class='ocrx_word' id='word_1_36' title='bbox 383 872 702 936; x_wconf 90' lang='lat' dir='ltr'><strong>troierunt</strong></span> <span class='ocrx_word' id='word_1_37' title='bbox 731 873 1022 936; x_wconf 77' lang='lat' dir='ltr'><strong>Samuele</strong></span> <span class='ocrx_word' id='word_1_38' title='bbox 1054 873 1363 956; x_wconf 91' lang='lat' dir='ltr'><strong>populum</strong></span> <span class='ocrx_word' id='word_1_39' title='bbox 1403 872 1756 954; x_wconf 87' lang='lat' dir='ltr'><strong>judicante,</strong></span> <span class='ocrx_word' id='word_1_40' title='bbox 1791 881 1881 934; x_wconf 90' lang='lat' dir='ltr'><strong>ta-</strong></span> 
     </span>
     <span class='ocr_line' id='line_1_8' title="bbox 379 969 1882 1055; baseline 0.002 -23"><span class='ocrx_word' id='word_1_41' title='bbox 379 989 530 1033; x_wconf 89' lang='lat' dir='ltr'><strong>men</strong></span> <span class='ocrx_word' id='word_1_42' title='bbox 579 969 744 1033; x_wconf 86' lang='lat' dir='ltr'><strong>filiis</strong></span> <span class='ocrx_word' id='word_1_43' title='bbox 795 971 934 1052; x_wconf 87' lang='lat' dir='ltr'><strong>ejus</strong></span> <span class='ocrx_word' id='word_1_44' title='bbox 995 972 1484 1054; x_wconf 84' lang='lat' dir='ltr'><strong>praesidentibus</strong></span> <span class='ocrx_word' id='word_1_45' title='bbox 1533 971 1730 1048; x_wconf 86' lang='lat' dir='ltr'><strong>male,</strong></span> <span class='ocrx_word' id='word_1_46' title='bbox 1782 974 1882 1055; x_wconf 87' lang='lat' dir='ltr'><strong>ju-</strong></span> 
     </span>
     <span class='ocr_line' id='line_1_9' title="bbox 379 1069 1878 1154; baseline 0.001 -23"><span class='ocrx_word' id='word_1_47' title='bbox 379 1069 880 1152; x_wconf 79' lang='lat' dir='ltr'><strong>dicantibusque</strong></span> <span class='ocrx_word' id='word_1_48' title='bbox 918 1071 1178 1154; x_wconf 86' lang='lat' dir='ltr'><strong>injuste,</strong></span> <span class='ocrx_word' id='word_1_49' title='bbox 1221 1080 1568 1153; x_wconf 87' lang='lat' dir='ltr'><strong>potuerunt</strong></span> <span class='ocrx_word' id='word_1_50' title='bbox 1610 1070 1878 1134; x_wconf 76' lang='lat' dir='ltr'><strong>forsitan</strong></span> 
     </span>
     <span class='ocr_line' id='line_1_10' title="bbox 382 1167 1874 1252; baseline 0.002 -23"><span class='ocrx_word' id='word_1_51' title='bbox 382 1167 646 1232; x_wconf 88' lang='lat' dir='ltr'><strong>intrare.</strong></span> <span class='ocrx_word' id='word_1_52' title='bbox 665 1169 817 1232; x_wconf 87' lang='lat' dir='ltr'><strong>Dato</strong></span> <span class='ocrx_word' id='word_1_53' title='bbox 836 1189 1093 1252; x_wconf 91' lang='lat' dir='ltr'><strong>quoque</strong></span> <span class='ocrx_word' id='word_1_54' title='bbox 1113 1170 1284 1252; x_wconf 91' lang='lat' dir='ltr'><strong>quod</strong></span> <span class='ocrx_word' id='word_1_55' title='bbox 1309 1188 1438 1233; x_wconf 92' lang='lat' dir='ltr'><strong>non</strong></span> <span class='ocrx_word' id='word_1_56' title='bbox 1472 1169 1874 1247; x_wconf 90' lang='lat' dir='ltr'><strong>introierunt,</strong></span> 
     </span>
     <span class='ocr_line' id='line_1_11' title="bbox 379 1268 1882 1350; baseline 0.001 -21"><span class='ocrx_word' id='word_1_57' title='bbox 379 1275 665 1330; x_wconf 81' lang='lat' dir='ltr'><strong>attamen</strong></span> <span class='ocrx_word' id='word_1_58' title='bbox 697 1277 1043 1350; x_wconf 89' lang='lat' dir='ltr'><strong>potuerunt</strong></span> <span class='ocrx_word' id='word_1_59' title='bbox 1075 1268 1165 1330; x_wconf 92' lang='lat' dir='ltr'><strong>ibi</strong></span> <span class='ocrx_word' id='word_1_60' title='bbox 1188 1269 1255 1331; x_wconf 93' lang='lat' dir='ltr'><strong>in</strong></span> <span class='ocrx_word' id='word_1_61' title='bbox 1287 1268 1757 1331; x_wconf 83' lang='lat' dir='ltr'><strong>munitionibus</strong></span> <span class='ocrx_word' id='word_1_62' title='bbox 1790 1288 1882 1331; x_wconf 92' lang='lat' dir='ltr'><strong>re-</strong></span> 
     </span>
     <span class='ocr_line' id='line_1_12' title="bbox 383 1364 1874 1450; baseline 0.001 -24"><span class='ocrx_word' id='word_1_63' title='bbox 383 1364 681 1448; x_wconf 89' lang='lat' dir='ltr'><strong>linquere</strong></span> <span class='ocrx_word' id='word_1_64' title='bbox 713 1385 821 1430; x_wconf 88' lang='lat' dir='ltr'><strong>eos</strong></span> <span class='ocrx_word' id='word_1_65' title='bbox 852 1385 1012 1448; x_wconf 92' lang='lat' dir='ltr'><strong>quos</strong></span> <span class='ocrx_word' id='word_1_66' title='bbox 1044 1375 1192 1430; x_wconf 87' lang='lat' dir='ltr'><strong>ante</strong></span> <span class='ocrx_word' id='word_1_67' title='bbox 1221 1376 1574 1450; x_wconf 90' lang='lat' dir='ltr'><strong>posuerunt</strong></span> <span class='ocrx_word' id='word_1_68' title='bbox 1614 1367 1874 1430; x_wconf 80' lang='lat' dir='ltr'><strong>ibidem.</strong></span> 
     </span>
     <span class='ocr_line' id='line_1_13' title="bbox 380 1464 1881 1548; baseline 0.001 -22"><span class='ocrx_word' id='word_1_69' title='bbox 380 1464 472 1527; x_wconf 87' lang='lat' dir='ltr'><strong>Ad</strong></span> <span class='ocrx_word' id='word_1_70' title='bbox 503 1465 683 1528; x_wconf 88' lang='lat' dir='ltr'><strong>aliud</strong></span> <span class='ocrx_word' id='word_1_71' title='bbox 717 1466 1160 1547; x_wconf 89' lang='lat' dir='ltr'><strong>respondetur,</strong></span> <span class='ocrx_word' id='word_1_72' title='bbox 1193 1466 1364 1548; x_wconf 90' lang='lat' dir='ltr'><strong>quod</strong></span> <span class='ocrx_word' id='word_1_73' title='bbox 1397 1465 1690 1528; x_wconf 82' lang='lat' dir='ltr'><strong>Samuele</strong></span> <span class='ocrx_word' id='word_1_74' title='bbox 1723 1484 1881 1548; x_wconf 78' lang='lat' dir='ltr'><strong>prae-</strong></span> 
     </span>
     <span class='ocr_line' id='line_1_14' title="bbox 378 1562 1878 1646; baseline 0.001 -22"><span class='ocrx_word' id='word_1_75' title='bbox 378 1563 662 1640; x_wconf 86' lang='lat' dir='ltr'><strong>sidente,</strong></span> <span class='ocrx_word' id='word_1_76' title='bbox 715 1563 991 1626; x_wconf 90' lang='lat' dir='ltr'><strong>multum</strong></span> <span class='ocrx_word' id='word_1_77' title='bbox 1051 1562 1372 1628; x_wconf 86' lang='lat' dir='ltr'><strong>refrenata</strong></span> <span class='ocrx_word' id='word_1_78' title='bbox 1431 1562 1554 1626; x_wconf 88' lang='lat' dir='ltr'><strong>fuit</strong></span> <span class='ocrx_word' id='word_1_79' title='bbox 1602 1571 1878 1646; x_wconf 87' lang='lat' dir='ltr'><strong>potestas</strong></span> 
     </span>
     <span class='ocr_line' id='line_1_15' title="bbox 380 1661 1880 1744; baseline 0.001 -20"><span class='ocrx_word' id='word_1_80' title='bbox 380 1661 864 1726; x_wconf 78' lang='lat' dir='ltr'><strong>philistinorum</strong></span> <span class='ocrx_word' id='word_1_81' title='bbox 911 1681 1104 1744; x_wconf 89' lang='lat' dir='ltr'><strong>super</strong></span> <span class='ocrx_word' id='word_1_82' title='bbox 1148 1661 1320 1725; x_wconf 92' lang='lat' dir='ltr'><strong>filios</strong></span> <span class='ocrx_word' id='word_1_83' title='bbox 1364 1662 1578 1738; x_wconf 88' lang='lat' dir='ltr'><strong>Israel,</strong></span> <span class='ocrx_word' id='word_1_84' title='bbox 1621 1682 1750 1726; x_wconf 93' lang='lat' dir='ltr'><strong>non</strong></span> <span class='ocrx_word' id='word_1_85' title='bbox 1792 1671 1880 1726; x_wconf 87' lang='lat' dir='ltr'><strong>ta—</strong></span> 
     </span>
     <span class='ocr_line' id='line_1_16' title="bbox 377 1760 1879 1843; baseline -0.001 -21"><span class='ocrx_word' id='word_1_86' title='bbox 377 1781 530 1824; x_wconf 90' lang='lat' dir='ltr'><strong>men</strong></span> <span class='ocrx_word' id='word_1_87' title='bbox 563 1760 633 1822; x_wconf 93' lang='lat' dir='ltr'><strong>in</strong></span> <span class='ocrx_word' id='word_1_88' title='bbox 668 1769 801 1824; x_wconf 89' lang='lat' dir='ltr'><strong>toto</strong></span> <span class='ocrx_word' id='word_1_89' title='bbox 832 1760 1064 1838; x_wconf 85' lang='lat' dir='ltr'><strong>ablata,</strong></span> <span class='ocrx_word' id='word_1_90' title='bbox 1088 1760 1312 1843; x_wconf 88' lang='lat' dir='ltr'><strong>sicque</strong></span> <span class='ocrx_word' id='word_1_91' title='bbox 1343 1761 1462 1823; x_wconf 91' lang='lat' dir='ltr'><strong>sub</strong></span> <span class='ocrx_word' id='word_1_92' title='bbox 1494 1762 1640 1825; x_wconf 88' lang='lat' dir='ltr'><strong>Saul</strong></span> <span class='ocrx_word' id='word_1_93' title='bbox 1675 1764 1879 1822; x_wconf 75' lang='lat' dir='ltr'><strong>erexit</strong></span> 
     </span>
    </p>
   </div>
   <div class='ocr_carea' id='block_1_6' title="bbox 1988 774 3481 1846">
    <p class='ocr_par' dir='ltr' id='par_1_6' title="bbox 1988 774 3481 1846">
     <span class='ocr_line' id='line_1_17' title="bbox 1989 774 3478 858; baseline 0.001 -23"><span class='ocrx_word' id='word_1_94' title='bbox 1989 781 2052 836; x_wconf 91' lang='lat' dir='ltr'><strong>to</strong></span> <span class='ocrx_word' id='word_1_95' title='bbox 2075 774 2383 837; x_wconf 87' lang='lat' dir='ltr'><strong>vocabulo</strong></span> <span class='ocrx_word' id='word_1_96' title='bbox 2405 774 2583 852; x_wconf 90' lang='lat' dir='ltr'><strong>dicti,</strong></span> <span class='ocrx_word' id='word_1_97' title='bbox 2598 776 2709 857; x_wconf 92' lang='lat' dir='ltr'><strong>qui</strong></span> <span class='ocrx_word' id='word_1_98' title='bbox 2733 795 2863 858; x_wconf 76' lang='lat' dir='ltr'><strong>prae</strong></span> <span class='ocrx_word' id='word_1_99' title='bbox 2886 775 3111 838; x_wconf 89' lang='lat' dir='ltr'><strong>timore</strong></span> <span class='ocrx_word' id='word_1_100' title='bbox 3132 775 3478 838; x_wconf 90' lang='lat' dir='ltr'><strong>creduntur</strong></span> 
     </span>
     <span class='ocr_line' id='line_1_18' title="bbox 1989 873 3479 937; baseline 0.002 -3"><span class='ocrx_word' id='word_1_101' title='bbox 1989 873 2056 934; x_wconf 90' lang='lat' dir='ltr'><strong>in</strong></span> <span class='ocrx_word' id='word_1_102' title='bbox 2105 881 2311 936; x_wconf 89' lang='lat' dir='ltr'><strong>castra</strong></span> <span class='ocrx_word' id='word_1_103' title='bbox 2339 873 2681 936; x_wconf 90' lang='lat' dir='ltr'><strong>philistiim</strong></span> <span class='ocrx_word' id='word_1_104' title='bbox 2727 874 3131 937; x_wconf 81' lang='lat' dir='ltr'><strong>descendisse</strong></span> <span class='ocrx_word' id='word_1_105' title='bbox 3173 876 3251 937; x_wconf 87' lang='lat' dir='ltr'><strong>ad</strong></span> <span class='ocrx_word' id='word_1_106' title='bbox 3298 873 3479 937; x_wconf 87' lang='lat' dir='ltr'><strong>obsc-</strong></span> 
     </span>
     <span class='ocr_line' id='line_1_19' title="bbox 1991 970 3477 1054; baseline 0.001 -20"><span class='ocrx_word' id='word_1_107' title='bbox 1991 972 2317 1053; x_wconf 91' lang='lat' dir='ltr'><strong>quendum</strong></span> <span class='ocrx_word' id='word_1_108' title='bbox 2351 970 2503 1034; x_wconf 86' lang='lat' dir='ltr'><strong>illis.</strong></span> <span class='ocrx_word' id='word_1_109' title='bbox 2524 972 2636 1035; x_wconf 84' lang='lat' dir='ltr'><strong>Vel</strong></span> <span class='ocrx_word' id='word_1_110' title='bbox 2653 975 2751 1054; x_wconf 92' lang='lat' dir='ltr'><strong>(ut</strong></span> <span class='ocrx_word' id='word_1_111' title='bbox 2769 973 2969 1054; x_wconf 89' lang='lat' dir='ltr'><strong>aliqui</strong></span> <span class='ocrx_word' id='word_1_112' title='bbox 3004 973 3317 1052; x_wconf 88' lang='lat' dir='ltr'><strong>scribunt)</strong></span> <span class='ocrx_word' id='word_1_113' title='bbox 3336 973 3477 1036; x_wconf 92' lang='lat' dir='ltr'><strong>ideo</strong></span> 
     </span>
     <span class='ocr_line' id='line_1_20' title="bbox 1989 1069 3480 1153; baseline 0.001 -20"><span class='ocrx_word' id='word_1_114' title='bbox 1989 1069 2367 1133; x_wconf 88' lang='lat' dir='ltr'><strong>dicebantur</strong></span> <span class='ocrx_word' id='word_1_115' title='bbox 2398 1070 2665 1147; x_wconf 83' lang='lat' dir='ltr'><strong>Hebraei‚</strong></span> <span class='ocrx_word' id='word_1_116' title='bbox 2701 1071 2854 1153; x_wconf 89' lang='lat' dir='ltr'><strong>quia</strong></span> <span class='ocrx_word' id='word_1_117' title='bbox 2886 1069 3253 1152; x_wconf 86' lang='lat' dir='ltr'><strong>frequenter</strong></span> <span class='ocrx_word' id='word_1_118' title='bbox 3282 1081 3480 1135; x_wconf 84' lang='lat' dir='ltr'><strong>trans-</strong></span> 
     </span>
     <span class='ocr_line' id='line_1_21' title="bbox 1989 1169 3474 1253; baseline 0 -21"><span class='ocrx_word' id='word_1_119' title='bbox 1989 1169 2168 1232; x_wconf 85' lang='lat' dir='ltr'><strong>ibant</strong></span> <span class='ocrx_word' id='word_1_120' title='bbox 2194 1169 2553 1232; x_wconf 82' lang='lat' dir='ltr'><strong>Jordanem.</strong></span> <span class='ocrx_word' id='word_1_121' title='bbox 2585 1169 2737 1231; x_wconf 90' lang='lat' dir='ltr'><strong>Nam</strong></span> <span class='ocrx_word' id='word_1_122' title='bbox 2768 1169 2972 1232; x_wconf 90' lang='lat' dir='ltr'><strong>Heber</strong></span> <span class='ocrx_word' id='word_1_123' title='bbox 3000 1170 3474 1253; x_wconf 89' lang='lat' dir='ltr'><strong>interpretatur,</strong></span> 
     </span>
     <span class='ocr_line' id='line_1_22' title="bbox 1988 1267 3477 1351; baseline 0.001 -19"><span class='ocrx_word' id='word_1_124' title='bbox 1988 1268 2193 1332; x_wconf 83' lang='lat' dir='ltr'><strong>victor</strong></span> <span class='ocrx_word' id='word_1_125' title='bbox 2233 1285 2345 1330; x_wconf 90' lang='lat' dir='ltr'><strong>seu</strong></span> <span class='ocrx_word' id='word_1_126' title='bbox 2398 1267 2731 1329; x_wconf 66' lang='lat' dir='ltr'><strong>transiens</strong></span> <span class='ocrx_word' id='word_1_127' title='bbox 2781 1267 2931 1330; x_wconf 90' lang='lat' dir='ltr'><strong>Inde</strong></span> <span class='ocrx_word' id='word_1_128' title='bbox 2980 1269 3244 1346; x_wconf 84' lang='lat' dir='ltr'><strong>Hebraei,</strong></span> <span class='ocrx_word' id='word_1_129' title='bbox 3292 1272 3477 1351; x_wconf 87' lang='lat' dir='ltr'><strong>quasi</strong></span> 
     </span>
     <span class='ocr_line' id='line_1_23' title="bbox 1990 1364 3479 1430; baseline 0.003 -5"><span class='ocrx_word' id='word_1_130' title='bbox 1990 1371 2415 1427; x_wconf 79' lang='lat' dir='ltr'><strong>transeuntes,</strong></span> <span class='ocrx_word' id='word_1_131' title='bbox 2471 1364 2922 1429; x_wconf 79' lang='lat' dir='ltr'><strong>Verumtamen</strong></span> <span class='ocrx_word' id='word_1_132' title='bbox 2975 1366 3041 1428; x_wconf 97' lang='lat' dir='ltr'><strong>hi</strong></span> <span class='ocrx_word' id='word_1_133' title='bbox 3091 1367 3333 1430; x_wconf 80' lang='lat' dir='ltr'><strong>Hebraei</strong></span> <span class='ocrx_word' id='word_1_134' title='bbox 3386 1368 3479 1430; x_wconf 87' lang='lat' dir='ltr'><strong>vi-</strong></span> 
     </span>
     <span class='ocr_line' id='line_1_24' title="bbox 1991 1463 3475 1547; baseline 0.003 -22"><span class='ocrx_word' id='word_1_135' title='bbox 1991 1464 2223 1526; x_wconf 91' lang='lat' dir='ltr'><strong>dcntur</strong></span> <span class='ocrx_word' id='word_1_136' title='bbox 2268 1463 2481 1545; x_wconf 90' lang='lat' dir='ltr'><strong>potius</strong></span> <span class='ocrx_word' id='word_1_137' title='bbox 2527 1483 2563 1526; x_wconf 93' lang='lat' dir='ltr'><strong>a</strong></span> <span class='ocrx_word' id='word_1_138' title='bbox 2604 1463 2941 1536; x_wconf 84' lang='lat' dir='ltr'><strong>philistaeis</strong></span> <span class='ocrx_word' id='word_1_139' title='bbox 2986 1464 3247 1545; x_wconf 83' lang='lat' dir='ltr'><strong>fugisse,</strong></span> <span class='ocrx_word' id='word_1_140' title='bbox 3284 1486 3475 1547; x_wconf 88' lang='lat' dir='ltr'><strong>quam</strong></span> 
     </span>
     <span class='ocr_line' id='line_1_25' title="bbox 1990 1559 3479 1645; baseline 0.003 -21"><span class='ocrx_word' id='word_1_141' title='bbox 1990 1563 2066 1624; x_wconf 89' lang='lat' dir='ltr'><strong>ad</strong></span> <span class='ocrx_word' id='word_1_142' title='bbox 2109 1561 2286 1644; x_wconf 89' lang='lat' dir='ltr'><strong>ipsos</strong></span> <span class='ocrx_word' id='word_1_143' title='bbox 2325 1559 2691 1642; x_wconf 85' lang='lat' dir='ltr'><strong>confugisse</strong></span> <span class='ocrx_word' id='word_1_144' title='bbox 2730 1582 2743 1627; x_wconf 89' lang='lat'>:</span> <span class='ocrx_word' id='word_1_145' title='bbox 2780 1563 2933 1645; x_wconf 88' lang='lat' dir='ltr'><strong>quia</strong></span> <span class='ocrx_word' id='word_1_146' title='bbox 2956 1563 3248 1627; x_wconf 76' lang='lat' dir='ltr'><strong>Iordanis</strong></span> <span class='ocrx_word' id='word_1_147' title='bbox 3281 1575 3417 1628; x_wconf 89' lang='lat' dir='ltr'><strong>erat</strong></span> <span class='ocrx_word' id='word_1_148' title='bbox 3442 1585 3479 1628; x_wconf 97' lang='lat' dir='ltr'><strong>a</strong></span> 
     </span>
     <span class='ocr_line' id='line_1_26' title="bbox 1989 1660 3481 1746; baseline 0.003 -24"><span class='ocrx_word' id='word_1_149' title='bbox 1989 1660 2174 1742; x_wconf 86' lang='lat' dir='ltr'><strong>plaga</strong></span> <span class='ocrx_word' id='word_1_150' title='bbox 2214 1661 2531 1738; x_wconf 83' lang='lat' dir='ltr'><strong>orientali,</strong></span> <span class='ocrx_word' id='word_1_151' title='bbox 2566 1670 2856 1744; x_wconf 89' lang='lat' dir='ltr'><strong>respectu</strong></span> <span class='ocrx_word' id='word_1_152' title='bbox 2903 1671 3082 1726; x_wconf 84' lang='lat' dir='ltr'><strong>terrae</strong></span> <span class='ocrx_word' id='word_1_153' title='bbox 3122 1664 3481 1746; x_wconf 91' lang='lat' dir='ltr'><strong>promissio-</strong></span> 
     </span>
     <span class='ocr_line' id='line_1_27' title="bbox 1990 1761 3479 1846; baseline 0.004 -24"><span class='ocrx_word' id='word_1_154' title='bbox 1990 1761 2132 1838; x_wconf 84' lang='lat' dir='ltr'><strong>nis3</strong></span> <span class='ocrx_word' id='word_1_155' title='bbox 2185 1770 2347 1823; x_wconf 87' lang='lat' dir='ltr'><strong>terra</strong></span> <span class='ocrx_word' id='word_1_156' title='bbox 2396 1770 2609 1825; x_wconf 87' lang='lat' dir='ltr'><strong>autem</strong></span> <span class='ocrx_word' id='word_1_157' title='bbox 2658 1761 3162 1841; x_wconf 78' lang='lat' dir='ltr'><strong>philistinorum,</strong></span> <span class='ocrx_word' id='word_1_158' title='bbox 3214 1783 3251 1826; x_wconf 87' lang='lat' dir='ltr'><strong>a</strong></span> <span class='ocrx_word' id='word_1_159' title='bbox 3300 1773 3479 1846; x_wconf 86' lang='lat' dir='ltr'><strong>parte</strong></span> 
     </span>
    </p>
   </div>
   <div class='ocr_carea' id='block_1_7' title="bbox 375 1859 3479 2534">
    <p class='ocr_par' dir='ltr' id='par_1_7' title="bbox 375 1859 3479 2534">
     <span class='ocr_line' id='line_1_28' title="bbox 375 1859 3479 1943; baseline 0.001 -23"><span class='ocrx_word' id='word_1_160' title='bbox 375 1881 442 1920; x_wconf 81' lang='lat' dir='ltr'><strong>se</strong></span> <span class='ocrx_word' id='word_1_161' title='bbox 467 1860 750 1943; x_wconf 84' lang='lat' dir='ltr'><strong>populus</strong></span> <span class='ocrx_word' id='word_1_162' title='bbox 780 1865 987 1922; x_wconf 78' lang='lat' dir='ltr'><strong>Israel</strong></span> <span class='ocrx_word' id='word_1_163' title='bbox 1015 1863 1324 1922; x_wconf 82' lang='lat' dir='ltr'><strong>adversus</strong></span> <span class='ocrx_word' id='word_1_164' title='bbox 1353 1862 1721 1923; x_wconf 72' lang='lat' dir='ltr'><strong>Philistiim</strong></span> <span class='ocrx_word' id='word_1_165' title='bbox 1751 1880 1879 1923; x_wconf 86' lang='lat' dir='ltr'><strong>ma·</strong></span> <span class='ocrx_word' id='word_1_166' title='bbox 1914 1862 1960 1924; x_wconf 89' lang='lat' dir='ltr'>B</span> <span class='ocrx_word' id='word_1_167' title='bbox 1990 1859 2391 1923; x_wconf 87' lang='lat' dir='ltr'><strong>occidentali.</strong></span> <span class='ocrx_word' id='word_1_168' title='bbox 2421 1863 2758 1940; x_wconf 78' lang='lat' dir='ltr'><strong>Quumque</strong></span> <span class='ocrx_word' id='word_1_169' title='bbox 2783 1871 2936 1921; x_wconf 74' lang='lat' dir='ltr'><strong>esset</strong></span> <span class='ocrx_word' id='word_1_170' title='bbox 2964 1865 3133 1924; x_wconf 80' lang='lat' dir='ltr'><strong>Saul</strong></span> <span class='ocrx_word' id='word_1_171' title='bbox 3162 1865 3375 1924; x_wconf 75' lang='lat' dir='ltr'><strong>adhuc</strong></span> <span class='ocrx_word' id='word_1_172' title='bbox 3404 1865 3479 1924; x_wconf 79' lang='lat' dir='ltr'><strong>in</strong></span> 
     </span>
     <span class='ocr_line' id='line_1_29' title="bbox 378 1958 3479 2039; baseline 0.001 -20"><span class='ocrx_word' id='word_1_173' title='bbox 378 1958 476 2039; x_wconf 86' lang='lat' dir='ltr'><strong>gis</strong></span> <span class='ocrx_word' id='word_1_174' title='bbox 509 1978 706 2039; x_wconf 86' lang='lat' dir='ltr'><strong>quam</strong></span> <span class='ocrx_word' id='word_1_175' title='bbox 736 1966 907 2023; x_wconf 80' lang='lat' dir='ltr'><strong>ante.</strong></span> <span class='ocrx_word' id='word_1_176' title='bbox 926 1961 1254 2021; x_wconf 75' lang='lat' dir='ltr'><strong>Clamavit</strong></span> <span class='ocrx_word' id='word_1_177' title='bbox 1273 1980 1418 2037; x_wconf 72' lang='lat' dir='ltr'><strong>erqo</strong></span> <span class='ocrx_word' id='word_1_178' title='bbox 1432 1965 1713 2039; x_wconf 79' lang='lat' dir='ltr'><strong>populus</strong></span> <span class='ocrx_word' id='word_1_179' title='bbox 1734 1971 1878 2038; x_wconf 81' lang='lat' dir='ltr'><strong>post</strong></span> <span class='ocrx_word' id='word_1_180' title='bbox 1994 1963 2294 2036; x_wconf 71' lang='lat' dir='ltr'><strong>Galqala,</strong></span> <span class='ocrx_word' id='word_1_181' title='bbox 2313 1961 2657 2020; x_wconf 76' lang='lat' dir='ltr'><strong>universus</strong></span> <span class='ocrx_word' id='word_1_182' title='bbox 2678 1963 2961 2037; x_wconf 79' lang='lat' dir='ltr'><strong>populus</strong></span> <span class='ocrx_word' id='word_1_183' title='bbox 2982 1963 3369 2038; x_wconf 72' lang='lat' dir='ltr'><strong>perterritus</strong></span> <span class='ocrx_word' id='word_1_184' title='bbox 3388 1971 3479 2022; x_wconf 72' lang='lat' dir='ltr'><strong>esc</strong></span> 
     </span>
     <span class='ocr_line' id='line_1_30' title="bbox 381 2057 3479 2140; baseline 0.001 -22"><span class='ocrx_word' id='word_1_185' title='bbox 381 2060 552 2118; x_wconf 82' lang='lat' dir='ltr'><strong>Saul</strong></span> <span class='ocrx_word' id='word_1_186' title='bbox 583 2060 658 2118; x_wconf 82' lang='lat' dir='ltr'><strong>in</strong></span> <span class='ocrx_word' id='word_1_187' title='bbox 695 2061 997 2136; x_wconf 72' lang='lat' dir='ltr'><strong>Galyala,</strong></span> <span class='ocrx_word' id='word_1_188' title='bbox 1029 2075 1108 2120; x_wconf 84' lang='lat' dir='ltr'><strong>ex</strong></span> <span class='ocrx_word' id='word_1_189' title='bbox 1139 2057 1367 2120; x_wconf 84' lang='lat' dir='ltr'><strong>timore</strong></span> <span class='ocrx_word' id='word_1_190' title='bbox 1397 2057 1878 2121; x_wconf 74' lang='lat' dir='ltr'><strong>philistinorum</strong></span> <span class='ocrx_word' id='word_1_191' title='bbox 1987 2058 2105 2137; x_wconf 79' lang='lat' dir='ltr'><strong>qui</strong></span> <span class='ocrx_word' id='word_1_192' title='bbox 2132 2061 2514 2138; x_wconf 76' lang='lat' dir='ltr'><strong>sequebatur</strong></span> <span class='ocrx_word' id='word_1_193' title='bbox 2540 2079 2688 2118; x_wconf 84' lang='lat' dir='ltr'><strong>eum</strong></span> <span class='ocrx_word' id='word_1_194' title='bbox 2718 2077 2741 2119; x_wconf 93' lang='grc'><strong>.·</strong></span> <span class='ocrx_word' id='word_1_195' title='bbox 2774 2058 3079 2140; x_wconf 88' lang='lat' dir='ltr'><strong>quoniam</strong></span> <span class='ocrx_word' id='word_1_196' title='bbox 3106 2066 3289 2120; x_wconf 81' lang='lat' dir='ltr'><strong>erant</strong></span> <span class='ocrx_word' id='word_1_197' title='bbox 3328 2076 3479 2140; x_wconf 86' lang='lat' dir='ltr'><strong>pau-</strong></span> 
     </span>
     <span class='ocr_line' id='line_1_31' title="bbox 382 2145 3477 2238; baseline -0 -18"><span class='ocrx_word' id='word_1_198' title='bbox 382 2156 636 2220; x_wconf 85' lang='lat' dir='ltr'><strong>Saulem</strong></span> <span class='ocrx_word' id='word_1_199' title='bbox 679 2145 1094 2234; x_wconf 83' lang='lat' dir='ltr'><strong>exhortando,</strong></span> <span class='ocrx_word' id='word_1_200' title='bbox 1142 2165 1212 2219; x_wconf 93' lang='lat' dir='ltr'><strong>ut</strong></span> <span class='ocrx_word' id='word_1_201' title='bbox 1253 2157 1618 2238; x_wconf 83' lang='lat' dir='ltr'><strong>provideret</strong></span> <span class='ocrx_word' id='word_1_202' title='bbox 1649 2157 1773 2219; x_wconf 90' lang='lat' dir='ltr'><strong>sibi</strong></span> <span class='ocrx_word' id='word_1_203' title='bbox 1805 2177 1878 2220; x_wconf 90' lang='lat' dir='ltr'><strong>ac</strong></span> <span class='ocrx_word' id='word_1_204' title='bbox 1988 2155 2231 2219; x_wconf 91' lang='lat' dir='ltr'><strong>cissimi</strong></span> <span class='ocrx_word' id='word_1_205' title='bbox 2270 2155 2744 2238; x_wconf 82' lang='lat' dir='ltr'><strong>&#39;comparatione</strong></span> <span class='ocrx_word' id='word_1_206' title='bbox 2775 2155 3087 2220; x_wconf 88' lang='lat' dir='ltr'><strong>exercitus</strong></span> <span class='ocrx_word' id='word_1_207' title='bbox 3118 2156 3477 2232; x_wconf 84' lang='lat' dir='ltr'><strong>philistino-</strong></span> 
     </span>
     <span class='ocr_line' id='line_1_32' title="bbox 381 2254 3391 2337; baseline 0.001 -21"><span class='ocrx_word' id='word_1_208' title='bbox 381 2273 580 2336; x_wconf 84' lang='lat' dir='ltr'><strong>rcgno</strong></span> <span class='ocrx_word' id='word_1_209' title='bbox 601 2273 720 2318; x_wconf 90' lang='lat' dir='ltr'><strong>suo</strong></span> <span class='ocrx_word' id='word_1_210' title='bbox 737 2255 950 2318; x_wconf 85' lang='lat' dir='ltr'><strong>contra</strong></span> <span class='ocrx_word' id='word_1_211' title='bbox 968 2255 1446 2320; x_wconf 91' lang='lat' dir='ltr'><strong>philistinorum</strong></span> <span class='ocrx_word' id='word_1_212' title='bbox 1462 2255 1872 2320; x_wconf 84' lang='lat' dir='ltr'><strong>invasionem.</strong></span> <span class='ocrx_word' id='word_1_213' title='bbox 1989 2274 2152 2331; x_wconf 91' lang='lat' dir='ltr'><strong>rum,</strong></span> <span class='ocrx_word' id='word_1_214' title='bbox 2191 2274 2305 2318; x_wconf 88' lang='lat' dir='ltr'><strong>nec</strong></span> <span class='ocrx_word' id='word_1_215' title='bbox 2342 2254 2532 2337; x_wconf 90' lang='lat' dir='ltr'><strong>plene</strong></span> <span class='ocrx_word' id='word_1_216' title='bbox 2561 2254 2974 2318; x_wconf 86' lang='lat' dir='ltr'><strong>confidebant</strong></span> <span class='ocrx_word' id='word_1_217' title='bbox 3005 2255 3072 2318; x_wconf 92' lang='lat' dir='ltr'><strong>in</strong></span> <span class='ocrx_word' id='word_1_218' title='bbox 3102 2255 3391 2320; x_wconf 89' lang='lat' dir='ltr'><strong>Domin0.</strong></span> 
     </span>
     <span class='ocr_line' id='line_1_33' title="bbox 459 2355 3477 2433; baseline 0 -17"><span class='ocrx_word' id='word_1_219' title='bbox 459 2355 549 2416; x_wconf 79' lang='lat' dir='ltr'><strong>Et</strong></span> <span class='ocrx_word' id='word_1_220' title='bbox 577 2355 949 2416; x_wconf 73' lang='lat' dir='ltr'><strong>philistiim</strong></span> <span class='ocrx_word' id='word_1_221' title='bbox 987 2358 1358 2432; x_wconf 67' lang='lat' dir='ltr'><strong>eonyreyati</strong></span> <span class='ocrx_word' id='word_1_222' title='bbox 1397 2366 1551 2416; x_wconf 77' lang='lat' dir='ltr'><strong>sunt</strong></span> <span class='ocrx_word' id='word_1_223' title='bbox 1590 2358 1677 2416; x_wconf 84' lang='lat' dir='ltr'><strong>ad</strong></span> <span class='ocrx_word' id='word_1_224' title='bbox 1708 2375 1880 2433; x_wconf 82' lang='lat' dir='ltr'><strong>prae-</strong></span> <span class='ocrx_word' id='word_1_225' title='bbox 2069 2356 2153 2414; x_wconf 79' lang='lat' dir='ltr'><strong>Ec</strong></span> <span class='ocrx_word' id='word_1_226' title='bbox 2181 2355 2573 2431; x_wconf 71' lang='lat' dir='ltr'><strong>eoespectavv’c</strong></span> <span class='ocrx_word' id='word_1_227' title='bbox 2600 2363 2834 2431; x_wconf 75' lang='lat' dir='ltr'><strong>septem</strong></span> <span class='ocrx_word' id='word_1_228' title='bbox 2863 2357 3089 2415; x_wconf 82' lang='lat' dir='ltr'><strong>diebus</strong></span> <span class='ocrx_word' id='word_1_229' title='bbox 3109 2357 3477 2416; x_wconf 80' lang='lat' dir='ltr'><strong>Samuelem</strong></span> 
     </span>
     <span class='ocr_line' id='line_1_34' title="bbox 380 2450 3475 2534; baseline 0 -22"><span class='ocrx_word' id='word_1_230' title='bbox 380 2455 690 2514; x_wconf 80' lang='lat' dir='ltr'><strong>liandum</strong></span> <span class='ocrx_word' id='word_1_231' title='bbox 717 2461 944 2514; x_wconf 80' lang='lat' dir='ltr'><strong>contra</strong></span> <span class='ocrx_word' id='word_1_232' title='bbox 961 2457 1172 2514; x_wconf 77' lang='lat' dir='ltr'><strong>Israel</strong></span> <span class='ocrx_word' id='word_1_233' title='bbox 1195 2455 1469 2531; x_wconf 70' lang='lat' dir='ltr'><strong>triyinta</strong></span> <span class='ocrx_word' id='word_1_234' title='bbox 1499 2455 1718 2514; x_wconf 82' lang='lat' dir='ltr'><strong>millia</strong></span> <span class='ocrx_word' id='word_1_235' title='bbox 1737 2474 1878 2514; x_wconf 79' lang='lat' dir='ltr'><strong>cur-</strong></span> <span class='ocrx_word' id='word_1_236' title='bbox 1971 2453 2182 2529; x_wconf 71' lang='lat' dir='ltr'><strong>juxta</strong></span> <span class='ocrx_word' id='word_1_237' title='bbox 2219 2454 2566 2529; x_wconf 76' lang='lat' dir='ltr'><strong>placitum,</strong></span> <span class='ocrx_word' id='word_1_238' title='bbox 2610 2450 2675 2512; x_wconf 87' lang='lat' dir='ltr'><strong>id</strong></span> <span class='ocrx_word' id='word_1_239' title='bbox 2725 2459 2842 2529; x_wconf 88' lang='lat' dir='ltr'><strong>cst,</strong></span> <span class='ocrx_word' id='word_1_240' title='bbox 2877 2460 3066 2534; x_wconf 87' lang='lat' dir='ltr'><strong>prout</strong></span> <span class='ocrx_word' id='word_1_241' title='bbox 3115 2451 3364 2515; x_wconf 83' lang='lat' dir='ltr'><strong>Samuel</strong></span> <span class='ocrx_word' id='word_1_242' title='bbox 3415 2452 3475 2515; x_wconf 81' lang='lat' dir='ltr'><strong>ei</strong></span> 
     </span>
    </p>
   </div>
   <div class='ocr_carea' id='block_1_8' title="bbox 381 2550 1874 2731">
    <p class='ocr_par' dir='ltr' id='par_1_8' title="bbox 381 2550 1874 2731">
     <span class='ocr_line' id='line_1_35' title="bbox 381 2550 1872 2632; baseline 0.001 -20"><span class='ocrx_word' id='word_1_243' title='bbox 381 2572 605 2613; x_wconf 75' lang='lat' dir='ltr'><strong>mum.</strong></span> <span class='ocrx_word' id='word_1_244' title='bbox 643 2550 870 2613; x_wconf 84' lang='lat' dir='ltr'><strong>Mirum</strong></span> <span class='ocrx_word' id='word_1_245' title='bbox 916 2551 1086 2632; x_wconf 89' lang='lat' dir='ltr'><strong>quod</strong></span> <span class='ocrx_word' id='word_1_246' title='bbox 1135 2558 1227 2613; x_wconf 91' lang='lat' dir='ltr'><strong>tot</strong></span> <span class='ocrx_word' id='word_1_247' title='bbox 1263 2569 1485 2613; x_wconf 86' lang='lat' dir='ltr'><strong>currus</strong></span> <span class='ocrx_word' id='word_1_248' title='bbox 1530 2550 1872 2628; x_wconf 86' lang='lat' dir='ltr'><strong>habebant,</strong></span> 
     </span>
     <span class='ocr_line' id='line_1_36' title="bbox 381 2648 1874 2731; baseline 0.001 -21"><span class='ocrx_word' id='word_1_249' title='bbox 381 2668 578 2730; x_wconf 91' lang='lat' dir='ltr'><strong>quum</strong></span> <span class='ocrx_word' id='word_1_250' title='bbox 612 2650 692 2713; x_wconf 91' lang='lat' dir='ltr'><strong>de</strong></span> <span class='ocrx_word' id='word_1_251' title='bbox 721 2649 1048 2712; x_wconf 87' lang='lat' dir='ltr'><strong>pharaone</strong></span> <span class='ocrx_word' id='word_1_252' title='bbox 1074 2648 1328 2730; x_wconf 88' lang='lat' dir='ltr'><strong>legatur</strong></span> <span class='ocrx_word' id='word_1_253' title='bbox 1359 2649 1425 2711; x_wconf 92' lang='lat' dir='ltr'><strong>in</strong></span> <span class='ocrx_word' id='word_1_254' title='bbox 1448 2648 1684 2726; x_wconf 90' lang='lat' dir='ltr'><strong>Exod0,</strong></span> <span class='ocrx_word' id='word_1_255' title='bbox 1705 2651 1874 2731; x_wconf 93' lang='lat' dir='ltr'><strong>quod</strong></span> 
     </span>
    </p>
   </div>
   <div class='ocr_carea' id='block_1_9' title="bbox 333 2749 1876 2830">
    <p class='ocr_par' dir='ltr' id='par_1_9' title="bbox 333 2749 1876 2830">
     <span class='ocr_line' id='line_1_37' title="bbox 333 2749 1876 2830; baseline -0.001 -17"><span class='ocrx_word' id='word_1_256' title='bbox 333 2795 346 2813; x_wconf 81' lang='lat'><strong>.</strong></span> <span class='ocrx_word' id='word_1_257' title='bbox 380 2749 528 2812; x_wconf 89' lang='lat' dir='ltr'><strong>tulit</strong></span> <span class='ocrx_word' id='word_1_258' title='bbox 547 2768 766 2812; x_wconf 90' lang='lat' dir='ltr'><strong>secum</strong></span> <span class='ocrx_word' id='word_1_259' title='bbox 789 2757 1120 2812; x_wconf 87' lang='lat' dir='ltr'><strong>sexcentos</strong></span> <span class='ocrx_word' id='word_1_260' title='bbox 1144 2769 1366 2812; x_wconf 89' lang='lat' dir='ltr'><strong>currus</strong></span> <span class='ocrx_word' id='word_1_261' title='bbox 1389 2749 1646 2826; x_wconf 51' lang='lat' dir='ltr'><strong>elec&#39;tOS,</strong></span> <span class='ocrx_word' id='word_1_262' title='bbox 1676 2769 1876 2830; x_wconf 91' lang='lat' dir='ltr'><strong>quan—</strong></span> 
     </span>
    </p>
   </div>
   <div class='ocr_carea' id='block_1_10' title="bbox 379 2847 1875 3027">
    <p class='ocr_par' dir='ltr' id='par_1_10' title="bbox 379 2847 1875 3027">
     <span class='ocr_line' id='line_1_38' title="bbox 379 2847 1875 2911; baseline 0 -1"><span class='ocrx_word' id='word_1_263' title='bbox 379 2848 460 2910; x_wconf 92' lang='lat' dir='ltr'><strong>do</strong></span> <span class='ocrx_word' id='word_1_264' title='bbox 482 2847 784 2910; x_wconf 88' lang='lat' dir='ltr'><strong>videlicet</strong></span> <span class='ocrx_word' id='word_1_265' title='bbox 816 2847 1139 2911; x_wconf 87' lang='lat' dir='ltr'><strong>insecutus</strong></span> <span class='ocrx_word' id='word_1_266' title='bbox 1171 2857 1268 2910; x_wconf 89' lang='lat' dir='ltr'><strong>est</strong></span> <span class='ocrx_word' id='word_1_267' title='bbox 1299 2847 1475 2911; x_wconf 81' lang='lat' dir='ltr'><strong>filios</strong></span> <span class='ocrx_word' id='word_1_268' title='bbox 1495 2847 1875 2911; x_wconf 89' lang='lat' dir='ltr'><strong>lsrael.Hinc</strong></span> 
     </span>
     <span class='ocr_line' id='line_1_39' title="bbox 380 2945 1874 3027; baseline 0.001 -19"><span class='ocrx_word' id='word_1_269' title='bbox 380 2945 583 3026; x_wconf 84' lang='lat' dir='ltr'><strong>aliqui</strong></span> <span class='ocrx_word' id='word_1_270' title='bbox 613 2946 857 3024; x_wconf 89' lang='lat' dir='ltr'><strong>dicunt,</strong></span> <span class='ocrx_word' id='word_1_271' title='bbox 893 2945 1067 3027; x_wconf 92' lang='lat' dir='ltr'><strong>quod</strong></span> <span class='ocrx_word' id='word_1_272' title='bbox 1100 2954 1374 3027; x_wconf 88' lang='lat' dir='ltr'><strong>ponatur</strong></span> <span class='ocrx_word' id='word_1_273' title='bbox 1401 2945 1506 3010; x_wconf 91' lang='lat' dir='ltr'><strong>hic</strong></span> <span class='ocrx_word' id='word_1_274' title='bbox 1537 2946 1874 3010; x_wconf 89' lang='lat' dir='ltr'><strong>continens</strong></span> 
     </span>
    </p>
   </div>
   <div class='ocr_carea' id='block_1_11' title="bbox 1986 2550 3477 2732">
    <p class='ocr_par' dir='ltr' id='par_1_11' title="bbox 1986 2550 3477 2732">
     <span class='ocr_line' id='line_1_40' title="bbox 1989 2550 3477 2634; baseline 0.001 -22"><span class='ocrx_word' id='word_1_275' title='bbox 1989 2551 2372 2632; x_wconf 86' lang='lat' dir='ltr'><strong>injunxerat.</strong></span> <span class='ocrx_word' id='word_1_276' title='bbox 2386 2550 2564 2613; x_wconf 88' lang='lat' dir='ltr'><strong>Unde</strong></span> <span class='ocrx_word' id='word_1_277' title='bbox 2584 2551 2892 2633; x_wconf 90' lang='lat' dir='ltr'><strong>scriptum</strong></span> <span class='ocrx_word' id='word_1_278' title='bbox 2914 2560 3009 2614; x_wconf 86' lang='lat' dir='ltr'><strong>est</strong></span> <span class='ocrx_word' id='word_1_279' title='bbox 3040 2570 3247 2633; x_wconf 90' lang='lat' dir='ltr'><strong>supra,</strong></span> <span class='ocrx_word' id='word_1_280' title='bbox 3264 2571 3477 2634; x_wconf 90' lang='lat' dir='ltr'><strong>quem-</strong></span> 
     </span>
     <span class='ocr_line' id='line_1_41' title="bbox 1986 2648 3475 2732; baseline 0.003 -22"><span class='ocrx_word' id='word_1_281' title='bbox 1986 2650 2327 2713; x_wconf 89' lang='lat' dir='ltr'><strong>admodum</strong></span> <span class='ocrx_word' id='word_1_282' title='bbox 2351 2648 2602 2713; x_wconf 90' lang='lat' dir='ltr'><strong>Samuel</strong></span> <span class='ocrx_word' id='word_1_283' title='bbox 2632 2648 2791 2712; x_wconf 83' lang='lat' dir='ltr'><strong>dixit</strong></span> <span class='ocrx_word' id='word_1_284' title='bbox 2822 2649 2989 2712; x_wconf 91' lang='lat' dir='ltr'><strong>Sauli</strong></span> <span class='ocrx_word' id='word_1_285' title='bbox 3026 2649 3091 2711; x_wconf 90' lang='lat' dir='ltr'><strong>in</strong></span> <span class='ocrx_word' id='word_1_286' title='bbox 3125 2651 3330 2732; x_wconf 87' lang='lat' dir='ltr'><strong>prima</strong></span> <span class='ocrx_word' id='word_1_287' title='bbox 3360 2671 3475 2714; x_wconf 85' lang='lat' dir='ltr'><strong>sua</strong></span> 
     </span>
    </p>
   </div>
   <div class='ocr_carea' id='block_1_12' title="bbox 1987 2748 3761 2830">
    <p class='ocr_par' dir='ltr' id='par_1_12' title="bbox 1987 2748 3761 2830">
     <span class='ocr_line' id='line_1_42' title="bbox 1987 2748 3761 2830; baseline 0.004 -20"><span class='ocrx_word' id='word_1_288' title='bbox 1987 2748 2362 2811; x_wconf 87' lang='lat' dir='ltr'><strong>inunctione</strong></span> <span class='ocrx_word' id='word_1_289' title='bbox 2401 2765 2414 2810; x_wconf 92' lang='lat'><strong>:</strong></span> <span class='ocrx_word' id='word_1_290' title='bbox 2449 2749 2803 2812; x_wconf 90' lang='lat' dir='ltr'><strong>Descendes</strong></span> <span class='ocrx_word' id='word_1_291' title='bbox 2845 2757 2991 2812; x_wconf 88' lang='lat' dir='ltr'><strong>ante</strong></span> <span class='ocrx_word' id='word_1_292' title='bbox 3030 2767 3133 2812; x_wconf 90' lang='lat' dir='ltr'><strong>me</strong></span> <span class='ocrx_word' id='word_1_293' title='bbox 3164 2749 3229 2812; x_wconf 91' lang='lat' dir='ltr'><strong>in</strong></span> <span class='ocrx_word' id='word_1_294' title='bbox 3259 2748 3473 2830; x_wconf 62' lang='lat' dir='ltr'><strong>Galga-</strong></span> <span class='ocrx_word' id='word_1_295' title='bbox 3502 2772 3761 2828; x_wconf 44' lang='lat' dir='ltr'><strong>meam.</strong></span> 
     </span>
    </p>
   </div>
   <div class='ocr_carea' id='block_1_13' title="bbox 1987 2847 3474 2928">
    <p class='ocr_par' dir='ltr' id='par_1_13' title="bbox 1987 2847 3474 2928">
     <span class='ocr_line' id='line_1_43' title="bbox 1987 2847 3474 2928; baseline 0.002 -19"><span class='ocrx_word' id='word_1_296' title='bbox 1987 2848 2069 2909; x_wconf 90' lang='lat' dir='ltr'><strong>la.</strong></span> <span class='ocrx_word' id='word_1_297' title='bbox 2103 2847 2233 2928; x_wconf 89' lang='lat' dir='ltr'><strong>Ego</strong></span> <span class='ocrx_word' id='word_1_298' title='bbox 2270 2847 2511 2928; x_wconf 89' lang='lat' dir='ltr'><strong>quippe</strong></span> <span class='ocrx_word' id='word_1_299' title='bbox 2549 2847 2931 2910; x_wconf 82' lang='lat' dir='ltr'><strong>descendam</strong></span> <span class='ocrx_word' id='word_1_300' title='bbox 2969 2847 3048 2911; x_wconf 88' lang='lat' dir='ltr'><strong>ad</strong></span> <span class='ocrx_word' id='word_1_301' title='bbox 3094 2848 3173 2926; x_wconf 80' lang='lat' dir='ltr'><strong>te,</strong></span> <span class='ocrx_word' id='word_1_302' title='bbox 3211 2857 3280 2911; x_wconf 90' lang='lat' dir='ltr'><strong>ut</strong></span> <span class='ocrx_word' id='word_1_303' title='bbox 3318 2847 3474 2912; x_wconf 83' lang='lat' dir='ltr'><strong>offe-</strong></span> 
     </span>
    </p>
   </div>
   <div class='ocr_carea' id='block_1_14' title="bbox 1986 2944 3563 3029">
    <p class='ocr_par' dir='ltr' id='par_1_14' title="bbox 1986 2944 3563 3029">
     <span class='ocr_line' id='line_1_44' title="bbox 1986 2944 3563 3029; baseline 0.001 -23"><span class='ocrx_word' id='word_1_304' title='bbox 1986 2965 2086 3006; x_wconf 86' lang='lat' dir='ltr'><strong>ras</strong></span> <span class='ocrx_word' id='word_1_305' title='bbox 2118 2944 2529 3022; x_wconf 89' lang='lat' dir='ltr'><strong>oblationem,</strong></span> <span class='ocrx_word' id='word_1_306' title='bbox 2566 2953 2629 3007; x_wconf 86' lang='lat' dir='ltr'><strong>et</strong></span> <span class='ocrx_word' id='word_1_307' title='bbox 2657 2945 2949 3009; x_wconf 87' lang='lat' dir='ltr'><strong>immoles</strong></span> <span class='ocrx_word' id='word_1_308' title='bbox 2981 2946 3273 3009; x_wconf 89' lang='lat' dir='ltr'><strong>victimas</strong></span> <span class='ocrx_word' id='word_1_309' title='bbox 3304 2947 3475 3029; x_wconf 87' lang='lat' dir='ltr'><strong>paci-</strong></span> <span class='ocrx_word' id='word_1_310' title='bbox 3558 2975 3563 2982; x_wconf 88' lang='lat'><strong>·</strong></span> 
     </span>
    </p>
   </div>
   <div class='ocr_carea' id='block_1_15' title="bbox 381 3042 3472 3127">
    <p class='ocr_par' dir='ltr' id='par_1_15' title="bbox 381 3042 3472 3127">
     <span class='ocr_line' id='line_1_45' title="bbox 381 3042 3472 3127; baseline 0.001 -22"><span class='ocrx_word' id='word_1_311' title='bbox 381 3063 494 3127; x_wconf 90' lang='lat' dir='ltr'><strong>pro</strong></span> <span class='ocrx_word' id='word_1_312' title='bbox 526 3053 850 3120; x_wconf 82' lang='lat' dir='ltr'><strong>contentO,</strong></span> <span class='ocrx_word' id='word_1_313' title='bbox 889 3044 1186 3108; x_wconf 85' lang='lat' dir='ltr'><strong>videlicet</strong></span> <span class='ocrx_word' id='word_1_314' title='bbox 1227 3063 1530 3108; x_wconf 89' lang='lat' dir='ltr'><strong>numerus</strong></span> <span class='ocrx_word' id='word_1_315' title='bbox 1571 3064 1873 3109; x_wconf 90' lang='lat' dir='ltr'><strong>curruum</strong></span> <span class='ocrx_word' id='word_1_316' title='bbox 1911 3049 1954 3112; x_wconf 92' lang='lat' dir='ltr'>C</span> <span class='ocrx_word' id='word_1_317' title='bbox 1990 3043 2163 3105; x_wconf 81' lang='lat' dir='ltr'><strong>ficas,</strong></span> <span class='ocrx_word' id='word_1_318' title='bbox 2186 3043 2438 3125; x_wconf 87' lang='lat' dir='ltr'><strong>Septem</strong></span> <span class='ocrx_word' id='word_1_319' title='bbox 2470 3042 2693 3106; x_wconf 89' lang='lat' dir='ltr'><strong>diebus</strong></span> <span class='ocrx_word' id='word_1_320' title='bbox 2725 3044 3121 3127; x_wconf 84' lang='lat' dir='ltr'><strong>exspectabis</strong></span> <span class='ocrx_word' id='word_1_321' title='bbox 3153 3064 3277 3108; x_wconf 90' lang='lat' dir='ltr'><strong>me.</strong></span> <span class='ocrx_word' id='word_1_322' title='bbox 3298 3044 3472 3119; x_wconf 87' lang='lat' dir='ltr'><strong>Quod</strong></span> 
     </span>
    </p>
   </div>
   <div class='ocr_carea' id='block_1_16' title="bbox 373 3138 1878 4208">
    <p class='ocr_par' dir='ltr' id='par_1_16' title="bbox 373 3138 1878 4092">
     <span class='ocr_line' id='line_1_46' title="bbox 379 3138 1878 3226; baseline 0.001 -20"><span class='ocrx_word' id='word_1_323' title='bbox 379 3163 496 3226; x_wconf 77' lang='lat' dir='ltr'><strong>pro</strong></span> <span class='ocrx_word' id='word_1_324' title='bbox 535 3163 806 3208; x_wconf 91' lang='lat' dir='ltr'><strong>numero</strong></span> <span class='ocrx_word' id='word_1_325' title='bbox 837 3138 1245 3221; x_wconf 69' lang='lat' dir='ltr'><strong>bellatorum,</strong></span> <span class='ocrx_word' id='word_1_326' title='bbox 1272 3145 1384 3225; x_wconf 92' lang='lat' dir='ltr'><strong>qui</strong></span> <span class='ocrx_word' id='word_1_327' title='bbox 1417 3151 1598 3207; x_wconf 88' lang='lat' dir='ltr'><strong>erant</strong></span> <span class='ocrx_word' id='word_1_328' title='bbox 1639 3145 1703 3206; x_wconf 92' lang='lat' dir='ltr'><strong>in</strong></span> <span class='ocrx_word' id='word_1_329' title='bbox 1737 3165 1878 3208; x_wconf 93' lang='lat' dir='ltr'><strong>cur-</strong></span> 
     </span>
     <span class='ocr_line' id='line_1_47' title="bbox 381 3242 1875 3325; baseline 0.001 -20"><span class='ocrx_word' id='word_1_330' title='bbox 381 3243 558 3305; x_wconf 90' lang='lat' dir='ltr'><strong>ribus</strong></span> <span class='ocrx_word' id='word_1_331' title='bbox 605 3251 670 3305; x_wconf 91' lang='lat' dir='ltr'><strong>et</strong></span> <span class='ocrx_word' id='word_1_332' title='bbox 719 3242 1094 3325; x_wconf 81' lang='lat' dir='ltr'><strong>pugnabant</strong></span> <span class='ocrx_word' id='word_1_333' title='bbox 1141 3262 1216 3305; x_wconf 89' lang='lat' dir='ltr'><strong>ex</strong></span> <span class='ocrx_word' id='word_1_334' title='bbox 1267 3243 1382 3320; x_wconf 81' lang='lat' dir='ltr'><strong>eiS,</strong></span> <span class='ocrx_word' id='word_1_335' title='bbox 1419 3251 1489 3306; x_wconf 91' lang='lat' dir='ltr'><strong>ut</strong></span> <span class='ocrx_word' id='word_1_336' title='bbox 1539 3252 1674 3306; x_wconf 90' lang='lat' dir='ltr'><strong>erat</strong></span> <span class='ocrx_word' id='word_1_337' title='bbox 1723 3251 1875 3307; x_wconf 90' lang='lat' dir='ltr'><strong>tunc</strong></span> 
     </span>
     <span class='ocr_line' id='line_1_48' title="bbox 379 3340 1875 3422; baseline 0.001 -19"><span class='ocrx_word' id='word_1_338' title='bbox 379 3341 599 3405; x_wconf 85' lang='lat' dir='ltr'><strong>moris.</strong></span> <span class='ocrx_word' id='word_1_339' title='bbox 635 3344 723 3403; x_wconf 75' lang='lat' dir='ltr'><strong>Et</strong></span> <span class='ocrx_word' id='word_1_340' title='bbox 751 3362 862 3401; x_wconf 74' lang='lat' dir='ltr'><strong>sex</strong></span> <span class='ocrx_word' id='word_1_341' title='bbox 893 3344 1111 3402; x_wconf 82' lang='lat' dir='ltr'><strong>millia</strong></span> <span class='ocrx_word' id='word_1_342' title='bbox 1142 3344 1458 3421; x_wconf 74' lang='lat' dir='ltr'><strong>equitum.</strong></span> <span class='ocrx_word' id='word_1_343' title='bbox 1499 3340 1718 3422; x_wconf 85' lang='lat' dir='ltr'><strong>Aliqui</strong></span> <span class='ocrx_word' id='word_1_344' title='bbox 1749 3351 1875 3405; x_wconf 86' lang='lat' dir='ltr'><strong>tex-</strong></span> 
     </span>
     <span class='ocr_line' id='line_1_49' title="bbox 377 3438 1873 3520; baseline 0.001 -19"><span class='ocrx_word' id='word_1_345' title='bbox 377 3448 478 3502; x_wconf 89' lang='lat' dir='ltr'><strong>tus</strong></span> <span class='ocrx_word' id='word_1_346' title='bbox 508 3438 774 3516; x_wconf 89' lang='lat' dir='ltr'><strong>habent,</strong></span> <span class='ocrx_word' id='word_1_347' title='bbox 819 3438 1124 3502; x_wconf 88' lang='lat' dir='ltr'><strong>Sexcenta</strong></span> <span class='ocrx_word' id='word_1_348' title='bbox 1154 3438 1360 3500; x_wconf 89' lang='lat' dir='ltr'><strong>millia</strong></span> <span class='ocrx_word' id='word_1_349' title='bbox 1389 3439 1678 3520; x_wconf 90' lang='lat' dir='ltr'><strong>equitum</strong></span> <span class='ocrx_word' id='word_1_350' title='bbox 1705 3464 1720 3515; x_wconf 92' lang='lat'><strong>;</strong></span> <span class='ocrx_word' id='word_1_351' title='bbox 1762 3441 1873 3503; x_wconf 90' lang='lat' dir='ltr'><strong>sed</strong></span> 
     </span>
     <span class='ocr_line' id='line_1_50' title="bbox 378 3536 1873 3618; baseline -0.001 -16"><span class='ocrx_word' id='word_1_352' title='bbox 378 3538 609 3602; x_wconf 81' lang='lat' dir='ltr'><strong>melius</strong></span> <span class='ocrx_word' id='word_1_353' title='bbox 660 3537 918 3613; x_wconf 86' lang='lat' dir='ltr'><strong>dicitur,</strong></span> <span class='ocrx_word' id='word_1_354' title='bbox 969 3537 1088 3600; x_wconf 81' lang='lat' dir='ltr'><strong>Sex</strong></span> <span class='ocrx_word' id='word_1_355' title='bbox 1138 3536 1364 3599; x_wconf 84' lang='lat' dir='ltr'><strong>millia.</strong></span> <span class='ocrx_word' id='word_1_356' title='bbox 1411 3540 1498 3599; x_wconf 74' lang='lat' dir='ltr'><strong>Ec</strong></span> <span class='ocrx_word' id='word_1_357' title='bbox 1545 3541 1873 3618; x_wconf 81' lang='lat' dir='ltr'><strong>reliquum</strong></span> 
     </span>
     <span class='ocr_line' id='line_1_51' title="bbox 379 3637 1874 3714; baseline 0 -17"><span class='ocrx_word' id='word_1_358' title='bbox 379 3642 640 3714; x_wconf 64' lang='lat' dir='ltr'><strong>vuemo-5,</strong></span> <span class='ocrx_word' id='word_1_359' title='bbox 664 3638 834 3696; x_wconf 76' lang='lat' dir='ltr'><strong>sicut</strong></span> <span class='ocrx_word' id='word_1_360' title='bbox 865 3656 1066 3695; x_wconf 79' lang='lat' dir='ltr'><strong>arena</strong></span> <span class='ocrx_word' id='word_1_361' title='bbox 1100 3656 1246 3714; x_wconf 78' lang='lat' dir='ltr'><strong>quoe</strong></span> <span class='ocrx_word' id='word_1_362' title='bbox 1274 3646 1364 3695; x_wconf 76' lang='lat' dir='ltr'><strong>est</strong></span> <span class='ocrx_word' id='word_1_363' title='bbox 1395 3638 1468 3695; x_wconf 78' lang='lat' dir='ltr'><strong>in</strong></span> <span class='ocrx_word' id='word_1_364' title='bbox 1501 3637 1713 3696; x_wconf 74' lang='lat' dir='ltr'><strong>littore</strong></span> <span class='ocrx_word' id='word_1_365' title='bbox 1746 3658 1874 3697; x_wconf 87' lang='lat' dir='ltr'><strong>ma-</strong></span> 
     </span>
     <span class='ocr_line' id='line_1_52' title="bbox 375 3732 1874 3813; baseline 0.001 -18"><span class='ocrx_word' id='word_1_366' title='bbox 375 3738 470 3795; x_wconf 80' lang='lat' dir='ltr'><strong>ris</strong></span> <span class='ocrx_word' id='word_1_367' title='bbox 508 3737 844 3813; x_wconf 77' lang='lat' dir='ltr'><strong>plurima,</strong></span> <span class='ocrx_word' id='word_1_368' title='bbox 895 3732 960 3795; x_wconf 91' lang='lat' dir='ltr'><strong>id</strong></span> <span class='ocrx_word' id='word_1_369' title='bbox 1011 3741 1108 3796; x_wconf 89' lang='lat' dir='ltr'><strong>est</strong></span> <span class='ocrx_word' id='word_1_370' title='bbox 1154 3733 1625 3796; x_wconf 84' lang='lat' dir='ltr'><strong>innumerabile</strong></span> <span class='ocrx_word' id='word_1_371' title='bbox 1674 3734 1874 3797; x_wconf 89' lang='lat' dir='ltr'><strong>instar</strong></span> 
     </span>
     <span class='ocr_line' id='line_1_53' title="bbox 373 3831 1872 3914; baseline 0 -19"><span class='ocrx_word' id='word_1_372' title='bbox 373 3832 813 3914; x_wconf 77' lang='lat' dir='ltr'><strong>arenaetquod</strong></span> <span class='ocrx_word' id='word_1_373' title='bbox 847 3839 1060 3893; x_wconf 90' lang='lat' dir='ltr'><strong>tamen</strong></span> <span class='ocrx_word' id='word_1_374' title='bbox 1093 3831 1573 3913; x_wconf 82' lang='lat' dir='ltr'><strong>hyperbolicum</strong></span> <span class='ocrx_word' id='word_1_375' title='bbox 1605 3832 1872 3895; x_wconf 90' lang='lat' dir='ltr'><strong>verbum</strong></span> 
     </span>
     <span class='ocr_line' id='line_1_54' title="bbox 375 3932 1870 3999; baseline -0.001 -6"><span class='ocrx_word' id='word_1_376' title='bbox 375 3940 492 3993; x_wconf 84' lang='lat' dir='ltr'><strong>est.</strong></span> <span class='ocrx_word' id='word_1_377' title='bbox 529 3934 616 3993; x_wconf 74' lang='lat' dir='ltr'><strong>Et</strong></span> <span class='ocrx_word' id='word_1_378' title='bbox 659 3934 1091 3999; x_wconf 80' lang='lat' dir='ltr'><strong>ascendentes,</strong></span> <span class='ocrx_word' id='word_1_379' title='bbox 1121 3932 1562 3991; x_wconf 75' lang='lat' dir='ltr'><strong>castrametati</strong></span> <span class='ocrx_word' id='word_1_380' title='bbox 1601 3942 1753 3992; x_wconf 75' lang='lat' dir='ltr'><strong>sunt</strong></span> <span class='ocrx_word' id='word_1_381' title='bbox 1797 3934 1870 3992; x_wconf 80' lang='lat' dir='ltr'><strong>in</strong></span> 
     </span>
     <span class='ocr_line' id='line_1_55' title="bbox 375 4030 1557 4092; baseline -0.003 0"><span class='ocrx_word' id='word_1_382' title='bbox 375 4032 714 4092; x_wconf 65' lang='lat' dir='ltr'><strong>Machmas</strong></span> <span class='ocrx_word' id='word_1_383' title='bbox 743 4032 832 4091; x_wconf 83' lang='lat' dir='ltr'><strong>ad</strong></span> <span class='ocrx_word' id='word_1_384' title='bbox 860 4030 1171 4089; x_wconf 80' lang='lat' dir='ltr'><strong>orientem</strong></span> <span class='ocrx_word' id='word_1_385' title='bbox 1205 4030 1557 4089; x_wconf 76' lang='lat' dir='ltr'><strong>Bethaven.</strong></span> 
     </span>
    </p>

    <p class='ocr_par' dir='ltr' id='par_1_17' title="bbox 459 4127 1870 4208">
     <span class='ocr_line' id='line_1_56' title="bbox 459 4127 1870 4208; baseline -0.001 -19"><span class='ocrx_word' id='word_1_386' title='bbox 459 4131 643 4197; x_wconf 82' lang='lat' dir='ltr'><strong>Quod</strong></span> <span class='ocrx_word' id='word_1_387' title='bbox 683 4148 888 4208; x_wconf 82' lang='lat' dir='ltr'><strong>quum</strong></span> <span class='ocrx_word' id='word_1_388' title='bbox 933 4128 1250 4187; x_wconf 74' lang='lat' dir='ltr'><strong>vidissent</strong></span> <span class='ocrx_word' id='word_1_389' title='bbox 1288 4127 1424 4185; x_wconf 79' lang='lat' dir='ltr'><strong>viri</strong></span> <span class='ocrx_word' id='word_1_390' title='bbox 1452 4130 1659 4187; x_wconf 83' lang='lat' dir='ltr'><strong>Israel</strong></span> <span class='ocrx_word' id='word_1_391' title='bbox 1694 4148 1758 4187; x_wconf 86' lang='lat' dir='ltr'><strong>se</strong></span> <span class='ocrx_word' id='word_1_392' title='bbox 1798 4130 1870 4188; x_wconf 81' lang='lat' dir='ltr'><strong>in</strong></span> 
     </span>
    </p>
   </div>
   <div class='ocr_carea' id='block_1_17' title="bbox 1979 3141 3477 4217">
    <p class='ocr_par' dir='ltr' id='par_1_18' title="bbox 1979 3141 3477 4217">
     <span class='ocr_line' id='line_1_57' title="bbox 1987 3141 3475 3225; baseline 0.001 -20"><span class='ocrx_word' id='word_1_393' title='bbox 1987 3142 2076 3205; x_wconf 93' lang='lat' dir='ltr'><strong>ibi</strong></span> <span class='ocrx_word' id='word_1_394' title='bbox 2109 3141 2448 3223; x_wconf 83' lang='lat' dir='ltr'><strong>tripliciter</strong></span> <span class='ocrx_word' id='word_1_395' title='bbox 2479 3141 2602 3204; x_wconf 89' lang='lat' dir='ltr'><strong>fuit</strong></span> <span class='ocrx_word' id='word_1_396' title='bbox 2645 3143 3027 3225; x_wconf 87' lang='lat' dir='ltr'><strong>expositum,</strong></span> <span class='ocrx_word' id='word_1_397' title='bbox 3062 3154 3127 3207; x_wconf 87' lang='lat' dir='ltr'><strong>et</strong></span> <span class='ocrx_word' id='word_1_398' title='bbox 3165 3144 3341 3225; x_wconf 87' lang='lat' dir='ltr'><strong>juxta</strong></span> <span class='ocrx_word' id='word_1_399' title='bbox 3372 3164 3475 3209; x_wconf 87' lang='lat' dir='ltr'><strong>ex-</strong></span> 
     </span>
     <span class='ocr_line' id='line_1_58' title="bbox 1986 3240 3474 3323; baseline 0.001 -18"><span class='ocrx_word' id='word_1_400' title='bbox 1986 3241 2371 3323; x_wconf 89' lang='lat' dir='ltr'><strong>positionem</strong></span> <span class='ocrx_word' id='word_1_401' title='bbox 2393 3240 2569 3303; x_wconf 90' lang='lat' dir='ltr'><strong>illam</strong></span> <span class='ocrx_word' id='word_1_402' title='bbox 2595 3241 2972 3319; x_wconf 83' lang='lat' dir='ltr'><strong>triformem,</strong></span> <span class='ocrx_word' id='word_1_403' title='bbox 2991 3251 3201 3323; x_wconf 89' lang='lat' dir='ltr'><strong>potest</strong></span> <span class='ocrx_word' id='word_1_404' title='bbox 3220 3250 3283 3305; x_wconf 90' lang='lat' dir='ltr'><strong>et</strong></span> <span class='ocrx_word' id='word_1_405' title='bbox 3304 3243 3474 3307; x_wconf 88' lang='lat' dir='ltr'><strong>istud</strong></span> 
     </span>
     <span class='ocr_line' id='line_1_59' title="bbox 1987 3338 3477 3423; baseline 0.003 -22"><span class='ocrx_word' id='word_1_406' title='bbox 1987 3338 2325 3421; x_wconf 85' lang='lat' dir='ltr'><strong>tripliciter</strong></span> <span class='ocrx_word' id='word_1_407' title='bbox 2354 3339 2607 3421; x_wconf 86' lang='lat' dir='ltr'><strong>exponi.</strong></span> <span class='ocrx_word' id='word_1_408' title='bbox 2634 3340 2863 3417; x_wconf 87' lang='lat' dir='ltr'><strong>primo,</strong></span> <span class='ocrx_word' id='word_1_409' title='bbox 2884 3342 3054 3421; x_wconf 91' lang='lat' dir='ltr'><strong>quod</strong></span> <span class='ocrx_word' id='word_1_410' title='bbox 3086 3343 3477 3423; x_wconf 84' lang='lat' dir='ltr'><strong>exspectavit</strong></span> 
     </span>
     <span class='ocr_line' id='line_1_60' title="bbox 1987 3437 3477 3521; baseline 0.002 -19"><span class='ocrx_word' id='word_1_411' title='bbox 1987 3437 2340 3502; x_wconf 88' lang='lat' dir='ltr'><strong>Samuelem</strong></span> <span class='ocrx_word' id='word_1_412' title='bbox 2384 3446 2626 3521; x_wconf 88' lang='lat' dir='ltr'><strong>septem</strong></span> <span class='ocrx_word' id='word_1_413' title='bbox 2671 3438 2896 3500; x_wconf 89' lang='lat' dir='ltr'><strong>diebus</strong></span> <span class='ocrx_word' id='word_1_414' title='bbox 2935 3438 3277 3503; x_wconf 90' lang='lat' dir='ltr'><strong>oblationis</strong></span> <span class='ocrx_word' id='word_1_415' title='bbox 3318 3442 3477 3505; x_wconf 85' lang='lat' dir='ltr'><strong>fien-</strong></span> 
     </span>
     <span class='ocr_line' id='line_1_61' title="bbox 1985 3536 3475 3620; baseline 0.006 -21"><span class='ocrx_word' id='word_1_416' title='bbox 1985 3537 2082 3600; x_wconf 80' lang='lat' dir='ltr'><strong>dae</strong></span> <span class='ocrx_word' id='word_1_417' title='bbox 2111 3536 2399 3618; x_wconf 90' lang='lat' dir='ltr'><strong>quotidie</strong></span> <span class='ocrx_word' id='word_1_418' title='bbox 2430 3555 2545 3618; x_wconf 88' lang='lat' dir='ltr'><strong>per</strong></span> <span class='ocrx_word' id='word_1_419' title='bbox 2574 3545 2667 3599; x_wconf 89' lang='lat' dir='ltr'><strong>tot</strong></span> <span class='ocrx_word' id='word_1_420' title='bbox 2697 3536 2833 3599; x_wconf 90' lang='lat' dir='ltr'><strong>dies</strong></span> <span class='ocrx_word' id='word_1_421' title='bbox 2865 3555 2985 3620; x_wconf 90' lang='lat' dir='ltr'><strong>pro</strong></span> <span class='ocrx_word' id='word_1_422' title='bbox 3015 3558 3127 3601; x_wconf 90' lang='lat' dir='ltr'><strong>sua</strong></span> <span class='ocrx_word' id='word_1_423' title='bbox 3171 3542 3475 3609; x_wconf 91' lang='lat' dir='ltr'><strong>unctione</strong></span> 
     </span>
     <span class='ocr_line' id='line_1_62' title="bbox 1984 3635 3475 3717; baseline 0.006 -21"><span class='ocrx_word' id='word_1_424' title='bbox 1984 3635 2051 3696; x_wconf 91' lang='lat' dir='ltr'><strong>in</strong></span> <span class='ocrx_word' id='word_1_425' title='bbox 2085 3653 2295 3714; x_wconf 86' lang='lat' dir='ltr'><strong>regem</strong></span> <span class='ocrx_word' id='word_1_426' title='bbox 2333 3654 2347 3699; x_wconf 91' lang='lat'>:</span> <span class='ocrx_word' id='word_1_427' title='bbox 2383 3654 2525 3716; x_wconf 82' lang='lat' dir='ltr'><strong>quae</strong></span> <span class='ocrx_word' id='word_1_428' title='bbox 2556 3635 2869 3717; x_wconf 89' lang='lat' dir='ltr'><strong>expositio</strong></span> <span class='ocrx_word' id='word_1_429' title='bbox 2892 3655 3019 3699; x_wconf 91' lang='lat' dir='ltr'><strong>non</strong></span> <span class='ocrx_word' id='word_1_430' title='bbox 3051 3638 3303 3702; x_wconf 89' lang='lat' dir='ltr'><strong>videtur</strong></span> <span class='ocrx_word' id='word_1_431' title='bbox 3331 3660 3475 3704; x_wconf 91' lang='lat' dir='ltr'><strong>con-</strong></span> 
     </span>
     <span class='ocr_line' id='line_1_63' title="bbox 1983 3733 3472 3819; baseline 0.005 -22"><span class='ocrx_word' id='word_1_432' title='bbox 1983 3733 2270 3811; x_wconf 82' lang='lat' dir='ltr'><strong>venicnS,</strong></span> <span class='ocrx_word' id='word_1_433' title='bbox 2302 3734 2604 3816; x_wconf 88' lang='lat' dir='ltr'><strong>quoniam</strong></span> <span class='ocrx_word' id='word_1_434' title='bbox 2638 3734 2785 3797; x_wconf 92' lang='lat' dir='ltr'><strong>Saul</strong></span> <span class='ocrx_word' id='word_1_435' title='bbox 2822 3735 2953 3816; x_wconf 88' lang='lat' dir='ltr'><strong>jam</strong></span> <span class='ocrx_word' id='word_1_436' title='bbox 2998 3734 3119 3798; x_wconf 92' lang='lat' dir='ltr'><strong>fuit</strong></span> <span class='ocrx_word' id='word_1_437' title='bbox 3160 3737 3223 3800; x_wconf 92' lang='lat' dir='ltr'><strong>in</strong></span> <span class='ocrx_word' id='word_1_438' title='bbox 3262 3758 3472 3819; x_wconf 85' lang='lat' dir='ltr'><strong>regem</strong></span> 
     </span>
     <span class='ocr_line' id='line_1_64' title="bbox 1983 3832 3473 3921; baseline 0.005 -25"><span class='ocrx_word' id='word_1_439' title='bbox 1983 3834 2080 3896; x_wconf 92' lang='lat' dir='ltr'><strong>bis</strong></span> <span class='ocrx_word' id='word_1_440' title='bbox 2125 3841 2375 3911; x_wconf 80' lang='lat' dir='ltr'><strong>unctuS,</strong></span> <span class='ocrx_word' id='word_1_441' title='bbox 2411 3832 2553 3896; x_wconf 92' lang='lat' dir='ltr'><strong>ideo</strong></span> <span class='ocrx_word' id='word_1_442' title='bbox 2594 3852 2721 3896; x_wconf 92' lang='lat' dir='ltr'><strong>non</strong></span> <span class='ocrx_word' id='word_1_443' title='bbox 2761 3843 3025 3916; x_wconf 90' lang='lat' dir='ltr'><strong>apparet</strong></span> <span class='ocrx_word' id='word_1_444' title='bbox 3062 3837 3231 3917; x_wconf 89' lang='lat' dir='ltr'><strong>quod</strong></span> <span class='ocrx_word' id='word_1_445' title='bbox 3268 3857 3473 3921; x_wconf 89' lang='lat' dir='ltr'><strong>usque</strong></span> 
     </span>
     <span class='ocr_line' id='line_1_65' title="bbox 1981 3930 3466 4014; baseline 0.005 -20"><span class='ocrx_word' id='word_1_446' title='bbox 1981 3933 2060 3995; x_wconf 88' lang='lat' dir='ltr'><strong>ad</strong></span> <span class='ocrx_word' id='word_1_447' title='bbox 2094 3939 2343 4014; x_wconf 91' lang='lat' dir='ltr'><strong>tempus</strong></span> <span class='ocrx_word' id='word_1_448' title='bbox 2386 3931 2555 3994; x_wconf 89' lang='lat' dir='ltr'><strong>istud</strong></span> <span class='ocrx_word' id='word_1_449' title='bbox 2598 3930 2791 3994; x_wconf 89' lang='lat' dir='ltr'><strong>fuerit</strong></span> <span class='ocrx_word' id='word_1_450' title='bbox 2829 3931 3069 3997; x_wconf 89' lang='lat' dir='ltr'><strong>oblatio</strong></span> <span class='ocrx_word' id='word_1_451' title='bbox 3110 3934 3221 3998; x_wconf 92' lang='lat' dir='ltr'><strong>illa</strong></span> <span class='ocrx_word' id='word_1_452' title='bbox 3250 3937 3466 4001; x_wconf 84' lang='lat' dir='ltr'><strong>dilata.</strong></span> 
     </span>
     <span class='ocr_line' id='line_1_66' title="bbox 1983 4030 3471 4117; baseline 0.003 -23"><span class='ocrx_word' id='word_1_453' title='bbox 1983 4031 2270 4094; x_wconf 89' lang='lat' dir='ltr'><strong>Secundo</strong></span> <span class='ocrx_word' id='word_1_454' title='bbox 2303 4050 2341 4092; x_wconf 89' lang='lat' dir='ltr'><strong>a</strong></span> <span class='ocrx_word' id='word_1_455' title='bbox 2368 4030 2753 4112; x_wconf 89' lang='lat' dir='ltr'><strong>quibusdam</strong></span> <span class='ocrx_word' id='word_1_456' title='bbox 2785 4032 3145 4113; x_wconf 88' lang='lat' dir='ltr'><strong>exponitur,</strong></span> <span class='ocrx_word' id='word_1_457' title='bbox 3170 4037 3341 4117; x_wconf 91' lang='lat' dir='ltr'><strong>quod</strong></span> <span class='ocrx_word' id='word_1_458' title='bbox 3372 4057 3471 4101; x_wconf 89' lang='lat' dir='ltr'><strong>ex-</strong></span> 
     </span>
     <span class='ocr_line' id='line_1_67' title="bbox 1979 4128 3471 4217; baseline 0.005 -25"><span class='ocrx_word' id='word_1_459' title='bbox 1979 4128 2289 4211; x_wconf 86' lang='lat' dir='ltr'><strong>spectavit</strong></span> <span class='ocrx_word' id='word_1_460' title='bbox 2317 4130 2497 4209; x_wconf 84' lang='lat' dir='ltr'><strong>juxta</strong></span> <span class='ocrx_word' id='word_1_461' title='bbox 2524 4128 2831 4211; x_wconf 89' lang='lat' dir='ltr'><strong>placitum</strong></span> <span class='ocrx_word' id='word_1_462' title='bbox 2854 4130 3233 4211; x_wconf 89' lang='lat' dir='ltr'><strong>Samuelem,</strong></span> <span class='ocrx_word' id='word_1_463' title='bbox 3259 4144 3471 4217; x_wconf 89' lang='lat' dir='ltr'><strong>quate-</strong></span> 
     </span>
    </p>
   </div>
   <div class='ocr_carea' id='block_1_18' title="bbox 375 4224 3469 4306">
    <p class='ocr_par' dir='ltr' id='par_1_19' title="bbox 375 4224 3469 4306">
     <span class='ocr_line' id='line_1_68' title="bbox 375 4224 3469 4306; baseline 0.003 -19"><span class='ocrx_word' id='word_1_464' title='bbox 375 4236 554 4288; x_wconf 82' lang='grc' dir='ltr'><em>ανοιο</em></span> <span class='ocrx_word' id='word_1_465' title='bbox 577 4228 841 4303; x_wconf 76' lang='lat' dir='ltr'><strong>positos,</strong></span> <span class='ocrx_word' id='word_1_466' title='bbox 871 4224 935 4287; x_wconf 94' lang='lat' dir='ltr'><strong>id</strong></span> <span class='ocrx_word' id='word_1_467' title='bbox 966 4233 1064 4288; x_wconf 89' lang='lat' dir='ltr'><strong>est</strong></span> <span class='ocrx_word' id='word_1_468' title='bbox 1096 4224 1162 4286; x_wconf 88' lang='lat' dir='ltr'><strong>in</strong></span> <span class='ocrx_word' id='word_1_469' title='bbox 1193 4224 1419 4305; x_wconf 88' lang='lat' dir='ltr'><strong>grandi</strong></span> <span class='ocrx_word' id='word_1_470' title='bbox 1452 4225 1736 4306; x_wconf 90' lang='lat' dir='ltr'><strong>periculo</strong></span> <span class='ocrx_word' id='word_1_471' title='bbox 1769 4226 1868 4288; x_wconf 84' lang='lat' dir='ltr'><strong>vel</strong></span> <span class='ocrx_word' id='word_1_472' title='bbox 1901 4226 1948 4287; x_wconf 95' lang='lat' dir='ltr'>D</span> <span class='ocrx_word' id='word_1_473' title='bbox 1981 4248 2100 4291; x_wconf 89' lang='lat' dir='ltr'><strong>nus</strong></span> <span class='ocrx_word' id='word_1_474' title='bbox 2122 4227 2373 4291; x_wconf 88' lang='lat' dir='ltr'><strong>Samuel</strong></span> <span class='ocrx_word' id='word_1_475' title='bbox 2401 4225 2791 4291; x_wconf 88' lang='lat' dir='ltr'><strong>sacrificaret</strong></span> <span class='ocrx_word' id='word_1_476' title='bbox 2812 4237 2875 4292; x_wconf 89' lang='lat' dir='ltr'><strong>et</strong></span> <span class='ocrx_word' id='word_1_477' title='bbox 2896 4231 3255 4295; x_wconf 87' lang='lat' dir='ltr'><strong>consuleret</strong></span> <span class='ocrx_word' id='word_1_478' title='bbox 3274 4233 3469 4296; x_wconf 89' lang='lat' dir='ltr'><strong>Deum</strong></span> 
     </span>
    </p>
   </div>
   <div class='ocr_carea' id='block_1_19' title="bbox 369 4324 1872 5391">
    <p class='ocr_par' dir='ltr' id='par_1_20' title="bbox 369 4324 1872 5391">
     <span class='ocr_line' id='line_1_69' title="bbox 375 4324 1871 4404; baseline -0.001 -18"><span class='ocrx_word' id='word_1_479' title='bbox 375 4324 443 4386; x_wconf 89' lang='lat' dir='ltr'><strong>in</strong></span> <span class='ocrx_word' id='word_1_480' title='bbox 492 4324 633 4387; x_wconf 87' lang='lat' dir='ltr'><strong>loco</strong></span> <span class='ocrx_word' id='word_1_481' title='bbox 673 4330 969 4404; x_wconf 88' lang='lat' dir='ltr'><strong>angusto,</strong></span> <span class='ocrx_word' id='word_1_482' title='bbox 999 4325 1308 4401; x_wconf 77' lang='lat' dir='ltr'><strong>(afflictus</strong></span> <span class='ocrx_word' id='word_1_483' title='bbox 1347 4326 1524 4384; x_wconf 83' lang='lat' dir='ltr'><strong>enim</strong></span> <span class='ocrx_word' id='word_1_484' title='bbox 1552 4333 1641 4385; x_wconf 78' lang='lat' dir='ltr'><strong>est</strong></span> <span class='ocrx_word' id='word_1_485' title='bbox 1662 4344 1871 4401; x_wconf 75' lang='lat' dir='ltr'><strong>popa—</strong></span> 
     </span>
     <span class='ocr_line' id='line_1_70' title="bbox 376 4420 1872 4505; baseline 0.001 -22"><span class='ocrx_word' id='word_1_486' title='bbox 376 4426 508 4501; x_wconf 80' lang='lat' dir='ltr'><strong>lus)</strong></span> <span class='ocrx_word' id='word_1_487' title='bbox 534 4422 782 4486; x_wconf 88' lang='lat' dir='ltr'><strong>scilicet</strong></span> <span class='ocrx_word' id='word_1_488' title='bbox 825 4422 950 4485; x_wconf 88' lang='lat' dir='ltr'><strong>viri</strong></span> <span class='ocrx_word' id='word_1_489' title='bbox 990 4420 1238 4504; x_wconf 84' lang='lat' dir='ltr'><strong>praefati</strong></span> <span class='ocrx_word' id='word_1_490' title='bbox 1285 4423 1364 4485; x_wconf 92' lang='lat' dir='ltr'><strong>dc</strong></span> <span class='ocrx_word' id='word_1_491' title='bbox 1392 4423 1604 4499; x_wconf 89' lang='lat' dir='ltr'><strong>Israel,</strong></span> <span class='ocrx_word' id='word_1_492' title='bbox 1640 4423 1752 4505; x_wconf 94' lang='lat' dir='ltr'><strong>qui</strong></span> <span class='ocrx_word' id='word_1_493' title='bbox 1799 4423 1872 4485; x_wconf 92' lang='lat' dir='ltr'><strong>ti-</strong></span> 
     </span>
     <span class='ocr_line' id='line_1_71' title="bbox 375 4519 1872 4597; baseline 0.001 -14"><span class='ocrx_word' id='word_1_494' title='bbox 375 4540 584 4597; x_wconf 88' lang='lat' dir='ltr'><strong>more,</strong></span> <span class='ocrx_word' id='word_1_495' title='bbox 637 4519 1018 4582; x_wconf 88' lang='lat' dir='ltr'><strong>lassitudine</strong></span> <span class='ocrx_word' id='word_1_496' title='bbox 1077 4538 1192 4584; x_wconf 90' lang='lat' dir='ltr'><strong>scu</strong></span> <span class='ocrx_word' id='word_1_497' title='bbox 1240 4519 1385 4583; x_wconf 89' lang='lat' dir='ltr'><strong>aliis</strong></span> <span class='ocrx_word' id='word_1_498' title='bbox 1435 4520 1641 4583; x_wconf 92' lang='lat' dir='ltr'><strong>modis</strong></span> <span class='ocrx_word' id='word_1_499' title='bbox 1693 4529 1872 4584; x_wconf 87' lang='lat' dir='ltr'><strong>erant</strong></span> 
     </span>
     <span class='ocr_line' id='line_1_72' title="bbox 375 4618 1871 4697; baseline 0.001 -16"><span class='ocrx_word' id='word_1_500' title='bbox 375 4618 686 4695; x_wconf 86' lang='lat' dir='ltr'><strong>tribulati,</strong></span> <span class='ocrx_word' id='word_1_501' title='bbox 721 4620 1190 4679; x_wconf 76' lang='lat' dir='ltr'><strong>absconderunt</strong></span> <span class='ocrx_word' id='word_1_502' title='bbox 1227 4639 1290 4679; x_wconf 82' lang='lat' dir='ltr'><strong>se</strong></span> <span class='ocrx_word' id='word_1_503' title='bbox 1335 4622 1408 4681; x_wconf 81' lang='lat' dir='ltr'><strong>in</strong></span> <span class='ocrx_word' id='word_1_504' title='bbox 1447 4622 1766 4697; x_wconf 76' lang='lat' dir='ltr'><strong>speluncis</strong></span> <span class='ocrx_word' id='word_1_505' title='bbox 1811 4632 1871 4682; x_wconf 77' lang='lat' dir='ltr'><strong>et</strong></span> 
     </span>
     <span class='ocr_line' id='line_1_73' title="bbox 375 4718 1871 4797; baseline 0.003 -20"><span class='ocrx_word' id='word_1_506' title='bbox 375 4721 448 4779; x_wconf 79' lang='lat' dir='ltr'><strong>in</strong></span> <span class='ocrx_word' id='word_1_507' title='bbox 477 4720 738 4788; x_wconf 76' lang='lat' dir='ltr'><strong>abditis,</strong></span> <span class='ocrx_word' id='word_1_508' title='bbox 759 4718 830 4777; x_wconf 80' lang='lat' dir='ltr'><strong>in</strong></span> <span class='ocrx_word' id='word_1_509' title='bbox 845 4720 1051 4794; x_wconf 80' lang='lat' dir='ltr'><strong>petris</strong></span> <span class='ocrx_word' id='word_1_510' title='bbox 1081 4736 1330 4797; x_wconf 80' lang='lat' dir='ltr'><strong>quoque</strong></span> <span class='ocrx_word' id='word_1_511' title='bbox 1359 4727 1419 4778; x_wconf 77' lang='lat' dir='ltr'><strong>ec</strong></span> <span class='ocrx_word' id='word_1_512' title='bbox 1449 4720 1524 4779; x_wconf 79' lang='lat' dir='ltr'><strong>in</strong></span> <span class='ocrx_word' id='word_1_513' title='bbox 1552 4720 1786 4792; x_wconf 67' lang='lat' dir='ltr'><strong>antri-3,</strong></span> <span class='ocrx_word' id='word_1_514' title='bbox 1811 4730 1871 4782; x_wconf 78' lang='lat' dir='ltr'><strong>et</strong></span> 
     </span>
     <span class='ocr_line' id='line_1_74' title="bbox 373 4817 1871 4880; baseline 0.003 -5"><span class='ocrx_word' id='word_1_515' title='bbox 373 4820 446 4877; x_wconf 83' lang='lat' dir='ltr'><strong>in</strong></span> <span class='ocrx_word' id='word_1_516' title='bbox 495 4817 796 4877; x_wconf 79' lang='lat' dir='ltr'><strong>cisternis</strong></span> <span class='ocrx_word' id='word_1_517' title='bbox 839 4832 864 4876; x_wconf 92' lang='grc'><strong>.·</strong></span> <span class='ocrx_word' id='word_1_518' title='bbox 895 4818 1154 4877; x_wconf 83' lang='lat' dir='ltr'><strong>Hebraei</strong></span> <span class='ocrx_word' id='word_1_519' title='bbox 1201 4826 1420 4877; x_wconf 75' lang='lat' dir='ltr'><strong>autem</strong></span> <span class='ocrx_word' id='word_1_520' title='bbox 1470 4818 1871 4880; x_wconf 77' lang='lat' dir='ltr'><strong>transierunt</strong></span> 
     </span>
     <span class='ocr_line' id='line_1_75' title="bbox 371 4915 1864 4994; baseline 0.002 -18"><span class='ocrx_word' id='word_1_521' title='bbox 371 4918 724 4977; x_wconf 74' lang='lat' dir='ltr'><strong>Iordanem</strong></span> <span class='ocrx_word' id='word_1_522' title='bbox 759 4924 996 4975; x_wconf 79' lang='lat' dir='ltr'><strong>terram</strong></span> <span class='ocrx_word' id='word_1_523' title='bbox 1018 4915 1042 4941; x_wconf 80' lang='lat'>*</span> <span class='ocrx_word' id='word_1_524' title='bbox 1077 4917 1220 4975; x_wconf 79' lang='lat' dir='ltr'><strong>Gad</strong></span> <span class='ocrx_word' id='word_1_525' title='bbox 1247 4925 1308 4975; x_wconf 78' lang='lat' dir='ltr'><strong>et</strong></span> <span class='ocrx_word' id='word_1_526' title='bbox 1341 4916 1616 4987; x_wconf 83' lang='lat' dir='ltr'><strong>Galaad,</strong></span> <span class='ocrx_word' id='word_1_527' title='bbox 1652 4915 1717 4977; x_wconf 92' lang='lat' dir='ltr'><strong>id</strong></span> <span class='ocrx_word' id='word_1_528' title='bbox 1747 4922 1864 4994; x_wconf 90' lang='lat' dir='ltr'><strong>cst,</strong></span> 
     </span>
     <span class='ocr_line' id='line_1_76' title="bbox 377 5012 1871 5093; baseline 0.001 -18"><span class='ocrx_word' id='word_1_529' title='bbox 377 5012 906 5092; x_wconf 77' lang='lat' dir='ltr'><strong>transmigrantes</strong></span> <span class='ocrx_word' id='word_1_530' title='bbox 963 5012 1334 5089; x_wconf 77' lang='lat' dir='ltr'><strong>Iordanem,</strong></span> <span class='ocrx_word' id='word_1_531' title='bbox 1391 5012 1660 5093; x_wconf 89' lang='lat' dir='ltr'><strong>ingressi</strong></span> <span class='ocrx_word' id='word_1_532' title='bbox 1720 5022 1871 5076; x_wconf 86' lang='lat' dir='ltr'><strong>sunt</strong></span> 
     </span>
     <span class='ocr_line' id='line_1_77' title="bbox 373 5111 1867 5176; baseline 0.002 -3"><span class='ocrx_word' id='word_1_533' title='bbox 373 5120 608 5175; x_wconf 89' lang='lat' dir='ltr'><strong>terram</strong></span> <span class='ocrx_word' id='word_1_534' title='bbox 659 5112 930 5173; x_wconf 88' lang='lat' dir='ltr'><strong>duarum</strong></span> <span class='ocrx_word' id='word_1_535' title='bbox 980 5130 1052 5174; x_wconf 86' lang='lat' dir='ltr'><strong>ac</strong></span> <span class='ocrx_word' id='word_1_536' title='bbox 1101 5111 1328 5174; x_wconf 83' lang='lat' dir='ltr'><strong>mediae</strong></span> <span class='ocrx_word' id='word_1_537' title='bbox 1381 5112 1686 5175; x_wconf 89' lang='lat' dir='ltr'><strong>tribuum.</strong></span> <span class='ocrx_word' id='word_1_538' title='bbox 1739 5112 1867 5176; x_wconf 90' lang='lat' dir='ltr'><strong>Hoc</strong></span> 
     </span>
     <span class='ocr_line' id='line_1_78' title="bbox 371 5209 1862 5287; baseline 0.001 -14"><span class='ocrx_word' id='word_1_539' title='bbox 371 5218 580 5287; x_wconf 87' lang='lat' dir='ltr'><strong>sonat,</strong></span> <span class='ocrx_word' id='word_1_540' title='bbox 615 5228 690 5273; x_wconf 86' lang='lat' dir='ltr'><strong>ac</strong></span> <span class='ocrx_word' id='word_1_541' title='bbox 719 5210 776 5271; x_wconf 90' lang='lat' dir='ltr'><strong>si</strong></span> <span class='ocrx_word' id='word_1_542' title='bbox 806 5209 1050 5273; x_wconf 83' lang='lat' dir='ltr'><strong>Hebraei</strong></span> <span class='ocrx_word' id='word_1_543' title='bbox 1079 5227 1209 5272; x_wconf 93' lang='lat' dir='ltr'><strong>non</strong></span> <span class='ocrx_word' id='word_1_544' title='bbox 1243 5209 1514 5273; x_wconf 90' lang='lat' dir='ltr'><strong>fuissent</strong></span> <span class='ocrx_word' id='word_1_545' title='bbox 1545 5210 1862 5275; x_wconf 63' lang='lat' dir='ltr'><strong>[sraelitai.</strong></span> 
     </span>
     <span class='ocr_line' id='line_1_79' title="bbox 369 5306 1867 5391; baseline 0 -18"><span class='ocrx_word' id='word_1_546' title='bbox 369 5309 459 5373; x_wconf 79' lang='lat' dir='ltr'><strong>Ad</strong></span> <span class='ocrx_word' id='word_1_547' title='bbox 489 5308 670 5391; x_wconf 89' lang='lat' dir='ltr'><strong>quod</strong></span> <span class='ocrx_word' id='word_1_548' title='bbox 703 5307 770 5371; x_wconf 89' lang='lat' dir='ltr'><strong>in</strong></span> <span class='ocrx_word' id='word_1_549' title='bbox 803 5306 1189 5371; x_wconf 87' lang='lat' dir='ltr'><strong>Scholastica</strong></span> <span class='ocrx_word' id='word_1_550' title='bbox 1223 5309 1642 5391; x_wconf 89' lang='lat' dir='ltr'><strong>respondetur</strong></span> <span class='ocrx_word' id='word_1_551' title='bbox 1672 5309 1867 5374; x_wconf 88' lang='lat' dir='ltr'><strong>histo-</strong></span> 
     </span>
    </p>
   </div>
   <div class='ocr_carea' id='block_1_20' title="bbox 1977 4326 3471 5196">
    <p class='ocr_par' dir='ltr' id='par_1_21' title="bbox 1977 4326 3471 5196">
     <span class='ocr_line' id='line_1_80' title="bbox 1979 4326 3469 4409; baseline 0.005 -22"><span class='ocrx_word' id='word_1_552' title='bbox 1979 4346 2094 4409; x_wconf 88' lang='lat' dir='ltr'><strong>pro</strong></span> <span class='ocrx_word' id='word_1_553' title='bbox 2140 4326 2281 4407; x_wconf 92' lang='lat' dir='ltr'><strong>ipso</strong></span> <span class='ocrx_word' id='word_1_554' title='bbox 2327 4326 2533 4389; x_wconf 88' lang='lat' dir='ltr'><strong>Saule.</strong></span> <span class='ocrx_word' id='word_1_555' title='bbox 2580 4326 2810 4389; x_wconf 87' lang='lat' dir='ltr'><strong>Debuit</strong></span> <span class='ocrx_word' id='word_1_556' title='bbox 2855 4337 3067 4391; x_wconf 87' lang='lat' dir='ltr'><strong>autem</strong></span> <span class='ocrx_word' id='word_1_557' title='bbox 3115 4330 3469 4395; x_wconf 86' lang='lat' dir='ltr'><strong>Samuelem</strong></span> 
     </span>
     <span class='ocr_line' id='line_1_81' title="bbox 1978 4428 3471 4509; baseline 0.005 -21"><span class='ocrx_word' id='word_1_558' title='bbox 1978 4433 2377 4508; x_wconf 85' lang='lat' dir='ltr'><strong>exspectasse</strong></span> <span class='ocrx_word' id='word_1_559' title='bbox 2428 4445 2540 4508; x_wconf 90' lang='lat' dir='ltr'><strong>per</strong></span> <span class='ocrx_word' id='word_1_560' title='bbox 2588 4435 2831 4509; x_wconf 88' lang='lat' dir='ltr'><strong>septem</strong></span> <span class='ocrx_word' id='word_1_561' title='bbox 2885 4428 3165 4508; x_wconf 86' lang='lat' dir='ltr'><strong>integros</strong></span> <span class='ocrx_word' id='word_1_562' title='bbox 3216 4429 3372 4509; x_wconf 91' lang='lat' dir='ltr'><strong>dies,</strong></span> <span class='ocrx_word' id='word_1_563' title='bbox 3408 4441 3471 4495; x_wconf 92' lang='lat' dir='ltr'><strong>et</strong></span> 
     </span>
     <span class='ocr_line' id='line_1_82' title="bbox 1982 4524 3469 4611; baseline 0.005 -25"><span class='ocrx_word' id='word_1_564' title='bbox 1982 4542 2110 4587; x_wconf 92' lang='lat' dir='ltr'><strong>non</strong></span> <span class='ocrx_word' id='word_1_565' title='bbox 2132 4524 2520 4605; x_wconf 85' lang='lat' dir='ltr'><strong>exspectavit</strong></span> <span class='ocrx_word' id='word_1_566' title='bbox 2548 4543 2694 4588; x_wconf 89' lang='lat' dir='ltr'><strong>eum</strong></span> <span class='ocrx_word' id='word_1_567' title='bbox 2723 4525 2842 4589; x_wconf 90' lang='lat' dir='ltr'><strong>hac</strong></span> <span class='ocrx_word' id='word_1_568' title='bbox 2874 4525 3035 4603; x_wconf 90' lang='lat' dir='ltr'><strong>vice,</strong></span> <span class='ocrx_word' id='word_1_569' title='bbox 3062 4527 3185 4589; x_wconf 91' lang='lat' dir='ltr'><strong>nisi</strong></span> <span class='ocrx_word' id='word_1_570' title='bbox 3218 4548 3331 4611; x_wconf 89' lang='lat' dir='ltr'><strong>per</strong></span> <span class='ocrx_word' id='word_1_571' title='bbox 3361 4550 3469 4593; x_wconf 87' lang='lat' dir='ltr'><strong>sex</strong></span> 
     </span>
     <span class='ocr_line' id='line_1_83' title="bbox 1979 4622 3470 4708; baseline 0.004 -22"><span class='ocrx_word' id='word_1_572' title='bbox 1979 4622 2136 4700; x_wconf 80' lang='lat' dir='ltr'><strong>dies,</strong></span> <span class='ocrx_word' id='word_1_573' title='bbox 2179 4622 2488 4704; x_wconf 89' lang='lat' dir='ltr'><strong>quoniam</strong></span> <span class='ocrx_word' id='word_1_574' title='bbox 2536 4622 2703 4686; x_wconf 91' lang='lat' dir='ltr'><strong>diem</strong></span> <span class='ocrx_word' id='word_1_575' title='bbox 2756 4628 2885 4705; x_wconf 89' lang='lat' dir='ltr'><strong>quo</strong></span> <span class='ocrx_word' id='word_1_576' title='bbox 2935 4623 3330 4708; x_wconf 87' lang='lat' dir='ltr'><strong>significavit</strong></span> <span class='ocrx_word' id='word_1_577' title='bbox 3367 4628 3470 4691; x_wconf 89' lang='lat' dir='ltr'><strong>Sa-</strong></span> 
     </span>
     <span class='ocr_line' id='line_1_84' title="bbox 1979 4721 3468 4807; baseline 0.003 -23"><span class='ocrx_word' id='word_1_578' title='bbox 1979 4721 2174 4784; x_wconf 91' lang='lat' dir='ltr'><strong>mueli</strong></span> <span class='ocrx_word' id='word_1_579' title='bbox 2218 4730 2288 4784; x_wconf 91' lang='lat' dir='ltr'><strong>ut</strong></span> <span class='ocrx_word' id='word_1_580' title='bbox 2318 4721 2567 4784; x_wconf 89' lang='lat' dir='ltr'><strong>veniret</strong></span> <span class='ocrx_word' id='word_1_581' title='bbox 2603 4722 2681 4784; x_wconf 95' lang='lat' dir='ltr'><strong>ad</strong></span> <span class='ocrx_word' id='word_1_582' title='bbox 2725 4740 2814 4799; x_wconf 92' lang='lat' dir='ltr'><strong>se,</strong></span> <span class='ocrx_word' id='word_1_583' title='bbox 2851 4721 3017 4786; x_wconf 91' lang='lat' dir='ltr'><strong>inter</strong></span> <span class='ocrx_word' id='word_1_584' title='bbox 3047 4734 3291 4807; x_wconf 88' lang='lat' dir='ltr'><strong>septem</strong></span> <span class='ocrx_word' id='word_1_585' title='bbox 3332 4726 3468 4789; x_wconf 90' lang='lat' dir='ltr'><strong>dies</strong></span> 
     </span>
     <span class='ocr_line' id='line_1_85' title="bbox 1978 4819 3466 4904; baseline 0.003 -21"><span class='ocrx_word' id='word_1_586' title='bbox 1978 4819 2469 4903; x_wconf 84' lang='lat' dir='ltr'><strong>exspectationis</strong></span> <span class='ocrx_word' id='word_1_587' title='bbox 2510 4822 2976 4899; x_wconf 88' lang='lat' dir='ltr'><strong>annumeravit,</strong></span> <span class='ocrx_word' id='word_1_588' title='bbox 3020 4843 3217 4904; x_wconf 92' lang='lat' dir='ltr'><strong>quum</strong></span> <span class='ocrx_word' id='word_1_589' title='bbox 3254 4832 3466 4887; x_wconf 89' lang='lat' dir='ltr'><strong>tamen</strong></span> 
     </span>
     <span class='ocr_line' id='line_1_86' title="bbox 1977 4917 3471 5004; baseline 0.003 -23"><span class='ocrx_word' id='word_1_590' title='bbox 1977 4927 2121 5000; x_wconf 92' lang='lat' dir='ltr'><strong>post</strong></span> <span class='ocrx_word' id='word_1_591' title='bbox 2158 4918 2328 4981; x_wconf 88' lang='lat' dir='ltr'><strong>diem</strong></span> <span class='ocrx_word' id='word_1_592' title='bbox 2374 4917 2557 4980; x_wconf 92' lang='lat' dir='ltr'><strong>illum</strong></span> <span class='ocrx_word' id='word_1_593' title='bbox 2599 4919 2892 4981; x_wconf 88' lang='lat' dir='ltr'><strong>debuerit</strong></span> <span class='ocrx_word' id='word_1_594' title='bbox 2929 4929 3169 5001; x_wconf 90' lang='lat' dir='ltr'><strong>septem</strong></span> <span class='ocrx_word' id='word_1_595' title='bbox 3214 4931 3471 5004; x_wconf 81' lang='lat' dir='ltr'><strong>praesto-</strong></span> 
     </span>
     <span class='ocr_line' id='line_1_87' title="bbox 1979 5015 3467 5085; baseline 0.005 -8"><span class='ocrx_word' id='word_1_596' title='bbox 1979 5015 2100 5079; x_wconf 92' lang='lat' dir='ltr'><strong>lari</strong></span> <span class='ocrx_word' id='word_1_597' title='bbox 2141 5017 2369 5080; x_wconf 91' lang='lat' dir='ltr'><strong>diebus</strong></span> <span class='ocrx_word' id='word_1_598' title='bbox 2402 5016 2713 5079; x_wconf 88' lang='lat' dir='ltr'><strong>Samuelis</strong></span> <span class='ocrx_word' id='word_1_599' title='bbox 2756 5018 3123 5081; x_wconf 89' lang='lat' dir='ltr'><strong>adventum.</strong></span> <span class='ocrx_word' id='word_1_600' title='bbox 3158 5019 3279 5082; x_wconf 82' lang='lat' dir='ltr'><strong>Sed</strong></span> <span class='ocrx_word' id='word_1_601' title='bbox 3317 5021 3467 5085; x_wconf 90' lang='lat' dir='ltr'><strong>huic</strong></span> 
     </span>
     <span class='ocr_line' id='line_1_88' title="bbox 1977 5115 3468 5196; baseline 0.003 -19"><span class='ocrx_word' id='word_1_602' title='bbox 1977 5115 2362 5196; x_wconf 90' lang='lat' dir='ltr'><strong>expositioni</strong></span> <span class='ocrx_word' id='word_1_603' title='bbox 2394 5115 2649 5177; x_wconf 87' lang='lat' dir='ltr'><strong>videtur</strong></span> <span class='ocrx_word' id='word_1_604' title='bbox 2671 5116 3100 5179; x_wconf 86' lang='lat' dir='ltr'><strong>contradicere</strong></span> <span class='ocrx_word' id='word_1_605' title='bbox 3124 5118 3355 5194; x_wconf 78' lang='lat' dir='ltr'><strong>littera,</strong></span> <span class='ocrx_word' id='word_1_606' title='bbox 3375 5135 3468 5181; x_wconf 76' lang='lat' dir='ltr'><strong>as-</strong></span> 
     </span>
    </p>
   </div>
   <div class='ocr_carea' id='block_1_21' title="bbox 1944 5213 3529 5299">
    <p class='ocr_par' dir='ltr' id='par_1_22' title="bbox 1944 5213 3529 5299">
     <span class='ocr_line' id='line_1_89' title="bbox 1944 5213 3529 5299; baseline 0.004 -25"><span class='ocrx_word' id='word_1_607' title='bbox 1944 5232 2193 5275; x_wconf 82' lang='lat' dir='ltr'><strong>.serens</strong></span> <span class='ocrx_word' id='word_1_608' title='bbox 2226 5216 2397 5295; x_wconf 90' lang='lat' dir='ltr'><strong>quod</strong></span> <span class='ocrx_word' id='word_1_609' title='bbox 2432 5213 2577 5277; x_wconf 91' lang='lat' dir='ltr'><strong>Saul</strong></span> <span class='ocrx_word' id='word_1_610' title='bbox 2612 5223 2856 5296; x_wconf 86' lang='lat' dir='ltr'><strong>septem</strong></span> <span class='ocrx_word' id='word_1_611' title='bbox 2887 5215 3111 5277; x_wconf 90' lang='lat' dir='ltr'><strong>diebus</strong></span> <span class='ocrx_word' id='word_1_612' title='bbox 3146 5226 3467 5299; x_wconf 80' lang='lat' dir='ltr'><strong>exspecta-</strong></span> <span class='ocrx_word' id='word_1_613' title='bbox 3526 5230 3529 5237; x_wconf 85' lang='lat'>&#39;</span> 
     </span>
    </p>
   </div>
   <div class='ocr_carea' id='block_1_22' title="bbox 1976 5310 3464 5397">
    <p class='ocr_par' dir='ltr' id='par_1_23' title="bbox 1976 5310 3464 5397">
     <span class='ocr_line' id='line_1_90' title="bbox 1976 5310 3464 5397; baseline 0.004 -23"><span class='ocrx_word' id='word_1_614' title='bbox 1976 5310 2069 5374; x_wconf 91' lang='lat' dir='ltr'><strong>vit</strong></span> <span class='ocrx_word' id='word_1_615' title='bbox 2100 5311 2480 5375; x_wconf 86' lang='lat' dir='ltr'><strong>Samuelem.</strong></span> <span class='ocrx_word' id='word_1_616' title='bbox 2500 5311 2710 5376; x_wconf 85' lang='lat' dir='ltr'><strong>Tertio</strong></span> <span class='ocrx_word' id='word_1_617' title='bbox 2730 5330 2881 5394; x_wconf 90' lang='lat' dir='ltr'><strong>ergo</strong></span> <span class='ocrx_word' id='word_1_618' title='bbox 2912 5313 3272 5396; x_wconf 87' lang='lat' dir='ltr'><strong>exponitur,</strong></span> <span class='ocrx_word' id='word_1_619' title='bbox 3292 5316 3464 5397; x_wconf 90' lang='lat' dir='ltr'><strong>quod</strong></span> 
     </span>
    </p>
   </div>
  </div>
 </body>
</html>
