4359 6250
93 3142 151 3183 lz'..

148 4948 248 4991 Gen.
261 4964 340 4992 xxv

923 526 1271 572 ENARRA‘rlo
1317 524 1376 570 IN
1420 525 1557 571 GAP.
1605 524 1711 569 vm
1752 524 1909 570 LIBRI
1955 523 2206 571 SECUNDI
2251 523 2473 570 natum.
2517 542 2598 553 -
2640 522 2781 568 ΛΒΤ.
2828 521 2933 567 xlv

3350 501 3471 564 489

368 696 500 760 ista
530 697 708 759 misit
728 696 907 762 Thou
931 699 1062 779 regi
1085 698 1281 762 David
1313 716 1427 780 per
1456 713 1718 761 manum
1749 695 1873 758 filii
1904 696 1956 758 A
1985 705 2122 756 ctus
2152 705 2262 767 est,
2288 694 2732 776 praeservando
2763 711 2909 756 eum
2940 713 2977 754 a
3006 690 3275 755 diversis
3305 689 3471 772 peri-

365 795 492 865 sui,
513 815 632 879 pro
661 797 966 861 encaeniis
985 806 1050 861 et
1069 797 1416 878 gratiarum
1439 795 1687 860 actione
1707 796 1874 877 quod

369 895 628 958 bostem
689 915 878 958 suum
927 897 1344 979 prostraverit
1373 903 1411 971 3'
1443 917 1586 976 quoe
1625 905 1686 956 et
1733 897 1876 972 ipsa

366 997 818 1072 sanctificavit
865 1016 983 1056 rea·
1028 997 1248 1058 David
1289 998 1595 1064 DominO,
1641 993 1703 1056 id
1753 1001 1870 1070 θεῖ,

369 1091 602 1156 divino
650 1091 798 1154 usui
845 1093 1200 1174 deputavit,
1247 1101 1319 1155 ut
1363 1092 1609 1155 scilicet
1659 1111 1735 1156 ex
1783 1092 1874 1154 cis

371 1189 618 1254 fierent
647 1191 1074 1254 instrumenta
1103 1190 1308 1254 divini
1339 1191 1573 1269 cultus,
1597 1212 1746 1252 cum
1775 1213 1877 1252 ar-

361 1299 564 1366 qento
581 1301 644 1350 et
673 1309 838 1350 auro
867 1298 930 1353 et
961 1290 1306 1366 manubiis,
1327 1290 1390 1352 id
1422 1298 1518 1354 est
1547 1289 1712 1366 aliis,
1733 1311 1877 1369 quoe

367 1391 931 1465 sanctificaverat,
969 1389 1036 1451 id
1075 1397 1172 1452 est
1217 1397 1718 1465 consecraverat,
1755 1391 1878 1450 Do-

373 1488 590 1556 mino,
619 1505 700 1550 ne
729 1487 1006 1568 amplius
1037 1494 1558 1551 converterentur
1590 1486 1657 1548 in
1691 1507 1874 1548 usum

371 1584 758 1662 humanum,
793 1586 904 1648 sed
945 1585 1013 1649 in
1051 1585 1481 1650 ministerium
1515 1585 1738 1668 templi
1777 1584 1877 1647 fu-

377 1683 534 1758 turi,
552 1687 634 1744 de
661 1686 986 1745 universis
1007 1687 1310 1762 qentibus
1336 1705 1496 1765 quas
1523 1687 1872 1760 subeqerat‚

374 1783 442 1844 id
491 1791 610 1858 est,
655 1801 802 1864 quae
845 1782 1112 1845 abstulit
1152 1783 1504 1862 gentilibus
1545 1802 1706 1864 quos
1753 1783 1874 1844 sibi

371 1989 437 2040 et
481 1982 648 2056 filiis
685 1983 967 2042 Ammon
1005 1991 1065 2042 et
1094 1983 1465 2042 philistiim
1495 1991 1554 2042 et
1584 1983 1872 2052 Amalec,

371 2089 437 2138 et
465 2081 550 2138 de
577 2081 912 2139 manubiis
941 2083 1274 2141 Adarezer
1300 2081 1435 2156 filii
1462 2080 1680 2142 Rokob
1709 2080 1877 2155 reyis

375 2179 576 2238 Soba.
631 2175 810 2250 Quod
862 2185 1074 2240 autem
1127 2177 1326 2242 David
1376 2177 1720 2241 vastaverit
1769 2176 1878 2258 Sy-

377 2274 568 2350 riam,
600 2274 911 2357 Josephus
943 2293 1202 2357 quoque
1231 2274 1530 2339 ostendit.

462 2372 769 2453 Sequitur
787 2372 1066 2454 qualiter
1085 2373 1283 2436 David
1304 2373 1530 2437 vicerit
1549 2373 1871 2437 Idumaeos,

377 2473 564 2532 Fecit
593 2491 844 2550 quoque
869 2473 1093 2533 David
1121 2473 1246 2531 sibi
1277 2491 1536 2542 nomen,
1556 2492 1758 2551 quum
1787 2492 1879 2531 re-

379 2579 744 2630 verteretur
783 2579 971 2647 capta
1021 2572 1228 2648 Syria
1279 2573 1352 2630 in
1401 2574 1570 2630 valle
1614 2572 1878 2631 Salina-

381 2687 560 2740 rum,
580 2686 726 2749 quae
754 2667 1166 2731 abundabant
1196 2653 1456 2745 ibidem,
1471 2671 1647 2731 caaesis
1667 2671 1878 2729 decem

377 2777 440 2826 et
469 2775 610 2826 octo
641 2768 938 2828 millibus
967 2789 990 2826 .·
1021 2767 1174 2848 quia
1213 2775 1306 2830 tot
1343 2766 1548 2828 millia
1581 2767 1880 2829 Idumaeo—

383 2883 532 2927 rum
563 2864 805 2928 occidit
837 2864 1076 2928 ibidem
1109 2883 1222 2947 per
1257 2884 1520 2927 manum
1551 2883 1878 2928 servorum

381 2981 676 3026 suorum.
696 2963 1026 3044 Siquidem
1059 2963 1126 3026 in
1160 2963 1324 3026 libro
1354 2963 1877 3046 Paralipomenon

381 3162 589 3223 Edom
645 3160 712 3223 in
755 3160 924 3225 valle
965 3160 1323 3224 Salinarum
1369 3161 1586 3224 decem
1631 3170 1694 3223 et
1740 3170 1882 3225 octo

380 3259 616 3321 millia.
639 3259 871 3341 Sicque
900 3259 1169 3322 victoria
1200 3258 1308 3322 illa
1339 3258 1722 3322 adscribitur
1751 3260 1882 3339 regi

382 3358 588 3420 David
629 3365 698 3419 ut
738 3357 1202 3439 principaliori,
1239 3365 1300 3419 et
1348 3357 1472 3439 ipsi
1505 3356 1720 3419 Abisai
1755 3366 1886 3419 tan-

379 3474 585 3537 quam
614 3454 913 3518 ministro
943 3464 1006 3519 et
1037 3455 1413 3519 exsecutori.
1433 3454 1646 3536 Aliqui
1678 3463 1884 3517 textus

380 3554 494 3617 hic
525 3553 787 3631 habent,
822 3553 1167 3617 Duodecim
1206 3553 1460 3617 millia:
1497 3553 1690 3635 quod,
1727 3561 1886 3617 teste

381 3653 799 3734 Hieronym0‚
842 3672 917 3716 ex
955 3653 1339 3735 scriptorum
1379 3652 1536 3716 vitio
1576 3652 1883 3731 contigit3

383 3770 537 3814 nam
583 3752 804 3815 decem
843 3759 907 3813 et
943 3759 1086 3815 octo
1127 3759 1327 3815 erant.
1361 3750 1516 3814 Joab
1553 3769 1706 3815 vero
1748 3769 1889 3833 per-

382 3850 592 3914 cussit
624 3849 861 3912 ibidem
892 3850 1227 3914 duodecim
1261 3850 1487 3926 millia,
1517 3859 1586 3913 ut
1617 3858 1790 3932 patet
1821 3850 1888 3913 in

387 3948 582 4012 titulo
635 3948 864 4030 psalmi
914 3949 1434 4031 quinquagesimi
1483 3950 1658 4026 noni,
1703 3948 1888 4030 cujus

384 4048 726 4111 exordium
765 4056 862 4109 est
895 4065 910 4109 :
945 4048 1133 4125 DeuS,
1178 4047 1472 4129 repulisti
1518 4066 1634 4111 nos
1677 4056 1740 4110 ct
1784 4048 1890 4110 de-

385 4145 682 4208 struxisti
717 4163 868 4219 nos3
913 4146 980 4208 in
1023 4146 1209 4228 cujus
1256 4147 1442 4210 titulo
1486 4146 1653 4209 inter
1680 4154 1890 4209 cetera

1985 794 2169 871 culiS,
2216 795 2551 874 dandoque
2595 793 2654 855 ei
2696 792 2931 856 virtute
2988 791 3207 855 divina
3264 796 3471 853 tantos

1984 893 2369 975 triumphos.

2065 991 2142 1054 At
2174 1010 2326 1055 vcro
2357 1011 2553 1073 quum
2585 991 2821 1054 dicitur
2849 989 3042 1052 David
3084 989 3205 1051 sibi
3248 987 3475 1051 fecisse

1988 1110 2219 1154 nomen
2254 1091 2320 1153 in
2352 1089 2517 1153 valle
2550 1090 2929 1165 Salinarum,
2963 1096 3171 1170 potest
3210 1105 3323 1168 per
3360 1086 3477 1148 No-

1985 1208 2154 1266 men,
2191 1188 2461 1268 intelligi
2497 1188 2667 1251 fama
2696 1186 3019 1262 notabiliS‚
3041 1205 3231 1268 quam
3262 1204 3339 1248 ex
3368 1183 3481 1246 illa

1986 1287 2497 1369 consequebatur
2526 1287 2813 1350 victoria.
2834 1287 3287 1349 Verumtamen
3307 1282 3479 1346 Glos-

1986 1404 2057 1447 sa
2101 1387 2363 1468 exponit
2406 1385 2497 1448 sic
2534 1403 2548 1448 ε
2584 1385 2755 1448 Fecit
2794 1385 2919 1448 sibi
2959 1401 3214 1459 nomen,
3250 1382 3314 1444 id
3356 1389 3473 1456 est,

1987 1504 2203 1548 arcum
2238 1504 2348 1549 seu
2380 1484 2687 1548 fornicem
2720 1483 3170 1565 triumphalem
3204 1481 3324 1543 sibi
3350 1499 3479 1543 ere-

1985 1582 2078 1644 xit
2124 1584 2192 1645 in
2242 1583 2495 1664 signum
2549 1582 2877 1665 triumphi.
2929 1582 3049 1644 Sed
3092 1587 3313 1644 contra
3356 1579 3477 1642 hoc

1985 1681 2212 1762 objicit
2251 1683 2431 1766 Lyra,
2467 1683 2618 1764 quia
2666 1681 2790 1744 tale
2836 1681 2915 1744 fit
2956 1681 3033 1743 ad
3077 1678 3472 1761 jactantiam,

1987 1790 2246 1863 propter
2274 1781 2444 1862 quod
2478 1781 2623 1844 Saul
2653 1781 3018 1862 increpatur
3047 1779 3125 1841 de
3156 1777 3475 1840 erectione
3532 1800 3680 1856 11200,
3698 1813 3769 1848 xv.

369 1882 524 1961 jure
571 1881 779 1962 praelii
823 1881 1214 1964 subjugavit,
1248 1886 1328 1942 de
1360 1884 1565 1960 Syria
1599 1893 1660 1942 et
1687 1884 1877 1944 Moab
1911 1880 1958 1942 B
1987 1899 2170 1943 arcus
2203 1880 2630 1962 triumphalis,
2661 1880 2816 1942 Hinc
2846 1881 2945 1959 (ut
2978 1878 3087 1941 ille
3114 1875 3475 1958 subjungit)
3508 1865 3767 1917 ¹²¹⁷⁰²⁸²⁹·

1987 1977 2185 2042 Rabbi
2222 1977 2518 2042 Salomon
2554 1978 2814 2060 exponit
2852 1978 2931 2039 de
2973 1976 3303 2058 sepultura
3338 1975 3476 2039 Idu-

1986 2096 2313 2154 maeorum‚
2350 2086 2501 2140 tunc
2538 2077 2893 2140 occisorum
2933 2077 2999 2138 in
3038 2073 3279 2158 praelio,
3314 2091 3477 2155 quos

1986 2177 2185 2240 David
2227 2176 2382 2241 fecit
2422 2176 2678 2258 sepeliri
2716 2193 2729 2237 :
2774 2194 2887 2257 per
2924 2175 3097 2257 quod
3137 2172 3478 2256 acquisivit

1988 2274 2111 2337 sibi
2171 2295 2405 2339 nomen
2462 2275 2726 2353 bonum,
2777 2274 3128 2338 exercendo
3177 2273 3478 2355 pietatem

1988 2374 2158 2439 circa
2187 2374 2559 2449 defunctos3
2586 2381 2649 2437 ct
2678 2373 2871 2438 etiam
2901 2372 3203 2454 quoniam
3238 2370 3303 2433 in
3328 2372 3480 2434 Deu-

1989 2474 2344 2538 teronomio
2392 2473 2697 2536 Dominus
2752 2471 2944 2554 jussit
2988 2469 3219 2534 Judaeis
3274 2487 3290 2531 ε
3342 2469 3477 2532 Non
3530 2492 3774 2540 neutum.

1989 2570 2462 2636 abominaberis
2503 2572 2869 2648 Idumaeum‚
2909 2570 3061 2653 quia
3102 2568 3297 2632 frater
3331 2576 3477 2630 tuus
3509 2558 3550 2598 ⁷·

1989 2679 2107 2734 est.
2156 2670 2351 2732 Judaei
2405 2687 2679 2751 namque
2727 2677 2789 2732 et
2838 2667 3091 2732 ldumaei
3147 2687 3183 2729 a
3228 2666 3477 2729 duobus

1993 2769 2321 2846 fratribus,
2370 2767 2615 2831 scilicet
2653 2768 2846 2831 Jacob
2884 2776 2949 2830 et
2988 2767 3175 2842 Esau,
3221 2767 3479 2829 descen-

1991 2870 2223 2932 derunt
2258 2885 2271 2928 :
2319 2867 2459 2930 ideo
2502 2867 2699 2930 David
2745 2865 3248 2929 misericordiam
3292 2865 3475 2926 istam

1992 2967 2148 3049 ipsis
2194 2965 2503 3042 exhibuit,
2546 2967 2717 3048 quod
2766 2973 2831 3028 et
2866 2965 3038 3027 infra
3082 2965 3269 3028 tertio
3314 2963 3479 3026 libro
3522 2982 3773 3037 luat-qm.

103 3075 344 3127 war-mu
385 3062 625 3143 legitur
659 3081 673 3127 :
709 3061 924 3125 Abisai
967 3062 1144 3125 filius
1187 3062 1420 3127 Sarviae
1460 3063 1774 3146 percussit
1804 3064 1882 3126 de
1917 3064 1961 3129 C
1991 3066 2225 3146 legitur
2278 3065 2433 3129 Joab
2486 3063 2736 3128 fecisse.
2792 3064 2910 3128 Sed
2968 3064 3261 3147 quamvis
3309 3063 3479 3127 istud
3513 3048 3578 3088 ¹⁵·

1993 3164 2412 3249 probabiliter
2450 3163 2691 3227 dictum
2732 3163 2836 3241 sit,
2873 3182 2999 3226 non
3039 3172 3249 3227 tamen
3291 3164 3483 3226 habet

1994 3264 2277 3343 vigorem
2328 3263 2488 3326 ratio
2538 3263 2650 3324 illa
2692 3262 2928 3325 Glossae
2976 3262 3280 3344 objecta:
3332 3262 3485 3343 quia

1994 3362 2164 3445 quod
2210 3381 2376 3424 unus
2425 3360 2578 3425 facit
2619 3382 2696 3424 ex
2734 3362 3029 3439 elatione,
3065 3362 3228 3424 alius
3274 3361 3485 3425 facere

1997 3468 2205 3543 potest
2234 3479 2309 3523 ex
2340 3459 2575 3523 virtute
2604 3478 2676 3522 ac
2704 3460 2840 3522 zelo
2868 3460 3155 3542 justitiae.
3185 3459 3485 3540 Ejusdem

1996 3578 2255 3640 quoque
2314 3557 2649 3640 scripturae
2706 3558 3041 3639 multiplex
3092 3567 3302 3639 potest
3348 3577 3488 3621 esse

1997 3676 2224 3721 sensus
2274 3656 2466 3719 etiam
2519 3655 2837 3731 litteram,
2891 3663 2960 3717 ut
3008 3656 3235 3719 asserit
3281 3656 3490 3737 Augu-

1997 3756 2228 3819 stinuS.

2078 3858 2162 3917 Et
2190 3856 2490 3931 reynavit
2510 3854 2729 3915 David
2753 3872 2948 3931 super
2977 3871 3227 3931 amnem
3260 3855 3485 3913 Israel.

1998 3955 2299 4014 Faciebat
2347 3972 2593 4031 quoque
2640 3952 2859 4013 David
2892 3951 3235 4028 judicium
3282 3960 3341 4010 et
3373 3952 3492 4028 ju-

1997 4051 2249 4110 stitiam
2286 4051 2468 4108 omni
2504 4051 2744 4127 populo
2781 4068 2895 4108 suo
2936 4070 2960 4107 .·
2999 4045 3304 4128 quoniam
3352 4046 3492 4111 sine

2000 4164 2415 4229 personarum
2456 4144 2823 4227 acceptione
2856 4163 3111 4207 causam
3148 4143 3493 4225 cujuslibet

385 4244 761 4308 continetur
795 4261 808 4305 τ
843 4243 920 4306 Εῖ
949 4246 1263 4308 convertit
1289 4244 1463 4321 soah,
1485 4253 1546 4308 et
1577 4244 1890 4327 percussit
1921 4243 1970 4304 D
1999 4244 2123 4307 sibi
2193 4244 2579 4327 propositam
2648 4244 2987 4325 diligenter
3050 4243 3485 4320 consideravit,

386 4342 592 4406 Edem
625 4341 692 4403 in
713 4341 882 4405 valle
901 4341 1258 4405 Salinarum
1289 4343 1626 4406 duodecim
1659 4342 1885 4405 millia.

389 4445 478 4504 Et
499 4443 722 4519 posuit
753 4444 826 4501 in
857 4443 1154 4503 Idumoea
1179 4445 1488 4511 custodes,
1509 4441 1571 4503 id
1602 4450 1698 4505 est
1728 4441 1890 4502 mili-

389 4548 596 4603 tarem
635 4538 1017 4617 custodiam,
1059 4559 1140 4602 ne
1189 4538 1420 4603 fierent
1463 4540 1719 4602 Idumaei
1765 4538 1888 4601 sibi

390 4636 692 4714 rebelleS,
731 4639 1087 4718 statuitque
1122 4640 1534 4716 proesidium.
1587 4641 1670 4699 Ec
1711 4642 1888 4718 facta

387 4746 484 4797 est
513 4738 826 4797 universa
866 4740 1162 4797 Idumaea
1197 4739 1480 4796 serviens
1511 4738 1730 4798 David
1767 4735 1888 4797 sub

391 4833 658 4897 tributo.
709 4834 1016 4915 Tuncque
1060 4832 1396 4915 impletum
1444 4842 1540 4895 est
1580 4835 1752 4916 quod
1797 4836 1890 4897 di-

345 4982 357 5001 .
389 4941 572 4997 ctum
604 4931 732 4993 fuit
763 4931 1060 4995 Rebeccae
1093 4949 1106 4993 :
1141 4930 1336 5013 Major
1366 4932 1597 4995 serviet
1628 4932 1883 5011 minori,

391 5032 460 5094 id
493 5040 612 5107 est,
637 5030 916 5113 populus
949 5038 1130 5092 natus
1161 5050 1238 5094 cx
1266 5031 1428 5092 Esau
1463 5030 1888 5113 primogenito

391 5132 588 5207 lsaac,
625 5130 864 5193 serviet
907 5130 1038 5209 regi
1082 5148 1156 5193 ac
1201 5129 1438 5211 populo
1479 5138 1627 5193 nato
1677 5150 1752 5193 ex
1790 5133 1890 5194 Ja-

389 5228 516 5291 cob
555 5228 838 5291 secundo
867 5227 1106 5307 genito.
1142 5230 1228 5289 Et
1261 5231 1544 5289 servavit
1572 5231 1890 5291 Dominus

395 5327 619 5386 David
653 5326 728 5385 in
765 5327 1062 5385 omnibus
1101 5328 1192 5385 ad
1228 5344 1644 5406 quaecumque
1673 5328 1889 5403 prose-

1999 4343 2341 4425 prudenter
2370 4341 2776 4423 judicavit,et
2810 4360 2953 4423 quae
2988 4340 3251 4403 dictavit
3281 4360 3353 4403 ac
3384 4342 3491 4403 de-

1999 4440 2238 4517 finivit,
2267 4448 2435 4502 recte
2466 4447 2562 4502 est
2591 4448 2947 4516 exsecutuS‚
2968 4438 3209 4502 faciens
3242 4440 3491 4503 unicui-

1997 4557 2122 4621 que
2145 4538 2325 4601 reddi
2356 4538 2526 4619 quod
2556 4538 2812 4613 meruit,
2832 4557 3102 4600 suumve
3134 4537 3491 4600 fuit.Judex

1998 4655 2274 4718 namque
2298 4636 2373 4697 'in
2405 4636 2706 4699 omnibus
2735 4635 2922 4699 debet
2952 4656 3018 4699 se
3038 4636 3211 4718 juste
3230 4636 3487 4713 habore,

1997 4744 2060 4798 et
2081 4754 2337 4798 omnem
2359 4734 2679 4816 privatum
2705 4732 3011 4797 affectum
3033 4754 3107 4797 ac
3130 4734 3491 4817 passionem

1999 4833 2428 4895 inordinatam
2477 4832 2813 4895 excludere
2869 4849 2883 4893 :
2937 4832 3090 4913 quia
3146 4834 3225 4895 ad
3280 4832 3489 4915 ipsum

2001 4941 2300 5013 tanquam
2333 4930 2411 4992 ad
2445 4930 2655 4993 vivam
2690 4930 2891 5009 legem
2922 4949 2993 4993 ac
3023 4930 3369 4993 animatam
3398 4932 3494 5012 ju-

1998 5030 2260 5107 stitiam,
2288 5027 2673 5109 confugiunt
2702 5028 2963 5105 subditi,
2985 5029 3333 5091 secundum
3356 5028 3493 5093 Phi-

2001 5129 2364 5211 losophum.

2075 5228 2401 5303 Praeterea,
2421 5224 2726 5307 quoniam
2759 5244 2865 5288 rex
2898 5243 3023 5288 non
3056 5233 3263 5306 potest
3287 5244 3401 5308 per
3421 5246 3489 5289 se

1999 5325 2209 5407 ipsum
2240 5324 2501 5406 exsequi
2534 5323 2849 5401 universa,
2872 5341 3039 5385 nunc
3060 5321 3355 5385 subditur
3374 5325 3488 5405 qui
