4359 6250
1005 515 1353 561 mannum
1396 515 1459 559 m
1501 516 1638 561 car.
1685 515 1724 560 x
1769 515 1927 561 unm
1967 516 2165 560 Tan-ru
2208 515 2432 562 neuun.
2478 534 2557 544 —
2597 515 2741 561 Art-r.
2788 515 2893 561 xvi
3373 496 3492 559 663

371 688 605 761 peltas
635 683 791 746 fecit
818 705 904 745 ea>
919 706 1081 747 auro
1099 687 1364 764 probato
1389 684 1768 761 forinsecuS,
1789 686 1898 749 sed
1926 684 1979 745 A
2007 695 2197 764 atque
2229 676 2404 758 inde,
2428 686 2492 748 id
2524 694 2619 748 est
2648 704 2724 748 cx
2753 694 3021 766 utraque
3049 693 3227 767 parte
3263 686 3493 766 gradus

379 782 576 845 intus
608 792 790 845 erant
818 784 896 846 de
939 783 1207 846 materia
1245 784 1392 846 alia.
1430 784 1609 847 Unde
1639 784 1902 865 subjun-
2008 783 2374 865 cujuslibet,
2411 784 2499 846 ita
2534 785 2707 866 quod
2736 785 2859 846 dno
2906 784 3186 846 leunculi
3219 784 3497 865 pertine.-

377 882 460 963 gi
471 890 606 945 tur:
631 885 946 945 Trecentoe
969 904 1134 945 mnoe
1154 886 1310 944 auri
1329 904 1531 944 unam
1543 888 1788 960 peltam
1809 904 1903 942 ve·
2008 883 2163 946 bant
2194 885 2269 945 ad
2294 902 2489 963 unum
2512 883 2801 962 gradum,
2827 902 2955 945 uno
2976 882 3273 945 leunculo
3290 890 3497 945 stante

377 984 704 1051 sariebant,
726 980 788 1043 id
822 990 939 1057 est,
957 981 1210 1044 laminae
1239 1000 1446 1045 aureae
1478 990 1901 1045 trecentarum
2008 1002 2084 1045 ex
2115 1001 2245 1045 uno
2274 982 2472 1045 latere
2500 982 2757 1063 graduS‚
2790 990 2851 1045 et
2896 982 3093 1045 altero
3124 1000 3199 1044 ex
3239 981 3365 1045 alio
3410 982 3498 1045 la-

381 1100 723 1156 mnarum,
785 1080 1140 1162 quamlibet
1205 1081 1442 1163 peltam
1501 1079 1897 1163 operiebant.
2009 1090 2162 1145 tere.
2218 1080 2486 1143 Additur
2533 1097 2792 1162 quoque
2841 1079 2907 1141 in
2946 1080 3493 1162 Paralipomenon,

383 1178 594 1241 Peltae
644 1188 856 1242 autem
904 1180 1206 1243 dicuntur
1251 1179 1472 1243 brevia
1519 1188 1719 1257 scuta,
1759 1198 1902 1261 quae
2008 1182 2180 1263 quod
2222 1181 2489 1243 thronus
2540 1178 2767 1242 habuit
2808 1198 3071 1242 aureum
3122 1180 3493 1243 scabellum.
3544 1203 3579 1246 11
3602 1204 3710 1246 Par.
3730 1216 3787 1253 ιι.

389 1297 440 1339 a
486 1277 790 1360 pellendo
835 1296 1068 1342 nomen
1119 1286 1552 1360 sumpserunt,
1595 1277 1900 1359 quoniam
2010 1283 2158 1343 Non
2188 1290 2283 1340 est
2307 1282 2559 1358 factum
2592 1282 2717 1339 lale
2759 1298 2917 1357 opus
2944 1280 3019 1339 in
3050 1281 3373 1341 universi-s·
3400 1300 3498 1339 re-
3527 1270 3591 1310 ¹⁸·

392 1376 571 1439 ictus
613 1375 932 1459 repellunt
965 1394 979 1438 :
1011 1395 1289 1458 quorum
1322 1377 1423 1456 (ut
1462 1376 1528 1438 in
1565 1375 1904 1439 Scholasti-
2001 1381 2177 1457 ynis,
2216 1377 2279 1439 id
2311 1385 2427 1453 est,
2463 1376 2529 1438 in
2562 1377 2740 1439 nullo
2779 1376 2907 1439 alio
2936 1394 3131 1457 regno
3164 1376 3371 1441 factus
3401 1387 3498 1442 est

392 1494 479 1537 ca
511 1482 804 1537 narratur
836 1474 1132 1555 historia)
1159 1475 1448 1556 quaedam
1479 1482 1660 1537 erant
1689 1482 1904 1536 rotun·
2007 1478 2277 1540 thronus
2310 1484 2437 1539 tam
2470 1475 2795 1557 speciosus
2826 1495 2899 1538 ac
2928 1475 3265 1558 pretiosuS.

395 1574 506 1651 da,
543 1573 673 1637 alia
719 1573 922 1637 instar
969 1573 1356 1637 semicirculi
1402 1573 1618 1637 facta:
1667 1572 1902 1655 quibus
2101 1578 2233 1638 Sed
2283 1586 2343 1636 et
2384 1577 2602 1635 omnia
2652 1594 2805 1635 vasa
2847 1578 2929 1634 de
2969 1576 3200 1654 quibu-s·
3236 1579 3501 1655 potabat

403 1672 754 1737 utebantur
799 1674 1092 1737 custodes
1138 1674 1302 1753 regis
1349 1681 1412 1736 et
1453 1673 1721 1755 juvenes
1764 1691 1904 1755 spe-
2010 1696 2128 1735 rem
2171 1676 2504 1743 Salomon,
2553 1670 2617 1733 id
2662 1678 2759 1733 est
2805 1672 3030 1754 scyphi
3072 1680 3135 1735 et
3174 1673 3501 1755 amphorae

403 1773 567 1837 ciosi
611 1790 820 1853 regem
873 1773 1304 1854 egredientem
1346 1782 1521 1836 extra
1557 1772 1901 1836 Jerusalem
2012 1792 2087 1835 ex
2125 1770 2361 1853 quibus
2400 1770 2537 1851 ipse
2580 1777 2645 1831 et
2688 1770 2787 1831 sui
2828 1771 3288 1834 commensales
3328 1771 3503 1835 bibe-

85 1884 362 1939 sslflea-vu·
405 1872 866 1955 praeceden'teS,
906 1881 977 1934 ut
1007 1880 1154 1935 ante
1185 1872 1317 1952 jam
1349 1871 1590 1935 dictum
1629 1879 1727 1934 est
1772 1870 1905 1952 ple-
1937 1864 1983 1926 B
2011 1870 2186 1947 bant,
2220 1880 2405 1930 erant
2435 1889 2658 1929 aurea.
2686 1868 2846 1930 Hinc
2877 1867 2943 1929 in
2974 1867 3499 1952 Paralipomenon

409 1970 582 2033 nius,
623 1972 981 2050 Posuitque
1023 1990 1128 2031 eas
1171 1991 1290 2031 rem
1333 1973 1406 2032 in
1449 1974 1632 2031 domo
1681 1972 1906 2031 Saltus
2012 1968 2321 2050 scriptum
2366 1974 2462 2029 est
2496 1963 2769 2028 :Omnia
2812 1986 2965 2029 vasa
3008 1967 3286 2031 convivii
3333 1968 3497 2049 regis
3552 1994 3758 2039 majo.

409 2070 683 2132 Libani.
2012 2084 2203 2130 aurea
2244 2071 2445 2127 erant.
2489 2067 2575 2125 Et
2614 2060 2919 2125 universa
2956 2069 3265 2141 supelleoe,
3300 2066 3364 2130 id
3403 2076 3499 2130 est

489 2166 673 2226 Fecit
710 2165 910 2225 eciam
961 2183 1081 2224 γεω
1129 2166 1458 2235 Salomon,
1511 2161 1574 2225 id
1622 2170 1738 2238 est,
1792 2179 1907 2242 per
2009 2163 2490 2228 massaraticum
2511 2162 2559 2239 *,
2600 2165 2830 2223 domus
2868 2165 3093 2223 Saltus
3122 2165 3386 2236 Libani,
3420 2166 3499 2229 de
3559 2175 3577 2194 ·
3600 2172 3797 2216 masmi-

408 2282 640 2325 manus
674 2262 886 2325 Hiram
916 2261 1186 2325 artificis
1217 2261 1361 2325 fieri
1394 2260 1568 2339 fecit,
1603 2266 1906 2323 thronum
2011 2285 2140 2348 qua
2181 2264 2421 2327 dictum
2461 2270 2558 2324 est
2601 2281 2814 2343 supra,
2848 2265 2927 2322 de
2956 2283 3117 2323 auro
3145 2264 3499 2341 purissimo
3526 2238 3795 2355 ‘liffffw-„k

406 2366 490 2423 de
522 2364 706 2421 ebore
732 2364 1080 2439 grandem,
1113 2362 1178 2423 id
1219 2369 1314 2423 est
1350 2378 1645 2440 magnam
1693 2360 1902 2421 sedem
2011 2375 2150 2426 erac
2179 2362 2366 2425 facta.
2401 2362 2469 2423 ln
2500 2360 3025 2442 Paralipomenon
3055 2360 3258 2423 fertur
3292 2378 3306 2423 :
3339 2361 3505 2425 Vasa
3533 2366 3617 2405 Μ·

410 2459 694 2541 regalem
743 2457 1090 2521 eburneam
1148 2476 1163 2520 :
1215 2466 1428 2539 atque,
1482 2465 1551 2520 ut
1597 2456 1905 2539 Iosephus
2013 2465 2241 2527 domus
2288 2460 2493 2524 Saltus
2538 2459 2763 2521 Libani
2811 2478 2888 2522 ex
2936 2477 3090 2522 auro
3132 2459 3499 2540 purissimo.
3533 2426 3797 2532 22¹,Par'u’

411 2560 630 2635 sentit,
657 2559 698 2638 †
724 2556 846 2619 suit
870 2557 950 2619 de
980 2576 1295 2620 marmore
1326 2556 1693 2638 porphyrio,
1718 2555 1781 2617 id
1813 2562 1908 2618 est
2016 2564 2166 2624 Non
2184 2569 2324 2620 erat
2343 2556 3225 2637 arqentum,supple,magnae
3244 2557 3509 2621 aestima·

412 2674 762 2739 purpureo,
799 2656 1152 2719 secundum
1181 2654 1597 2731 priscianum,
1631 2654 1732 2718 vel
1758 2674 1795 2717 a
1825 2654 1911 2717 lo-
2017 2658 2211 2723 tionis
2247 2675 2261 2719 ε
2297 2656 2440 2719 ideo
2480 2654 2795 2731 subdi-tur,
2828 2676 2944 2715 nec
2970 2656 3258 2732 alicujus
3277 2658 3508 2734 pretii,

412 2774 490 2819 co
521 2757 614 2819 sic
645 2755 968 2838 appellato
993 2780 1008 2829 3
1040 2766 1100 2817 et
1131 2757 1382 2817 vestivit
1408 2775 1557 2815 eum
1587 2774 1748 2815 auro
1776 2754 1911 2830 ful-
2018 2759 2082 2821 id
2113 2765 2212 2821 est
2238 2754 2477 2818 modici
2508 2753 2757 2829 valoris
2764 2756 3137 2832 putabatur,
3154 2754 3509 2835 praesertim

414 2876 492 2916 υο
539 2856 768 2927 nimis,
811 2854 875 2917 id
919 2862 1016 2917 est
1059 2853 1257 2917 rubeo
1304 2852 1488 2917 valde
1521 2870 1536 2914 :
1571 2860 1636 2915 et
1679 2850 1911 2914 dicitur
2020 2858 2088 2919 in
2124 2854 2494 2930 Jerusalem,
2536 2855 2611 2914 in
2648 2855 2873 2913 diebus
2908 2854 3299 2915 Salomonis·
3332 2852 3511 2917 Unde

416 2954 671 3019 fulvum
703 2973 742 3016 a
771 2954 1030 3033 Fulgeo‚
1055 2951 1360 3035 quoniam
1397 2951 1674 3013 maxime
1702 2950 1913 3032 splen·
2021 2956 2089 3018 in
2131 2952 2520 3017 Scholastica
2561 2951 2827 3014 historia
2875 2950 3175 3014 recitatur
3218 2968 3232 3013 :
3276 2950 3512 3015 Sedilia

115 3065 149 3109 ιι
167 3066 296 3109 Par.
317 3078 385 3113 nx.
415 3054 546 3116 det.
599 3055 728 3122 Qui
765 3054 1033 3113 habebat
1075 3072 1186 3113 sex
1227 3054 1500 3131 gradus,
1542 3050 1778 3133 quibus
1817 3068 1914 3111 as-
1945 3048 1990 3114 C
2021 3061 2168 3117 ante
2200 3051 2369 3114 sores
2397 3051 2733 3113 domorum
2764 3049 3045 3132 plurima
3074 3048 3140 3110 in
3161 3048 3509 3113 Jerusalem

89 3133 158 3172 ¹⁸·
415 3152 809 3218 condebatur
830 3152 910 3214 ad
939 3151 1282 3228 solium,ut
1303 3151 1368 3212 in
1388 3150 1912 3232 Paralipomenon
2021 3161 2320 3234 argentea
2348 3159 2549 3214 erant.
2588 3151 2755 3220 Quia
2786 3150 3007 3210 classis
3037 3151 3205 3226 reqis
3226 3169 3349 3226 per
3376 3170 3511 3210 ma-

416 3252 697 3327 additur‚
750 3251 873 3313 hoc
921 3258 1020 3314 est
1068 3251 1146 3312 ad
1198 3249 1408 3312 locum
1458 3248 1809 3323 sessionis;
1853 3258 1914 3308 et
2018 3273 2090 3314 re
2129 3248 2438 3326 Rubrum,
2488 3256 2559 3309 ut
2607 3246 2674 3308 in
2718 3245 3102 3329 praecedenti
3150 3246 3513 3309 insinuatur
3554 3271 3803 3327 mnoaax.

412 3354 759 3416 summitas
812 3355 1056 3422 throni,
1095 3355 1381 3413 rotunda
1427 3362 1567 3413 erat
1611 3354 1682 3431 in
1725 3360 1916 3428 parte
2021 3348 2325 3431 capitu10,
2369 3367 2517 3407 cum
2558 3349 2754 3406 classe
2796 3347 3038 3407 Hiram
3082 3344 3249 3425 regis
3285 3362 3299 3407 :
3342 3346 3514 3408 unde
3540 3338 3610 3379 ²⁶·

405 3454 800 3532 posteriori:
829 3450 1368 3532 quemadmodum
1406 3449 1472 3510 in
1501 3448 1817 3512 cathedris
1850 3448 1916 3509 li-
2021 3447 2299 3522 elicitur,
2347 3443 2518 3526 quod
2563 3444 2787 3506 saltem
2831 3443 3152 3505 interdum
3202 3443 3515 3506 miserunt

413 3551 599 3634 gneis
633 3548 781 3612 fieri
823 3549 1007 3613 solet.
1042 3548 1335 3628 Magister
1374 3547 1440 3609 in
1479 3546 1762 3609 historiis
1801 3546 1910 3622 ait,
2021 3546 2258 3609 classes
2306 3541 2643 3605 distinctas
2690 3548 2754 3602 et
2802 3540 3042 3622 plureS,
3087 3559 3200 3604 seu
3246 3548 3516 3623 uterque

413 3650 587 3732 quod
633 3647 974 3712 reclinatio
1021 3647 1236 3710 throni
1277 3644 1595 3729 posterior
1638 3651 1772 3706 erat
1818 3661 1917 3705 ro-
2023 3661 2245 3708 eorum
2278 3659 2496 3714 suam3
2526 3643 2717 3700 semel
2738 3659 2860 3716 per
2890 3649 3013 3700 tres
3041 3659 3245 3700 annos
3276 3641 3413 3701 ibat
3442 3642 3518 3702 in

415 3749 618 3812 tunda
668 3747 774 3828 (id
834 3753 935 3810 est
992 3745 1350 3808 auriculare
1407 3743 1512 3806 cui
1567 3751 1759 3825 caput
1817 3741 1916 3803 in·
2031 3741 2313 3803 Tharsis.
2365 3736 2646 3812 TharsiS‚
2698 3734 2952 3798 videtur
3008 3735 3115 3800 hic
3168 3735 3336 3798 sumi
3401 3754 3519 3818 pro

413 3846 763 3912 cumbebat
793 3844 1124 3925 sedentis),
1158 3844 1388 3906 sedens
1423 3861 1615 3924 super
1642 3842 1916 3904 vitulum
2025 3846 2327 3923 praetacto
2375 3835 2569 3898 Indiae
2627 3835 2789 3910 loco,
2840 3833 3135 3915 quamvis
3197 3833 3517 3898 interdum

414 3946 898 4029 respicientem,
919 3945 982 4007 id
1015 3951 1112 4007 est
1141 3951 1309 4006 retro
1337 3941 1919 4023 adspicientem.Ec
2029 3944 2316 4000 sumatur
2346 3953 2462 4018 pro
2492 3933 2651 3996 urbe
2680 3934 2955 4015 quadam
2986 3931 3256 4009 Ciliciae3
3289 3941 3351 3995 ct
3379 3932 3521 4012 jux-

416 4050 572 4108 duae
611 4064 845 4105 manus
877 4044 1033 4104 ltine
1075 4052 1266 4122 atque
1303 4043 1484 4111 inde,
1513 4040 1812 4104 videlicet
1854 4039 1920 4100 in
2029 4047 2092 4099 ta
2135 4035 2450 4110 Hebraeos,
2485 4031 2739 4094 Tharsis
2778 4031 3161 4112 generaliter
3200 4051 3375 4095 mare
3414 4031 3523 4094 de-

423 4153 608 4228 parte
639 4141 946 4206 anteriori
979 4149 1042 4203 et
1073 4138 1432 4222 posteriori,
1459 4148 1734 4200 tenentes
1762 4140 1923 4198 sedi·
2029 4135 2275 4214 signat;
2315 4141 2528 4212 atque,
2563 4138 2635 4192 ut
2673 4129 2908 4211 legitur
2952 4130 3017 4192 in
3059 4129 3309 4210 Genesi,
3354 4150 3521 4195 unus

425 4248 506 4314 le,
541 4239 845 4306 videlicet
886 4238 1096 4320 ipsum
1141 4237 1466 4300 thronum.
1502 4237 1568 4299 In
1613 4235 1924 4317 Paralipo-
1951 4236 2004 4298 D
2033 4234 2320 4296 filiorum
2367 4231 2563 4295 Javan
2623 4228 2750 4291 filii
2806 4229 3054 4311 Japhet,
3106 4239 3369 4294 vocatus
3425 4238 3522 4293 cst
3572 4255 3798 4306 Gemma

137 4363 356 4408 laidem.
425 4357 665 4406 menon
703 4336 1035 4413 scribitur,
1069 4336 1148 4398 Et
1186 4334 1512 4398 brachiola
1548 4336 1674 4397 duo
1703 4334 1924 4396 altrin-
2032 4330 2311 4394 Tharsis.
2348 4330 2655 4405 Deferens
2704 4329 2857 4388 inde
2902 4348 3145 4388 aurum
3190 4339 3251 4390 et
3297 4349 3523 4406 arqen-

427 4459 618 4504 secus
660 4455 674 4500 :
719 4437 942 4518 sicque
985 4435 1339 4496 similitudo
1388 4451 1638 4508 manus,
1680 4432 1925 4495 ratione
2033 4441 2172 4492 tum
2205 4427 2272 4488 in
2304 4425 2509 4506 copia,
2544 4433 2603 4484 ec
2630 4426 2848 4484 dentes
2876 4427 3385 4501 elephantorum,
3406 4425 3521 4506 qui

426 4535 939 4611 sustentationiS‚
959 4541 1220 4597 vocatur
1248 4531 1667 4608 brachiolum,
1693 4529 1928 4612 etquia
2033 4525 2345 4609 speciales
2389 4523 2627 4586 habent
2664 4522 2954 4584 virtutes,
2999 4521 3265 4596 Quidam
3308 4531 3522 4588 tamen

427 4635 678 4717 aliquid
709 4635 788 4696 de
817 4631 1240 4694 similitudine
1271 4628 1515 4693 brachii
1548 4628 1606 4692 ei
1637 4628 1922 4692 adhaesit.
2036 4644 2149 4707 per
2194 4623 2413 4685 dentes
2458 4619 2966 4702 elephantorum,
3010 4619 3377 4701 intelligunt
3420 4640 3527 4703 pe-

429 4739 518 4798 Ec
542 4738 677 4795 duo
712 4737 917 4792 leones
947 4730 1125 4793 aurei
1165 4731 1420 4790 stabant
1442 4730 1648 4805 juoela
1695 4749 1930 4788 manu-s·
2036 4723 2239 4787 ctines
2272 4719 2421 4782 inde
2452 4717 2676 4780 factos.
2700 4721 2789 4779 Et
2804 4719 3053 4790 simias,
3078 4737 3223 4800 quae
3250 4727 3400 4783 sunt
3430 4721 3531 4783 be-

425 4837 755 4911 sinqulas,
789 4849 904 4913 pro
935 4836 1165 4891 ornatu
1201 4845 1215 4890 :
1253 4826 1475 4909 sicque
1518 4824 1812 4888 manibus
1854 4825 1930 4886 il-
2039 4821 2176 4884 stiae
2218 4815 2598 4892 ridiculosae,
2634 4816 2713 4877 ad
2744 4815 3044 4877 solatium
3075 4825 3527 4899 provocantes3

431 4932 514 4996 lis
543 4927 1003 4995 exsistentibus
1046 4933 1340 5008 quatuor,
1371 4931 1551 4987 erant
1586 4932 1728 4987 octo
1771 4923 1932 4986 scul-
2036 4931 2096 4982 el
2119 4938 2343 4998 pavor,
2381 4915 2442 4977 id
2476 4922 2573 4978 est
2607 4932 2912 4996 pavoneS,
2945 4933 3218 4995 quorum
3251 4915 3535 4997 pulchrae

431 5030 528 5114 pti
561 5029 780 5093 leones
806 5049 822 5102 3
858 5025 959 5090 vel
991 5023 1046 5087 si
1079 5042 1304 5086 manus
1325 5029 1506 5085 erant
1534 5022 1696 5098 duoe,
1717 5021 1932 5083 leones
2039 5026 2104 5082 et
2133 5012 2621 5080 diversicolores
2652 5020 2801 5074 sunt
2830 5030 3078 5094 pennae,
3112 5020 3175 5075 et
3207 5013 3391 5095 quasi
3423 5014 3537 5076 im-

434 5136 714 5212 quatuor
752 5131 934 5187 erant
969 5140 982 5184 :
1019 5123 1132 5184 sed
1172 5121 1450 5203 primum
1501 5119 1702 5199 magis
1753 5137 1938 5201 appa·
2045 5113 2372 5198 putribilis
2416 5128 2585 5174 caro,
2617 5108 2795 5173 Unde
2833 5109 2899 5172 in
2942 5109 3106 5173 libro
3148 5111 3227 5174 de
3269 5111 3537 5176 Civitate

436 5236 558 5291 ret.
598 5229 686 5287 Ec
735 5223 1076 5284 duodecim
1123 5221 1410 5280 leunculi
1453 5217 1628 5281 aurei
1677 5214 1931 5297 sculpti,
2044 5213 2150 5276 Dei
2185 5210 2467 5293 loquitur
2498 5208 2890 5288 Augustinus
2928 5225 2941 5268 :
2974 5206 3125 5281 Quis
3155 5209 3331 5271 dedit
3359 5209 3537 5273 carni

435 5335 680 5391 stantes
727 5340 920 5399 super
965 5339 1076 5379 seoe
1115 5319 1365 5396 yradus
1411 5315 1732 5398 praefatOS,
1784 5317 1939 5375 hinc
2045 5311 2313 5394 pavonis
2348 5305 2971 5390 imputribilitatem?
