4359 6250
574 4294 639 4334 16.

863 495 981 560 370
1406 513 1753 560 mannum
1798 513 1858 558 IN
1900 513 2037 558 CAP.
2082 511 2192 558 XlX
2234 512 2391 557 1.an}
2435 512 2601 557 Pium
2645 512 2869 558 REGUH.
2914 531 2993 541 —
3034 513 3180 558 Am.
3224 512 3416 558 XXXVI

944 687 1194 748 Motum
1236 695 1325 746 est
1365 695 1580 746 autem
1620 705 1882 744 rursum
1922 685 2155 744 bellum
2189 682 2354 744 inter
2381 681 2433 745 A
2461 701 2648 744 mane
2695 682 3122 761 egredientem
3183 681 3564 745 occiderent.
3617 679 3956 760 Quumque

862 781 1213 844 Philistoeos
1246 791 1308 845 et
1340 783 1671 858 IsrathaS,
1705 793 1763 842 et
1797 801 2079 858 cyressus
2112 783 2348 852 David,

856 882 1185 957 pugnavit
1215 885 1559 941 adversum
1592 882 1981 949 Philistiim,
2010 881 2356 956 percussit-

863 999 987 1058 que
1014 999 1113 1038 εοε
1146 978 1341 1041 David
1364 983 1567 1056 plaqa
1598 999 1863 1055 mayna,
1884 987 1943 1038 et
1972 978 2290 1054 fuyerunt
2314 997 2354 1036 a

863 1078 1035 1155 facie
1070 1078 1212 1152 ejus
1251 1076 1444 1139 ceteri
1484 1076 1598 1158 qui
1646 1093 1773 1138 non
1816 1082 2000 1138 erant
2043 1073 2350 1156 percussi.

866 1175 951 1234 Ει
978 1175 1211 1251 faetus
1258 1184 1349 1234 εει
1395 1176 1668 1253 spiritus
1706 1175 1980 1234 Domini
2024 1176 2238 1233 malus
2281 1174 2354 1232 in

864 1273 1054 1332 Saul.
1092 1275 1361 1332 Sedebat
1400 1282 1615 1332 autem
1656 1273 1729 1331 in
1768 1274 1976 1342 dome,
2010 1280 2070 1331 et
2110 1273 2355 1332 tenebat

868 1373 1394 1432 lanceamporro
1415 1371 1633 1432 David
1658 1372 1967 1447 psallebat
1991 1389 2195 1429 manu
2211 1389 2349 1430 sua.

866 1469 1191 1547 Nisusque
1218 1477 1307 1528 εει
1340 1471 1505 1529 Saul
1534 1471 1847 1544 confiyere
1875 1471 1976 1528 Da
1987 1469 2093 1528 vid
2132 1471 2354 1528 lancea

866 1569 937 1625 in
966 1569 1214 1642 pariete
1234 1583 1258 1626 .·
1278 1565 1433 1647 quia
1460 1585 1537 1627 cx
1566 1565 1833 1628 victoria
1860 1583 2053 1646 quam
2088 1565 2186 1628 vir
2219 1583 2358 1626 san-

864 1672 1004 1725 ctus
1034 1663 1334 1740 obtinuit,
1369 1672 1578 1725 motus
1610 1661 1733 1724 fuit
1770 1671 1993 1725 contra
2032 1681 2177 1724 eum
2219 1682 2356 1725 ran-

864 1780 1033 1838 core,
1066 1781 1267 1843 quum
1320 1772 1532 1826 tamen
1581 1769 1926 1844 pugnasset
1974 1780 2089 1844 pro
2138 1781 2237 1825 eo.
2270 1764 2397 1824 Et·

2461 798 2588 842 non
2633 780 3058 858 egrederetur,
3091 780 3266 841 misit
3313 778 3570 842 lictores
3613 777 3725 859 qui
3767 793 3956 859 cape-

2463 885 2602 940 rent
2631 896 2776 940 eum
2809 877 2873 939 in
2919 879 3108 940 domo
3139 897 3274 940 sua.
3311 881 3394 940 Et
3425 897 3796 954 responsum
3834 885 3956 944 est,

2460 979 2630 1054 quod
2685 985 3041 1052 oeyrotarct.
3093 980 3506 1054 Rursumque
3553 976 3734 1034 misit
3783 977 3958 1034 Saul

2461 1076 2724 1134 nuntios
2775 1085 2848 1134 ut
2897 1075 3190 1134 viderent
3239 1076 3478 1145 David,
3529 1075 3748 1133 dicens
3778 1093 3801 1131 .·
3831 1074 3957 1148 Afi-

2460 1172 2623 1248 ferte
2649 1191 2795 1232 eum
2827 1175 2914 1232 ad
2945 1191 3042 1232 me
3079 1173 3154 1232 in
3199 1176 3374 1242 lecte,
3410 1181 3480 1232 ut
3516 1173 3870 1231 occidatur.
3905 1167 3957 1231 Ο

2459 1278 2700 1351 quanta
2730 1269 3035 1352 iniquitas
3080 1278 3144 1333 et
3173 1277 3416 1352 quanta
3457 1269 3826 1344 erudelitas,
3861 1269 3956 1330 sie

2461 1366 2712 1431 afflicto
2750 1376 2813 1431 et
2843 1368 3167 1432 innocenti
3211 1369 3440 1431 addere
3481 1366 3950 1430 afflictionem!

2465 1469 2802 1546 Quumque
2841 1468 3159 1528 venissent
3201 1469 3451 1538 nuntii,
3487 1467 3828 1526 inventum
3865 1474 3958 1524 est

2461 1567 2891 1626 simulacrum
2923 1584 3118 1640 super
3147 1569 3405 1634 lectum,
3423 1575 3482 1625 et
3507 1565 3700 1641 pellis
3729 1583 3960 1642 capra-

2462 1683 2614 1723 rum
2645 1666 2732 1723 ad
2761 1673 2956 1740 caput
2985 1665 3146 1740 ejus.
3181 1665 3496 1742 Dioeitque
3519 1665 3686 1724 Saul
3713 1665 3803 1722 ad
3835 1662 3960 1724 Mi-

2463 1763 2604 1821 chol
2635 1781 2656 1820 .·
2688 1765 2899 1830 Quare
2925 1764 3020 1822 sic
3050 1763 3320 1823 illusisti
3353 1763 3537 1832 mihi,
3561 1771 3622 1821 ει
3640 1761 3960 1820 dimisisti

863 1863 1216 1922 declinavit
1238 1861 1458 1922 David
1486 1882 1527 1921 a
1555 1863 1729 1937 facie
1748 1863 1937 1922 Saul.
1956 1864 2210 1921 Lancea
2241 1882 2354 1921 au·
2391 1859 2438 1920 B
2469 1861 2812 1920 inimicum
2843 1881 3056 1920 meum
3089 1870 3161 1920 ut
3191 1863 3486 1940 fuyeret?
3513 1862 3600 1921 Et
3628 1861 3958 1936 respondit

867 1968 989 2018 tem
1020 1979 1191 2019 casso
1221 1963 1487 2019 vulnere
1510 1963 1763 2035 perlata
1786 1969 1873 2020 est
1905 1961 1977 2018 in
1999 1961 2353 2035 parietem:

2467 1959 2706 2018 Michol
2742 1961 2830 2018 ad
2858 1960 3024 2019 Saul
3050 1979 3072 2018 .·
3107 1961 3276 2027 Quia
3320 1961 3453 2036 ipse
3480 1957 3676 2019 David
3709 1961 3959 2018 locutus

865 2056 927 2118 id
970 2064 1086 2133 est,
1123 2055 1269 2118 Saul
1311 2074 1439 2120 non
1480 2058 1796 2138 tangendo
1831 2056 2049 2133 David,
2086 2056 2356 2138 impegit
2463 2067 2552 2116 est
2590 2058 2780 2128 milii,
2813 2059 3030 2117 dicens
3060 2078 3082 2117 .·
3113 2059 3386 2118 Dimitte
3425 2078 3544 2128 me,
3580 2056 3644 2118 id
3689 2063 3808 2130 est,
3843 2071 3962 2136 per

864 2155 1149 2217 lanceam
1196 2173 1376 2216 suam
1421 2155 1486 2216 in
1528 2155 1833 2236 parietem
1864 2155 2105 2236 absque
2134 2155 2355 2216 vulne·
2468 2153 2808 2218 fenestram
2839 2156 3088 2236 depone
3118 2175 3242 2232 me,
3275 2157 3526 2234 alioqui
3564 2157 3961 2231 interficiam

864 2252 1109 2314 ratione
1159 2252 1362 2334 ipsius
1414 2252 1642 2326 David3
1683 2263 1743 2314 et
1790 2255 2009 2314 David
2056 2254 2236 2330 fuqit
2285 2252 2351 2314 in
2468 2264 2544 2314 te.
2577 2253 2705 2316 Hoc
2733 2253 2895 2314 dixit
2923 2253 3000 2314 ad
3035 2253 3556 2316 satisfaciendum
3601 2252 3767 2336 patri
3813 2269 3956 2326 suo,

862 2351 1120 2412 domum
1152 2369 1355 2426 suam,
1389 2361 1448 2412 et
1474 2355 1764 2412 salvatus
1790 2361 1881 2410 est
1912 2361 2089 2412 nocte
2124 2354 2265 2422 illa,
2289 2351 2350 2413 id

862 2455 979 2526 est,
1022 2467 1136 2529 per
1182 2447 1399 2529 fugam
1448 2448 1651 2512 evasit
1700 2457 1970 2511 mortem
2022 2449 2087 2510 in
2141 2459 2349 2526 nocte,

862 2546 931 2608 in
980 2565 1109 2627 qua
1148 2545 1373 2608 Michol
1419 2565 1533 2628 per
1580 2547 1925 2614 fenestram
1970 2565 2118 2608 eum
2158 2548 2354 2628 depo-

862 2644 1012 2721 suit,
1048 2644 1215 2708 sicut
1255 2644 1322 2706 in
1369 2652 1564 2721 textu,
1599 2645 1713 2726 qui
1756 2645 1987 2726 planus
2028 2653 2145 2720 est,
2191 2644 2352 2707 reei-

864 2750 1052 2805 tatur.

944 2843 1130 2902 Misit
1162 2861 1313 2918 erqo
1344 2845 1514 2902 Saul
1541 2843 1846 2902 satellites
1885 2863 2032 2902 suos
2061 2852 2240 2902 nocte
2279 2844 2352 2902 in

860 2941 1127 3000 domum
1156 2941 1398 3012 David,
1436 2949 1507 3000 ut
1536 2941 1930 3000 custodirent
1958 2961 2131 3010 eum,
2161 2950 2222 3009 et
2251 2942 2354 3002 in-

2466 2349 2718 2432 fuitque
2767 2349 3134 2414 officiosum
3180 2351 3603 2428 mendacium,
3648 2349 3958 2432 quoniam

2465 2451 2735 2532 ipsamet
2755 2449 2979 2512 Michol
3012 2449 3220 2512 virum
3251 2469 3439 2512 suum
3468 2449 3690 2512 intime
3709 2467 3956 2524 amans,

2467 2549 2780 2630 persuasit
2808 2548 2866 2610 ei
2901 2557 2971 2610 ut
3002 2547 3272 2628 fugeret.

2547 2649 2767 2708 David
2808 2657 3024 2706 autem
3068 2648 3354 2725 fuyiens,
3385 2649 3672 2706 salvatus
3713 2655 3826 2706 est.
3871 2647 3964 2706 Et

2469 2747 2642 2804 venit
2683 2743 2877 2807 David
2925 2747 3014 2804 ad
3051 2747 3322 2806 Samuel
3370 2746 3443 2804 in
3477 2746 3806 2805 Ramatlm
3856 2761 3964 2804 ur·

2471 2843 2636 2918 bem,
2678 2853 2738 2903 ει
2777 2845 3115 2904 nuntiavit
3155 2845 3219 2902 ei
3259 2844 3482 2904 omnia
3529 2863 3670 2922 quoe
3715 2843 3964 2919 fecerat

2465 2943 2595 3000 sibi
2620 2944 2810 3005 Saul.
2841 2943 2929 3002 Ec
2968 2943 3266 3002 abierunt
3311 2943 3446 3019 ipse
3481 2949 3541 3001 ει
3569 2944 3858 3010 Samuel,
3893 2951 3963 3002 ει

864 3043 1257 3114 terficeretur
1285 3058 1495 3099 mane.
1534 3041 1715 3108 Quod
1733 3059 1936 3117 quum
1966 3041 2356 3100 annuntias-
2392 3046 2435 3108 C
2471 3042 2707 3100 morati
2734 3051 2884 3100 sunt
2915 3041 2988 3100 in
3023 3041 3287 3110 Naiotlz,
3323 3040 3386 3101 id
3432 3047 3528 3102 cst
3559 3040 3626 3100 in
3665 3038 3830 3102 colle
3859 3039 3962 3102 sic

858 3147 949 3197 set
980 3139 1196 3198 David
1227 3140 1469 3199 Micliol
1510 3158 1677 3198 uxor
1704 3140 1869 3215 ejus,
1899 3142 2117 3199 dicens
2148 3159 2170 3199 :
2205 3141 2358 3199 Nisi

859 3237 1214 3295 salvaveris
1247 3245 1304 3297 te
1332 3247 1509 3297 nocte
1537 3238 1679 3306 kae,
1712 3257 1855 3296 cras
1886 3239 2181 3297 morieris
2203 3260 2230 3307 ,⁴
2254 3240 2356 3297 de-

852 3335 1075 3411 posuit
1100 3355 1251 3396 eum
1270 3354 1391 3412 per
1420 3335 1797 3411 fenestram.
1821 3338 2028 3397 Porro
2049 3338 2160 3396 ille
2192 3338 2355 3397 abiit

860 3442 921 3493 et
970 3434 1259 3510 aufuqit,
1303 3443 1494 3513 atque
1535 3438 1827 3494 salvatus
1869 3444 1978 3494 εει.
2022 3436 2199 3495 Tulit
2243 3448 2355 3493 au·

864 3539 1021 3601 tem,
1043 3530 1107 3592 id
1139 3540 1235 3593 est
1265 3530 1529 3613 accepit,
1560 3534 1802 3593 Mic-leot
1829 3542 2135 3603 statuam,
2164 3532 2227 3593 id
2259 3539 2356 3593 est

861 3626 1146 3708 ligneum
1175 3637 1284 3691 aut
1312 3648 1571 3691 saxeum
1604 3629 2014 3691 simulacrum
2041 3630 2347 3707 hominiS,

858 3736 918 3787 ει
939 3729 1161 3803 posuit
1187 3748 1331 3787 eam
1360 3748 1551 3804 super
1582 3732 1835 3798 lectum,
1861 3726 2158 3791 videlicet
2190 3729 2355 3791 inter

861 3824 1255 3901 linteamina,
1302 3836 1361 3885 et
1400 3830 1640 3902 pellem
1670 3829 1951 3902 pilosam
2000 3847 2354 3903 caprarum

858 3925 1074 4001 posuit
1118 3927 1206 3985 ad
1246 3933 1441 4001 caput
1476 3925 1643 4001 ejus,
1674 3923 1736 3985 id
1781 3931 1877 3985 est
1924 3943 2115 4005 supra
2163 3932 2355 4006 eaput

864 4030 1107 4097 statuae,
1132 4021 1210 4083 ad
1242 4021 1824 4103 repraesentandum
1846 4022 2111 4104 capillos
2136 4024 2349 4101 David,

866 4120 1031 4184 sicut
1062 4128 1269 4182 statua
1290 4120 1767 4200 repraesentavit
1786 4129 1977 4202 caput
1997 4121 2200 4203 ipsius
2223 4140 2236 4183 :
2263 4124 2354 4187 sic

862 4316 993 4379 suit
1030 4316 1324 4379 manibus
1350 4315 1583 4390 Jacob3
1626 4327 1684 4377 et
1718 4319 1971 4393 operuit
2000 4339 2141 4379 eam
2179 4324 2356 4381 vesti-

862 4417 1115 4482 mentis,
1152 4413 1386 4477 Stravit
1414 4414 1651 4476 etenim
1683 4414 1918 4477 lectum
1956 4416 2141 4497 quasi
2175 4416 2355 4479 infir-

863 4511 1131 4587 mantiS,
1182 4520 1247 4574 et
1293 4514 1399 4591 (ut
1448 4511 1513 4573 in
1566 4511 1853 4575 historiis
1901 4512 1991 4575 ait
2034 4514 2353 4597 Magister)

861 4610 1198 4691 opertoriis
1248 4610 1586 4693 supposuit
1645 4611 1824 4693 jecur
1880 4631 2086 4694 caprae
2142 4614 2351 4677 adbuc

860 4708 1137 4770 calidum
1168 4718 1231 4771 et
1275 4709 1525 4790 spirans
1560 4728 1671 4771 scu
1716 4710 1996 4786 sumanS,
2032 4712 2111 4774 ad
2143 4713 2352 4793 expri-

858 4808 1161 4869 mendum
1204 4806 1695 4871 similitudinem
1736 4808 2117 4871 anhelantis
2166 4813 2351 4872 Misit

856 4915 1073 4966 aulem
1116 4908 1282 4967 Saul
1320 4907 1745 4984 apparitores,
1781 4905 1844 4967 id
1885 4915 1982 4968 est
2020 4907 2348 4972 ministros

857 5021 1129 5084 quorum
1159 5002 1229 5067 of
1235 5002 1457 5067 ficium
1492 5004 1519 5064 f
1522 5003 1617 5065 uit
1649 5004 1963 5067 trucidare
1992 5006 2345 5085 maleficOS,

856 5105 974 5183 qui
1004 5113 1324 5181 raperent,
1352 5102 1427 5164 id·
1446 5110 1543 5165 est
1572 5103 2204 5185 comprehenderent,
2225 5111 2352 5169 Da-

860 5202 994 5261 vid.
1027 5200 1235 5263 Primo
1263 5201 1506 5282 quippe
1536 5200 1712 5262 misit
1740 5200 2043 5263 satellites
2074 5205 2152 5266 ad
2184 5205 2351 5267 obsi-

858 5298 1137 5363 dendum
1168 5299 1364 5363 David
1400 5300 1465 5361 in
1497 5299 1756 5381 propria
1785 5300 1996 5376 dome,
2032 5312 2350 5382 quatenus

2465 3138 2658 3215 dicto,
2689 3139 2802 3219 qui
2847 3138 2970 3200 fuit
2999 3142 3072 3200 in
3107 3142 3461 3209 Ramatha,
3503 3139 3569 3201 in
3615 3157 3744 3220 quo
3785 3138 3962 3201 colle

2463 3245 2644 3299 erant
2665 3237 3027 3301 mansiones
3045 3237 3514 3319 prophetarum.
3529 3241 3681 3299 Nun
3691 3240 3964 3299 tiamm-

2463 3356 2585 3415 que
2612 3346 2702 3396 est
2733 3338 2929 3398 Sauli
2948 3356 2990 3395 a
3009 3338 3368 3396 dicentibus
3388 3357 3412 3396 .·
3438 3340 3590 3398 Ecce
3609 3339 3824 3410 David
3853 3344 3960 3397 est

2464 3438 2538 3495 in
2561 3436 2802 3495 Naiotlc
2829 3436 2901 3494 in
2921 3436 3272 3498 Ramatha.
3293 3436 3479 3495 Misit
3506 3454 3651 3512 erqo
3674 3438 3842 3495 Saul
3871 3437 3960 3493 li—

2461 3542 2682 3601 ctores,
2701 3532 2765 3594 id
2789 3540 2883 3595 est
2912 3531 3272 3609 carnificeS,
3293 3542 3364 3593 ut
3392 3542 3688 3610 raperent
3707 3535 3951 3593 David

2466 3632 2592 3699 Qui
2620 3651 2823 3709 quum
2851 3632 3158 3691 vidissent
3182 3650 3460 3691 cuneum
3483 3632 3954 3709 prophetarum

2463 3730 3002 3798 vaticinantium,
3042 3728 3106 3790 id
3153 3736 3250 3791 est
3299 3729 3494 3791 Deum
3547 3728 3946 3791 laudantium

2464 3847 2575 3889 seu
2609 3826 2979 3908 prophetica
3003 3826 3247 3889 cantica
3272 3826 3708 3908 psallentium3
3732 3834 3798 3889 et
3823 3825 3960 3888 for—

2464 3945 2576 3987 san
2609 3926 2871 4007 quidam
2903 3943 3121 3988 eorum
3147 3923 3444 4006 spiritum
3465 3925 3810 4007 prophetiae
3839 3924 3958 3987 ha-

2465 4022 2700 4086 bebant
2720 4048 2734 4099 ς
2753 4034 2813 4085 ει
2836 4027 3200 4085 Samuelem
3230 4033 3504 4084 stantem
3530 4044 3718 4101 super
3733 4042 3860 4095 eos,
3882 4023 3956 4085 id

2463 4130 2559 4183 est
2589 4122 3032 4204 praesidentem
3065 4120 3157 4183 cis
3190 4140 3262 4183 ae
3301 4120 3702 4201 dirigentem,
3730 4126 3958 4201 faetus

591 4228 835 4279 Gen-mn.
865 4227 927 4281 et
962 4217 1241 4281 Rebecca
1270 4216 1597 4299 pelliculas
1633 4217 1965 4281 hoedorum
2004 4220 2356 4309 circumpof
2386 4224 2435 4286 D
2463 4231 2550 4281 est
2590 4223 2788 4281 etiam
2820 4222 2894 4281 in
2939 4222 3076 4281 illis
3107 4221 3398 4298 Spiritus
3429 4221 3715 4281 Domini.
3750 4218 3960 4301 Spiri-

2466 4327 2566 4380 tus
2598 4318 2870 4395 Domini,
2913 4326 3010 4381 est
3040 4317 3311 4400 Spiritus
3343 4317 3631 4395 SanetuS,
3663 4317 3773 4399 qui
3815 4336 3954 4383 non

2464 4425 2559 4479 est
2589 4426 2838 4479 creatus
2868 4435 2984 4479 nec
3020 4417 3247 4493 factuS,
3281 4417 3460 4479 seda
3487 4416 3667 4479 Patre
3693 4424 3756 4478 et
3783 4415 3958 4481 Filio

2463 4516 2883 4577 immanenter
2913 4514 3420 4596 aeternaliterque
3449 4516 3813 4597 procedenS,
3849 4533 3962 4578 co-

2461 4621 2754 4690 aeternuS‚
2780 4612 3118 4695 coaequalis
3139 4621 3204 4675 et
3220 4612 3774 4677 consubstantialis
3795 4614 3964 4675 utri-

2460 4730 2608 4793 que.
2642 4712 2764 4775 Sed
2791 4712 3027 4775 dicitur
3056 4710 3259 4775 factus
3289 4712 3355 4773 in
3388 4712 3667 4790 homine,
3691 4714 3958 4793 quando

2460 4810 2703 4891 aliquid
2735 4810 3008 4891 gratiose
3039 4818 3338 4891 operatur
3366 4810 3432 4872 in
3465 4830 3562 4875 eo.
3597 4811 3820 4877 Facms
3853 4821 3957 4875 est

2459 4928 2608 4990 ergo
2647 4910 2714 4971 in
2753 4910 2889 4971 istis
2930 4908 3202 4991 Spiritus
3243 4910 3374 4987 Dei,
3409 4910 3472 4972 id
3511 4919 3630 4987 est,
3675 4910 3956 4993 Spiritus

2459 5010 2568 5072 Dei
2599 5028 2713 5091 per
2742 5008 3139 5090 spiritualem
3170 5008 3510 5089 quamdam
3541 5010 3954 5074 devotionem

2459 5107 2650 5188 coepit
2682 5126 2820 5169 esse
2852 5106 2916 5168 in
2949 5106 3040 5168 cis
3071 5105 3313 5187 absque
3343 5126 3478 5184 sua,
3512 5108 3620 5169 sed
3653 5126 3780 5171 non
3811 5108 3961 5171 sine

2458 5205 2714 5269 illorum
2775 5204 3148 5267 mutatione.
3191 5208 3282 5267 Et
3326 5209 3712 5283 prophetare
3757 5228 3960 5283 σαφε-

2459 5314 2613 5364 runt
2643 5306 2840 5364 etiam
2885 5305 3032 5381 ipsi,
3065 5302 3129 5364 id
3175 5311 3291 5379 cst,
3327 5304 3520 5367 Deum
3568 5303 3852 5381 laudare,
3887 5314 3956 5371 et
