<?xml version="1.0" encoding="UTF-8"?>
<!DOCTYPE html PUBLIC "-//W3C//DTD XHTML 1.0 Transitional//EN"
    "http://www.w3.org/TR/xhtml1/DTD/xhtml1-transitional.dtd">
<html xmlns="http://www.w3.org/1999/xhtml" xml:lang="en" lang="en">
 <head>
  <title>
</title>
<meta http-equiv="Content-Type" content="text/html;charset=utf-8" />
  <meta name='ocr-system' content='tesseract 3.04.00' />
  <meta name='ocr-capabilities' content='ocr_page ocr_carea ocr_par ocr_line ocrx_word'/>
</head>
<body>
  <div class='ocr_page' id='page_1' title='image "./doctorisecstati02denigoog_0384.png"; bbox 0 0 4359 6250; ppageno 0'>
   <div class='ocr_carea' id='block_1_1' title="bbox 881 504 2894 556">
    <p class='ocr_par' dir='ltr' id='par_1_1' title="bbox 881 504 2894 556">
     <span class='ocr_line' id='line_1_1' title="bbox 881 504 2894 556; baseline 0.003 -7"><span class='ocrx_word' id='word_1_1' title='bbox 881 504 1228 551; x_wconf 67' lang='lat' dir='ltr'><strong>mantnano</strong></span> <span class='ocrx_word' id='word_1_2' title='bbox 1271 505 1332 550; x_wconf 80' lang='grc' dir='ltr'><strong>ΙΝ</strong></span> <span class='ocrx_word' id='word_1_3' title='bbox 1375 506 1510 551; x_wconf 76' lang='grc' dir='ltr'><strong>ΟΑΡ.</strong></span> <span class='ocrx_word' id='word_1_4' title='bbox 1558 505 1662 551; x_wconf 83' lang='lat' dir='ltr'><strong>xlv</strong></span> <span class='ocrx_word' id='word_1_5' title='bbox 1707 506 1862 552; x_wconf 81' lang='lat' dir='ltr'><strong>LIBRI</strong></span> <span class='ocrx_word' id='word_1_6' title='bbox 1905 505 2071 552; x_wconf 76' lang='lat' dir='ltr'><strong>Plum</strong></span> <span class='ocrx_word' id='word_1_7' title='bbox 2116 507 2339 553; x_wconf 77' lang='lat' dir='ltr'><strong>REGUM.</strong></span> <span class='ocrx_word' id='word_1_8' title='bbox 2386 527 2467 537; x_wconf 89' lang='lat'><strong>·—</strong></span> <span class='ocrx_word' id='word_1_9' title='bbox 2507 509 2651 555; x_wconf 69' lang='grc' dir='ltr'><strong>ΛΒΤ.</strong></span> <span class='ocrx_word' id='word_1_10' title='bbox 2700 510 2894 556; x_wconf 82' lang='lat' dir='ltr'><strong>xxvul</strong></span> 
     </span>
    </p>
   </div>
   <div class='ocr_carea' id='block_1_2' title="bbox 3313 494 3427 557">
    <p class='ocr_par' dir='ltr' id='par_1_2' title="bbox 3313 494 3427 557">
     <span class='ocr_line' id='line_1_2' title="bbox 3313 494 3427 557; baseline 0.009 -1"><span class='ocrx_word' id='word_1_11' title='bbox 3313 494 3427 557; x_wconf 77' lang='lat'><strong>341</strong></span> 
     </span>
    </p>
   </div>
   <div class='ocr_carea' id='block_1_3' title="bbox 334 673 3433 760">
    <p class='ocr_par' dir='ltr' id='par_1_3' title="bbox 334 673 3433 760">
     <span class='ocr_line' id='line_1_3' title="bbox 334 673 3433 760; baseline 0.003 -26"><span class='ocrx_word' id='word_1_12' title='bbox 334 673 566 735; x_wconf 91' lang='lat' dir='ltr'><strong>talium</strong></span> <span class='ocrx_word' id='word_1_13' title='bbox 608 675 1014 756; x_wconf 80' lang='lat' dir='ltr'><strong>praelatorum</strong></span> <span class='ocrx_word' id='word_1_14' title='bbox 1061 685 1124 738; x_wconf 91' lang='lat' dir='ltr'><strong>et</strong></span> <span class='ocrx_word' id='word_1_15' title='bbox 1163 679 1494 741; x_wconf 89' lang='lat' dir='ltr'><strong>doctorum</strong></span> <span class='ocrx_word' id='word_1_16' title='bbox 1539 696 1831 758; x_wconf 87' lang='lat' dir='ltr'><strong>coopera-</strong></span> <span class='ocrx_word' id='word_1_17' title='bbox 1861 675 1912 736; x_wconf 91' lang='lat' dir='ltr'><strong>A</strong></span> <span class='ocrx_word' id='word_1_18' title='bbox 1942 684 2154 739; x_wconf 87' lang='lat' dir='ltr'><strong>tanam</strong></span> <span class='ocrx_word' id='word_1_19' title='bbox 2191 677 2311 740; x_wconf 91' lang='lat' dir='ltr'><strong>sub</strong></span> <span class='ocrx_word' id='word_1_20' title='bbox 2344 679 2607 760; x_wconf 91' lang='lat' dir='ltr'><strong>pedibus</strong></span> <span class='ocrx_word' id='word_1_21' title='bbox 2640 680 2865 743; x_wconf 88' lang='lat' dir='ltr'><strong>vestris</strong></span> <span class='ocrx_word' id='word_1_22' title='bbox 2898 679 3433 744; x_wconf 84' lang='lat' dir='ltr'><strong>velociter.Porro</strong></span> 
     </span>
    </p>
   </div>
   <div class='ocr_carea' id='block_1_4' title="bbox 91 774 1839 1845">
    <p class='ocr_par' dir='ltr' id='par_1_4' title="bbox 91 774 1839 1845">
     <span class='ocr_line' id='line_1_4' title="bbox 333 774 1834 860; baseline 0.003 -26"><span class='ocrx_word' id='word_1_23' title='bbox 333 781 530 848; x_wconf 76' lang='lat' dir='ltr'><strong>torcS,</strong></span> <span class='ocrx_word' id='word_1_24' title='bbox 556 774 783 837; x_wconf 85' lang='lat' dir='ltr'><strong>vicarii</strong></span> <span class='ocrx_word' id='word_1_25' title='bbox 813 783 1006 856; x_wconf 88' lang='lat' dir='ltr'><strong>atque</strong></span> <span class='ocrx_word' id='word_1_26' title='bbox 1035 776 1336 859; x_wconf 90' lang='lat' dir='ltr'><strong>discipuli</strong></span> <span class='ocrx_word' id='word_1_27' title='bbox 1374 795 1388 838; x_wconf 92' lang='lat'>:</span> <span class='ocrx_word' id='word_1_28' title='bbox 1417 777 1530 860; x_wconf 89' lang='lat' dir='ltr'><strong>qui</strong></span> <span class='ocrx_word' id='word_1_29' title='bbox 1560 785 1834 858; x_wconf 86' lang='lat' dir='ltr'><strong>pergunt</strong></span> 
     </span>
     <span class='ocr_line' id='line_1_5' title="bbox 335 873 1836 958; baseline 0.002 -24"><span class='ocrx_word' id='word_1_30' title='bbox 335 873 412 934; x_wconf 87' lang='lat' dir='ltr'><strong>ad</strong></span> <span class='ocrx_word' id='word_1_31' title='bbox 445 873 792 936; x_wconf 91' lang='lat' dir='ltr'><strong>stationem</strong></span> <span class='ocrx_word' id='word_1_32' title='bbox 824 873 1598 958; x_wconf 77' lang='lat' dir='ltr'><strong>philistinorum,quando</strong></span> <span class='ocrx_word' id='word_1_33' title='bbox 1619 877 1696 938; x_wconf 92' lang='lat' dir='ltr'><strong>ad</strong></span> <span class='ocrx_word' id='word_1_34' title='bbox 1729 895 1836 937; x_wconf 82' lang='lat' dir='ltr'><strong>sae-</strong></span> 
     </span>
     <span class='ocr_line' id='line_1_6' title="bbox 337 972 1833 1039; baseline 0.003 -5"><span class='ocrx_word' id='word_1_35' title='bbox 337 972 658 1034; x_wconf 87' lang='lat' dir='ltr'><strong>cularium</strong></span> <span class='ocrx_word' id='word_1_36' title='bbox 690 982 754 1036; x_wconf 86' lang='lat' dir='ltr'><strong>et</strong></span> <span class='ocrx_word' id='word_1_37' title='bbox 775 975 1126 1037; x_wconf 89' lang='lat' dir='ltr'><strong>carnalium</strong></span> <span class='ocrx_word' id='word_1_38' title='bbox 1147 976 1480 1038; x_wconf 83' lang='lat' dir='ltr'><strong>societates</strong></span> <span class='ocrx_word' id='word_1_39' title='bbox 1503 976 1833 1039; x_wconf 89' lang='lat' dir='ltr'><strong>hominum</strong></span> 
     </span>
     <span class='ocr_line' id='line_1_7' title="bbox 338 1073 1837 1155; baseline 0.002 -22"><span class='ocrx_word' id='word_1_40' title='bbox 338 1079 712 1153; x_wconf 90' lang='lat' dir='ltr'><strong>properant,</strong></span> <span class='ocrx_word' id='word_1_41' title='bbox 734 1080 806 1134; x_wconf 89' lang='lat' dir='ltr'><strong>ut</strong></span> <span class='ocrx_word' id='word_1_42' title='bbox 836 1092 1058 1136; x_wconf 90' lang='lat' dir='ltr'><strong>eorum</strong></span> <span class='ocrx_word' id='word_1_43' title='bbox 1091 1073 1264 1136; x_wconf 89' lang='lat' dir='ltr'><strong>vitiis</strong></span> <span class='ocrx_word' id='word_1_44' title='bbox 1295 1074 1692 1155; x_wconf 84' lang='lat' dir='ltr'><strong>expugnatis,</strong></span> <span class='ocrx_word' id='word_1_45' title='bbox 1718 1074 1837 1137; x_wconf 81' lang='lat' dir='ltr'><strong>dae-</strong></span> 
     </span>
     <span class='ocr_line' id='line_1_8' title="bbox 99 1170 1837 1253; baseline 0.003 -23"><span class='ocrx_word' id='word_1_46' title='bbox 99 1185 307 1234; x_wconf 51' lang='lat' dir='ltr'><strong>metam.</strong></span> <span class='ocrx_word' id='word_1_47' title='bbox 335 1170 643 1233; x_wconf 89' lang='lat' dir='ltr'><strong>monibus</strong></span> <span class='ocrx_word' id='word_1_48' title='bbox 691 1189 950 1252; x_wconf 90' lang='lat' dir='ltr'><strong>quoque</strong></span> <span class='ocrx_word' id='word_1_49' title='bbox 990 1191 1262 1253; x_wconf 88' lang='lat' dir='ltr'><strong>quorum</strong></span> <span class='ocrx_word' id='word_1_50' title='bbox 1309 1192 1460 1235; x_wconf 89' lang='lat' dir='ltr'><strong>vasa</strong></span> <span class='ocrx_word' id='word_1_51' title='bbox 1499 1181 1699 1249; x_wconf 90' lang='lat' dir='ltr'><strong>erant,</strong></span> <span class='ocrx_word' id='word_1_52' title='bbox 1738 1175 1837 1236; x_wconf 91' lang='lat' dir='ltr'><strong>de-</strong></span> 
     </span>
     <span class='ocr_line' id='line_1_9' title="bbox 91 1251 1836 1351; baseline 0.002 -21"><span class='ocrx_word' id='word_1_53' title='bbox 91 1251 143 1294; x_wconf 65' lang='grc'><strong>’““·</strong></span> <span class='ocrx_word' id='word_1_54' title='bbox 338 1268 571 1350; x_wconf 77' lang='lat' dir='ltr'><strong>pulsiS‚</strong></span> <span class='ocrx_word' id='word_1_55' title='bbox 609 1269 922 1332; x_wconf 81' lang='lat' dir='ltr'><strong>reducant</strong></span> <span class='ocrx_word' id='word_1_56' title='bbox 954 1269 1127 1351; x_wconf 90' lang='lat' dir='ltr'><strong>ipsos</strong></span> <span class='ocrx_word' id='word_1_57' title='bbox 1156 1270 1234 1332; x_wconf 90' lang='lat' dir='ltr'><strong>ad</strong></span> <span class='ocrx_word' id='word_1_58' title='bbox 1264 1269 1627 1333; x_wconf 89' lang='lat' dir='ltr'><strong>Dominum.</strong></span> <span class='ocrx_word' id='word_1_59' title='bbox 1659 1270 1836 1334; x_wconf 92' lang='lat' dir='ltr'><strong>Unde</strong></span> 
     </span>
     <span class='ocr_line' id='line_1_10' title="bbox 119 1367 1835 1451; baseline -0.001 -16"><span class='ocrx_word' id='word_1_60' title='bbox 119 1393 308 1443; x_wconf 47' lang='lat' dir='ltr'><strong>maa.</strong></span> <span class='ocrx_word' id='word_1_61' title='bbox 337 1367 636 1432; x_wconf 78' lang='lat' dir='ltr'><strong>Salvator</strong></span> <span class='ocrx_word' id='word_1_62' title='bbox 673 1368 838 1432; x_wconf 85' lang='lat' dir='ltr'><strong>dixit</strong></span> <span class='ocrx_word' id='word_1_63' title='bbox 876 1368 1214 1451; x_wconf 84' lang='lat' dir='ltr'><strong>discipulis</strong></span> <span class='ocrx_word' id='word_1_64' title='bbox 1257 1389 1272 1431; x_wconf 89' lang='lat'><strong>:</strong></span> <span class='ocrx_word' id='word_1_65' title='bbox 1306 1369 1468 1433; x_wconf 84' lang='lat' dir='ltr'><strong>Ecce</strong></span> <span class='ocrx_word' id='word_1_66' title='bbox 1497 1388 1612 1450; x_wconf 85' lang='lat' dir='ltr'><strong>ego</strong></span> <span class='ocrx_word' id='word_1_67' title='bbox 1650 1371 1835 1434; x_wconf 90' lang='lat' dir='ltr'><strong>mitto</strong></span> 
     </span>
     <span class='ocr_line' id='line_1_11' title="bbox 339 1467 1838 1550; baseline -0.001 -20"><span class='ocrx_word' id='word_1_68' title='bbox 339 1485 452 1530; x_wconf 90' lang='lat' dir='ltr'><strong>vos</strong></span> <span class='ocrx_word' id='word_1_69' title='bbox 504 1467 676 1530; x_wconf 90' lang='lat' dir='ltr'><strong>sicut</strong></span> <span class='ocrx_word' id='word_1_70' title='bbox 718 1485 868 1531; x_wconf 91' lang='lat' dir='ltr'><strong>oves</strong></span> <span class='ocrx_word' id='word_1_71' title='bbox 921 1467 990 1530; x_wconf 91' lang='lat' dir='ltr'><strong>in</strong></span> <span class='ocrx_word' id='word_1_72' title='bbox 1041 1468 1252 1531; x_wconf 90' lang='lat' dir='ltr'><strong>medio</strong></span> <span class='ocrx_word' id='word_1_73' title='bbox 1293 1469 1608 1550; x_wconf 89' lang='lat' dir='ltr'><strong>luporum.</strong></span> <span class='ocrx_word' id='word_1_74' title='bbox 1643 1472 1838 1532; x_wconf 76' lang='lat' dir='ltr'><strong>Patri</strong></span> 
     </span>
     <span class='ocr_line' id='line_1_12' title="bbox 336 1569 1839 1650; baseline 0.002 -24"><span class='ocrx_word' id='word_1_75' title='bbox 336 1577 560 1627; x_wconf 71' lang='lat' dir='ltr'><strong>autem</strong></span> <span class='ocrx_word' id='word_1_76' title='bbox 579 1587 696 1626; x_wconf 81' lang='lat' dir='ltr'><strong>suo</strong></span> <span class='ocrx_word' id='word_1_77' title='bbox 715 1569 832 1627; x_wconf 74' lang='lat' dir='ltr'><strong>hoc</strong></span> <span class='ocrx_word' id='word_1_78' title='bbox 859 1569 1074 1645; x_wconf 81' lang='lat' dir='ltr'><strong>ipsum</strong></span> <span class='ocrx_word' id='word_1_79' title='bbox 1105 1589 1235 1628; x_wconf 81' lang='lat' dir='ltr'><strong>non</strong></span> <span class='ocrx_word' id='word_1_80' title='bbox 1265 1570 1588 1628; x_wconf 80' lang='lat' dir='ltr'><strong>indicavit</strong></span> <span class='ocrx_word' id='word_1_81' title='bbox 1605 1589 1628 1628; x_wconf 91' lang='lat'><strong>.·</strong></span> <span class='ocrx_word' id='word_1_82' title='bbox 1645 1587 1839 1650; x_wconf 87' lang='lat' dir='ltr'><strong>opera</strong></span> 
     </span>
     <span class='ocr_line' id='line_1_13' title="bbox 336 1665 1837 1748; baseline 0.003 -23"><span class='ocrx_word' id='word_1_83' title='bbox 336 1665 586 1747; x_wconf 82' lang='lat' dir='ltr'>quippe</span> <span class='ocrx_word' id='word_1_84' title='bbox 632 1666 1216 1748; x_wconf 85' lang='lat' dir='ltr'><strong>supererogationis</strong></span> <span class='ocrx_word' id='word_1_85' title='bbox 1265 1673 1504 1730; x_wconf 88' lang='lat' dir='ltr'><strong>secrete</strong></span> <span class='ocrx_word' id='word_1_86' title='bbox 1550 1665 1698 1729; x_wconf 87' lang='lat' dir='ltr'><strong>fieri</strong></span> <span class='ocrx_word' id='word_1_87' title='bbox 1742 1685 1837 1729; x_wconf 94' lang='lat' dir='ltr'><strong>so-</strong></span> 
     </span>
     <span class='ocr_line' id='line_1_14' title="bbox 338 1763 1836 1845; baseline 0.001 -21"><span class='ocrx_word' id='word_1_88' title='bbox 338 1763 494 1826; x_wconf 88' lang='lat' dir='ltr'><strong>lent.</strong></span> <span class='ocrx_word' id='word_1_89' title='bbox 542 1767 678 1825; x_wconf 87' lang='lat' dir='ltr'><strong>Sed</strong></span> <span class='ocrx_word' id='word_1_90' title='bbox 717 1773 780 1824; x_wconf 80' lang='lat' dir='ltr'><strong>et</strong></span> <span class='ocrx_word' id='word_1_91' title='bbox 813 1769 1098 1842; x_wconf 68' lang='lat' dir='ltr'><strong>populus</strong></span> <span class='ocrx_word' id='word_1_92' title='bbox 1139 1767 1478 1842; x_wconf 71' lang='lat' dir='ltr'><strong>iquorabat</strong></span> <span class='ocrx_word' id='word_1_93' title='bbox 1522 1785 1645 1845; x_wconf 81' lang='lat' dir='ltr'><strong>quo</strong></span> <span class='ocrx_word' id='word_1_94' title='bbox 1691 1767 1836 1825; x_wconf 80' lang='lat' dir='ltr'><strong>isset</strong></span> 
     </span>
    </p>
   </div>
   <div class='ocr_carea' id='block_1_5' title="bbox 1944 776 3437 1257">
    <p class='ocr_par' dir='ltr' id='par_1_5' title="bbox 1944 776 3437 1257">
     <span class='ocr_line' id='line_1_15' title="bbox 1944 776 3437 860; baseline 0.003 -23"><span class='ocrx_word' id='word_1_95' title='bbox 1944 776 2233 838; x_wconf 87' lang='lat' dir='ltr'><strong>nonnulli</strong></span> <span class='ocrx_word' id='word_1_96' title='bbox 2268 786 2417 838; x_wconf 91' lang='lat' dir='ltr'><strong>sunt</strong></span> <span class='ocrx_word' id='word_1_97' title='bbox 2447 778 3043 859; x_wconf 81' lang='lat' dir='ltr'><strong>pusillanimeS,nec</strong></span> <span class='ocrx_word' id='word_1_98' title='bbox 3077 779 3261 860; x_wconf 90' lang='lat' dir='ltr'><strong>plene</strong></span> <span class='ocrx_word' id='word_1_99' title='bbox 3290 798 3437 842; x_wconf 92' lang='lat' dir='ltr'><strong>con-</strong></span> 
     </span>
     <span class='ocr_line' id='line_1_16' title="bbox 1948 874 3434 958; baseline 0.003 -22"><span class='ocrx_word' id='word_1_100' title='bbox 1948 874 2162 937; x_wconf 87' lang='lat' dir='ltr'><strong>fidunt</strong></span> <span class='ocrx_word' id='word_1_101' title='bbox 2194 875 2261 936; x_wconf 94' lang='lat' dir='ltr'><strong>in</strong></span> <span class='ocrx_word' id='word_1_102' title='bbox 2301 876 2569 939; x_wconf 91' lang='lat' dir='ltr'><strong>Domino</strong></span> <span class='ocrx_word' id='word_1_103' title='bbox 2606 893 2619 938; x_wconf 93' lang='lat'><strong>:</strong></span> <span class='ocrx_word' id='word_1_104' title='bbox 2657 877 2799 940; x_wconf 91' lang='lat' dir='ltr'><strong>ideo</strong></span> <span class='ocrx_word' id='word_1_105' title='bbox 2831 877 2999 940; x_wconf 88' lang='lat' dir='ltr'><strong>viam</strong></span> <span class='ocrx_word' id='word_1_106' title='bbox 3042 877 3434 958; x_wconf 84' lang='lat' dir='ltr'><strong>poenitentiae</strong></span> 
     </span>
     <span class='ocr_line' id='line_1_17' title="bbox 1944 974 3436 1058; baseline 0.003 -24"><span class='ocrx_word' id='word_1_107' title='bbox 1944 981 2008 1035; x_wconf 89' lang='lat' dir='ltr'><strong>et</strong></span> <span class='ocrx_word' id='word_1_108' title='bbox 2039 974 2262 1036; x_wconf 91' lang='lat' dir='ltr'><strong>salutis</strong></span> <span class='ocrx_word' id='word_1_109' title='bbox 2305 995 2416 1038; x_wconf 91' lang='lat' dir='ltr'><strong>scu</strong></span> <span class='ocrx_word' id='word_1_110' title='bbox 2452 976 2827 1054; x_wconf 78' lang='lat' dir='ltr'><strong>religionem</strong></span> <span class='ocrx_word' id='word_1_111' title='bbox 2858 983 3158 1039; x_wconf 89' lang='lat' dir='ltr'><strong>verentur</strong></span> <span class='ocrx_word' id='word_1_112' title='bbox 3198 975 3436 1058; x_wconf 90' lang='lat' dir='ltr'><strong>arripe-</strong></span> 
     </span>
     <span class='ocr_line' id='line_1_18' title="bbox 1946 1074 3437 1156; baseline 0.002 -23"><span class='ocrx_word' id='word_1_113' title='bbox 1946 1092 2034 1147; x_wconf 92' lang='lat' dir='ltr'><strong>re,</strong></span> <span class='ocrx_word' id='word_1_114' title='bbox 2057 1082 2315 1155; x_wconf 86' lang='lat' dir='ltr'><strong>propter</strong></span> <span class='ocrx_word' id='word_1_115' title='bbox 2346 1075 2438 1138; x_wconf 91' lang='lat' dir='ltr'><strong>rei</strong></span> <span class='ocrx_word' id='word_1_116' title='bbox 2466 1074 2941 1150; x_wconf 80' lang='lat' dir='ltr'><strong>difficultatem,</strong></span> <span class='ocrx_word' id='word_1_117' title='bbox 2963 1093 3091 1138; x_wconf 92' lang='lat' dir='ltr'><strong>non</strong></span> <span class='ocrx_word' id='word_1_118' title='bbox 3122 1075 3437 1156; x_wconf 87' lang='lat' dir='ltr'><strong>respiran-</strong></span> 
     </span>
     <span class='ocr_line' id='line_1_19' title="bbox 1947 1172 3436 1257; baseline 0.001 -23"><span class='ocrx_word' id='word_1_119' title='bbox 1947 1181 2039 1235; x_wconf 91' lang='lat' dir='ltr'><strong>tes</strong></span> <span class='ocrx_word' id='word_1_120' title='bbox 2086 1173 2153 1234; x_wconf 92' lang='lat' dir='ltr'><strong>in</strong></span> <span class='ocrx_word' id='word_1_121' title='bbox 2197 1172 2666 1257; x_wconf 88' lang='lat' dir='ltr'><strong>Omnipotente‚</strong></span> <span class='ocrx_word' id='word_1_122' title='bbox 2700 1175 2812 1257; x_wconf 89' lang='lat' dir='ltr'><strong>qui</strong></span> <span class='ocrx_word' id='word_1_123' title='bbox 2854 1175 3293 1256; x_wconf 88' lang='lat' dir='ltr'><strong>paratissimus</strong></span> <span class='ocrx_word' id='word_1_124' title='bbox 3339 1183 3436 1238; x_wconf 91' lang='lat' dir='ltr'><strong>est</strong></span> 
     </span>
    </p>
   </div>
   <div class='ocr_carea' id='block_1_6' title="bbox 1946 1271 3725 1355">
    <p class='ocr_par' dir='ltr' id='par_1_6' title="bbox 1946 1271 3725 1355">
     <span class='ocr_line' id='line_1_20' title="bbox 1946 1271 3725 1355; baseline 0.003 -23"><span class='ocrx_word' id='word_1_125' title='bbox 1946 1271 2261 1348; x_wconf 85' lang='lat' dir='ltr'><strong>auxiliari,</strong></span> <span class='ocrx_word' id='word_1_126' title='bbox 2304 1291 2417 1335; x_wconf 91' lang='lat' dir='ltr'><strong>nec</strong></span> <span class='ocrx_word' id='word_1_127' title='bbox 2467 1273 2671 1335; x_wconf 91' lang='lat' dir='ltr'><strong>ullum</strong></span> <span class='ocrx_word' id='word_1_128' title='bbox 2717 1275 2783 1336; x_wconf 89' lang='lat' dir='ltr'><strong>in</strong></span> <span class='ocrx_word' id='word_1_129' title='bbox 2824 1293 2893 1336; x_wconf 92' lang='lat' dir='ltr'><strong>se</strong></span> <span class='ocrx_word' id='word_1_130' title='bbox 2930 1282 3291 1355; x_wconf 83' lang='lat' dir='ltr'><strong>sperantem</strong></span> <span class='ocrx_word' id='word_1_131' title='bbox 3338 1293 3435 1338; x_wconf 93' lang='lat' dir='ltr'><strong>re-</strong></span> <span class='ocrx_word' id='word_1_132' title='bbox 3462 1295 3725 1346; x_wconf 47' lang='lat' dir='ltr'><strong>evolandi.</strong></span> 
     </span>
    </p>
   </div>
   <div class='ocr_carea' id='block_1_7' title="bbox 1945 1370 3437 1852">
    <p class='ocr_par' dir='ltr' id='par_1_7' title="bbox 1947 1370 2203 1452">
     <span class='ocr_line' id='line_1_21' title="bbox 1947 1370 2203 1452; baseline 0 -20"><span class='ocrx_word' id='word_1_133' title='bbox 1947 1370 2203 1452; x_wconf 87' lang='lat' dir='ltr'><strong>linquit.</strong></span> 
     </span>
    </p>

    <p class='ocr_par' dir='ltr' id='par_1_8' title="bbox 1945 1473 3437 1852">
     <span class='ocr_line' id='line_1_22' title="bbox 2043 1473 3436 1551; baseline 0 -19"><span class='ocrx_word' id='word_1_134' title='bbox 2043 1473 2495 1551; x_wconf 63' lang='lat' dir='ltr'><strong>Discerzmtque</strong></span> <span class='ocrx_word' id='word_1_135' title='bbox 2540 1474 2907 1534; x_wconf 70' lang='lat' dir='ltr'><strong>philistiim</strong></span> <span class='ocrx_word' id='word_1_136' title='bbox 2955 1493 2978 1533; x_wconf 92' lang='lat'><strong>.·</strong></span> <span class='ocrx_word' id='word_1_137' title='bbox 3022 1476 3128 1535; x_wconf 75' lang='lat' dir='ltr'><strong>En</strong></span> <span class='ocrx_word' id='word_1_138' title='bbox 3179 1473 3436 1534; x_wconf 82' lang='lat' dir='ltr'><strong>Hebroei</strong></span> 
     </span>
     <span class='ocr_line' id='line_1_23' title="bbox 1945 1571 3437 1651; baseline 0.003 -23"><span class='ocrx_word' id='word_1_139' title='bbox 1945 1571 2376 1645; x_wconf 66' lang='lat' dir='ltr'><strong>eyredizmtur</strong></span> <span class='ocrx_word' id='word_1_140' title='bbox 2422 1573 2500 1630; x_wconf 83' lang='lat' dir='ltr'><strong>de</strong></span> <span class='ocrx_word' id='word_1_141' title='bbox 2547 1574 2864 1642; x_wconf 75' lang='lat' dir='ltr'><strong>caverniS,</strong></span> <span class='ocrx_word' id='word_1_142' title='bbox 2900 1573 2973 1632; x_wconf 80' lang='lat' dir='ltr'><strong>in</strong></span> <span class='ocrx_word' id='word_1_143' title='bbox 3021 1573 3254 1651; x_wconf 76' lang='lat' dir='ltr'><strong>quibus</strong></span> <span class='ocrx_word' id='word_1_144' title='bbox 3302 1573 3437 1632; x_wconf 82' lang='lat' dir='ltr'><strong>abs-</strong></span> 
     </span>
     <span class='ocr_line' id='line_1_24' title="bbox 1945 1667 3434 1746; baseline 0.003 -20"><span class='ocrx_word' id='word_1_145' title='bbox 1945 1669 2193 1728; x_wconf 77' lang='lat' dir='ltr'><strong>conditi</strong></span> <span class='ocrx_word' id='word_1_146' title='bbox 2222 1669 2514 1746; x_wconf 74' lang='lat' dir='ltr'><strong>faerant.</strong></span> <span class='ocrx_word' id='word_1_147' title='bbox 2536 1667 2652 1730; x_wconf 90' lang='lat' dir='ltr'><strong>Per</strong></span> <span class='ocrx_word' id='word_1_148' title='bbox 2680 1668 3029 1732; x_wconf 83' lang='lat' dir='ltr'><strong>Philistaeos</strong></span> <span class='ocrx_word' id='word_1_149' title='bbox 3059 1669 3434 1732; x_wconf 90' lang='lat' dir='ltr'><strong>durissimos</strong></span> 
     </span>
     <span class='ocr_line' id='line_1_25' title="bbox 1951 1763 3437 1852; baseline 0.003 -28"><span class='ocrx_word' id='word_1_150' title='bbox 1951 1763 2162 1852; x_wconf 85' lang='lat' dir='ltr'><strong>fidelis</strong></span> <span class='ocrx_word' id='word_1_151' title='bbox 2210 1765 2434 1846; x_wconf 91' lang='lat' dir='ltr'><strong>populi</strong></span> <span class='ocrx_word' id='word_1_152' title='bbox 2479 1764 2797 1843; x_wconf 85' lang='lat' dir='ltr'><strong>inimicos,</strong></span> <span class='ocrx_word' id='word_1_153' title='bbox 2832 1767 3278 1848; x_wconf 89' lang='lat' dir='ltr'><strong>intelliguntur</strong></span> <span class='ocrx_word' id='word_1_154' title='bbox 3326 1767 3437 1830; x_wconf 93' lang='lat' dir='ltr'><strong>ob-</strong></span> 
     </span>
    </p>
   </div>
   <div class='ocr_carea' id='block_1_8' title="bbox 334 1860 3437 1947">
    <p class='ocr_par' dir='ltr' id='par_1_9' title="bbox 334 1860 3437 1947">
     <span class='ocr_line' id='line_1_26' title="bbox 334 1860 3437 1947; baseline 0 -23"><span class='ocrx_word' id='word_1_155' title='bbox 334 1865 656 1924; x_wconf 76' lang='lat' dir='ltr'><strong>Jonatkas</strong></span> <span class='ocrx_word' id='word_1_156' title='bbox 688 1883 711 1923; x_wconf 91' lang='lat'><strong>.·</strong></span> <span class='ocrx_word' id='word_1_157' title='bbox 740 1863 898 1944; x_wconf 89' lang='lat' dir='ltr'><strong>quia</strong></span> <span class='ocrx_word' id='word_1_158' title='bbox 941 1862 1160 1945; x_wconf 89' lang='lat' dir='ltr'><strong>pusilli</strong></span> <span class='ocrx_word' id='word_1_159' title='bbox 1202 1871 1265 1926; x_wconf 92' lang='lat' dir='ltr'><strong>et</strong></span> <span class='ocrx_word' id='word_1_160' title='bbox 1305 1862 1664 1945; x_wconf 81' lang='lat' dir='ltr'><strong>imperfecti</strong></span> <span class='ocrx_word' id='word_1_161' title='bbox 1706 1881 1836 1926; x_wconf 90' lang='lat' dir='ltr'><strong>non</strong></span> <span class='ocrx_word' id='word_1_162' title='bbox 1870 1860 1917 1923; x_wconf 93' lang='lat' dir='ltr'><strong>B</strong></span> <span class='ocrx_word' id='word_1_163' title='bbox 1947 1863 2167 1925; x_wconf 87' lang='lat' dir='ltr'><strong>stinati</strong></span> <span class='ocrx_word' id='word_1_164' title='bbox 2210 1863 2274 1924; x_wconf 88' lang='lat' dir='ltr'><strong>in</strong></span> <span class='ocrx_word' id='word_1_165' title='bbox 2306 1863 2522 1939; x_wconf 84' lang='lat' dir='ltr'><strong>vitiis3</strong></span> <span class='ocrx_word' id='word_1_166' title='bbox 2570 1865 2849 1928; x_wconf 81' lang='lat' dir='ltr'><strong>haeretici</strong></span> <span class='ocrx_word' id='word_1_167' title='bbox 2883 1882 3141 1947; x_wconf 90' lang='lat' dir='ltr'><strong>quoque</strong></span> <span class='ocrx_word' id='word_1_168' title='bbox 3170 1873 3233 1928; x_wconf 90' lang='lat' dir='ltr'><strong>et</strong></span> <span class='ocrx_word' id='word_1_169' title='bbox 3270 1865 3437 1928; x_wconf 87' lang='lat' dir='ltr'><strong>schi-</strong></span> 
     </span>
    </p>
   </div>
   <div class='ocr_carea' id='block_1_9' title="bbox 99 1960 1844 3023">
    <p class='ocr_par' dir='ltr' id='par_1_10' title="bbox 99 1960 1844 3023">
     <span class='ocr_line' id='line_1_27' title="bbox 337 1960 1836 2043; baseline 0.001 -21"><span class='ocrx_word' id='word_1_170' title='bbox 337 1960 556 2023; x_wconf 91' lang='lat' dir='ltr'><strong>sciunt</strong></span> <span class='ocrx_word' id='word_1_171' title='bbox 617 1962 873 2024; x_wconf 85' lang='lat' dir='ltr'><strong>interna</strong></span> <span class='ocrx_word' id='word_1_172' title='bbox 930 1961 1260 2038; x_wconf 84' lang='lat' dir='ltr'><strong>exercitia,</strong></span> <span class='ocrx_word' id='word_1_173' title='bbox 1316 1963 1836 2043; x_wconf 86' lang='lat' dir='ltr'><strong>incrementaque</strong></span> 
     </span>
     <span class='ocr_line' id='line_1_28' title="bbox 337 2059 1836 2142; baseline 0 -22"><span class='ocrx_word' id='word_1_174' title='bbox 337 2059 705 2140; x_wconf 82' lang='lat' dir='ltr'><strong>spiritualia</strong></span> <span class='ocrx_word' id='word_1_175' title='bbox 720 2059 1178 2142; x_wconf 89' lang='lat' dir='ltr'><strong>perfectorum.</strong></span> <span class='ocrx_word' id='word_1_176' title='bbox 1194 2065 1407 2123; x_wconf 77' lang='lat' dir='ltr'><strong>Erant</strong></span> <span class='ocrx_word' id='word_1_177' title='bbox 1429 2071 1643 2122; x_wconf 83' lang='lat' dir='ltr'><strong>autem</strong></span> <span class='ocrx_word' id='word_1_178' title='bbox 1665 2064 1836 2121; x_wconf 79' lang='lat' dir='ltr'><strong>incer</strong></span> 
     </span>
     <span class='ocr_line' id='line_1_29' title="bbox 340 2158 1840 2229; baseline 0.003 -12"><span class='ocrx_word' id='word_1_179' title='bbox 340 2178 664 2229; x_wconf 80' lang='lat' dir='ltr'><strong>ascensus,</strong></span> <span class='ocrx_word' id='word_1_180' title='bbox 700 2166 821 2222; x_wconf 88' lang='lat' dir='ltr'><strong>etc.</strong></span> <span class='ocrx_word' id='word_1_181' title='bbox 856 2159 972 2221; x_wconf 92' lang='lat' dir='ltr'><strong>Per</strong></span> <span class='ocrx_word' id='word_1_182' title='bbox 1001 2158 1432 2222; x_wconf 88' lang='lat' dir='ltr'><strong>tortuositates</strong></span> <span class='ocrx_word' id='word_1_183' title='bbox 1465 2167 1526 2222; x_wconf 89' lang='lat' dir='ltr'><strong>et</strong></span> <span class='ocrx_word' id='word_1_184' title='bbox 1555 2158 1652 2222; x_wconf 84' lang='lat' dir='ltr'><strong>dis</strong></span> <span class='ocrx_word' id='word_1_185' title='bbox 1656 2158 1840 2222; x_wconf 86' lang='lat' dir='ltr'><strong>ficul-</strong></span> 
     </span>
     <span class='ocr_line' id='line_1_30' title="bbox 341 2257 1836 2341; baseline 0.001 -23"><span class='ocrx_word' id='word_1_186' title='bbox 341 2265 502 2320; x_wconf 85' lang='lat' dir='ltr'><strong>tates</strong></span> <span class='ocrx_word' id='word_1_187' title='bbox 542 2257 688 2319; x_wconf 89' lang='lat' dir='ltr'><strong>illas</strong></span> <span class='ocrx_word' id='word_1_188' title='bbox 722 2257 973 2320; x_wconf 89' lang='lat' dir='ltr'><strong>itineris</strong></span> <span class='ocrx_word' id='word_1_189' title='bbox 1003 2258 1288 2321; x_wconf 79' lang='lat' dir='ltr'><strong>Jonathae</strong></span> <span class='ocrx_word' id='word_1_190' title='bbox 1318 2266 1510 2340; x_wconf 90' lang='lat' dir='ltr'><strong>atque</strong></span> <span class='ocrx_word' id='word_1_191' title='bbox 1540 2258 1836 2341; x_wconf 81' lang='lat' dir='ltr'><strong>armigeri</strong></span> 
     </span>
     <span class='ocr_line' id='line_1_31' title="bbox 117 2355 1840 2439; baseline 0.002 -20"><span class='ocrx_word' id='word_1_192' title='bbox 117 2367 312 2420; x_wconf 62' lang='lat' dir='ltr'><strong>Mettium,</strong></span> <span class='ocrx_word' id='word_1_193' title='bbox 342 2355 504 2436; x_wconf 85' lang='lat' dir='ltr'><strong>ejus,</strong></span> <span class='ocrx_word' id='word_1_194' title='bbox 547 2356 973 2436; x_wconf 84' lang='lat' dir='ltr'><strong>figurabatur,</strong></span> <span class='ocrx_word' id='word_1_195' title='bbox 1007 2358 1179 2439; x_wconf 91' lang='lat' dir='ltr'><strong>quod</strong></span> <span class='ocrx_word' id='word_1_196' title='bbox 1211 2366 1384 2420; x_wconf 88' lang='lat' dir='ltr'><strong>arcta</strong></span> <span class='ocrx_word' id='word_1_197' title='bbox 1421 2358 1504 2421; x_wconf 89' lang='lat' dir='ltr'><strong>sit</strong></span> <span class='ocrx_word' id='word_1_198' title='bbox 1534 2357 1638 2421; x_wconf 89' lang='lat' dir='ltr'><strong>via</strong></span> <span class='ocrx_word' id='word_1_199' title='bbox 1675 2359 1840 2422; x_wconf 91' lang='lat' dir='ltr'><strong>salu-</strong></span> 
     </span>
     <span class='ocr_line' id='line_1_32' title="bbox 99 2433 1838 2539; baseline 0.003 -24"><span class='ocrx_word' id='word_1_200' title='bbox 99 2433 148 2474; x_wconf 66' lang='lat'><strong>¹⁹&#39;</strong></span> <span class='ocrx_word' id='word_1_201' title='bbox 343 2455 444 2532; x_wconf 83' lang='lat' dir='ltr'><strong>tis,</strong></span> <span class='ocrx_word' id='word_1_202' title='bbox 481 2464 548 2518; x_wconf 89' lang='lat' dir='ltr'><strong>et</strong></span> <span class='ocrx_word' id='word_1_203' title='bbox 592 2455 823 2518; x_wconf 89' lang='lat' dir='ltr'><strong>semita</strong></span> <span class='ocrx_word' id='word_1_204' title='bbox 871 2455 1272 2538; x_wconf 87' lang='lat' dir='ltr'><strong>pertingendi</strong></span> <span class='ocrx_word' id='word_1_205' title='bbox 1320 2456 1398 2518; x_wconf 92' lang='lat' dir='ltr'><strong>ad</strong></span> <span class='ocrx_word' id='word_1_206' title='bbox 1441 2457 1838 2539; x_wconf 90' lang='lat' dir='ltr'><strong>spiritualem</strong></span> 
     </span>
     <span class='ocr_line' id='line_1_33' title="bbox 343 2553 1834 2621; baseline 0.003 -5"><span class='ocrx_word' id='word_1_207' title='bbox 343 2553 686 2617; x_wconf 88' lang='lat' dir='ltr'><strong>victoriam</strong></span> <span class='ocrx_word' id='word_1_208' title='bbox 728 2554 1029 2617; x_wconf 90' lang='lat' dir='ltr'><strong>vitiorum</strong></span> <span class='ocrx_word' id='word_1_209' title='bbox 1075 2574 1148 2617; x_wconf 91' lang='lat' dir='ltr'><strong>ac</strong></span> <span class='ocrx_word' id='word_1_210' title='bbox 1188 2555 1548 2618; x_wconf 81' lang='lat' dir='ltr'><strong>daemonum</strong></span> <span class='ocrx_word' id='word_1_211' title='bbox 1591 2559 1786 2619; x_wconf 92' lang='lat' dir='ltr'><strong>ardua</strong></span> <span class='ocrx_word' id='word_1_212' title='bbox 1821 2577 1834 2621; x_wconf 80' lang='lat' dir='ltr'><em>z</em></span> 
     </span>
     <span class='ocr_line' id='line_1_34' title="bbox 338 2653 1844 2734; baseline 0.003 -22"><span class='ocrx_word' id='word_1_213' title='bbox 338 2671 534 2733; x_wconf 89' lang='lat' dir='ltr'><strong>quam</strong></span> <span class='ocrx_word' id='word_1_214' title='bbox 563 2660 779 2716; x_wconf 91' lang='lat' dir='ltr'><strong>tamen</strong></span> <span class='ocrx_word' id='word_1_215' title='bbox 799 2661 1050 2734; x_wconf 84' lang='lat' dir='ltr'><strong>oportet</strong></span> <span class='ocrx_word' id='word_1_216' title='bbox 1071 2653 1366 2716; x_wconf 83' lang='lat' dir='ltr'><strong>incedere</strong></span> <span class='ocrx_word' id='word_1_217' title='bbox 1385 2653 1702 2717; x_wconf 86' lang='lat' dir='ltr'><strong>volentem</strong></span> <span class='ocrx_word' id='word_1_218' title='bbox 1725 2656 1844 2717; x_wconf 90' lang='lat' dir='ltr'><strong>sal-</strong></span> 
     </span>
     <span class='ocr_line' id='line_1_35' title="bbox 341 2749 1841 2831; baseline 0.003 -21"><span class='ocrx_word' id='word_1_219' title='bbox 341 2749 858 2831; x_wconf 85' lang='lat' dir='ltr'><strong>vari,potissime</strong></span> <span class='ocrx_word' id='word_1_220' title='bbox 876 2769 984 2812; x_wconf 90' lang='lat' dir='ltr'><strong>eos</strong></span> <span class='ocrx_word' id='word_1_221' title='bbox 1014 2749 1129 2831; x_wconf 91' lang='lat' dir='ltr'><strong>qui</strong></span> <span class='ocrx_word' id='word_1_222' title='bbox 1159 2749 1302 2812; x_wconf 90' lang='lat' dir='ltr'><strong>aliis</strong></span> <span class='ocrx_word' id='word_1_223' title='bbox 1335 2753 1841 2815; x_wconf 89' lang='lat' dir='ltr'><strong>sermocinantur</strong></span> 
     </span>
     <span class='ocr_line' id='line_1_36' title="bbox 341 2839 1842 2928; baseline 0.004 -20"><span class='ocrx_word' id='word_1_224' title='bbox 341 2855 449 2908; x_wconf 89' lang='lat' dir='ltr'><strong>aut</strong></span> <span class='ocrx_word' id='word_1_225' title='bbox 480 2855 795 2928; x_wconf 83' lang='lat' dir='ltr'><strong>praesunt,</strong></span> <span class='ocrx_word' id='word_1_226' title='bbox 828 2857 892 2910; x_wconf 86' lang='lat' dir='ltr'><strong>et</strong></span> <span class='ocrx_word' id='word_1_227' title='bbox 919 2847 1068 2911; x_wconf 90' lang='lat' dir='ltr'><strong>illos</strong></span> <span class='ocrx_word' id='word_1_228' title='bbox 1098 2839 1309 2911; x_wconf 81' lang='lat' dir='ltr'><strong>secum</strong></span> <span class='ocrx_word' id='word_1_229' title='bbox 1353 2850 1598 2914; x_wconf 90' lang='lat' dir='ltr'><strong>salvare</strong></span> <span class='ocrx_word' id='word_1_230' title='bbox 1628 2851 1842 2914; x_wconf 87' lang='lat' dir='ltr'><strong>nitun-</strong></span> 
     </span>
     <span class='ocr_line' id='line_1_37' title="bbox 342 2944 1842 3023; baseline 0.005 -19"><span class='ocrx_word' id='word_1_231' title='bbox 342 2951 464 3004; x_wconf 91' lang='lat' dir='ltr'><strong>tur.</strong></span> <span class='ocrx_word' id='word_1_232' title='bbox 502 2945 600 3007; x_wconf 87' lang='lat' dir='ltr'><strong>lta</strong></span> <span class='ocrx_word' id='word_1_233' title='bbox 639 2953 986 3007; x_wconf 91' lang='lat' dir='ltr'><strong>occurrunt</strong></span> <span class='ocrx_word' id='word_1_234' title='bbox 1023 2944 1116 3008; x_wconf 91' lang='lat' dir='ltr'><strong>eis</strong></span> <span class='ocrx_word' id='word_1_235' title='bbox 1153 2949 1400 3023; x_wconf 77' lang='lat' dir='ltr'><strong>scopuli</strong></span> <span class='ocrx_word' id='word_1_236' title='bbox 1446 2947 1646 3010; x_wconf 93' lang='lat' dir='ltr'><strong>instar</strong></span> <span class='ocrx_word' id='word_1_237' title='bbox 1688 2950 1842 3012; x_wconf 91' lang='lat' dir='ltr'><strong>den-</strong></span> 
     </span>
    </p>
   </div>
   <div class='ocr_carea' id='block_1_10' title="bbox 1947 1961 3443 3012">
    <p class='ocr_par' dir='ltr' id='par_1_11' title="bbox 1947 1961 3443 3012">
     <span class='ocr_line' id='line_1_38' title="bbox 1947 1961 3433 2044; baseline 0.001 -22"><span class='ocrx_word' id='word_1_238' title='bbox 1947 1961 2196 2025; x_wconf 88' lang='lat' dir='ltr'><strong>smatici</strong></span> <span class='ocrx_word' id='word_1_239' title='bbox 2247 1981 2319 2024; x_wconf 90' lang='lat' dir='ltr'><strong>ac</strong></span> <span class='ocrx_word' id='word_1_240' title='bbox 2370 1963 2643 2042; x_wconf 80' lang='lat' dir='ltr'><strong>tyranni,</strong></span> <span class='ocrx_word' id='word_1_241' title='bbox 2679 1972 2742 2025; x_wconf 88' lang='lat' dir='ltr'><strong>et</strong></span> <span class='ocrx_word' id='word_1_242' title='bbox 2787 1963 2982 2026; x_wconf 84' lang='lat' dir='ltr'><strong>ceteri</strong></span> <span class='ocrx_word' id='word_1_243' title='bbox 3032 1963 3286 2044; x_wconf 88' lang='lat' dir='ltr'><strong>perfidi,</strong></span> <span class='ocrx_word' id='word_1_244' title='bbox 3322 1963 3433 2044; x_wconf 93' lang='lat' dir='ltr'><strong>qui</strong></span> 
     </span>
     <span class='ocr_line' id='line_1_39' title="bbox 1949 2059 3437 2142; baseline 0.001 -20"><span class='ocrx_word' id='word_1_245' title='bbox 1949 2061 2331 2123; x_wconf 87' lang='lat' dir='ltr'><strong>domesticos</strong></span> <span class='ocrx_word' id='word_1_246' title='bbox 2352 2059 2508 2123; x_wconf 90' lang='lat' dir='ltr'><strong>fidei</strong></span> <span class='ocrx_word' id='word_1_247' title='bbox 2541 2060 3068 2142; x_wconf 88' lang='lat' dir='ltr'><strong>aspernantur,&#39;et</strong></span> <span class='ocrx_word' id='word_1_248' title='bbox 3086 2061 3437 2124; x_wconf 89' lang='lat' dir='ltr'><strong>Catholico-</strong></span> 
     </span>
     <span class='ocr_line' id='line_1_40' title="bbox 1951 2158 3437 2240; baseline 0.001 -20"><span class='ocrx_word' id='word_1_249' title='bbox 1951 2178 2092 2220; x_wconf 89' lang='lat' dir='ltr'><strong>rum</strong></span> <span class='ocrx_word' id='word_1_250' title='bbox 2120 2158 2939 2240; x_wconf 81' lang='lat' dir='ltr'><strong>doctrinaS‚disputationes</strong></span> <span class='ocrx_word' id='word_1_251' title='bbox 2969 2179 3041 2222; x_wconf 91' lang='lat' dir='ltr'><strong>ac</strong></span> <span class='ocrx_word' id='word_1_252' title='bbox 3073 2160 3437 2223; x_wconf 83' lang='lat' dir='ltr'><strong>invasiones</strong></span> 
     </span>
     <span class='ocr_line' id='line_1_41' title="bbox 1952 2256 3439 2340; baseline 0 -20"><span class='ocrx_word' id='word_1_253' title='bbox 1952 2257 2417 2320; x_wconf 90' lang='lat' dir='ltr'><strong>contumaciter</strong></span> <span class='ocrx_word' id='word_1_254' title='bbox 2456 2256 2949 2340; x_wconf 87' lang='lat' dir='ltr'><strong>parvipendunt,</strong></span> <span class='ocrx_word' id='word_1_255' title='bbox 2982 2266 3282 2322; x_wconf 91' lang='lat' dir='ltr'><strong>ettamen</strong></span> <span class='ocrx_word' id='word_1_256' title='bbox 3325 2278 3439 2340; x_wconf 92' lang='lat' dir='ltr'><strong>per</strong></span> 
     </span>
     <span class='ocr_line' id='line_1_42' title="bbox 1955 2356 3443 2420; baseline 0 -2"><span class='ocrx_word' id='word_1_257' title='bbox 1955 2356 2061 2420; x_wconf 90' lang='lat' dir='ltr'><strong>Dei</strong></span> <span class='ocrx_word' id='word_1_258' title='bbox 2105 2356 2415 2419; x_wconf 85' lang='lat' dir='ltr'><strong>auxilium</strong></span> <span class='ocrx_word' id='word_1_259' title='bbox 2445 2356 2825 2420; x_wconf 89' lang='lat' dir='ltr'><strong>miraculose</strong></span> <span class='ocrx_word' id='word_1_260' title='bbox 2854 2357 3221 2420; x_wconf 87' lang='lat' dir='ltr'><strong>vincuntur.</strong></span> <span class='ocrx_word' id='word_1_261' title='bbox 3261 2357 3443 2420; x_wconf 89' lang='lat' dir='ltr'><strong>Deni-</strong></span> 
     </span>
     <span class='ocr_line' id='line_1_43' title="bbox 1957 2454 3443 2536; baseline 0.001 -20"><span class='ocrx_word' id='word_1_262' title='bbox 1957 2475 2082 2536; x_wconf 86' lang='lat' dir='ltr'><strong>que</strong></span> <span class='ocrx_word' id='word_1_263' title='bbox 2124 2454 2487 2517; x_wconf 88' lang='lat' dir='ltr'><strong>invisibiles</strong></span> <span class='ocrx_word' id='word_1_264' title='bbox 2530 2456 2743 2518; x_wconf 87' lang='lat' dir='ltr'><strong>hostes</strong></span> <span class='ocrx_word' id='word_1_265' title='bbox 2784 2464 3094 2536; x_wconf 89' lang='lat' dir='ltr'><strong>spernunt</strong></span> <span class='ocrx_word' id='word_1_266' title='bbox 3132 2474 3269 2532; x_wconf 81' lang='lat' dir='ltr'><strong>neS,</strong></span> <span class='ocrx_word' id='word_1_267' title='bbox 3306 2463 3443 2518; x_wconf 89' lang='lat' dir='ltr'><strong>tan-</strong></span> 
     </span>
     <span class='ocr_line' id='line_1_44' title="bbox 1952 2552 3442 2636; baseline 0 -20"><span class='ocrx_word' id='word_1_268' title='bbox 1952 2573 2143 2634; x_wconf 89' lang='lat' dir='ltr'><strong>quam</strong></span> <span class='ocrx_word' id='word_1_269' title='bbox 2165 2554 2493 2616; x_wconf 82' lang='lat' dir='ltr'><strong>mureS.Et</strong></span> <span class='ocrx_word' id='word_1_270' title='bbox 2514 2552 2679 2616; x_wconf 90' lang='lat' dir='ltr'><strong>sicut</strong></span> <span class='ocrx_word' id='word_1_271' title='bbox 2707 2573 2919 2616; x_wconf 87' lang='lat' dir='ltr'><strong>mures</strong></span> <span class='ocrx_word' id='word_1_272' title='bbox 2949 2555 3288 2636; x_wconf 90' lang='lat' dir='ltr'><strong>capiuntur</strong></span> <span class='ocrx_word' id='word_1_273' title='bbox 3306 2574 3442 2617; x_wconf 90' lang='lat' dir='ltr'><strong>mu-</strong></span> 
     </span>
     <span class='ocr_line' id='line_1_45' title="bbox 1953 2651 3439 2736; baseline 0.001 -23"><span class='ocrx_word' id='word_1_274' title='bbox 1953 2652 2221 2734; x_wconf 89' lang='lat' dir='ltr'><strong>scipula,</strong></span> <span class='ocrx_word' id='word_1_275' title='bbox 2238 2651 2637 2736; x_wconf 88' lang='lat' dir='ltr'><strong>pedibusque</strong></span> <span class='ocrx_word' id='word_1_276' title='bbox 2659 2661 2992 2727; x_wconf 87' lang='lat' dir='ltr'><strong>cattorum,</strong></span> <span class='ocrx_word' id='word_1_277' title='bbox 3010 2652 3100 2715; x_wconf 91' lang='lat' dir='ltr'><strong>sic</strong></span> <span class='ocrx_word' id='word_1_278' title='bbox 3122 2653 3439 2715; x_wconf 84' lang='lat' dir='ltr'><strong>daemones</strong></span> 
     </span>
     <span class='ocr_line' id='line_1_46' title="bbox 1951 2750 3436 2826; baseline -0.001 -12"><span class='ocrx_word' id='word_1_279' title='bbox 1951 2771 2210 2814; x_wconf 90' lang='lat' dir='ltr'><strong>suarum</strong></span> <span class='ocrx_word' id='word_1_280' title='bbox 2234 2751 2655 2814; x_wconf 88' lang='lat' dir='ltr'><strong>tentationum</strong></span> <span class='ocrx_word' id='word_1_281' title='bbox 2676 2750 2926 2812; x_wconf 89' lang='lat' dir='ltr'><strong>astutiis</strong></span> <span class='ocrx_word' id='word_1_282' title='bbox 2950 2769 3063 2813; x_wconf 90' lang='lat' dir='ltr'><strong>nos</strong></span> <span class='ocrx_word' id='word_1_283' title='bbox 3085 2751 3436 2826; x_wconf 89' lang='lat' dir='ltr'><strong>involvunt,</strong></span> 
     </span>
     <span class='ocr_line' id='line_1_47' title="bbox 1953 2848 3436 2931; baseline -0.001 -18"><span class='ocrx_word' id='word_1_284' title='bbox 1953 2859 2016 2914; x_wconf 89' lang='lat' dir='ltr'><strong>et</strong></span> <span class='ocrx_word' id='word_1_285' title='bbox 2051 2849 2285 2912; x_wconf 91' lang='lat' dir='ltr'><strong>virium</strong></span> <span class='ocrx_word' id='word_1_286' title='bbox 2324 2869 2582 2911; x_wconf 90' lang='lat' dir='ltr'><strong>suarum</strong></span> <span class='ocrx_word' id='word_1_287' title='bbox 2623 2848 3107 2912; x_wconf 89' lang='lat' dir='ltr'><strong>crudelitatibus</strong></span> <span class='ocrx_word' id='word_1_288' title='bbox 3152 2849 3436 2931; x_wconf 90' lang='lat' dir='ltr'><strong>capiunt,</strong></span> 
     </span>
     <span class='ocr_line' id='line_1_48' title="bbox 1951 2947 3443 3012; baseline -0.001 0"><span class='ocrx_word' id='word_1_289' title='bbox 1951 2958 2016 3012; x_wconf 89' lang='lat' dir='ltr'><strong>et</strong></span> <span class='ocrx_word' id='word_1_290' title='bbox 2034 2948 2448 3012; x_wconf 88' lang='lat' dir='ltr'><strong>occidunt.Et</strong></span> <span class='ocrx_word' id='word_1_291' title='bbox 2465 2947 2629 3010; x_wconf 93' lang='lat' dir='ltr'><strong>sicut</strong></span> <span class='ocrx_word' id='word_1_292' title='bbox 2658 2956 2862 3011; x_wconf 90' lang='lat' dir='ltr'><strong>cattus</strong></span> <span class='ocrx_word' id='word_1_293' title='bbox 2896 2947 3058 3010; x_wconf 90' lang='lat' dir='ltr'><strong>ludit</strong></span> <span class='ocrx_word' id='word_1_294' title='bbox 3084 2966 3230 3012; x_wconf 90' lang='lat' dir='ltr'><strong>cum</strong></span> <span class='ocrx_word' id='word_1_295' title='bbox 3262 2966 3443 3010; x_wconf 87' lang='lat' dir='ltr'><strong>mure</strong></span> 
     </span>
    </p>
   </div>
   <div class='ocr_carea' id='block_1_11' title="bbox 340 3042 3442 3127">
    <p class='ocr_par' dir='ltr' id='par_1_12' title="bbox 340 3042 3442 3127">
     <span class='ocr_line' id='line_1_49' title="bbox 340 3042 3442 3127; baseline 0.001 -24"><span class='ocrx_word' id='word_1_296' title='bbox 340 3042 500 3104; x_wconf 83' lang='lat' dir='ltr'><strong>tium</strong></span> <span class='ocrx_word' id='word_1_297' title='bbox 535 3045 891 3122; x_wconf 71' lang='lat' dir='ltr'><strong>pra-rupti,</strong></span> <span class='ocrx_word' id='word_1_298' title='bbox 927 3043 992 3105; x_wconf 91' lang='lat' dir='ltr'><strong>id</strong></span> <span class='ocrx_word' id='word_1_299' title='bbox 1028 3053 1124 3107; x_wconf 91' lang='lat' dir='ltr'><strong>est</strong></span> <span class='ocrx_word' id='word_1_300' title='bbox 1161 3046 1573 3110; x_wconf 89' lang='lat' dir='ltr'><strong>adversitates</strong></span> <span class='ocrx_word' id='word_1_301' title='bbox 1615 3058 1836 3127; x_wconf 81' lang='lat' dir='ltr'><strong>acutae,</strong></span> <span class='ocrx_word' id='word_1_302' title='bbox 1875 3048 1920 3111; x_wconf 88' lang='lat' dir='ltr'>C</span> <span class='ocrx_word' id='word_1_303' title='bbox 1954 3047 2274 3125; x_wconf 85' lang='lat' dir='ltr'><strong>ferociter,</strong></span> <span class='ocrx_word' id='word_1_304' title='bbox 2324 3047 2415 3110; x_wconf 93' lang='lat' dir='ltr'><strong>sic</strong></span> <span class='ocrx_word' id='word_1_305' title='bbox 2462 3047 2782 3109; x_wconf 85' lang='lat' dir='ltr'><strong>daemones</strong></span> <span class='ocrx_word' id='word_1_306' title='bbox 2832 3046 3060 3108; x_wconf 86' lang='lat' dir='ltr'><strong>ludunt</strong></span> <span class='ocrx_word' id='word_1_307' title='bbox 3109 3045 3442 3109; x_wconf 88' lang='lat' dir='ltr'><strong>nobiscum</strong></span> 
     </span>
    </p>
   </div>
   <div class='ocr_carea' id='block_1_12' title="bbox 103 3144 1842 3618">
    <p class='ocr_par' dir='ltr' id='par_1_13' title="bbox 103 3144 1842 3618">
     <span class='ocr_line' id='line_1_50' title="bbox 342 3144 1838 3227; baseline 0.005 -24"><span class='ocrx_word' id='word_1_308' title='bbox 342 3150 404 3203; x_wconf 86' lang='lat' dir='ltr'><strong>ct</strong></span> <span class='ocrx_word' id='word_1_309' title='bbox 445 3144 805 3204; x_wconf 77' lang='lat' dir='ltr'><strong>eminentes</strong></span> <span class='ocrx_word' id='word_1_310' title='bbox 845 3154 1048 3221; x_wconf 79' lang='lat' dir='ltr'><strong>petrae</strong></span> <span class='ocrx_word' id='word_1_311' title='bbox 1089 3166 1172 3205; x_wconf 76' lang='lat' dir='ltr'><strong>eoe</strong></span> <span class='ocrx_word' id='word_1_312' title='bbox 1207 3155 1483 3227; x_wconf 77' lang='lat' dir='ltr'><strong>utraque</strong></span> <span class='ocrx_word' id='word_1_313' title='bbox 1516 3158 1728 3225; x_wconf 77' lang='lat' dir='ltr'><strong>parce,</strong></span> <span class='ocrx_word' id='word_1_314' title='bbox 1775 3149 1838 3211; x_wconf 89' lang='lat' dir='ltr'><strong>id</strong></span> 
     </span>
     <span class='ocr_line' id='line_1_51' title="bbox 343 3241 1842 3328; baseline 0.005 -26"><span class='ocrx_word' id='word_1_315' title='bbox 343 3248 438 3302; x_wconf 86' lang='lat' dir='ltr'><strong>est</strong></span> <span class='ocrx_word' id='word_1_316' title='bbox 467 3241 753 3320; x_wconf 85' lang='lat' dir='ltr'><strong>gratiosa</strong></span> <span class='ocrx_word' id='word_1_317' title='bbox 783 3242 1070 3305; x_wconf 89' lang='lat' dir='ltr'><strong>subsidia</strong></span> <span class='ocrx_word' id='word_1_318' title='bbox 1102 3243 1234 3321; x_wconf 88' lang='lat' dir='ltr'><strong>Dei,</strong></span> <span class='ocrx_word' id='word_1_319' title='bbox 1268 3252 1332 3307; x_wconf 89' lang='lat' dir='ltr'><strong>et</strong></span> <span class='ocrx_word' id='word_1_320' title='bbox 1361 3245 1698 3328; x_wconf 90' lang='lat' dir='ltr'><strong>utriusque</strong></span> <span class='ocrx_word' id='word_1_321' title='bbox 1728 3247 1842 3309; x_wconf 90' lang='lat' dir='ltr'><strong>Te-</strong></span> 
     </span>
     <span class='ocr_line' id='line_1_52' title="bbox 343 3338 1842 3426; baseline 0.006 -27"><span class='ocrx_word' id='word_1_322' title='bbox 343 3338 644 3403; x_wconf 88' lang='lat' dir='ltr'><strong>stamenti</strong></span> <span class='ocrx_word' id='word_1_323' title='bbox 679 3340 1035 3422; x_wconf 84' lang='lat' dir='ltr'><strong>scripturae,</strong></span> <span class='ocrx_word' id='word_1_324' title='bbox 1069 3344 1360 3425; x_wconf 85' lang='lat' dir='ltr'><strong>exempla</strong></span> <span class='ocrx_word' id='word_1_325' title='bbox 1401 3363 1658 3426; x_wconf 91' lang='lat' dir='ltr'><strong>quoque</strong></span> <span class='ocrx_word' id='word_1_326' title='bbox 1689 3344 1842 3407; x_wconf 91' lang='lat' dir='ltr'><strong>San-</strong></span> 
     </span>
     <span class='ocr_line' id='line_1_53' title="bbox 345 3440 1840 3522; baseline 0.005 -23"><span class='ocrx_word' id='word_1_327' title='bbox 345 3445 596 3500; x_wconf 90' lang='lat' dir='ltr'><strong>ctorum</strong></span> <span class='ocrx_word' id='word_1_328' title='bbox 621 3456 803 3501; x_wconf 82' lang='lat' dir='ltr'><strong>novae</strong></span> <span class='ocrx_word' id='word_1_329' title='bbox 823 3458 898 3501; x_wconf 87' lang='lat' dir='ltr'><strong>ac</strong></span> <span class='ocrx_word' id='word_1_330' title='bbox 916 3440 1150 3502; x_wconf 87' lang='lat' dir='ltr'><strong>veteris</strong></span> <span class='ocrx_word' id='word_1_331' title='bbox 1174 3440 1353 3522; x_wconf 79' lang='lat' dir='ltr'><strong>legiS,</strong></span> <span class='ocrx_word' id='word_1_332' title='bbox 1371 3451 1440 3504; x_wconf 90' lang='lat' dir='ltr'><strong>ut</strong></span> <span class='ocrx_word' id='word_1_333' title='bbox 1460 3443 1589 3505; x_wconf 85' lang='lat' dir='ltr'><strong>sint</strong></span> <span class='ocrx_word' id='word_1_334' title='bbox 1609 3444 1840 3505; x_wconf 92' lang='lat' dir='ltr'><strong>muniti</strong></span> 
     </span>
     <span class='ocr_line' id='line_1_54' title="bbox 103 3536 1838 3618; baseline 0.007 -27"><span class='ocrx_word' id='word_1_335' title='bbox 103 3548 315 3601; x_wconf 60' lang='lat' dir='ltr'><strong>namn.</strong></span> <span class='ocrx_word' id='word_1_336' title='bbox 349 3554 460 3615; x_wconf 88' lang='lat' dir='ltr'><strong>per</strong></span> <span class='ocrx_word' id='word_1_337' title='bbox 492 3555 678 3598; x_wconf 87' lang='lat' dir='ltr'><strong>arma</strong></span> <span class='ocrx_word' id='word_1_338' title='bbox 703 3536 970 3618; x_wconf 83' lang='lat' dir='ltr'><strong>justitiae</strong></span> <span class='ocrx_word' id='word_1_339' title='bbox 1002 3557 1041 3600; x_wconf 91' lang='lat' dir='ltr'><strong>a</strong></span> <span class='ocrx_word' id='word_1_340' title='bbox 1066 3538 1304 3601; x_wconf 87' lang='lat' dir='ltr'><strong>dextris</strong></span> <span class='ocrx_word' id='word_1_341' title='bbox 1343 3548 1406 3603; x_wconf 88' lang='lat' dir='ltr'><strong>ct</strong></span> <span class='ocrx_word' id='word_1_342' title='bbox 1444 3560 1480 3602; x_wconf 93' lang='lat' dir='ltr'><strong>a</strong></span> <span class='ocrx_word' id='word_1_343' title='bbox 1510 3541 1786 3604; x_wconf 87' lang='lat' dir='ltr'><strong>sinistris</strong></span> <span class='ocrx_word' id='word_1_344' title='bbox 1824 3558 1838 3603; x_wconf 73' lang='grc' dir='ltr'>ε</span> 
     </span>
    </p>
   </div>
   <div class='ocr_carea' id='block_1_13' title="bbox 105 3635 1844 3796">
    <p class='ocr_par' dir='ltr' id='par_1_14' title="bbox 105 3635 1844 3796">
     <span class='ocr_line' id='line_1_55' title="bbox 105 3635 1844 3753; baseline 0.009 -64"><span class='ocrx_word' id='word_1_345' title='bbox 105 3648 316 3753; x_wconf 50' lang='grc' dir='ltr'><strong>Ιιδνιιιεςμι,</strong></span> <span class='ocrx_word' id='word_1_346' title='bbox 349 3654 494 3696; x_wconf 89' lang='lat' dir='ltr'><strong>nam</strong></span> <span class='ocrx_word' id='word_1_347' title='bbox 527 3643 595 3697; x_wconf 92' lang='lat' dir='ltr'><strong>et</strong></span> <span class='ocrx_word' id='word_1_348' title='bbox 637 3635 854 3716; x_wconf 89' lang='lat' dir='ltr'><strong>plures</strong></span> <span class='ocrx_word' id='word_1_349' title='bbox 889 3636 1224 3701; x_wconf 86' lang='lat' dir='ltr'><strong>nobiscum</strong></span> <span class='ocrx_word' id='word_1_350' title='bbox 1263 3647 1436 3717; x_wconf 86' lang='lat' dir='ltr'><strong>sunt,</strong></span> <span class='ocrx_word' id='word_1_351' title='bbox 1467 3659 1660 3722; x_wconf 87' lang='lat' dir='ltr'><strong>quam</strong></span> <span class='ocrx_word' id='word_1_352' title='bbox 1699 3660 1844 3704; x_wconf 90' lang='lat' dir='ltr'><strong>con-</strong></span> 
     </span>
     <span class='ocr_line' id='line_1_56' title="bbox 145 3740 614 3796; baseline 0.004 -5"><span class='ocrx_word' id='word_1_353' title='bbox 145 3744 154 3754; x_wconf 87' lang='lat'><strong>·</strong></span> <span class='ocrx_word' id='word_1_354' title='bbox 347 3740 442 3794; x_wconf 89' lang='lat' dir='ltr'><strong>tra</strong></span> <span class='ocrx_word' id='word_1_355' title='bbox 470 3750 614 3796; x_wconf 84' lang='lat' dir='ltr'><strong>nOS.</strong></span> 
     </span>
    </p>
   </div>
   <div class='ocr_carea' id='block_1_14' title="bbox 345 3834 1846 4209">
    <p class='ocr_par' dir='ltr' id='par_1_15' title="bbox 345 3834 1846 4209">
     <span class='ocr_line' id='line_1_57' title="bbox 432 3834 1845 3898; baseline 0.003 -6"><span class='ocrx_word' id='word_1_356' title='bbox 432 3834 872 3892; x_wconf 78' lang='lat' dir='ltr'><strong>Transeamus</strong></span> <span class='ocrx_word' id='word_1_357' title='bbox 921 3834 1010 3893; x_wconf 86' lang='lat' dir='ltr'><strong>ad</strong></span> <span class='ocrx_word' id='word_1_358' title='bbox 1054 3835 1394 3895; x_wconf 75' lang='lat' dir='ltr'><strong>stationem</strong></span> <span class='ocrx_word' id='word_1_359' title='bbox 1435 3838 1845 3898; x_wconf 76' lang='lat' dir='ltr'><strong>incircumci-</strong></span> 
     </span>
     <span class='ocr_line' id='line_1_58' title="bbox 345 3930 1844 4015; baseline 0.005 -26"><span class='ocrx_word' id='word_1_360' title='bbox 345 3950 566 3990; x_wconf 80' lang='lat' dir='ltr'><strong>sorum</strong></span> <span class='ocrx_word' id='word_1_361' title='bbox 603 3930 862 4002; x_wconf 77' lang='lat' dir='ltr'><strong>horum,</strong></span> <span class='ocrx_word' id='word_1_362' title='bbox 883 3934 944 3991; x_wconf 82' lang='lat' dir='ltr'><strong>si</strong></span> <span class='ocrx_word' id='word_1_363' title='bbox 961 3934 1128 4011; x_wconf 77' lang='lat' dir='ltr'><strong>forte</strong></span> <span class='ocrx_word' id='word_1_364' title='bbox 1154 3933 1363 4010; x_wconf 74' lang='lat' dir='ltr'><strong>saciat</strong></span> <span class='ocrx_word' id='word_1_365' title='bbox 1386 3938 1700 3997; x_wconf 75' lang='lat' dir='ltr'><strong>Dominus</strong></span> <span class='ocrx_word' id='word_1_366' title='bbox 1723 3956 1844 4015; x_wconf 79' lang='lat' dir='ltr'><strong>pro</strong></span> 
     </span>
     <span class='ocr_line' id='line_1_59' title="bbox 349 4031 1844 4110; baseline 0.005 -21"><span class='ocrx_word' id='word_1_367' title='bbox 349 4031 530 4089; x_wconf 75' lang='lat' dir='ltr'><strong>nobis</strong></span> <span class='ocrx_word' id='word_1_368' title='bbox 566 4049 591 4087; x_wconf 87' lang='lat'><em>:</em></span> <span class='ocrx_word' id='word_1_369' title='bbox 623 4032 786 4108; x_wconf 82' lang='lat' dir='ltr'><strong>quia</strong></span> <span class='ocrx_word' id='word_1_370' title='bbox 823 4050 956 4091; x_wconf 79' lang='lat' dir='ltr'><strong>non</strong></span> <span class='ocrx_word' id='word_1_371' title='bbox 995 4041 1085 4092; x_wconf 80' lang='lat' dir='ltr'><strong>est</strong></span> <span class='ocrx_word' id='word_1_372' title='bbox 1115 4036 1390 4093; x_wconf 79' lang='lat' dir='ltr'><strong>Domino</strong></span> <span class='ocrx_word' id='word_1_373' title='bbox 1419 4036 1844 4110; x_wconf 75' lang='lat' dir='ltr'><strong>difficilesal-</strong></span> 
     </span>
     <span class='ocr_line' id='line_1_60' title="bbox 349 4128 1846 4209; baseline 0.005 -23"><span class='ocrx_word' id='word_1_374' title='bbox 349 4150 500 4188; x_wconf 87' lang='lat' dir='ltr'><strong>vare</strong></span> <span class='ocrx_word' id='word_1_375' title='bbox 533 4130 635 4187; x_wconf 82' lang='lat' dir='ltr'><strong>vel</strong></span> <span class='ocrx_word' id='word_1_376' title='bbox 668 4128 742 4187; x_wconf 83' lang='lat' dir='ltr'><strong>in</strong></span> <span class='ocrx_word' id='word_1_377' title='bbox 776 4132 1001 4189; x_wconf 79' lang='lat' dir='ltr'><strong>multis</strong></span> <span class='ocrx_word' id='word_1_378' title='bbox 1031 4133 1131 4190; x_wconf 83' lang='lat' dir='ltr'><strong>vel</strong></span> <span class='ocrx_word' id='word_1_379' title='bbox 1155 4133 1226 4191; x_wconf 76' lang='lat' dir='ltr'><strong>in</strong></span> <span class='ocrx_word' id='word_1_380' title='bbox 1244 4133 1497 4209; x_wconf 74' lang='lat' dir='ltr'><strong>pauc-2⁹8.</strong></span> <span class='ocrx_word' id='word_1_381' title='bbox 1518 4132 1846 4196; x_wconf 76' lang='lat' dir='ltr'><strong>incircum·</strong></span> 
     </span>
    </p>
   </div>
   <div class='ocr_carea' id='block_1_15' title="bbox 1952 3145 3447 4208">
    <p class='ocr_par' dir='ltr' id='par_1_16' title="bbox 1952 3145 3445 3328">
     <span class='ocr_line' id='line_1_61' title="bbox 1952 3145 3445 3227; baseline -0.001 -18"><span class='ocrx_word' id='word_1_382' title='bbox 1952 3148 2315 3223; x_wconf 84' lang='lat' dir='ltr'><strong>saevissime‚</strong></span> <span class='ocrx_word' id='word_1_383' title='bbox 2331 3147 2483 3207; x_wconf 91' lang='lat' dir='ltr'><strong>dum</strong></span> <span class='ocrx_word' id='word_1_384' title='bbox 2507 3164 2620 3227; x_wconf 92' lang='lat' dir='ltr'><strong>per</strong></span> <span class='ocrx_word' id='word_1_385' title='bbox 2639 3145 3087 3209; x_wconf 87' lang='lat' dir='ltr'><strong>delectationes</strong></span> <span class='ocrx_word' id='word_1_386' title='bbox 3108 3154 3171 3209; x_wconf 90' lang='lat' dir='ltr'><strong>et</strong></span> <span class='ocrx_word' id='word_1_387' title='bbox 3200 3145 3445 3208; x_wconf 91' lang='lat' dir='ltr'><strong>ludicra</strong></span> 
     </span>
     <span class='ocr_line' id='line_1_62' title="bbox 1955 3243 2883 3328; baseline -0.003 -19"><span class='ocrx_word' id='word_1_388' title='bbox 1955 3267 2068 3311; x_wconf 92' lang='lat' dir='ltr'><strong>nos</strong></span> <span class='ocrx_word' id='word_1_389' title='bbox 2099 3245 2477 3328; x_wconf 90' lang='lat' dir='ltr'><strong>pertrahunt</strong></span> <span class='ocrx_word' id='word_1_390' title='bbox 2498 3245 2573 3306; x_wconf 92' lang='lat' dir='ltr'><strong>ad</strong></span> <span class='ocrx_word' id='word_1_391' title='bbox 2605 3243 2883 3307; x_wconf 85' lang='lat' dir='ltr'><strong>inferna.</strong></span> 
     </span>
    </p>

    <p class='ocr_par' dir='ltr' id='par_1_17' title="bbox 1956 3341 3447 4208">
     <span class='ocr_line' id='line_1_63' title="bbox 2035 3341 3445 3422; baseline -0.002 -16"><span class='ocrx_word' id='word_1_392' title='bbox 2035 3350 2120 3408; x_wconf 76' lang='lat' dir='ltr'><strong>Et</strong></span> <span class='ocrx_word' id='word_1_393' title='bbox 2151 3353 2567 3421; x_wconf 78' lang='lat' dir='ltr'><strong>respeoeerunt</strong></span> <span class='ocrx_word' id='word_1_394' title='bbox 2597 3347 3020 3420; x_wconf 78' lang='lat' dir='ltr'><strong>speculatores</strong></span> <span class='ocrx_word' id='word_1_395' title='bbox 3054 3344 3261 3403; x_wconf 80' lang='lat' dir='ltr'><strong>Saul:</strong></span> <span class='ocrx_word' id='word_1_396' title='bbox 3290 3341 3445 3422; x_wconf 86' lang='lat' dir='ltr'><strong>quia</strong></span> 
     </span>
     <span class='ocr_line' id='line_1_64' title="bbox 1956 3440 3445 3528; baseline -0.004 -21"><span class='ocrx_word' id='word_1_397' title='bbox 1956 3443 2289 3528; x_wconf 82' lang='lat' dir='ltr'><strong>praefatum</strong></span> <span class='ocrx_word' id='word_1_398' title='bbox 2315 3440 2709 3522; x_wconf 89' lang='lat' dir='ltr'><strong>triumphum</strong></span> <span class='ocrx_word' id='word_1_399' title='bbox 2734 3440 3027 3503; x_wconf 88' lang='lat' dir='ltr'><strong>fidelium</strong></span> <span class='ocrx_word' id='word_1_400' title='bbox 3048 3440 3445 3503; x_wconf 86' lang='lat' dir='ltr'><strong>considerant</strong></span> 
     </span>
     <span class='ocr_line' id='line_1_65' title="bbox 1957 3537 3446 3621; baseline -0.003 -16"><span class='ocrx_word' id='word_1_401' title='bbox 1957 3540 2110 3605; x_wconf 93' lang='lat' dir='ltr'><strong>boni</strong></span> <span class='ocrx_word' id='word_1_402' title='bbox 2144 3548 2428 3621; x_wconf 91' lang='lat' dir='ltr'><strong>pastores</strong></span> <span class='ocrx_word' id='word_1_403' title='bbox 2451 3558 2522 3602; x_wconf 91' lang='lat' dir='ltr'><strong>ac</strong></span> <span class='ocrx_word' id='word_1_404' title='bbox 2550 3539 2993 3620; x_wconf 84' lang='lat' dir='ltr'><strong>praedicatores</strong></span> <span class='ocrx_word' id='word_1_405' title='bbox 3024 3537 3446 3615; x_wconf 82' lang='lat' dir='ltr'><strong>ferventeS,et</strong></span> 
     </span>
     <span class='ocr_line' id='line_1_66' title="bbox 1957 3636 3445 3719; baseline -0.003 -15"><span class='ocrx_word' id='word_1_406' title='bbox 1957 3660 2102 3705; x_wconf 86' lang='lat' dir='ltr'><strong>eum</strong></span> <span class='ocrx_word' id='word_1_407' title='bbox 2134 3657 2282 3702; x_wconf 92' lang='lat' dir='ltr'><strong>cum</strong></span> <span class='ocrx_word' id='word_1_408' title='bbox 2328 3637 2559 3718; x_wconf 89' lang='lat' dir='ltr'><strong>gaudio</strong></span> <span class='ocrx_word' id='word_1_409' title='bbox 2591 3636 2975 3699; x_wconf 86' lang='lat' dir='ltr'><strong>annuntiant</strong></span> <span class='ocrx_word' id='word_1_410' title='bbox 3014 3655 3129 3699; x_wconf 93' lang='lat' dir='ltr'><strong>suo</strong></span> <span class='ocrx_word' id='word_1_411' title='bbox 3161 3636 3445 3719; x_wconf 91' lang='lat' dir='ltr'><strong>superio—</strong></span> 
     </span>
     <span class='ocr_line' id='line_1_67' title="bbox 1957 3734 3446 3819; baseline -0.004 -18"><span class='ocrx_word' id='word_1_412' title='bbox 1957 3740 2008 3801; x_wconf 93' lang='lat' dir='ltr'><strong>ri</strong></span> <span class='ocrx_word' id='word_1_413' title='bbox 2031 3758 2046 3802; x_wconf 87' lang='lat'>:</span> <span class='ocrx_word' id='word_1_414' title='bbox 2066 3755 2196 3819; x_wconf 89' lang='lat' dir='ltr'><strong>quo</strong></span> <span class='ocrx_word' id='word_1_415' title='bbox 2227 3736 2504 3817; x_wconf 80' lang='lat' dir='ltr'><strong>cognite,</strong></span> <span class='ocrx_word' id='word_1_416' title='bbox 2526 3736 2636 3798; x_wconf 84' lang='lat' dir='ltr'><strong>ille</strong></span> <span class='ocrx_word' id='word_1_417' title='bbox 2668 3754 2813 3798; x_wconf 93' lang='lat' dir='ltr'><strong>cum</strong></span> <span class='ocrx_word' id='word_1_418' title='bbox 2844 3735 2976 3797; x_wconf 92' lang='lat' dir='ltr'><strong>suis</strong></span> <span class='ocrx_word' id='word_1_419' title='bbox 3010 3734 3446 3797; x_wconf 80' lang='lat' dir='ltr'><strong>inflammatur</strong></span> 
     </span>
     <span class='ocr_line' id='line_1_68' title="bbox 1957 3818 3445 3915; baseline -0.005 -14"><span class='ocrx_word' id='word_1_420' title='bbox 1957 3839 2032 3901; x_wconf 90' lang='lat' dir='ltr'><strong>ad</strong></span> <span class='ocrx_word' id='word_1_421' title='bbox 2065 3835 2563 3899; x_wconf 87' lang='lat' dir='ltr'><strong>succurrendum</strong></span> <span class='ocrx_word' id='word_1_422' title='bbox 2596 3842 2721 3895; x_wconf 89' lang='lat' dir='ltr'><strong>tam</strong></span> <span class='ocrx_word' id='word_1_423' title='bbox 2756 3818 3445 3915; x_wconf 64' lang='lat' dir='ltr'><strong>fructuosepraesiden-</strong></span> 
     </span>
     <span class='ocr_line' id='line_1_69' title="bbox 1958 3930 3442 4013; baseline -0.005 -15"><span class='ocrx_word' id='word_1_424' title='bbox 1958 3936 2128 3999; x_wconf 90' lang='lat' dir='ltr'><strong>tibus</strong></span> <span class='ocrx_word' id='word_1_425' title='bbox 2159 3944 2271 3997; x_wconf 90' lang='lat' dir='ltr'><strong>aut</strong></span> <span class='ocrx_word' id='word_1_426' title='bbox 2301 3931 2906 4005; x_wconf 89' lang='lat' dir='ltr'><strong>sermocinantibus;</strong></span> <span class='ocrx_word' id='word_1_427' title='bbox 2939 3940 3002 3993; x_wconf 87' lang='lat' dir='ltr'><strong>et</strong></span> <span class='ocrx_word' id='word_1_428' title='bbox 3022 3930 3442 4013; x_wconf 88' lang='lat' dir='ltr'><strong>applicatsibi</strong></span> 
     </span>
     <span class='ocr_line' id='line_1_70' title="bbox 1959 4028 3446 4111; baseline -0.005 -14"><span class='ocrx_word' id='word_1_429' title='bbox 1959 4054 2193 4111; x_wconf 90' lang='lat' dir='ltr'><strong>arcam,</strong></span> <span class='ocrx_word' id='word_1_430' title='bbox 2244 4032 2306 4094; x_wconf 91' lang='lat' dir='ltr'><strong>id</strong></span> <span class='ocrx_word' id='word_1_431' title='bbox 2359 4039 2477 4106; x_wconf 88' lang='lat' dir='ltr'><strong>est,</strong></span> <span class='ocrx_word' id='word_1_432' title='bbox 2532 4050 2608 4093; x_wconf 85' lang='lat' dir='ltr'><strong>ex</strong></span> <span class='ocrx_word' id='word_1_433' title='bbox 2656 4049 2833 4092; x_wconf 90' lang='lat' dir='ltr'><strong>sacra</strong></span> <span class='ocrx_word' id='word_1_434' title='bbox 2880 4029 3205 4111; x_wconf 88' lang='lat' dir='ltr'><strong>Scriptura</strong></span> <span class='ocrx_word' id='word_1_435' title='bbox 3250 4028 3446 4090; x_wconf 89' lang='lat' dir='ltr'><strong>sumit</strong></span> 
     </span>
     <span class='ocr_line' id='line_1_71' title="bbox 1957 4126 3447 4208; baseline -0.003 -14"><span class='ocrx_word' id='word_1_436' title='bbox 1957 4132 2297 4195; x_wconf 90' lang='lat' dir='ltr'><strong>consilium</strong></span> <span class='ocrx_word' id='word_1_437' title='bbox 2346 4137 2410 4192; x_wconf 88' lang='lat' dir='ltr'><strong>et</strong></span> <span class='ocrx_word' id='word_1_438' title='bbox 2448 4127 2824 4203; x_wconf 89' lang='lat' dir='ltr'><strong>doctrinam,</strong></span> <span class='ocrx_word' id='word_1_439' title='bbox 2860 4127 3134 4208; x_wconf 87' lang='lat' dir='ltr'><strong>qualiter</strong></span> <span class='ocrx_word' id='word_1_440' title='bbox 3172 4126 3257 4188; x_wconf 90' lang='lat' dir='ltr'><strong>sit</strong></span> <span class='ocrx_word' id='word_1_441' title='bbox 3303 4144 3447 4208; x_wconf 91' lang='lat' dir='ltr'><strong>pro-</strong></span> 
     </span>
    </p>
   </div>
   <div class='ocr_carea' id='block_1_16' title="bbox 349 4225 3448 4309">
    <p class='ocr_par' dir='ltr' id='par_1_18' title="bbox 349 4225 3448 4309">
     <span class='ocr_line' id='line_1_72' title="bbox 349 4225 3448 4309; baseline 0.001 -22"><span class='ocrx_word' id='word_1_442' title='bbox 349 4226 462 4287; x_wconf 89' lang='lat' dir='ltr'><strong>cisi</strong></span> <span class='ocrx_word' id='word_1_443' title='bbox 497 4226 1124 4301; x_wconf 87' lang='lat' dir='ltr'><strong>corde,suntomnes</strong></span> <span class='ocrx_word' id='word_1_444' title='bbox 1145 4227 1257 4309; x_wconf 90' lang='lat' dir='ltr'><strong>qui</strong></span> <span class='ocrx_word' id='word_1_445' title='bbox 1292 4228 1675 4292; x_wconf 88' lang='lat' dir='ltr'><strong>irreformati</strong></span> <span class='ocrx_word' id='word_1_446' title='bbox 1699 4238 1847 4291; x_wconf 91' lang='lat' dir='ltr'><strong>sunt</strong></span> <span class='ocrx_word' id='word_1_447' title='bbox 1874 4231 1923 4293; x_wconf 93' lang='lat' dir='ltr'>D</span> <span class='ocrx_word' id='word_1_448' title='bbox 1959 4230 2313 4293; x_wconf 87' lang='lat' dir='ltr'><strong>cedendum</strong></span> <span class='ocrx_word' id='word_1_449' title='bbox 2344 4252 2359 4303; x_wconf 91' lang='lat'><strong>;</strong></span> <span class='ocrx_word' id='word_1_450' title='bbox 2412 4228 2631 4307; x_wconf 90' lang='lat' dir='ltr'><strong>sicque</strong></span> <span class='ocrx_word' id='word_1_451' title='bbox 2672 4225 2848 4288; x_wconf 89' lang='lat' dir='ltr'><strong>venit</strong></span> <span class='ocrx_word' id='word_1_452' title='bbox 2882 4226 2958 4287; x_wconf 93' lang='lat' dir='ltr'><strong>ad</strong></span> <span class='ocrx_word' id='word_1_453' title='bbox 2999 4225 3205 4288; x_wconf 91' lang='lat' dir='ltr'><strong>locum</strong></span> <span class='ocrx_word' id='word_1_454' title='bbox 3249 4234 3448 4289; x_wconf 84' lang='lat' dir='ltr'><strong>certa-</strong></span> 
     </span>
    </p>
   </div>
   <div class='ocr_carea' id='block_1_17' title="bbox 119 4324 1855 5298">
    <p class='ocr_par' dir='ltr' id='par_1_19' title="bbox 119 4324 1855 5298">
     <span class='ocr_line' id='line_1_73' title="bbox 350 4324 1848 4406; baseline 0.002 -21"><span class='ocrx_word' id='word_1_455' title='bbox 350 4324 718 4405; x_wconf 89' lang='lat' dir='ltr'><strong>mente,qui</strong></span> <span class='ocrx_word' id='word_1_456' title='bbox 752 4324 1123 4406; x_wconf 90' lang='lat' dir='ltr'><strong>passionum</strong></span> <span class='ocrx_word' id='word_1_457' title='bbox 1145 4344 1402 4388; x_wconf 91' lang='lat' dir='ltr'><strong>suarum</strong></span> <span class='ocrx_word' id='word_1_458' title='bbox 1434 4327 1848 4391; x_wconf 90' lang='lat' dir='ltr'><strong>immoderan-</strong></span> 
     </span>
     <span class='ocr_line' id='line_1_74' title="bbox 353 4422 1849 4506; baseline 0.004 -23"><span class='ocrx_word' id='word_1_459' title='bbox 353 4424 468 4486; x_wconf 88' lang='lat' dir='ltr'><strong>tias</strong></span> <span class='ocrx_word' id='word_1_460' title='bbox 517 4442 650 4486; x_wconf 90' lang='lat' dir='ltr'><strong>non</strong></span> <span class='ocrx_word' id='word_1_461' title='bbox 697 4422 1025 4487; x_wconf 90' lang='lat' dir='ltr'><strong>refrenant</strong></span> <span class='ocrx_word' id='word_1_462' title='bbox 1060 4441 1074 4484; x_wconf 77' lang='grc' dir='ltr'><em>τ</em></span> <span class='ocrx_word' id='word_1_463' title='bbox 1112 4425 1187 4486; x_wconf 90' lang='lat' dir='ltr'><strong>ad</strong></span> <span class='ocrx_word' id='word_1_464' title='bbox 1228 4444 1498 4506; x_wconf 90' lang='lat' dir='ltr'><strong>quorum</strong></span> <span class='ocrx_word' id='word_1_465' title='bbox 1547 4426 1849 4489; x_wconf 88' lang='lat' dir='ltr'><strong>informa-</strong></span> 
     </span>
     <span class='ocr_line' id='line_1_75' title="bbox 355 4522 1850 4606; baseline 0.003 -23"><span class='ocrx_word' id='word_1_466' title='bbox 355 4522 594 4586; x_wconf 89' lang='lat' dir='ltr'><strong>tionem</strong></span> <span class='ocrx_word' id='word_1_467' title='bbox 625 4531 690 4586; x_wconf 94' lang='lat' dir='ltr'><strong>et</strong></span> <span class='ocrx_word' id='word_1_468' title='bbox 709 4522 1196 4587; x_wconf 89' lang='lat' dir='ltr'><strong>conversionem</strong></span> <span class='ocrx_word' id='word_1_469' title='bbox 1226 4522 1492 4586; x_wconf 85' lang='lat' dir='ltr'><strong>virtuosi</strong></span> <span class='ocrx_word' id='word_1_470' title='bbox 1523 4525 1766 4606; x_wconf 83' lang='lat' dir='ltr'><strong>praelati</strong></span> <span class='ocrx_word' id='word_1_471' title='bbox 1785 4533 1850 4587; x_wconf 92' lang='lat' dir='ltr'><strong>et</strong></span> 
     </span>
     <span class='ocr_line' id='line_1_76' title="bbox 355 4619 1852 4703; baseline 0.001 -20"><span class='ocrx_word' id='word_1_472' title='bbox 355 4621 805 4703; x_wconf 86' lang='lat' dir='ltr'><strong>praedicatores</strong></span> <span class='ocrx_word' id='word_1_473' title='bbox 827 4619 1230 4685; x_wconf 90' lang='lat' dir='ltr'><strong>confidenter</strong></span> <span class='ocrx_word' id='word_1_474' title='bbox 1249 4624 1578 4699; x_wconf 89' lang='lat' dir='ltr'><strong>accedunt,</strong></span> <span class='ocrx_word' id='word_1_475' title='bbox 1597 4641 1725 4686; x_wconf 88' lang='lat' dir='ltr'><strong>non</strong></span> <span class='ocrx_word' id='word_1_476' title='bbox 1744 4623 1852 4686; x_wconf 91' lang='lat' dir='ltr'><strong>ob-</strong></span> 
     </span>
     <span class='ocr_line' id='line_1_77' title="bbox 355 4719 1852 4803; baseline 0.001 -22"><span class='ocrx_word' id='word_1_477' title='bbox 355 4729 562 4785; x_wconf 86' lang='lat' dir='ltr'><strong>stante</strong></span> <span class='ocrx_word' id='word_1_478' title='bbox 583 4719 980 4783; x_wconf 85' lang='lat' dir='ltr'><strong>difficultate</strong></span> <span class='ocrx_word' id='word_1_479' title='bbox 1014 4720 1274 4801; x_wconf 88' lang='lat' dir='ltr'><strong>negotii,</strong></span> <span class='ocrx_word' id='word_1_480' title='bbox 1309 4721 1612 4803; x_wconf 90' lang='lat' dir='ltr'><strong>quoniam</strong></span> <span class='ocrx_word' id='word_1_481' title='bbox 1644 4721 1852 4785; x_wconf 90' lang='lat' dir='ltr'><strong>Omni-</strong></span> 
     </span>
     <span class='ocr_line' id='line_1_78' title="bbox 361 4817 1852 4902; baseline 0.002 -22"><span class='ocrx_word' id='word_1_482' title='bbox 361 4819 640 4901; x_wconf 89' lang='lat' dir='ltr'><strong>potentis</strong></span> <span class='ocrx_word' id='word_1_483' title='bbox 682 4818 924 4881; x_wconf 86' lang='lat' dir='ltr'><strong>auxilio</strong></span> <span class='ocrx_word' id='word_1_484' title='bbox 959 4817 1340 4897; x_wconf 89' lang='lat' dir='ltr'><strong>innituntur,</strong></span> <span class='ocrx_word' id='word_1_485' title='bbox 1376 4820 1487 4901; x_wconf 91' lang='lat' dir='ltr'><strong>qui</strong></span> <span class='ocrx_word' id='word_1_486' title='bbox 1529 4820 1617 4882; x_wconf 89' lang='lat' dir='ltr'><strong>ita</strong></span> <span class='ocrx_word' id='word_1_487' title='bbox 1645 4829 1852 4902; x_wconf 90' lang='lat' dir='ltr'><strong>potest</strong></span> 
     </span>
     <span class='ocr_line' id='line_1_79' title="bbox 362 4918 1853 5001; baseline 0 -20"><span class='ocrx_word' id='word_1_488' title='bbox 362 4936 474 4998; x_wconf 89' lang='lat' dir='ltr'><strong>per</strong></span> <span class='ocrx_word' id='word_1_489' title='bbox 523 4936 766 5001; x_wconf 90' lang='lat' dir='ltr'><strong>paucos</strong></span> <span class='ocrx_word' id='word_1_490' title='bbox 814 4927 1190 4982; x_wconf 87' lang='lat' dir='ltr'><strong>convertere</strong></span> <span class='ocrx_word' id='word_1_491' title='bbox 1237 4918 1494 4996; x_wconf 81' lang='lat' dir='ltr'><strong>multOS,</strong></span> <span class='ocrx_word' id='word_1_492' title='bbox 1533 4919 1698 4983; x_wconf 90' lang='lat' dir='ltr'><strong>sicut</strong></span> <span class='ocrx_word' id='word_1_493' title='bbox 1740 4940 1853 5001; x_wconf 91' lang='lat' dir='ltr'><strong>per</strong></span> 
     </span>
     <span class='ocr_line' id='line_1_80' title="bbox 363 5016 1850 5098; baseline 0.003 -20"><span class='ocrx_word' id='word_1_494' title='bbox 363 5016 697 5097; x_wconf 89' lang='lat' dir='ltr'><strong>plurimos.</strong></span> <span class='ocrx_word' id='word_1_495' title='bbox 741 5016 1172 5098; x_wconf 82' lang='lat' dir='ltr'><strong>Magnanimes</strong></span> <span class='ocrx_word' id='word_1_496' title='bbox 1215 5017 1408 5098; x_wconf 90' lang='lat' dir='ltr'><strong>igitur</strong></span> <span class='ocrx_word' id='word_1_497' title='bbox 1439 5018 1568 5080; x_wconf 89' lang='lat' dir='ltr'><strong>sint</strong></span> <span class='ocrx_word' id='word_1_498' title='bbox 1605 5018 1671 5080; x_wconf 94' lang='lat' dir='ltr'><strong>in</strong></span> <span class='ocrx_word' id='word_1_499' title='bbox 1707 5019 1850 5095; x_wconf 84' lang='lat' dir='ltr'><strong>Dec,</strong></span> 
     </span>
     <span class='ocr_line' id='line_1_81' title="bbox 123 5114 1854 5199; baseline 0.006 -29"><span class='ocrx_word' id='word_1_500' title='bbox 123 5130 336 5189; x_wconf 58' lang='lat' dir='ltr'><strong>ramma,</strong></span> <span class='ocrx_word' id='word_1_501' title='bbox 364 5114 536 5196; x_wconf 86' lang='lat' dir='ltr'><strong>pleni</strong></span> <span class='ocrx_word' id='word_1_502' title='bbox 589 5135 706 5197; x_wconf 87' lang='lat' dir='ltr'><strong>spe</strong></span> <span class='ocrx_word' id='word_1_503' title='bbox 757 5114 1037 5179; x_wconf 88' lang='lat' dir='ltr'><strong>ferventi</strong></span> <span class='ocrx_word' id='word_1_504' title='bbox 1087 5136 1159 5179; x_wconf 94' lang='lat' dir='ltr'><strong>ac</strong></span> <span class='ocrx_word' id='word_1_505' title='bbox 1210 5116 1463 5194; x_wconf 88' lang='lat' dir='ltr'><strong>humili,</strong></span> <span class='ocrx_word' id='word_1_506' title='bbox 1515 5126 1854 5199; x_wconf 88' lang='lat' dir='ltr'><strong>pensantes</strong></span> 
     </span>
     <span class='ocr_line' id='line_1_82' title="bbox 119 5194 1855 5298; baseline 0.002 -24"><span class='ocrx_word' id='word_1_507' title='bbox 119 5194 169 5233; x_wconf 77' lang='lat'><strong>¹³·</strong></span> <span class='ocrx_word' id='word_1_508' title='bbox 367 5214 525 5276; x_wconf 92' lang='lat' dir='ltr'><strong>illud</strong></span> <span class='ocrx_word' id='word_1_509' title='bbox 573 5212 864 5296; x_wconf 82' lang='lat' dir='ltr'><strong>Apostoli</strong></span> <span class='ocrx_word' id='word_1_510' title='bbox 899 5233 913 5278; x_wconf 93' lang='lat'>:</span> <span class='ocrx_word' id='word_1_511' title='bbox 948 5212 1173 5277; x_wconf 90' lang='lat' dir='ltr'><strong>Omnia</strong></span> <span class='ocrx_word' id='word_1_512' title='bbox 1211 5234 1471 5297; x_wconf 91' lang='lat' dir='ltr'><strong>possum</strong></span> <span class='ocrx_word' id='word_1_513' title='bbox 1512 5215 1580 5277; x_wconf 93' lang='lat' dir='ltr'><strong>in</strong></span> <span class='ocrx_word' id='word_1_514' title='bbox 1628 5235 1702 5279; x_wconf 90' lang='lat' dir='ltr'><strong>eo</strong></span> <span class='ocrx_word' id='word_1_515' title='bbox 1744 5216 1855 5298; x_wconf 92' lang='lat' dir='ltr'><strong>qui</strong></span> 
     </span>
    </p>
   </div>
   <div class='ocr_carea' id='block_1_18' title="bbox 116 5254 1858 5378">
    <p class='ocr_par' dir='ltr' id='par_1_20' title="bbox 116 5254 1858 5378">
     <span class='ocr_line' id='line_1_83' title="bbox 116 5254 1858 5378; baseline 0.005 -8"><span class='ocrx_word' id='word_1_516' title='bbox 116 5254 337 5360; x_wconf 45' lang='lat' dir='ltr'><strong>ganan,</strong></span> <span class='ocrx_word' id='word_1_517' title='bbox 366 5332 468 5375; x_wconf 89' lang='lat' dir='ltr'><strong>me</strong></span> <span class='ocrx_word' id='word_1_518' title='bbox 497 5310 844 5376; x_wconf 89' lang='lat' dir='ltr'><strong>confortat.</strong></span> <span class='ocrx_word' id='word_1_519' title='bbox 885 5312 963 5374; x_wconf 91' lang='lat' dir='ltr'><strong>Et</strong></span> <span class='ocrx_word' id='word_1_520' title='bbox 997 5312 1155 5375; x_wconf 91' lang='lat' dir='ltr'><strong>illud</strong></span> <span class='ocrx_word' id='word_1_521' title='bbox 1197 5330 1210 5373; x_wconf 74' lang='grc' dir='ltr'>ε</span> <span class='ocrx_word' id='word_1_522' title='bbox 1246 5313 1408 5377; x_wconf 89' lang='lat' dir='ltr'><strong>Deus</strong></span> <span class='ocrx_word' id='word_1_523' title='bbox 1442 5322 1726 5377; x_wconf 88' lang='lat' dir='ltr'><strong>conteret</strong></span> <span class='ocrx_word' id='word_1_524' title='bbox 1753 5314 1858 5378; x_wconf 91' lang='lat' dir='ltr'><strong>Sa-</strong></span> 
     </span>
    </p>
   </div>
   <div class='ocr_carea' id='block_1_19' title="bbox 1957 4324 3451 4803">
    <p class='ocr_par' dir='ltr' id='par_1_21' title="bbox 1957 4324 3451 4803">
     <span class='ocr_line' id='line_1_84' title="bbox 1957 4324 3450 4409; baseline -0.001 -19"><span class='ocrx_word' id='word_1_525' title='bbox 1957 4329 2174 4405; x_wconf 84' lang='lat' dir='ltr'><strong>miniS,</strong></span> <span class='ocrx_word' id='word_1_526' title='bbox 2211 4328 2277 4389; x_wconf 92' lang='lat' dir='ltr'><strong>in</strong></span> <span class='ocrx_word' id='word_1_527' title='bbox 2308 4345 2436 4409; x_wconf 92' lang='lat' dir='ltr'><strong>quo</strong></span> <span class='ocrx_word' id='word_1_528' title='bbox 2468 4332 2689 4388; x_wconf 86' lang='lat' dir='ltr'><strong>contra</strong></span> <span class='ocrx_word' id='word_1_529' title='bbox 2727 4324 2929 4387; x_wconf 88' lang='lat' dir='ltr'><strong>aciem</strong></span> <span class='ocrx_word' id='word_1_530' title='bbox 2961 4324 3259 4389; x_wconf 89' lang='lat' dir='ltr'><strong>vitiorum</strong></span> <span class='ocrx_word' id='word_1_531' title='bbox 3292 4345 3450 4407; x_wconf 83' lang='lat' dir='ltr'><strong>prae—</strong></span> 
     </span>
     <span class='ocr_line' id='line_1_85' title="bbox 1959 4425 3451 4508; baseline -0.003 -18"><span class='ocrx_word' id='word_1_532' title='bbox 1959 4426 2101 4490; x_wconf 89' lang='lat' dir='ltr'><strong>liari</strong></span> <span class='ocrx_word' id='word_1_533' title='bbox 2134 4434 2405 4508; x_wconf 84' lang='lat' dir='ltr'><strong>oportet.</strong></span> <span class='ocrx_word' id='word_1_534' title='bbox 2430 4428 2510 4487; x_wconf 69' lang='lat' dir='ltr'><strong>Et</strong></span> <span class='ocrx_word' id='word_1_535' title='bbox 2529 4445 2663 4484; x_wconf 80' lang='lat' dir='ltr'><strong>ecce</strong></span> <span class='ocrx_word' id='word_1_536' title='bbox 2694 4444 2910 4484; x_wconf 83' lang='lat' dir='ltr'><strong>versus</strong></span> <span class='ocrx_word' id='word_1_537' title='bbox 2939 4425 3159 4501; x_wconf 76' lang='lat' dir='ltr'><strong>fuerat</strong></span> <span class='ocrx_word' id='word_1_538' title='bbox 3181 4428 3451 4501; x_wconf 60' lang='lat' dir='ltr'><strong>,qladius</strong></span> 
     </span>
     <span class='ocr_line' id='line_1_86' title="bbox 1961 4526 3449 4605; baseline -0.003 -17"><span class='ocrx_word' id='word_1_539' title='bbox 1961 4527 2475 4605; x_wconf 77' lang='lat' dir='ltr'><strong>uniuscujusque</strong></span> <span class='ocrx_word' id='word_1_540' title='bbox 2505 4527 2593 4584; x_wconf 81' lang='lat' dir='ltr'><strong>ad</strong></span> <span class='ocrx_word' id='word_1_541' title='bbox 2618 4526 2996 4600; x_wconf 60' lang='lat' dir='ltr'><strong>promimum</strong></span> <span class='ocrx_word' id='word_1_542' title='bbox 3024 4545 3239 4594; x_wconf 83' lang='lat' dir='ltr'><strong>suum,</strong></span> <span class='ocrx_word' id='word_1_543' title='bbox 3262 4534 3321 4583; x_wconf 77' lang='lat' dir='ltr'><strong>ec</strong></span> <span class='ocrx_word' id='word_1_544' title='bbox 3342 4545 3449 4585; x_wconf 77' lang='lat' dir='ltr'><strong>cce-</strong></span> 
     </span>
     <span class='ocr_line' id='line_1_87' title="bbox 1959 4620 3447 4701; baseline -0.003 -15"><span class='ocrx_word' id='word_1_545' title='bbox 1959 4630 2068 4687; x_wconf 79' lang='lat' dir='ltr'><strong>des</strong></span> <span class='ocrx_word' id='word_1_546' title='bbox 2120 4644 2359 4701; x_wconf 74' lang='lat' dir='ltr'><strong>mayna</strong></span> <span class='ocrx_word' id='word_1_547' title='bbox 2406 4624 2629 4683; x_wconf 74' lang='lat' dir='ltr'><strong>nimis.</strong></span> <span class='ocrx_word' id='word_1_548' title='bbox 2681 4621 2850 4683; x_wconf 91' lang='lat' dir='ltr'><strong>lstud</strong></span> <span class='ocrx_word' id='word_1_549' title='bbox 2906 4621 3157 4683; x_wconf 90' lang='lat' dir='ltr'><strong>assidue</strong></span> <span class='ocrx_word' id='word_1_550' title='bbox 3204 4620 3447 4683; x_wconf 89' lang='lat' dir='ltr'><strong>lamen-</strong></span> 
     </span>
     <span class='ocr_line' id='line_1_88' title="bbox 1965 4718 3451 4803; baseline -0.001 -18"><span class='ocrx_word' id='word_1_551' title='bbox 1965 4723 2372 4803; x_wconf 84' lang='lat' dir='ltr'><strong>tabiliterque</strong></span> <span class='ocrx_word' id='word_1_552' title='bbox 2420 4720 2753 4801; x_wconf 89' lang='lat' dir='ltr'><strong>impletur,</strong></span> <span class='ocrx_word' id='word_1_553' title='bbox 2805 4720 2955 4781; x_wconf 91' lang='lat' dir='ltr'><strong>dum</strong></span> <span class='ocrx_word' id='word_1_554' title='bbox 3006 4718 3451 4801; x_wconf 85' lang='lat' dir='ltr'><strong>unusquisque</strong></span> 
     </span>
    </p>
   </div>
   <div class='ocr_carea' id='block_1_20' title="bbox 1963 4817 3742 4902">
    <p class='ocr_par' dir='ltr' id='par_1_22' title="bbox 1963 4817 3742 4902">
     <span class='ocr_line' id='line_1_89' title="bbox 1963 4817 3742 4902; baseline -0.003 -18"><span class='ocrx_word' id='word_1_555' title='bbox 1963 4822 2243 4885; x_wconf 86' lang='lat' dir='ltr'><strong>animam</strong></span> <span class='ocrx_word' id='word_1_556' title='bbox 2282 4818 2554 4902; x_wconf 89' lang='lat' dir='ltr'><strong>proximi</strong></span> <span class='ocrx_word' id='word_1_557' title='bbox 2597 4818 2694 4879; x_wconf 93' lang='lat' dir='ltr'><strong>sui</strong></span> <span class='ocrx_word' id='word_1_558' title='bbox 2729 4826 2997 4879; x_wconf 86' lang='lat' dir='ltr'><strong>venatur</strong></span> <span class='ocrx_word' id='word_1_559' title='bbox 3033 4817 3111 4879; x_wconf 94' lang='lat' dir='ltr'><strong>ad</strong></span> <span class='ocrx_word' id='word_1_560' title='bbox 3152 4825 3445 4895; x_wconf 83' lang='lat' dir='ltr'><strong>mortem,</strong></span> <span class='ocrx_word' id='word_1_561' title='bbox 3478 4838 3742 4887; x_wconf 58' lang='lat' dir='ltr'><strong>monam.</strong></span> 
     </span>
    </p>
   </div>
   <div class='ocr_carea' id='block_1_21' title="bbox 1964 4914 3458 5395">
    <p class='ocr_par' dir='ltr' id='par_1_23' title="bbox 1964 4914 3458 5395">
     <span class='ocr_line' id='line_1_90' title="bbox 1964 4914 3453 4993; baseline -0.005 -9"><span class='ocrx_word' id='word_1_562' title='bbox 1964 4929 2028 4984; x_wconf 90' lang='lat' dir='ltr'><strong>et</strong></span> <span class='ocrx_word' id='word_1_563' title='bbox 2062 4918 2355 4982; x_wconf 90' lang='lat' dir='ltr'><strong>homines</strong></span> <span class='ocrx_word' id='word_1_564' title='bbox 2386 4936 2452 4980; x_wconf 90' lang='lat' dir='ltr'><strong>se</strong></span> <span class='ocrx_word' id='word_1_565' title='bbox 2484 4917 2759 4979; x_wconf 87' lang='lat' dir='ltr'><strong>invicem</strong></span> <span class='ocrx_word' id='word_1_566' title='bbox 2787 4914 3235 4993; x_wconf 88' lang='lat' dir='ltr'><strong>scandalizant,</strong></span> <span class='ocrx_word' id='word_1_567' title='bbox 3270 4923 3334 4978; x_wconf 88' lang='lat' dir='ltr'><strong>et</strong></span> <span class='ocrx_word' id='word_1_568' title='bbox 3362 4916 3453 4980; x_wconf 91' lang='lat' dir='ltr'><strong>vi-</strong></span> 
     </span>
     <span class='ocr_line' id='line_1_91' title="bbox 1966 5014 3455 5095; baseline -0.003 -14"><span class='ocrx_word' id='word_1_569' title='bbox 1966 5020 2127 5082; x_wconf 88' lang='lat' dir='ltr'><strong>tiose</strong></span> <span class='ocrx_word' id='word_1_570' title='bbox 2159 5016 2565 5079; x_wconf 84' lang='lat' dir='ltr'><strong>inflammant</strong></span> <span class='ocrx_word' id='word_1_571' title='bbox 2598 5016 2673 5077; x_wconf 91' lang='lat' dir='ltr'><strong>ad</strong></span> <span class='ocrx_word' id='word_1_572' title='bbox 2706 5014 3285 5095; x_wconf 89' lang='lat' dir='ltr'><strong>concupiscendum</strong></span> <span class='ocrx_word' id='word_1_573' title='bbox 3318 5034 3455 5077; x_wconf 92' lang='lat' dir='ltr'><strong>ver-</strong></span> 
     </span>
     <span class='ocr_line' id='line_1_92' title="bbox 1966 5112 3454 5193; baseline -0.002 -14"><span class='ocrx_word' id='word_1_574' title='bbox 1966 5116 2066 5179; x_wconf 93' lang='lat' dir='ltr'><strong>bis</strong></span> <span class='ocrx_word' id='word_1_575' title='bbox 2099 5124 2162 5178; x_wconf 89' lang='lat' dir='ltr'><strong>et</strong></span> <span class='ocrx_word' id='word_1_576' title='bbox 2196 5114 2405 5188; x_wconf 86' lang='lat' dir='ltr'><strong>fact.iS‚</strong></span> <span class='ocrx_word' id='word_1_577' title='bbox 2430 5122 2633 5193; x_wconf 85' lang='lat' dir='ltr'><strong>gestu,</strong></span> <span class='ocrx_word' id='word_1_578' title='bbox 2655 5113 2931 5190; x_wconf 89' lang='lat' dir='ltr'><strong>incessu,</strong></span> <span class='ocrx_word' id='word_1_579' title='bbox 2952 5112 3303 5189; x_wconf 89' lang='lat' dir='ltr'><strong>ornatibus,</strong></span> <span class='ocrx_word' id='word_1_580' title='bbox 3328 5113 3454 5177; x_wconf 90' lang='lat' dir='ltr'><strong>imo</strong></span> 
     </span>
     <span class='ocr_line' id='line_1_93' title="bbox 1969 5211 3458 5292; baseline -0.001 -14"><span class='ocrx_word' id='word_1_581' title='bbox 1969 5224 2032 5279; x_wconf 89' lang='lat' dir='ltr'><strong>et</strong></span> <span class='ocrx_word' id='word_1_582' title='bbox 2061 5211 2517 5278; x_wconf 91' lang='lat' dir='ltr'><strong>omissionibus</strong></span> <span class='ocrx_word' id='word_1_583' title='bbox 2554 5228 2567 5273; x_wconf 92' lang='lat'>:</span> <span class='ocrx_word' id='word_1_584' title='bbox 2604 5211 2823 5292; x_wconf 89' lang='lat' dir='ltr'><strong>sicque</strong></span> <span class='ocrx_word' id='word_1_585' title='bbox 2854 5211 3143 5292; x_wconf 88' lang='lat' dir='ltr'><strong>quotidie</strong></span> <span class='ocrx_word' id='word_1_586' title='bbox 3173 5211 3458 5276; x_wconf 91' lang='lat' dir='ltr'><strong>innume-</strong></span> 
     </span>
     <span class='ocr_line' id='line_1_94' title="bbox 1971 5310 3456 5395; baseline 0 -20"><span class='ocrx_word' id='word_1_587' title='bbox 1971 5312 2205 5377; x_wconf 89' lang='lat' dir='ltr'><strong>rabiles</strong></span> <span class='ocrx_word' id='word_1_588' title='bbox 2236 5318 2523 5395; x_wconf 85' lang='lat' dir='ltr'><strong>pereunt.</strong></span> <span class='ocrx_word' id='word_1_589' title='bbox 2542 5313 2669 5373; x_wconf 83' lang='lat' dir='ltr'><strong>Sed</strong></span> <span class='ocrx_word' id='word_1_590' title='bbox 2697 5318 2757 5369; x_wconf 80' lang='lat' dir='ltr'><strong>et</strong></span> <span class='ocrx_word' id='word_1_591' title='bbox 2778 5310 3036 5371; x_wconf 79' lang='lat' dir='ltr'><strong>Hebroei</strong></span> <span class='ocrx_word' id='word_1_592' title='bbox 3054 5311 3172 5388; x_wconf 81' lang='lat' dir='ltr'><strong>qui</strong></span> <span class='ocrx_word' id='word_1_593' title='bbox 3190 5312 3456 5387; x_wconf 76' lang='lat' dir='ltr'><strong>fuerant</strong></span> 
     </span>
    </p>
   </div>
  </div>
 </body>
</html>
