4359 6250
123 873 262 916 lonae
273 887 352 921 xv.

81 937 142 976 ³5.

941 495 1290 547 ENARRAuo
1332 499 1392 545 ΙΝ
1437 499 1572 546 ΟΑΡ.
1621 497 1748 546 xvn
1789 497 1947 546 unm
1989 497 2156 548 1>thss
2199 499 2422 550 REGUM.
2468 525 2547 535 —
2589 503 2732 552 ΛΒΤ.
2780 501 2953 552 xxxu

3370 482 3489 552 355

385 675 686 750 satrapae,
721 672 794 730 in
831 673 1144 746 proelium
1181 683 1622 733 convenerunt
1661 674 1730 732 in
1775 675 1889 734 So-
1919 671 1968 733 A
2001 674 2152 736 tallo
2204 675 2533 757 accipitur.
2586 676 2708 739 Nec
2756 676 2951 738 cassis
3004 675 3150 740 fieri
3200 676 3362 741 solet
3408 678 3487 740 dc

383 768 507 826 clm
534 769 747 839 Judae‚
784 767 850 830 id
890 778 987 832 est
1026 770 1208 850 juxta
1239 770 1460 833 urbem
1493 770 1752 832 nomine
1783 769 1892 832 So-

385 863 538 941 ch0,
561 866 988 947 pertinentem
1020 868 1098 930 ad
1129 868 1370 930 tribum
1398 869 1577 930 Juda.
1611 868 1753 930 Fuit
1785 887 1892 930 au-

381 971 524 1026 tem
554 973 619 1027 et
645 964 774 1028 alia
805 966 956 1028 urbs
987 965 1079 1030 sic
1109 967 1281 1030 dicta
1320 967 1488 1029 ultra
1525 967 1885 1043 Jordanem,

81 1065 350 1114 Mic-2¹¹&-
387 1063 476 1125 de
521 1083 650 1145 qua
701 1064 767 1125 in
821 1064 986 1127 libro
1032 1065 1326 1128 Judicum
1377 1075 1690 1142 narratur,
1724 1065 1892 1127 Dixit

133 1167 150 1184 ’
167 1166 334 1209 Soeoth

85 1471 210 1513 lucae
223 1485 263 1522 ι,
281 1475 350 1515 10.

113 2169 350 2218 (ἰαιικκν,

383 1160 650 1224 Gedeon
695 1163 776 1224 ad
821 1163 992 1227 viros
1033 1163 1238 1227 Socho
1259 1166 1304 1226 ¹.
1341 1169 1422 1226 Ει
1453 1167 1892 1225 castrametati

383 1271 550 1320 sunt
579 1263 751 1321 inter
780 1265 986 1324 Socho
1014 1272 1074 1324 et
1104 1267 1341 1332 Azeca,
1375 1263 1438 1325 id
1469 1271 1564 1325 est
1595 1262 1760 1324 inter
1788 1280 1892 1344 op-

384 1358 545 1439 pida
575 1359 668 1422 sic
703 1370 943 1424 vocata.
977 1361 1214 1443 Estque
1249 1361 1446 1424 Azeca
1477 1360 1653 1438 υνδε,
1689 1380 1889 1443 usque

381 1457 470 1518 ad
501 1476 698 1539 quam
718 1459 906 1522 Josue
930 1460 1244 1541 percussit
1268 1459 1580 1523 exercitus
1603 1459 1890 1541 quinque

385 1571 628 1636 regum.
643 1558 723 1617 Iu
743 1560 989 1634 finibus
1007 1558 1674 1621 Dommim.Dommim
1696 1577 1890 1639 quan-

381 1655 602 1735 doque
641 1664 738 1718 est
777 1675 1012 1720 nomen
1054 1657 1330 1721 civitatis
1371 1658 1436 1719 in
1477 1664 1644 1720 sorte
1687 1657 1882 1733 Judae,

379 1754 780 1836 quandoque
807 1756 1042 1818 deserti
1074 1756 1239 1818 inter
1264 1755 1612 1818 Jerusalem
1644 1765 1706 1818 et
1733 1756 1888 1818 Jeri-

1999 792 2122 836 aere
2151 774 2409 856 proprie
2440 782 2716 856 sumpto,
2738 776 2847 837 sed
2869 776 2947 838 de
2969 773 3263 838 serro.Ec
3288 778 3489 838 lorica

1999 875 2266 933 hamata
2304 875 2718 944 induebatur,
2752 874 2815 935 id
2860 881 2977 950 est,
3018 873 3215 936 lorica
3264 873 3489 938 ferreis

2003 968 2257 1032 laminis
2281 979 2593 1052 cooperta,
2610 980 2924 1052 quatenus
2952 971 3493 1054 imperforabilior

2000 1077 2188 1144 esset,
2224 1088 2339 1132 nec
2386 1088 2497 1150 per
2536 1071 2676 1151 ejus
2716 1069 3033 1133 foramina
3077 1072 3493 1153 pertransiret

1999 1167 2193 1244 ensiS,
2229 1168 2457 1246 sagitta
2487 1177 2595 1231 aut
2626 1168 2969 1250 spiculum.
3003 1170 3237 1232 Hamus
3278 1177 3490 1233 autem

1999 1273 2094 1327 est
2125 1265 2404 1329 ferreum
2438 1266 2957 1344 instrumentum,
2990 1286 3120 1349 quo
3151 1267 3358 1350 pisces
3390 1285 3492 1336 cae

1999 1363 2285 1444 piantur,
2321 1373 2383 1427 et
2414 1365 2663 1427 macula
2691 1384 2801 1427 seu
2837 1365 3075 1428 lamina
3105 1365 3317 1429 loricae
3352 1383 3365 1426 :
3401 1364 3491 1428 in·

1999 1461 2076 1523 de
2105 1462 2453 1539 hamatum,
2490 1463 2569 1525 de
2596 1462 2785 1526 hamo
2819 1464 3079 1526 factum.
3104 1468 3310 1526 Porro
3338 1485 3490 1542 pon-

1996 1563 2120 1620 dus
2159 1565 2375 1622 loricae
2412 1563 2572 1638 ejus,
2608 1564 2895 1641 quinque
2924 1565 3143 1623 millia
3178 1565 3487 1624 siclorum

1994 1660 2144 1718 oeris
2171 1669 2313 1720 erat
2330 1684 2355 1728 ,⁰
2382 1669 2440 1720 et
2470 1680 2687 1720 ocreas
2712 1680 2913 1721 oereas
2941 1663 3207 1722 habebat
3238 1663 3309 1720 in
3340 1681 3488 1720 cru-

1994 1758 2201 1827 ribus,
2231 1768 2290 1817 et
2338 1762 2601 1836 clypeus
2650 1778 2852 1819 cereus
2904 1761 3143 1834 teyebat
3192 1762 3487 1820 humeros

382 1852 511 1915 cho
547 1853 788 1916 situati.
823 1858 1030 1916 Porro
1060 1859 1229 1916 Saul
1257 1865 1315 1915 et
1343 1858 1479 1933 filit
1506 1859 1715 1916 Israel
1743 1875 1887 1916 con-
1924 1857 1968 1918 B
1995 1854 2442 1937 ejus.clypeus
2474 1855 2583 1917 ille
2600 1856 2981 1935 (secundum
3003 1857 3341 1937 quosdam)
3362 1855 3488 1918 fuit

372 1954 643 2030 qreyati
673 1963 986 2014 venerunt
1016 1955 1088 2014 in
1121 1958 1358 2015 vallem
1383 1955 1750 2015 Terebintki
1768 1971 1791 2014 .·
1820 1953 1884 2015 in

381 2069 518 2130 qua
565 2051 813 2114 scilicet
851 2050 1018 2115 valle
1065 2052 1242 2115 stetit
1291 2052 1707 2128 terebinthuS,
1765 2051 1884 2114 sub

381 2168 518 2230 qua
550 2149 744 2213 Jacob
783 2149 1018 2213 infodit
1061 2151 1521 2232 absconditque
1566 2150 1735 2213 idola
1777 2151 1887 2214 do-

385 2247 805 2311 mesticorum
845 2267 1129 2324 suorum,
1165 2257 1237 2310 ut
1267 2248 1498 2329 legitur
1530 2249 1594 2309 in
1633 2248 1881 2311 Genesi.

387 2349 476 2408 Ec
503 2349 894 2408 direxerunt
923 2349 1126 2407 aciem
1161 2351 1249 2408 cut
1274 2350 1712 2426 puynandum
1743 2368 1888 2408 con-

385 2455 494 2506 tra
537 2447 929 2508 philistiim.
963 2449 1051 2507 Et
1081 2448 1454 2508 Philiscum
1487 2449 1743 2507 stabant
1779 2467 1888 2506 su-

372 2563 501 2622 per
533 2554 810 2605 montem
840 2566 921 2604 ex
941 2554 1136 2621 parte
1163 2547 1305 2616 hac,
1339 2553 1396 2604 et
1438 2547 1642 2606 Israel
1679 2547 1886 2606 stabat

379 2663 582 2720 super
619 2653 900 2703 montem
941 2643 1138 2705 alium
1182 2642 1547 2724 oppositum
1585 2664 1668 2703 θα)
1695 2654 1886 2720 parte

377 2745 640 2814 altera:
677 2744 998 2820 vallisque
1034 2751 1174 2802 erat
1215 2744 1387 2801 inter
1425 2761 1522 2800 eos
1553 2759 1575 2802 .·
1611 2749 1672 2804 et
1711 2741 1885 2804 stetit

379 2849 660 2921 utraque
702 2839 888 2902 turba
917 2839 984 2901 in
1016 2848 1254 2915 monte,
1291 2849 1606 2920 quatenus
1637 2859 1713 2902 ex
1745 2840 1884 2903 loco

383 2938 500 3002 illo
529 2937 842 3001 eminenti
878 2939 1279 3019 impugnaret
1311 2937 1705 3001 adversarios
1735 2957 1885 3002 con-

1997 1951 2207 2016 ferrea
2237 1952 2495 2028 lamina,
2516 1953 2907 2016 descendens
2938 1973 2975 2016 a
3005 1955 3251 2017 casside
3284 1974 3487 2036 usque

1995 2053 2074 2113 ad
2106 2051 2419 2133 scapulaS,
2456 2059 2519 2115 et
2550 2051 2716 2113 inter
2745 2071 2851 2114 eas
2882 2051 2948 2113 in
2980 2061 3236 2114 acutum
3270 2072 3487 2134 proce-

1995 2150 2150 2212 dens
2175 2151 2254 2212 ad
2285 2150 2703 2212 muniendum
2726 2150 2986 2226 collum,
3002 2151 3488 2215 connexionem-

1994 2267 2120 2330 que
2157 2267 2479 2310 armorum
2520 2247 2748 2330 capitis
2788 2257 2851 2311 et
2890 2249 3197 2331 corporis·
3237 2253 3487 2312 Hastile

1993 2357 2234 2416 autem.
2270 2347 2332 2409 id
2364 2354 2460 2409 est
2489 2347 2709 2429 stipeS,
2732 2351 2932 2410 kastae
2966 2349 3130 2425 ejus,
3158 2359 3300 2410 erat
3329 2371 3487 2428 qua—

1993 2448 2054 2504 si
2100 2447 2505 2506 liciatorium
2555 2449 2911 2507 trementium
2948 2465 2970 2508 .·
3011 2465 3087 2508 ex
3134 2465 3263 2528 quo
3312 2456 3487 2529 patet

1995 2543 2303 2620 soliditaS,
2331 2542 2659 2620 fortitude,
2686 2544 3136 2626 complanatio,
3163 2544 3485 2609 mobilitas
3518 2603 3521 2606 ,

1995 2642 2191 2704 hastae
2214 2641 2409 2704 illius,
2430 2642 2538 2703 Est
2567 2650 2779 2705 autem
2809 2643 3217 2720 liciatorium,
3239 2643 3482 2724 lignum

1991 2740 2163 2803 circa
2212 2741 2381 2821 quod
2432 2739 2581 2803 licia
2629 2740 3065 2804 involvuntur.
3099 2745 3329 2820 Ipsum
3367 2763 3486 2803 au-

1994 2849 2116 2900 tem
2164 2841 2419 2919 ferrum
2470 2843 2666 2900 hastae
2719 2841 2883 2916 ejuS,
2933 2849 3253 2902 sexcentos
3296 2843 3485 2902 siclos

1991 2940 2258 2998 habebat
2305 2938 2494 3015 ferri,
2529 2937 2593 2999 id
2639 2944 2757 3014 est,
2808 2945 2997 3000 tantae
3044 2937 3253 3015 moliS,
3300 2939 3486 3001 tanti-

384 3047 484 3099 tra
513 3055 584 3100 se
613 3036 948 3100 venientes
981 3054 1094 3119 per
1125 3037 1382 3114 vallem,
1403 3037 1492 3098 ita
1511 3037 1682 3118 quod
1715 3056 1885 3100 mon·
1914 3035 1957 3099 C
1991 3056 2118 3117 que
2149 3035 2451 3118 ponderis
2478 3034 2729 3098 fuit.E't
2758 3039 3047 3114 armiqer
3072 3039 3217 3114 ejus
3247 3049 3484 3100 antece.-

375 3137 466 3199 tis
497 3136 870 3219 praesidium
903 3136 1253 3213 habuisset,
1281 3154 1394 3219 per
1423 3137 1593 3217 quod
1627 3136 1882 3199 facilius

377 3235 814 3319 oppressisset
841 3244 1063 3299 contra
1091 3254 1160 3297 se
1189 3236 1624 3298 ascendenteS.

463 3338 556 3397 Et
601 3354 888 3412 eyressus
935 3345 1024 3395 est
1075 3339 1179 3395 vir
1225 3336 1492 3412 spurius
1535 3338 1614 3395 de
1655 3339 1883 3395 castris

379 3435 902 3495 Philistinorum
963 3435 1227 3494 nomine
1277 3434 1536 3493 Goliatle
1587 3436 1667 3493 de
1723 3435 1880 3494 Geth

379 3532 542 3595 urbe
585 3530 951 3593 philistiim.
985 3530 1167 3593 Circa
1215 3530 1334 3593 hoc
1380 3530 1445 3591 in
1493 3530 1882 3594 Scholastica

377 3630 590 3694 fertur
617 3630 885 3693 historia
905 3647 919 3691 :
939 3630 1060 3693 Iste
1080 3631 1288 3692 dictus
1318 3637 1412 3692 est
1441 3629 1714 3711 spuriuS,
1732 3650 1882 3712 quo-

375 3730 558 3793 niam
579 3738 767 3793 natus
788 3736 884 3790 est
902 3729 981 3791 de
1008 3737 1186 3810 patre
1206 3727 1498 3809 ignobili,
1523 3728 1584 3790 id
1618 3738 1712 3791 est
1737 3748 1880 3809 gen-

379 3828 506 3905 tili,
541 3836 606 3891 et
641 3827 844 3892 nobili
888 3835 1090 3889 matre
1121 3826 1356 3889 Judaea.
1393 3826 1659 3908 Spurius
1693 3828 1880 3908 quip-

379 3946 462 4010 pe
504 3935 572 3989 et
615 3926 887 4008 hybrida
928 3923 1164 3988 dicitur
1207 3924 1510 4004 ignobilis
1555 3944 1630 3987 ex
1675 3934 1873 4007 patre,

375 4024 924 4107 quemadmodum
971 4042 1222 4085 manzer
1266 4032 1330 4085 et
1371 4023 1603 4086 nothus
1643 4043 1719 4085 ex
1749 4044 1879 4087 ma-

381 4134 500 4187 tre.
534 4122 660 4184 Alii
704 4122 950 4198 dicunt,
989 4121 1164 4203 quod
1215 4140 1470 4183 manzer
1520 4122 1880 4203 appellatur

1991 3138 2176 3197 debat
2204 3156 2374 3197 eum.

2046 3238 2368 3314 Stansque
2386 3235 2705 3294 clamabat
2725 3236 3071 3296 adversum
3090 3238 3481 3315 phalanqas,

1992 3332 2056 3395 id
2087 3340 2186 3395 est
2216 3332 2433 3394 turbas
2463 3350 2576 3393 seu
2608 3330 2882 3410 agmina,
2916 3334 3144 3394 Israel.
3180 3332 3483 3407 Quamvis

1989 3430 2162 3494 enim
2194 3450 2270 3493 ex
2302 3438 2441 3493 toto·
2468 3429 2707 3512 populo
2744 3429 3074 3494 constabat
3114 3449 3283 3495 unus
3322 3441 3481 3497 tota-

1989 3529 2135 3592 liter
2177 3529 2513 3605 cxercituS‚
2557 3528 3070 3608 distinguebatur
3116 3536 3325 3594 tamen
3370 3531 3479 3597 ille

1989 3627 2302 3691 exercitus
2340 3646 2453 3710 per
2490 3626 2693 3689 tribus
2723 3636 2786 3689 et
2820 3646 3081 3691 cuneos,
3118 3632 3203 3691 Et
3232 3633 3478 3693 dicebat

1987 3730 2077 3787 eis
2108 3744 2130 3787 .·
2163 3730 2377 3796 Quare
2420 3728 2681 3787 venistis
2716 3728 2949 3803 parati
2984 3730 3075 3787 ad
3108 3731 3479 3805 proelium?

1987 3824 2172 3906 quasi
2204 3824 2393 3901 dicat,
2418 3823 2700 3897 Qualiter
2728 3824 2977 3887 audetis
3010 3843 3125 3889 vos
3154 3844 3477 3909 opponere

1989 3922 2214 3985 nobis?
2236 3941 2369 3997 seu,
2383 3922 2583 3995 Quare
2602 3920 2796 3985 vultis
2826 3922 3123 4002 generale
3154 3933 3477 3988 certamen

1987 4020 2405 4097 committere,
2423 4038 2620 4101 quum
2652 4038 2765 4101 per
2785 4020 3073 4083 duellum
3108 4023 3309 4104 possit
3336 4043 3479 4088 con·

1989 4118 2297 4183 troversia
2346 4118 2511 4180 inter
2560 4136 2675 4181 nos
2723 4117 3096 4181 terminarit
3130 4124 3475 4201 Numquid

379 4230 568 4285 natus
597 4222 678 4283 de
707 4228 940 4297 scorto,
975 4218 1232 4301 spurius
1261 4219 1342 4281 de
1370 4219 1750 4297 concubina,
1775 4239 1880 4284 no-
1909 4222 1958 4283 D
1989 4240 2116 4279 non
2153 4238 2262 4295 eqo
2290 4238 2435 4278 sum
2466 4219 2844 4278 Philistaeus
2866 4220 2896 4278 ἒ
2926 4227 3227 4299 tanquam
3279 4219 3470 4298 dicat,

377 4320 528 4383 thus
573 4320 654 4382 de
693 4318 1002 4381 adultera.
1036 4319 1439 4379 Altituclinis
1481 4338 1594 4378 sea>
1636 4322 1878 4380 cubito-

375 4440 526 4479 rum
560 4428 621 4479 et
644 4420 882 4496 palmi.
917 4416 1168 4479 Palmus
1219 4415 1456 4477 dicitur
1505 4423 1680 4479 sexta
1729 4436 1876 4499 pars

376 4517 604 4581 cubiti.
640 4516 904 4580 Cubitus
936 4533 1087 4579 vero
1117 4514 1399 4577 continet
1433 4515 1660 4595 pedem
1692 4535 1880 4579 usua-

379 4616 506 4680 lem
554 4635 704 4679 cum
752 4613 986 4691 medio,
1039 4613 1336 4695 quamvis
1385 4612 1584 4694 aliqui
1636 4613 1871 4692 dicant,

375 4716 551 4797 quod
577 4715 740 4777 duos
759 4712 1084 4777 contineat
1113 4712 1328 4794 pedes.
1348 4711 1560 4788 Porro,
1595 4712 1878 4793 qualiter

379 4814 735 4877 secuudum
777 4810 1228 4893 geometricam
1268 4818 1466 4873 artem
1498 4829 1665 4873 unus
1696 4812 1878 4874 cubi-

379 4922 484 4976 tus
531 4912 859 4977 contineat
907 4930 1015 4974 sex
1062 4910 1316 4973 cubitos
1365 4918 1635 4986 nostrOS,
1685 4930 1878 4993 expo-

111 5014 576 5079 1tsa.‹.,1s.situm
623 5020 722 5075 est
764 5029 956 5092 super
995 5008 1576 5091 Genesim-Itaque
1619 5008 1876 5074 Goliath

381 5112 504 5175 iste
547 5110 676 5173 fuit
714 5110 793 5172 de
833 5108 1076 5171 semine
1119 5108 1413 5187 giganteo
1458 5114 1520 5171 et
1561 5108 1878 5188 giganteae

379 5218 662 5273 staturae.
699 5212 784 5271 Et
809 5208 1008 5269 cassis
1036 5226 1225 5277 oerea,
1257 5206 1321 5267 id
1352 5213 1449 5268 est
1481 5204 1708 5283 ferrea,
1744 5215 1878 5269 erat

378 5330 574 5389 super
602 5317 804 5388 caput
830 5308 970 5385 ejus
999 5326 1021 5366 .·
1052 5323 1200 5367 nam
1243 5324 1329 5369 aes
1372 5322 1488 5386 pro
1528 5305 1712 5368 omni
1758 5324 1880 5368 me-

1984 4317 2215 4398 Utique
2246 4332 2361 4394 ego
2381 4315 2460 4377 de
2482 4314 2784 4396 praeclara
2813 4316 2930 4379 hac
2963 4317 3221 4380 natione
3254 4326 3317 4380 et
3348 4318 3475 4400 plc-

1987 4418 2066 4481 be
2113 4436 2253 4479 sum
2302 4414 2803 4493 philistinorum,
2838 4424 2900 4478 et
2944 4415 3124 4498 gigas
3168 4435 3241 4479 ac
3293 4418 3471 4499 pugil

1985 4533 2229 4578 eorum.
2266 4518 2349 4576 Et
2380 4534 2485 4574 vos
2514 4513 2665 4576 estis
2694 4516 2868 4574 servi
2896 4518 3065 4577 Saul
3094 4533 3117 4576 .·
3150 4514 3291 4578 ideo
3335 4534 3464 4579 non

1985 4615 2304 4679 deberetis
2350 4622 2571 4678 contra
2618 4632 2734 4677 nos
2782 4614 3144 4691 convenire,
3178 4615 3290 4696 qui
3334 4616 3472 4697 jam

1985 4714 2095 4778 diu
2128 4713 2438 4777 dominati
2470 4711 2710 4774 fuimus
2741 4711 2957 4777 vestri.
2990 4715 3235 4790 Etiqite
3262 4734 3344 4773 eoe
3374 4736 3477 4776 vo-

1989 4816 2082 4872 bis
2113 4814 2355 4884 virum,
2390 4820 2448 4871 et
2476 4814 2815 4871 descendat
2854 4810 2933 4873 de
2972 4819 3189 4873 monte
3234 4811 3300 4874 in
3343 4831 3473 4894 quo

1989 4911 2168 4973 statis
2215 4910 2551 4973 adversum
2601 4928 2725 4985 me,
2768 4912 2856 4971 ad
2892 4912 3229 4987 singulare
3270 4922 3477 4972 certa-

1989 5030 2132 5069 men
2164 5008 2232 5070 in
2262 5007 2427 5073 valle
2458 5008 2597 5070 hac.
2616 5010 2697 5069 Si
2714 5010 2999 5087 quiverit
3019 5028 3321 5085 puqnare
3352 5030 3476 5071 me-

1985 5128 2162 5178 cum,
2196 5117 2256 5168 et
2292 5108 2677 5183 percusserit
2722 5127 2841 5176 me,
2874 5108 3117 5166 erimus
3148 5109 3321 5167 vobis
3347 5130 3475 5169 ser-

1988 5208 2094 5278 vi‚·
2120 5208 2179 5265 si
2208 5213 2425 5265 autem
2450 5223 2559 5280 eqo
2575 5208 3005 5279 praevaluere,
3026 5213 3087 5264 et
3106 5224 3473 5281 percussero

1987 5326 2157 5377 eum,
2192 5324 2297 5363 vos
2325 5303 2495 5362 servi
2522 5302 2727 5373 criti-3,
2752 5310 2811 5361 et
2839 5303 3125 5363 servietis
3154 5304 3355 5365 nobis.
3386 5307 3475 5365 Et
