4359 6250
545 1370 578 1413 ll
601 1371 810 1423 Conm'l.

577 4129 826 4178 Gemxwm,

561 4195 628 4234 20.

587 4425 709 4469 levid.
734 4428 798 4468 ¹9.

562 4722 697 4764 Num.

566 4787 703 4828 ¹8-28.

612 5018 748 5062 Ιοειιε
763 5032 830 5068 xv.

836 482 952 545 156

1617 496 1963 543 amanum-10
2003 496 2067 542 m
2107 494 2245 541 m.
2292 491 2401 538 vm
2438 492 2715 542 summm.
2756 514 2839 527 —
2876 495 3020 541 aar.
3066 466 3153 539 xv'

835 670 1285 747 ruscationem,
1321 678 1384 733 et
1423 669 1865 734 auctoritatem
1900 664 2329 731 excommuni—
2358 665 2409 726 A
2438 665 3000 730 miraculosissime
3032 668 3471 731 subdiderunt.
3504 668 3655 729 Nam
3688 676 3751 730 et
3778 667 3917 751 ipsa

835 769 1020 831 candi
1068 768 1362 845 rebelleS,
1409 766 2083 852 splendidissimusque
2130 764 2329 827 virtu-

836 875 950 929 tes.
989 867 1252 949 Insuper
1281 869 1457 930 dedit
1487 868 1580 929 eis
1624 867 1879 947 lagenas
1922 884 2032 927 seu
2072 862 2330 945 hydrias

835 974 1091 1041 terrcaS,
1113 964 1177 1027 id
1199 974 1294 1027 est
1325 964 1600 1047 propriae
1629 963 1991 1043 fragilitatis
2021 962 2329 1023 humilem

837 1064 1362 1143 recognitionem,
1409 1083 1489 1127 ne
1539 1082 1614 1126 ex
1663 1072 1790 1125 tam
1834 1059 2333 1143 supernaturali·-

837 1160 957 1223 bus
989 1181 1064 1225 ac
1101 1162 1568 1244 multiplicibus
1600 1159 2105 1244 praeclarissimis
2143 1158 2331 1222 donis

839 1260 1314 1323 extollerentur.
1367 1260 1629 1342 Propter
1673 1260 1846 1341 quod
1902 1278 2066 1320 unus
2115 1277 2329 1321 eorum

842 1356 907 1419 in
942 1377 1214 1440 persona
1243 1360 1532 1423 omnium
1568 1358 1775 1421 fassus
1805 1366 1900 1421 est
1938 1375 1951 1419 :
1985 1357 2325 1433 HabemuS,

841 1456 1164 1537 inquiens,
1201 1457 1572 1520 thesaurum
1619 1458 1808 1519 istum
1851 1456 1916 1517 in
1952 1455 2124 1518 vasis
2164 1454 2334 1517 ficti-

842 1553 1036 1632 libus,
1072 1564 1140 1617 ut
1179 1555 1540 1619 sublimitas
1582 1556 1888 1620 virtutum
1936 1555 2018 1617 sit
2062 1573 2136 1616 ex
2177 1554 2327 1617 Deo,

840 1651 1306 1733 Confregerunt
1358 1672 1614 1736 quoque
1673 1654 1789 1714 has
1845 1652 2123 1734 hydrias,
2176 1652 2331 1713 dum

843 1771 912 1814 se
957 1751 1130 1833 ipsos
1173 1771 1288 1834 pro
1336 1752 1466 1815 fide
1511 1751 1822 1815 catholica
1863 1750 2056 1813 variis
2099 1750 2333 1813 lacera-

844 1947 1004 2010 sime
1053 1967 1124 2010 ac
1166 1949 1680 2012 constantissime
1717 1956 2166 2030 exposuerunt.
2204 1948 2333 2009 Sic-

842 2065 972 2127 que
1000 2065 1115 2129 per
1144 2048 1279 2111 haec
1307 2048 1616 2110 mundum
1649 2046 1772 2128 legi
1807 2066 1878 2111 ac
1914 2046 2066 2110 fidei
2096 2046 2328 2111 Christi

2436 764 2660 826 mundi
2704 766 3039 829 conversio
3072 767 3149 829 ad
3186 775 3313 829 tam
3356 765 3801 828 arduissimam
3832 765 3920 828 le-

2434 880 2579 943 gem
2625 873 2689 927 et
2733 864 3443 946 incomprehensibilem
3485 864 3706 941 fidem,
3744 862 3919 927 omni

2438 962 2769 1039 miraculo,
2814 982 2927 1045 per
2975 965 3147 1045 quod
3199 963 3363 1026 facta
3408 972 3523 1039 est,
3568 962 3923 1025 mirabilior

2438 1062 2862 1141 cognoscitur.

2516 1160 2862 1238 Postremo,
2901 1180 3015 1243 per
3056 1161 3176 1223 hoc
3204 1160 3373 1242 quod
3405 1160 3657 1223 Gedeon
3690 1159 3921 1221 missus

2438 1267 2535 1322 est
2582 1258 2661 1321 ad
2714 1259 2987 1322 tentoria
3029 1258 3295 1335 Madian,
3329 1266 3401 1321 ut
3440 1258 3691 1321 audiret
3734 1258 3926 1319 verba

2439 1357 2860 1438 loquentium,
2894 1365 3087 1439 atque
3116 1375 3194 1420 ex
3232 1357 3478 1421 somnio
3518 1364 3583 1419 et
3622 1355 3927 1438 interpre-

2437 1456 2677 1519 tat-ione
2720 1455 2923 1537 ipsius
2964 1454 3454 1519 confirmaretur
3496 1455 3564 1517 in
3602 1455 3871 1517 Domino
3906 1472 3921 1515 z

2440 1553 2921 1637 praefiguratum
2952 1563 3269 1631 censetur,
3294 1555 3465 1636 quod
3496 1554 3825 1617 credentes
3856 1553 3925 1615 in

2438 1652 2782 1729 Christum,
2818 1652 3198 1716 roborantur
3241 1653 3307 1714 in
3356 1652 3507 1729 fide,
3550 1670 3681 1714 non
3721 1651 3925 1714 solum

2438 1770 2515 1813 ex
2546 1751 2865 1814 vaticiniis
2909 1759 2973 1813 et
3017 1751 3288 1814 oraculis
3326 1750 3781 1832 Prophetarum
3811 1750 3931 1812 Mo—

836 1850 1154 1927 ·tionibuS,
1193 1851 1550 1927 tormentiS‚
1583 1871 1656 1913 ac
1705 1850 2016 1912 mortibus
2062 1848 2333 1912 devotis·
2371 1849 2626 1912 Bsaicae
2669 1849 2851 1929 legiS,
2899 1850 3028 1912 imo
3074 1850 3265 1913 etiam
3310 1858 3523 1914 vatum
3564 1848 3923 1929 gentilium,

2440 1948 2552 2029 qui
2585 1948 2783 2010 multa
2813 1949 2892 2011 de
2911 1948 3159 2011 Christo
3188 1956 3252 2010 et
3280 1948 3419 2029 ejus
3441 1947 3759 2029 mysteriis
3782 1955 3931 2008 sunt

2443 2046 2715 2129 praefati,
2749 2055 2820 2109 ut
2844 2047 2983 2124 Job,
3019 2047 3268 2109 Balaam
3298 2056 3363 2109 et·
3392 2045 3665 2129 Sibyllae.

1947 2520 2597 2607 ARTICULUS
2674 2522 2823 2605 XV

1283 2821 1594 2868 Exposl'rlo
1636 2820 1909 2867 CAPITULI
1952 2820 2167 2866 OCTAvl
2212 2820 2225 2863 Σ
2273 2820 2697 2873 DleRUN'rQUE
2737 2820 2821 2865 AD
2864 2820 2987 2865 EUM
3031 2820 3153 2866 vlm
3196 2821 3491 2866 Eranam.

854 3125 1127 3326 QUID
1172 3134 1457 3190 secutum
1505 3126 1587 3188 sit
1629 3125 1958 3208 praefatam
2004 3122 2336 3187 victoriam
2370 3122 2413 3187 C
2450 3131 2599 3187 tutae
2629 3122 2891 3188 fuerunt
2920 3125 2987 3187 in
3020 3125 3265 3188 duabus
3296 3125 3797 3190 extremitatibus
3819 3137 3939 3191 ter-

1013 3244 1308 3306 magnam
1351 3234 1414 3288 et
1457 3225 1943 3307 prosperitatem
1987 3222 2334 3304 ingentem,

849 3344 1021 3387 nunc
1054 3323 1374 3387 recitatur.
1394 3327 1845 3402 Dixeruntque
1874 3327 1962 3383 ad
1990 3344 2164 3391 eum,
2188 3329 2341 3402 puta

849 3425 930 3486 ad
949 3423 1308 3486 Gedeonem
1331 3425 1464 3484 viri
1485 3425 1835 3500 Ephraim,
1848 3421 2091 3484 scilicet
2109 3421 2344 3502 Ephra-

856 3521 958 3584 taei
998 3521 1111 3603 qui
1151 3529 1557 3584 occurrerant
1585 3520 1938 3584 Madianitis
1975 3538 1988 3583 τ
2030 3521 2202 3587 Quid
2230 3521 2344 3579 lwc

849 3631 938 3681 est
972 3624 1144 3700 quod
1174 3622 1386 3698 facere
1417 3623 1704 3690 voluisti,
1737 3630 1808 3680 uc
1838 3641 1968 3680 mm
2007 3640 2120 3679 nos
2163 3637 2344 3678 voca-

853 3741 952 3780 res
981 3741 1183 3799 quum
1215 3723 1302 3780 ad
1322 3739 1620 3796 pugmam
1642 3739 1935 3796 perqeres
1966 3728 2189 3778 contra
2214 3719 2343 3777 Ma·

853 3821 1016 3878 dian
1037 3820 1066 3878 ?
1095 3818 1275 3898 quasi
1309 3817 1545 3894 dicant,
1573 3816 2094 3879 lrrationabiliter
2124 3815 2191 3876 in
2224 3814 2345 3877 hoc

855 3915 1063 3995 egisti,
1098 3923 1160 3978 ct
1207 3924 1438 3978 nostrae
1481 3914 1871 3978 excellentiae
1916 3913 2127 3977 fecisti
2171 3913 2344 3994 inju-

860 4013 1040 4074 riam.
1067 4011 1384 4094 Ephraitae
1406 4012 1510 4074 isti
1534 4012 1794 4075 fuerunt
1823 4011 2096 4074 multum
2125 4029 2348 4092 super-

858 4109 923 4172 bi
957 4110 1176 4172 multis
1207 4129 1280 4172 ex
1309 4110 1539 4184 causis.
1565 4110 1796 4187 Primo,
1820 4109 2123 4191 quoniam
2153 4109 2345 4172 Jacob

857 4208 1214 4290 patriarcha
1246 4208 1524 4290 praetulit
1555 4208 1764 4290 ipsum
1795 4207 2096 4290 Ephraim
2129 4227 2347 4271 secun—

2449 3242 2533 3286 rae
2577 3223 2927 3306 promissae,
2962 3224 3145 3306 quasi
3190 3225 3268 3287 ad
3320 3233 3605 3289 tutamen
3651 3226 3935 3289 tribuum

2446 3323 2717 3384 aliarum
2754 3340 2767 3385 :
2804 3332 2869 3386 ct
2895 3323 3199 3405 quoniam
3240 3343 3315 3386 ex
3356 3325 3715 3405 arrogantia
3741 3344 3937 3406 gene-

2450 3428 2623 3483 ratur
2654 3421 2917 3498 invidia,
2944 3421 3262 3504 Ephraitae
3292 3422 3398 3484 isti
3430 3423 3800 3487 inviderunt
3829 3423 3939 3486 tri—

2452 3520 2692 3602 umpho
2736 3529 2799 3583 et
2839 3521 3059 3601 gloriae
3100 3520 3433 3585 GedconiS.
3478 3522 3601 3585 Nec
3646 3522 3939 3586 forefecit

2450 3617 2565 3695 eis,
2603 3637 2730 3681 non
2752 3618 3037 3682 vocando
3068 3637 3175 3682 eos
3207 3620 3285 3681 ad
3318 3638 3619 3701 pugnam,
3638 3621 3715 3682 ad
3747 3639 3935 3701 quam

2454 3737 2571 3780 nec
2620 3717 2857 3780 tribum
2906 3717 3065 3779 Juda
3121 3717 3386 3800 reliquis
3436 3719 3938 3800 praestantiorem

2452 3817 2754 3879 vocavit:
2799 3824 2991 3898 atque
3042 3836 3118 3879 ex
3170 3817 3531 3880 rationabili
3559 3829 3771 3880 ‘causa
3820 3818 3939 3881 hoc

2452 3913 2733 3978 creditur
2764 3914 3076 3991 omisisse,
3112 3923 3176 3978 et
3216 3914 3379 3978 forte
3422 3923 3681 3997 propter
3718 3935 3939 3979 eorum

2454 4012 2840 4094 superbiam,
2877 4033 2953 4076 ex
2995 4033 3122 4094 qua
3167 4014 3379 4077 forsan
3419 4013 3742 4094 dedignati
3790 4014 3941 4076 fuis-

2455 4120 2599 4173 sent
2621 4129 2773 4174 eum
2806 4110 3009 4192 sequi.
3042 4115 3388 4189 Juryantes
3416 4114 3676 4189 fortiter
3706 4131 3731 4174 .·
3762 4113 3933 4194 quia,

2456 4217 2527 4271 ut
2560 4209 2854 4273 Salomon
2894 4209 3197 4290 loquitur,
3222 4210 3389 4272 Inter
3434 4211 3743 4292 superbos
3778 4229 3942 4273 sem-

857 4306 1230 4388 dogenitum
1265 4307 1466 4369 sancti
1486 4307 2182 4389 Joscph‚primogenito
2204 4308 2345 4388 ejus
2378 4307 2427 4370 D
2458 4327 2569 4391 per
2602 4316 2751 4370 sunt
2780 4307 3019 4389 jurgia3
3044 4319 3103 4369 et
3124 4329 3325 4386 prope
3354 4311 3511 4380 vim,
3539 4309 3600 4371 id
3632 4317 3729 4372 est
3756 4308 3939 4390 quasi

856 4406 1175 4468 Manassae.
1213 4404 1522 4482 Secundo,
1558 4407 1860 4487 quoniam
1898 4405 2089 4468 Jacob
2120 4406 2347 4487 praedi-

856 4504 970 4581 xit,
1005 4504 1174 4584 quod
1208 4503 1414 4566 tribus
1443 4503 1745 4586 Ephraim
1777 4504 1980 4585 maj0r
2012 4503 2227 4566 futura
2257 4523 2349 4566 es-

857 4611 954 4665 sct
986 4601 1156 4664 tribu
1189 4602 1468 4664 Manasse
1497 4602 1808 4684 dignitate
1849 4602 2246 4684 principatus
2286 4610 2349 4664 et

702 4735 828 4771 mn,
859 4719 1127 4762 numero
1157 4719 1597 4782 personarum.
1634 4701 1866 4778 Tertio,
1905 4699 2212 4783 quoniam
2250 4702 2349 4764 Jo-

859 4818 973 4862 sue
999 4799 1110 4881 qui
1143 4799 1335 4881 Moysi
1367 4799 1433 4860 in
1467 4798 1829 4882 principatu
1861 4798 2188 4875 successit,
2226 4798 2351 4862 fuit

859 4898 1248 4981 EphrataeuS.
1283 4897 1535 4975 Quarto,
1579 4898 1882 4980 quoniam
1926 4899 1990 4960 in
2034 4898 2351 4962 divisione

861 5006 1046 5059 terrae
1075 4996 1520 5078 promissionis
1555 4996 1718 5059 facta
1751 5015 1864 5078 per
1900 4998 2108 5074 Josue,
2144 4997 2350 5059 tribus

859 5095 1162 5176 Ephraim
1203 5095 1416 5157 stat-im
1457 5104 1603 5177 post
1639 5095 1875 5158 tribum
1919 5095 2076 5158 Juda
2117 5105 2351 5159 sortem

862 5213 1043 5256 suam
1065 5193 1332 5275 accepit.
1355 5193 1630 5276 Duaeque
1653 5193 1857 5256 tribus
1891 5194 2016 5258 illae
2051 5203 2351 5276 tanquam

861 5292 1088 5356 ceteris
1121 5291 1442 5372 digniores
1484 5293 1584 5356 vel
1625 5292 2081 5370 bellicosioreS,
2119 5294 2353 5357 consti-

2458 4406 2847 4482 violentiam,
2884 4408 3232 4484 inferentes
3260 4407 3407 4471 duci
3447 4426 3518 4470 ac
3556 4407 3758 4488 judici
3799 4426 3935 4485 sue,

2457 4505 2700 4569 scilicet
2728 4505 3007 4568 cheoni
3043 4522 3058 4566 τ
3090 4505 3263 4585 quia,
3299 4513 3368 4568 ut
3404 4506 3711 4588 scriptum
3744 4514 3841 4568 est
3876 4507 3939 4568 in

2455 4603 2836 4680 Provcrbiis,
2872 4603 2989 4666 Ubi
3026 4602 3217 4666 fuerit
3248 4603 3569 4685 superbia,
3604 4604 3694 4666 ibi
3725 4605 3849 4668 erit
3880 4612 3943 4668 ct

2456 4701 2865 4765 contumelia.

2540 4803 2782 4870 Quibus
2825 4802 2937 4860 ille
2980 4802 3352 4878 respondit:
3388 4802 3559 4869 Quid
3596 4803 3773 4861 eni-m
3818 4805 3946 4862 tale

2458 4905 2671 4982 facere
2690 4901 2909 4977 potui,
2940 4903 3131 4979 quale
3160 4921 3265 4960 vos
3301 4901 3544 4977 fecistis
3564 4902 3595 4960 ?
3623 4899 3808 4980 quasi
3854 4898 3947 4962 di-

2458 5007 2560 5063 cat
2595 5016 2609 5060 :
2643 4997 2958 5060 Fortiores
3002 5005 3065 5059 et
3106 4997 3573 5061 victoriosiores
3616 4996 3832 5060 fuistis
3876 4997 3945 5060 in

2460 5096 2681 5179 praelio
2728 5096 2850 5159 isto
2896 5115 3088 5176 quam
3134 5115 3271 5176 ego.
3313 5100 3543 5157 Nonne
3588 5099 3817 5156 melior
3857 5107 3947 5157 est

2461 5216 2751 5256 racemus
2780 5196 3106 5272 Ephraim
3150 5197 3500 5256 vindemiis
3528 5197 3849 5256 Abiezer?
3872 5215 3949 5258 ae

2464 5295 2517 5358 si
2568 5295 2913 5375 loquatur:
2957 5293 3145 5357 Pauci
3195 5293 3277 5356 de
3326 5301 3535 5356 vestra
3582 5292 3751 5355 tribu
3804 5292 3951 5375 plus

3974 4303 4041 4344 1⁰.

3990 4629 4111 4672 md.
4130 4643 4183 4674 n.
4202 4633 4237 4670 ε.
4311 4683 4312 4686 ¹
