4359 6250
900 495 1019 560 234

1766 515 2114 562 mammo
2155 514 2218 560 m
2259 513 2396 559 cAP.
2445 513 2512 558 111
2551 513 2734 558 num.
2779 531 2861 542 —-
2901 512 3043 560 ΛΒΤ.
3089 514 3124 556 V

900 701 1045 746 cum
1077 684 1169 744 eis
1201 684 1487 760 messuit,
1514 684 1715 747 donec
1744 684 1983 748 hordea
2012 693 2075 747 et
2102 685 2384 748 triticum
2415 683 2466 744 A
2497 684 2681 746 detur
2719 683 2937 748 Noemi
2978 685 3186 748 dando
3223 685 3564 748 consilium
3609 685 3804 758 istud,
3839 705 3988 768 pec-

902 782 967 843 in
1014 782 1258 845 horreis
1301 783 1745 846 conderentur.
1780 783 2015 864 Itaque,
2048 793 2384 864 postquam

900 881 1021 944 hoc
1052 881 1241 945 modo
1272 901 1525 945 reversa
1553 891 1648 944 est
1678 883 1755 944 ad
1788 901 2038 945 socrum
2070 902 2274 960 suam,
2308 885 2386 945 ad

900 998 1095 1062 quam
1128 981 1383 1044 interim
1414 981 1645 1062 saepius
1678 981 2167 1058 rediit,audivit
2189 984 2268 1043 ab
2286 1003 2387 1051 ea,

902 1077 1148 1140 scilicet
1190 1097 1227 1140 a
1268 1096 1453 1140 socru
1492 1097 1628 1154 sua,
1664 1097 1805 1160 quae
1844 1079 2003 1141 dixit
2042 1080 2121 1141 ad
2161 1079 2328 1141 Ruth
2369 1097 2383 1141 :

903 1178 1087 1238 Filia
1135 1198 1301 1247 mea,
1338 1198 1626 1257 quoeram
1672 1181 1791 1238 tibi
1836 1180 2148 1257 requiem,
2182 1178 2244 1241 id
2293 1187 2389 1242 est

906 1273 1280 1356 opulentum
1340 1275 1731 1338 connubium
1786 1285 1851 1338 et
1902 1284 2136 1337 statum
2194 1277 2390 1340 hone-

905 1383 1090 1450 stum,
1106 1382 1177 1435 ut
1197 1375 1276 1436 de
1296 1382 1505 1437 cetero
1526 1394 1654 1438 non
1686 1375 1969 1454 indigeas
1992 1375 2204 1439 taliter
2226 1376 2390 1439 labo-

906 1491 1067 1549 rare,
1096 1484 1156 1534 et
1175 1475 1523 1551 providebo
1550 1485 1622 1535 ut
1653 1477 1801 1534 bene
1830 1478 1915 1534 sit
1947 1477 2083 1544 tibi,
2105 1474 2390 1538 laborau—

904 1572 986 1634 do
1008 1573 1085 1634 ad
1118 1573 1237 1636 hoc
1267 1593 1409 1635 cum
1443 1573 1617 1635 omni
1647 1573 1957 1636 industria
1976 1582 2039 1636 et
2057 1574 2390 1654 diligentia

909 1670 1067 1732 mihi
1099 1671 1412 1752 possibili,
1446 1671 1599 1752 quia
1628 1680 1756 1734 tam
1788 1672 2069 1736 virtuose
2100 1681 2161 1735 te
2193 1673 2388 1736 habes

903 1768 1072 1831 circa
1112 1789 1235 1832 me..
1274 1774 1441 1831 Boos
1477 1773 1618 1840 iste,
1648 1772 1835 1847 cajus
1857 1774 2101 1849 puellis
2130 1773 2203 1832 in
2234 1791 2389 1848 aqro

904 1965 1287 2047 praecedenti
1328 1965 1610 2047 capitulo
1646 1967 2031 2042 continetur,
2066 1977 2260 2049 atque
2289 1987 2392 2030 ex-

906 2064 1183 2146 positum
1216 2073 1351 2140 est3
1383 2075 1443 2124 et
1476 2065 1540 2127 in
1572 2069 1691 2126 hac
1719 2077 1895 2126 nocte
1921 2087 2143 2128 aream
2167 2069 2393 2127 hordei

906 2167 1199 2225 ventilat.
1236 2163 1581 2240 ventilare,
1616 2173 1713 2226 est
1741 2183 1938 2244 grana
1976 2183 2267 2247 purgare,
2302 2167 2394 2246 ja-

906 2262 1137 2324 ctando
1179 2281 1253 2324 ea
1281 2263 1357 2324 ad
1390 2271 1675 2327 ventum.
1708 2264 1897 2326 Porro
1928 2283 2137 2325 aream
2170 2264 2392 2327 hordei

906 2360 1239 2436 ventilare,
1274 2369 1367 2424 est
1413 2361 1649 2424 hordea
1698 2361 1763 2423 in
1812 2381 1957 2424 area
2004 2383 2115 2426 seu
2164 2363 2394 2426 horreo

907 2459 1135 2541 posita,
1173 2460 1260 2522 ita
1290 2461 1618 2523 mundare.
1652 2461 1779 2523 Hoc
1810 2469 2019 2524 autem
2054 2460 2208 2524 fecit
2236 2463 2394 2525 Booz

908 2577 1019 2640 per
1064 2576 1212 2620 suos
1255 2559 1605 2635 ministroS,
1641 2568 1704 2621 et
1746 2558 1909 2621 forte.
1947 2568 2133 2622 nocte
2173 2560 2284 2622 illa
2317 2561 2395 2623 ad

906 2657 1391 2720 ventilationem
1444 2677 1511 2719 se
1558 2657 2003 2739 disponebant.
2036 2658 2214 2722 Unde
2255 2658 2398 2741 qui-

907 2757 1052 2818 dam
1084 2765 1410 2837 exponunt
1440 2757 1529 2819 sic
1558 2772 1572 2817 ε
1606 2757 1906 2833 Ventilat,
1927 2757 1989 2819 id
2022 2765 2137 2834 cst,
2161 2756 2398 2819 festum

908 2855 1037 2935 agit
1076 2873 1191 2936 pro
1231 2853 1669 2917 ventilatione.
1703 2854 2009 2929 Quocirca
2046 2855 2112 2917 in
2145 2855 2398 2918 Schola-

909 2954 1068 3016 stica
1118 2952 1322 3015 sertur
1369 2953 1673 3016 historia:
1707 2955 1832 3017 Mos
1881 2963 2017 3018 erat
2065 2955 2130 3017 in
2179 2955 2391 3032 Israel,

2497 801 2673 845 casse
2695 783 2882 864 :quia
2913 792 3040 846 tam
3069 803 3300 846 nurum
3330 803 3738 865 suam,quam
3770 785 3986 866 ipsum

2495 881 2676 958 Booz,
2711 883 3004 963 exposuit
3043 881 3484 945 fornicationis
3518 881 3808 964 periculo
3835 893 3986 946 ante

2497 980 3015 1062 conjunctionem
3065 981 3436 1060 legitimam.
3469 981 3545 1042 Et
3585 981 3816 1044 modus
3866 981 3986 1044 iste

2498 1079 2954 1156 clandestinuS,
2987 1097 3118 1142 non
3150 1088 3283 1144 erat
3311 1098 3628 1142 consonus
3659 1079 3808 1160 legi.
3843 1079 3986 1142 Fuit

2497 1195 2754 1258 quoque
2809 1177 2907 1241 vir
2963 1177 3123 1242 alter
3180 1177 3598 1259 propinquior
3647 1178 3736 1253 ei,
3789 1197 3984 1260 quam

2498 1274 2695 1338 Booz:
2733 1294 2848 1338 nec
2879 1274 3132 1338 sufficit
3161 1275 3392 1339 bonam
3422 1276 3656 1338 habe-re
3686 1276 3986 1339 intentio-

2500 1392 2667 1450 nem,
2703 1375 2812 1436 sed
2857 1394 2971 1456 per
3015 1374 3225 1441 media
3261 1381 3409 1456 apta
3445 1384 3696 1456 oportet
3731 1375 3812 1437 ad
3845 1393 3982 1438 eam

2499 1473 2860 1553 procedere.
2881 1472 3045 1534 Ruth
3073 1481 3282 1535 tamen
3303 1473 3830 1554 excusatur,quia
3859 1491 3982 1536 11011

2500 1570 2728 1632 melius
2761 1571 2968 1645 scivit,
3005 1591 3120 1634 nee
3154 1570 3278 1634 suit
3306 1571 3491 1634 docta
3530 1571 3596 1633 in
3637 1570 3800 1652 lege.
3833 1575 3984 1640 Quoe

2501 1673 2829 1747 respondit
2860 1688 2883 1730 .·
2917 1672 3254 1750 Quidquid
3279 1672 3682 1749 praeceperis,
3709 1672 3979 1748 faciam.

2500 1767 2952 1830 Verumtamen
2985 1767 3348 1830 obedientia
3369 1768 3558 1831 debet
3586 1787 3726 1830 esse
3755 1767 3984 1830 discre-

609 1881 871 1932 mumnzo.
887 1869 1129 1944 juncta
1173 1889 1261 1938 es,
1300 1870 1706 1946 propinquus
1755 1879 1964 1928 noster
2006 1880 2097 1930 est
2132 1891 2155 1930 .·
2202 1879 2390 1950 prout
2427 1865 2472 1927 B
2503 1875 2584 1944 ta,
2622 1873 2684 1928 et
2713 1886 2907 1948 super
2933 1884 3280 1946 congruam
3310 1865 3464 1928 ferri
3495 1865 3849 1929 materiam.
3875 1869 3986 1928 De-

2499 1967 2869 2045 scenditque
2913 1968 2986 2026 in
3027 1987 3271 2037 aream,
3304 1976 3364 2027 et
3401 1967 3553 2045 fecit
3595 1967 3818 2026 omnia
3847 1987 3986 2046 quoe

2499 2067 2627 2124 sibi
2659 2067 2904 2141 impera
2912 2075 3088 2124 verat
3115 2083 3328 2124 socrus
3354 2085 3494 2126 sua.

2586 2167 2920 2244 Quumque
2947 2165 3314 2224 comedisset
3344 2167 3516 2224 Booz
3547 2173 3607 2223 et
3635 2164 3910 2232 bibisset,
3927 2172 3984 2222 et

2502 2263 2716 2339 factus
2743 2272 2896 2322 esset
2917 2263 3212 2331 hilarior,
3233 2260 3548 2343 [issetque]
3569 2265 3658 2322 ad
3674 2263 3986 2321 dormien-

2502 2365 2664 2421 dum
2689 2362 2894 2438 juxta
2932 2381 3234 2421 acervum
3271 2362 3784 2438 manipulorum,
3819 2363 3986 2420 venit

2506 2460 2672 2522 Ruth
2700 2461 3084 2530 abscondite,
3115 2478 3262 2540 quae
3285 2459 3419 2540 jam
3449 2468 3596 2522 aute
3627 2459 3794 2522 inter
3821 2478 3988 2522 acer-

2507 2578 2618 2623 vos
2649 2558 3067 2620 absconderat
3097 2577 3186 2633 se,
3219 2568 3279 2618 et
3307 2561 3692 2635 discooperto
3714 2561 3922 2634 pallio
3947 2578 3986 2616 a

2499 2659 2770 2736 pedibus
2799 2659 2961 2734 ejus,
2979 2676 3043 2715 se
3065 2657 3363 2734 projecit.
3382 2659 3468 2718 Et
3487 2677 3622 2716 ecce
3653 2667 3830 2716 nocte
3839 2657 3986 2734 jam

2507 2759 2747 2824 media,
2777 2756 3041 2832 expavit
3069 2757 3494 2836 homo,quum
3525 2754 3909 2834 evigilasset,
3932 2764 3986 2814 et

2505 2858 2922 2916 conturbatus
2949 2864 3061 2926 est,
3086 2853 3241 2933 quia
3269 2854 3540 2917 nescivit
3566 2855 3724 2935 quid
3753 2861 3910 2926 erat,
3929 2861 3988 2916 et

2510 2951 2724 3015 forsan
2771 2951 3217 3032 suspicabatur
3259 2971 3398 3014 esse
3441 2953 3780 3016 adversum
3811 2951 3984 3032 quid,

909 3053 1081 3136 quod
1132 3052 1197 3114 in
1246 3052 1661 3116 ventilatione
1708 3073 1890 3130 areae,
1939 3054 2238 3116 dominus
2283 3075 2394 3117 seu
2428 3053 2473 3116 C
2510 3060 2579 3113 ut
2625 3051 2922 3133 spiritum
2967 3050 3206 3113 malum
3251 3059 3361 3112 aut
3405 3051 3738 3113 inimicum
3775 3049 3990 3112 visibi-

912 3150 1373 3234 paterfamilias
1401 3153 1639 3231 grande.
1672 3152 1826 3215 fecit
1855 3154 2224 3217 convivium
2254 3174 2399 3236 pue-

914 3250 999 3312 ris
1030 3250 1163 3312 suis
1194 3258 1385 3331 atque.
1416 3251 1826 3329 messoribuS,
1852 3260 1916 3313 et
1945 3252 2302 3315 dormiebat
2333 3254 2396 3315 in

913 3367 1081 3424 area,
1115 3356 1177 3411 et
1207 3349 1387 3429 quasi
1422 3350 1847 3427 solennizans,
1882 3350 1961 3412 ab
2000 3351 2400 3433 amplexibus

916 3446 1295 3509 abstinebat.
1318 3446 1483 3510 lde-m
1519 3447 1718 3510 siebat
1748 3448 1812 3510 in
1834 3448 2051 3512 ovium
2084 3448 2397 3511 tonsione..

918 3544 981 3607 Si
1012 3553 1223 3608 autem
1254 3553 1315 3607 et
1348 3554 1491 3628 post
1522 3546 1933 3623 vindemiam,
1970 3565 2097 3609 non
2130 3547 2277 3626 legi.

994 3646 1247 3705 Lavare
1292 3664 1437 3721 erqo
1484 3654 1543 3703 et
1593 3662 1852 3720 ungere,
1893 3642 1956 3706 id
2006 3652 2123 3719 est,
2170 3663 2401 3725 corpus

918 3750 1097 3804 tuum
1143 3741 1285 3803 lava
1314 3750 1375 3805 et
1406 3760 1595 3821 unge,
1628 3752 1688 3802 et
1726 3744 1999 3802 induere
2023 3745 2404 3803 cultioribus

918 3843 1331 3911 vestimentis,
1366 3848 1437 3902 ut
1480 3841 1571 3903 sic
1614 3847 1856 3912 ornata,
1894 3841 2093 3920 magis
2132 3840 2405 3923 compla-

916 3958 1059 4001 ceas
1082 3937 1219 4001 viro
1248 3939 1325 4000 ad
1358 3938 1711 4000 ineundum
1744 3938 2135 4001 connubium
2166 3948 2400 4015 tecum,

916 4047 975 4097 et
993 4040 1295 4097 descende
1327 4039 1399 4097 in
1428 4058 1669 4097 aream.
1693 4039 1837 4099 Non
1874 4048 1930 4097 te
1960 4040 2175 4099 videat
2197 4042 2404 4109 lionw,

919 4133 1218 4197 videlicet
1264 4134 1401 4215 ipse
1432 4134 1610 4209 Booz,
1660 4135 1786 4197 imo
1830 4154 1947 4197 nec
1990 4136 2179 4212 aliuS,
2210 4140 2408 4197 donec

2510 3152 2676 3225 lem3
2711 3152 3003 3231 viditque
3046 3153 3380 3213 mulierem
3408 3152 3736 3229 jacen-tem
3765 3154 3856 3211 ad
3885 3171 3988 3228 pe-

2508 3254 2616 3311 des
2663 3270 2827 3311 suos.
2865 3249 3154 3312 Forsitan
3203 3248 3374 3312 enim
3425 3249 3578 3311 luna
3621 3249 3986 3331 splendente

2511 3349 2938 3412 consideravit
2967 3349 3086 3411 hoc
3123 3350 3287 3412 visu.
3321 3348 3435 3412 Vel
3465 3349 3517 3410 si
3551 3357 3738 3430 caput
3771 3349 3990 3411 mulie-

2512 3449 2600 3510 ris
2655 3449 2970 3527 tangendo
3015 3448 3300 3530 percepit
3343 3447 3484 3517 hoc,
3520 3447 3778 3528 ponitur
3821 3448 3986 3509 visus

2512 3565 2626 3629 pro
2661 3554 2852 3621 tactu,
2888 3546 2988 3609 vel
3021 3564 3137 3626 pro
3176 3544 3467 3608 interiori
3503 3546 3750 3608 notitia.
3785 3548 3869 3607 Et
3897 3548 3987 3605 ait

2515 3647 2621 3705 illi
2644 3666 2666 3705 .·
2703 3648 2855 3713 Quae
2883 3665 2946 3704 es
2963 3649 2992 3704 ?
3017 3647 3271 3723 Illoque
3299 3646 3667 3721 respondit:
3697 3647 3826 3721 quo
3851 3664 3987 3704 siun

2513 3746 2690 3804 Ruth
2721 3744 2967 3803 ancilla
3000 3752 3133 3802 tua.
3157 3744 3474 3819 Eoepande
3493 3744 3786 3819 pallium
3815 3752 3990 3803 tuum

2514 3861 2704 3918 super
2722 3844 3050 3920 famulam
3078 3842 3454 3918 tuam,quia
3473 3843 3884 3921 propinquus
3907 3860 3985 3909 es,

2517 3940 2580 4002 id
2631 3946 2746 4011 est,
2797 3938 3016 4021 accipe
3063 3957 3165 4001 me
3217 3938 3282 4000 in
3336 3947 3505 4001 tuam
3555 3939 3698 4020 jure
3743 3938 3988 4021 propin-

2516 4037 2801 4119 quitatiS,
2836 4045 2905 4099 ut
2936 4037 3204 4099 suscites
3237 4056 3450 4099 seme-n
3494 4038 3708 4119 nepoti
3751 4046 3860 4101 tuo
3893 4038 3990 4099 de-

2518 4135 2762 4199 functo.
2797 4135 2860 4197 Si
2891 4143 3102 4198 autem
3147 4135 3312 4198 Ruth
3353 4155 3467 4217 per
3504 4136 3698 4199 verba
3733 4137 3868 4199 haec
3899 4154 3990 4217 pe-

918 4254 1097 4293 esum
1116 4242 1467 4312 potumque
1493 4235 1770 4309 finierit,
1803 4233 1865 4295 id
1898 4242 1994 4296 est
2024 4236 2169 4297 ante
2207 4233 2405 4297 finem
2444 4241 2487 4302 D
2518 4235 2690 4297 tebat
2747 4233 3131 4315 amplexum,
3186 4252 3314 4296 non
3363 4242 3769 4297 excusaretur
3815 4252 3832 4295 :
3877 4232 3986 4295 nisi

921 4349 1121 4393 coenae
1151 4347 1164 4391 ε
1198 4348 1325 4392 11011
1364 4331 1534 4411 quod
1573 4338 1792 4412 postea
1822 4352 1889 4393 se
1920 4332 2231 4414 praeberet
2258 4334 2410 4396 visi-

923 4428 1118 4491 bilem
1156 4427 1296 4491 viro
1326 4426 1488 4490 'ante
1529 4428 1885 4507 ingressum
1918 4430 2087 4505 lecti,
2117 4432 2227 4493 sed
2258 4431 2411 4513 quia

926 4526 1203 4590 faciliter
1224 4535 1364 4608 post.
1387 4544 1635 4589 coenam
1666 4528 1875 4608 potuit
1902 4548 1969 4591 se
1999 4528 2413 4606 celare,dum-

924 4627 1113 4689 modo
1142 4634 1289 4687 ante
1328 4644 1465 4688 eam
1498 4645 1565 4687 se
1596 4627 1961 4690 occultaret.
2001 4632 2271 4697 Quando
2301 4650 2412 4689 au-

926 4736 1049 4786 tem
1078 4726 1229 4785 ierit
1256 4727 1344 4785 ad
1381 4726 1859 4797 dormiendum,
1892 4736 2043 4787 nota
2088 4731 2299 4788 locum
2337 4730 2412 4787 in

922 4844 1046 4903 quo
1065 4825 1388 4895 dormiat,·
1410 4825 1766 4902 veniesque,
1780 4823 1919 4905 ipso
1941 4825 2071 4905 jam
2103 4825 2415 4888 dormien-

928 4929 1009 4998 te,
1043 4931 1102 4982 et
1130 4922 1545 4998 discooperies
1582 4924 1870 4999 pallium
1897 4942 2021 5003 quo
2052 4927 2344 5001 operitur
2371 4946 2411 4985 a

918 5029 1107 5098 parte
1126 5023 1392 5097 pedum,
1419 5030 1481 5079 et
1504 5020 1812 5098 projicies
1854 5030 1935 5091 te,
1966 5030 2179 5085 tamen
2225 5023 2414 5085 silen-

928 5126 1023 5180 ter
1065 5126 1128 5180 et
1170 5136 1314 5180 cum
1359 5117 1690 5195 modestia,
1731 5129 1790 5180 et
1838 5122 1932 5179 ibi
1962 5122 2233 5199 jacebis
2272 5126 2414 5199 Ipse

928 5226 1143 5277 autem
1188 5234 1391 5296 quum
1434 5214 1853 5295 evigilaverit,
1888 5228 2077 5300 teque
2126 5238 2266 5281 esse
2313 5236 2415 5281 00-

927 5314 1241 5393 gnoverit,
1280 5315 1448 5375 dicet
1485 5316 1604 5375 tibi
1636 5318 1799 5395 quid
1830 5337 2015 5393 aqere
2050 5320 2294 5379 debeas.
2317 5316 2414 5379 vi-

2520 4334 2734 4396 forsan
2766 4352 2879 4415 pcr
2911 4332 3570 4413 ignorantiam,quum
3605 4340 3813 4394 tamen
3838 4333 3992 4413 igno-

2521 4432 2725 4495 rantia
2751 4430 2912 4513 juris
2945 4448 3069 4493 non
3093 4439 3369 4507 excuset,
3392 4431 3469 4492 ad
3497 4431 3682 4511 cujus
3712 4431 3990 4494 notitiam

2518 4530 2665 4612 quis
2727 4537 2998 4593 tenetur.
3049 4527 3316 4602 Quidam
3375 4537 3588 4591 autem
3644 4527 3985 4599 affirmant.

2519 4629 2691 4712 quod
2740 4647 2850 4710 per
2895 4628 3016 4689 ista
3057 4626 3382 4709 quaerebat
3424 4627 3986 4709 desponsationem,

2519 4728 2673 4809 quia
2702 4735 2855 4788 tunc
2884 4724 3080 4788 moris
3119 4734 3274 4801 erat,
3304 4725 3474 4806 quod
3507 4726 3830 4807 sponsalia
3857 4744 3992 4789 con-

2521 4826 2800 4901 trahenS,
2845 4824 3058 4905 posuit
3099 4823 3461 4886 vestimenti
3511 4823 3610 4885 sui
3655 4833 3990 4887 extremum

2521 4943 2716 5005 super
2761 4939 3081 5005 sponsam.
3130 4922 3318 4985 Porro
3366 4921 3653 5001 Magister
3700 4922 3764 4983 in
3811 4923 3994 4985 histo-

2521 5023 2633 5085 riis
2691 5021 2801 5097 ait,
2857 5021 3028 5101 quod
3076 5019 3234 5082 Booz
3283 5020 3590 5083 indicavit
3646 5020 3795 5083 huic
3839 5020 3991 5083 Ruth

2523 5120 2589 5181 in
2620 5119 2730 5181 tali
2771 5118 3153 5182 solennitate
3187 5118 3540 5181 castitatem
3583 5137 3721 5180 esse
3757 5136 3994 5182 servan-

2522 5217 2886 5281 dam.Unde
2917 5224 3199 5298 apparet,
3220 5217 3391 5298 quod
3423 5216 3562 5298 ipsa
3585 5216 3870 5298 copulam
3899 5232 3996 5295 po-

2523 5314 2808 5378 stulavit.
2849 5314 3065 5378 Noemi
3118 5333 3375 5396 quoque
3419 5316 3518 5393 (ut
3565 5313 3822 5393 dicitur)
3862 5313 3994 5375 ideo
