<?xml version="1.0" encoding="UTF-8"?>
<!DOCTYPE html PUBLIC "-//W3C//DTD XHTML 1.0 Transitional//EN"
    "http://www.w3.org/TR/xhtml1/DTD/xhtml1-transitional.dtd">
<html xmlns="http://www.w3.org/1999/xhtml" xml:lang="en" lang="en">
 <head>
  <title>
</title>
<meta http-equiv="Content-Type" content="text/html;charset=utf-8" />
  <meta name='ocr-system' content='tesseract 3.04.00' />
  <meta name='ocr-capabilities' content='ocr_page ocr_carea ocr_par ocr_line ocrx_word'/>
</head>
<body>
  <div class='ocr_page' id='page_1' title='image "./doctorisecstati02denigoog_0822.png"; bbox 0 0 4359 6250; ppageno 0'>
   <div class='ocr_carea' id='block_1_1' title="bbox 1667 505 2227 556">
    <p class='ocr_par' dir='ltr' id='par_1_1' title="bbox 1667 505 2227 556">
     <span class='ocr_line' id='line_1_1' title="bbox 1667 505 2227 556; baseline -0.004 -1"><span class='ocrx_word' id='word_1_1' title='bbox 1667 507 1850 556; x_wconf 75' lang='lat' dir='ltr'>INDEX</span> <span class='ocrx_word' id='word_1_2' title='bbox 1891 505 2227 554; x_wconf 72' lang='lat' dir='ltr'>GENERALIS</span> 
     </span>
    </p>
   </div>
   <div class='ocr_carea' id='block_1_2' title="bbox 379 680 1894 1561">
    <p class='ocr_par' dir='ltr' id='par_1_2' title="bbox 381 680 1893 920">
     <span class='ocr_line' id='line_1_2' title="bbox 381 680 1748 756; baseline 0 -20"><span class='ocrx_word' id='word_1_3' title='bbox 381 681 694 739; x_wconf 84' lang='lat' dir='ltr'><strong>Articulus</strong></span> <span class='ocrx_word' id='word_1_4' title='bbox 743 685 807 738; x_wconf 88' lang='lat' dir='ltr'><strong>V.</strong></span> <span class='ocrx_word' id='word_1_5' title='bbox 858 682 1205 756; x_wconf 85' lang='lat' dir='ltr'><strong>Explanatio</strong></span> <span class='ocrx_word' id='word_1_6' title='bbox 1251 680 1494 755; x_wconf 87' lang='lat' dir='ltr'><strong>capituli</strong></span> <span class='ocrx_word' id='word_1_7' title='bbox 1537 680 1692 738; x_wconf 89' lang='lat' dir='ltr'><strong>tertii</strong></span> <span class='ocrx_word' id='word_1_8' title='bbox 1734 697 1748 737; x_wconf 72' lang='grc' dir='ltr'><strong>ε</strong></span> 
     </span>
     <span class='ocr_line' id='line_1_3' title="bbox 465 771 1749 845; baseline 0.001 -19"><span class='ocrx_word' id='word_1_9' title='bbox 465 771 783 845; x_wconf 86' lang='lat' dir='ltr'><strong>Postquam</strong></span> <span class='ocrx_word' id='word_1_10' title='bbox 812 777 1010 830; x_wconf 86' lang='lat' dir='ltr'><strong>autem</strong></span> <span class='ocrx_word' id='word_1_11' title='bbox 1042 790 1272 830; x_wconf 84' lang='lat' dir='ltr'><strong>reversa</strong></span> <span class='ocrx_word' id='word_1_12' title='bbox 1295 775 1383 829; x_wconf 87' lang='lat' dir='ltr'><strong>est.</strong></span> <span class='ocrx_word' id='word_1_13' title='bbox 1411 773 1487 828; x_wconf 87' lang='lat' dir='ltr'><strong>ad</strong></span> <span class='ocrx_word' id='word_1_14' title='bbox 1515 787 1749 829; x_wconf 89' lang='lat' dir='ltr'><strong>socrum</strong></span> 
     </span>
     <span class='ocr_line' id='line_1_4' title="bbox 463 860 1893 920; baseline 0 -4"><span class='ocrx_word' id='word_1_15' title='bbox 463 878 636 917; x_wconf 87' lang='lat' dir='ltr'><strong>suam</strong></span> <span class='ocrx_word' id='word_1_16' title='bbox 705 905 1745 920; x_wconf 91' lang='grc'><strong>............</strong></span> <span class='ocrx_word' id='word_1_17' title='bbox 1787 860 1893 916; x_wconf 90' lang='grc'><strong>233</strong></span> 
     </span>
    </p>

    <p class='ocr_par' dir='ltr' id='par_1_3' title="bbox 379 951 1894 1114">
     <span class='ocr_line' id='line_1_5' title="bbox 379 951 1752 1028; baseline 0.001 -22"><span class='ocrx_word' id='word_1_18' title='bbox 379 951 693 1008; x_wconf 82' lang='lat' dir='ltr'><strong>Articulus</strong></span> <span class='ocrx_word' id='word_1_19' title='bbox 721 953 811 1008; x_wconf 86' lang='lat' dir='ltr'><strong>VI.</strong></span> <span class='ocrx_word' id='word_1_20' title='bbox 845 952 1188 1028; x_wconf 47' lang='lat' dir='ltr'><strong>spiritualis,</strong></span> <span class='ocrx_word' id='word_1_21' title='bbox 1204 952 1578 1026; x_wconf 85' lang='lat' dir='ltr'><strong>pertractatio</strong></span> <span class='ocrx_word' id='word_1_22' title='bbox 1607 952 1654 1024; x_wconf 91' lang='lat' dir='ltr'><strong>ej</strong></span> <span class='ocrx_word' id='word_1_23' title='bbox 1665 969 1752 1008; x_wconf 82' lang='lat' dir='ltr'><strong>us-</strong></span> 
     </span>
     <span class='ocr_line' id='line_1_6' title="bbox 465 1027 1894 1114; baseline -0.001 -18"><span class='ocrx_word' id='word_1_24' title='bbox 465 1042 602 1098; x_wconf 86' lang='lat' dir='ltr'><strong>dem</strong></span> <span class='ocrx_word' id='word_1_25' title='bbox 634 1041 908 1114; x_wconf 76' lang='lat' dir='ltr'><strong>capituli.</strong></span> <span class='ocrx_word' id='word_1_26' title='bbox 990 1085 1002 1096; x_wconf 92' lang='lat'>.</span> <span class='ocrx_word' id='word_1_27' title='bbox 1083 1086 1094 1097; x_wconf 97' lang='lat'>.</span> <span class='ocrx_word' id='word_1_28' title='bbox 1175 1027 1196 1098; x_wconf 82' lang='grc'><strong>.’</strong></span> <span class='ocrx_word' id='word_1_29' title='bbox 1271 1084 1746 1097; x_wconf 93' lang='grc'><em>......</em></span> <span class='ocrx_word' id='word_1_30' title='bbox 1787 1039 1894 1096; x_wconf 80' lang='lat'><strong>236</strong></span> 
     </span>
    </p>

    <p class='ocr_par' dir='ltr' id='par_1_4' title="bbox 380 1129 1893 1367">
     <span class='ocr_line' id='line_1_7' title="bbox 380 1129 1748 1203; baseline 0 -19"><span class='ocrx_word' id='word_1_31' title='bbox 380 1130 691 1188; x_wconf 80' lang='lat' dir='ltr'><strong>Articulus</strong></span> <span class='ocrx_word' id='word_1_32' title='bbox 719 1132 836 1186; x_wconf 88' lang='lat' dir='ltr'>VII.</span> <span class='ocrx_word' id='word_1_33' title='bbox 859 1130 1187 1188; x_wconf 83' lang='lat' dir='ltr'><strong>Elucidatio</strong></span> <span class='ocrx_word' id='word_1_34' title='bbox 1214 1131 1480 1188; x_wconf 87' lang='lat' dir='ltr'><strong>litteralis</strong></span> <span class='ocrx_word' id='word_1_35' title='bbox 1511 1129 1748 1203; x_wconf 89' lang='lat' dir='ltr'><strong>capituli</strong></span> 
     </span>
     <span class='ocr_line' id='line_1_8' title="bbox 464 1221 1746 1293; baseline -0.002 -16"><span class='ocrx_word' id='word_1_36' title='bbox 464 1221 659 1292; x_wconf 85' lang='lat' dir='ltr'><strong>quarti</strong></span> <span class='ocrx_word' id='word_1_37' title='bbox 693 1237 706 1276; x_wconf 72' lang='grc' dir='ltr'><strong>ε</strong></span> <span class='ocrx_word' id='word_1_38' title='bbox 739 1221 1017 1278; x_wconf 79' lang='lat' dir='ltr'><strong>Ascendit</strong></span> <span class='ocrx_word' id='word_1_39' title='bbox 1044 1236 1182 1293; x_wconf 80' lang='lat' dir='ltr'><strong>ergo</strong></span> <span class='ocrx_word' id='word_1_40' title='bbox 1211 1222 1359 1276; x_wconf 87' lang='lat' dir='ltr'><strong>Booz</strong></span> <span class='ocrx_word' id='word_1_41' title='bbox 1389 1222 1464 1277; x_wconf 90' lang='lat' dir='ltr'><strong>ad</strong></span> <span class='ocrx_word' id='word_1_42' title='bbox 1495 1222 1746 1292; x_wconf 85' lang='lat' dir='ltr'><strong>portam,</strong></span> 
     </span>
     <span class='ocr_line' id='line_1_9' title="bbox 462 1308 1893 1367; baseline -0.001 -1"><span class='ocrx_word' id='word_1_43' title='bbox 462 1313 520 1366; x_wconf 91' lang='lat' dir='ltr'><strong>et</strong></span> <span class='ocrx_word' id='word_1_44' title='bbox 549 1310 700 1367; x_wconf 87' lang='lat' dir='ltr'><strong>sedit</strong></span> <span class='ocrx_word' id='word_1_45' title='bbox 729 1310 807 1366; x_wconf 91' lang='lat' dir='ltr'><strong>ibi</strong></span> <span class='ocrx_word' id='word_1_46' title='bbox 896 1351 1745 1366; x_wconf 92' lang='grc'><strong>..........</strong></span> <span class='ocrx_word' id='word_1_47' title='bbox 1787 1308 1893 1364; x_wconf 88' lang='grc'><strong>237</strong></span> 
     </span>
    </p>

    <p class='ocr_par' dir='ltr' id='par_1_5' title="bbox 381 1399 1888 1561">
     <span class='ocr_line' id='line_1_10' title="bbox 381 1399 1751 1473; baseline 0 -19"><span class='ocrx_word' id='word_1_48' title='bbox 381 1399 692 1456; x_wconf 86' lang='lat' dir='ltr'><strong>Articulus</strong></span> <span class='ocrx_word' id='word_1_49' title='bbox 716 1401 860 1456; x_wconf 84' lang='lat' dir='ltr'>VllI.</span> <span class='ocrx_word' id='word_1_50' title='bbox 903 1401 981 1458; x_wconf 87' lang='lat' dir='ltr'><strong>De</strong></span> <span class='ocrx_word' id='word_1_51' title='bbox 1028 1399 1317 1473; x_wconf 80' lang='lat' dir='ltr'><strong>spirituali</strong></span> <span class='ocrx_word' id='word_1_52' title='bbox 1355 1399 1617 1472; x_wconf 88' lang='lat' dir='ltr'><strong>ejusdem</strong></span> <span class='ocrx_word' id='word_1_53' title='bbox 1663 1414 1751 1455; x_wconf 92' lang='lat' dir='ltr'><strong>ca-</strong></span> 
     </span>
     <span class='ocr_line' id='line_1_11' title="bbox 465 1487 1888 1561; baseline 0.001 -17"><span class='ocrx_word' id='word_1_54' title='bbox 465 1487 637 1561; x_wconf 83' lang='lat' dir='ltr'><strong>pituli</strong></span> <span class='ocrx_word' id='word_1_55' title='bbox 667 1505 845 1546; x_wconf 90' lang='lat' dir='ltr'><strong>sensu</strong></span> <span class='ocrx_word' id='word_1_56' title='bbox 891 1530 1744 1546; x_wconf 91' lang='grc'><strong>..........</strong></span> <span class='ocrx_word' id='word_1_57' title='bbox 1785 1489 1888 1545; x_wconf 87' lang='grc'><strong>241</strong></span> 
     </span>
    </p>
   </div>
   <div class='ocr_carea' id='block_1_3' title="bbox 505 1728 1778 1778">
    <p class='ocr_par' dir='ltr' id='par_1_6' title="bbox 505 1728 1778 1778">
     <span class='ocr_line' id='line_1_12' title="bbox 505 1728 1778 1778; baseline 0.002 -2"><span class='ocrx_word' id='word_1_58' title='bbox 505 1731 858 1778; x_wconf 73' lang='lat' dir='ltr'><strong>ENARRATIO</strong></span> <span class='ocrx_word' id='word_1_59' title='bbox 901 1730 966 1776; x_wconf 87' lang='lat' dir='ltr'><strong>IN</strong></span> <span class='ocrx_word' id='word_1_60' title='bbox 1007 1728 1231 1777; x_wconf 75' lang='lat' dir='ltr'><strong>Limum</strong></span> <span class='ocrx_word' id='word_1_61' title='bbox 1273 1729 1509 1776; x_wconf 67' lang='lat' dir='ltr'><strong>Panum</strong></span> <span class='ocrx_word' id='word_1_62' title='bbox 1551 1730 1778 1778; x_wconf 73' lang='lat' dir='ltr'>REGUH.</span> 
     </span>
    </p>
   </div>
   <div class='ocr_carea' id='block_1_4' title="bbox 389 1937 1894 2277">
    <p class='ocr_par' dir='ltr' id='par_1_7' title="bbox 389 1937 1894 1996">
     <span class='ocr_line' id='line_1_13' title="bbox 389 1937 1894 1996; baseline 0.001 -4"><span class='ocrx_word' id='word_1_63' title='bbox 389 1937 756 1996; x_wconf 87' lang='lat' dir='ltr'><strong>Prooemium</strong></span> <span class='ocrx_word' id='word_1_64' title='bbox 807 1980 1746 1992; x_wconf 85' lang='grc'><strong>...........</strong></span> <span class='ocrx_word' id='word_1_65' title='bbox 1786 1939 1894 1994; x_wconf 88' lang='grc'><strong>245</strong></span> 
     </span>
    </p>

    <p class='ocr_par' dir='ltr' id='par_1_8' title="bbox 391 2026 1893 2100">
     <span class='ocr_line' id='line_1_14' title="bbox 391 2026 1893 2100; baseline 0.001 -18"><span class='ocrx_word' id='word_1_66' title='bbox 391 2027 734 2100; x_wconf 77' lang='lat' dir='ltr'><strong>Hieronymi</strong></span> <span class='ocrx_word' id='word_1_67' title='bbox 761 2026 1023 2100; x_wconf 83' lang='lat' dir='ltr'><strong>prael&#39;atio</strong></span> <span class='ocrx_word' id='word_1_68' title='bbox 1079 2069 1744 2082; x_wconf 92' lang='grc'><strong>........</strong></span> <span class='ocrx_word' id='word_1_69' title='bbox 1785 2027 1893 2084; x_wconf 89' lang='grc'><strong>246</strong></span> 
     </span>
    </p>

    <p class='ocr_par' dir='ltr' id='par_1_9' title="bbox 393 2115 1748 2277">
     <span class='ocr_line' id='line_1_15' title="bbox 393 2115 1748 2190; baseline -0.001 -18"><span class='ocrx_word' id='word_1_70' title='bbox 393 2116 694 2173; x_wconf 83' lang='lat' dir='ltr'><strong>Articulus</strong></span> <span class='ocrx_word' id='word_1_71' title='bbox 739 2117 779 2172; x_wconf 92' lang='lat' dir='ltr'><strong>I.</strong></span> <span class='ocrx_word' id='word_1_72' title='bbox 837 2115 1133 2190; x_wconf 85' lang='lat' dir='ltr'><strong>Expositio</strong></span> <span class='ocrx_word' id='word_1_73' title='bbox 1191 2116 1459 2174; x_wconf 89' lang='lat' dir='ltr'><strong>litteralis</strong></span> <span class='ocrx_word' id='word_1_74' title='bbox 1511 2117 1748 2190; x_wconf 88' lang='lat' dir='ltr'><strong>capituli</strong></span> 
     </span>
     <span class='ocr_line' id='line_1_16' title="bbox 469 2205 1748 2277; baseline 0 -15"><span class='ocrx_word' id='word_1_75' title='bbox 469 2206 645 2277; x_wconf 89' lang='lat' dir='ltr'><strong>primi</strong></span> <span class='ocrx_word' id='word_1_76' title='bbox 698 2223 710 2262; x_wconf 91' lang='lat'>:</span> <span class='ocrx_word' id='word_1_77' title='bbox 759 2205 890 2262; x_wconf 83' lang='lat' dir='ltr'><strong>Fuit</strong></span> <span class='ocrx_word' id='word_1_78' title='bbox 929 2207 1020 2262; x_wconf 80' lang='lat' dir='ltr'><strong>vir</strong></span> <span class='ocrx_word' id='word_1_79' title='bbox 1067 2223 1221 2262; x_wconf 90' lang='lat' dir='ltr'><strong>unus</strong></span> <span class='ocrx_word' id='word_1_80' title='bbox 1264 2208 1334 2263; x_wconf 86' lang='lat' dir='ltr'><strong>de</strong></span> <span class='ocrx_word' id='word_1_81' title='bbox 1378 2206 1748 2263; x_wconf 80' lang='lat' dir='ltr'><strong>Ramathaim</strong></span> 
     </span>
    </p>
   </div>
   <div class='ocr_carea' id='block_1_5' title="bbox 394 2294 1894 2546">
    <p class='ocr_par' dir='ltr' id='par_1_10' title="bbox 394 2294 1894 2546">
     <span class='ocr_line' id='line_1_17' title="bbox 468 2294 1894 2366; baseline 0 -15"><span class='ocrx_word' id='word_1_82' title='bbox 468 2294 731 2366; x_wconf 88' lang='lat' dir='ltr'><strong>Sophim.</strong></span> <span class='ocrx_word' id='word_1_83' title='bbox 802 2337 814 2350; x_wconf 95' lang='lat'>.</span> <span class='ocrx_word' id='word_1_84' title='bbox 839 2318 844 2322; x_wconf 89' lang='lat'><strong>·</strong></span> <span class='ocrx_word' id='word_1_85' title='bbox 895 2337 1746 2350; x_wconf 90' lang='grc'><strong>..........</strong></span> <span class='ocrx_word' id='word_1_86' title='bbox 1787 2295 1894 2351; x_wconf 87' lang='grc'><strong>249</strong></span> 
     </span>
     <span class='ocr_line' id='line_1_18' title="bbox 394 2385 1749 2458; baseline 0 -18"><span class='ocrx_word' id='word_1_87' title='bbox 394 2385 694 2442; x_wconf 82' lang='lat' dir='ltr'><strong>Articulus</strong></span> <span class='ocrx_word' id='word_1_88' title='bbox 724 2385 790 2441; x_wconf 93' lang='lat' dir='ltr'><strong>II.</strong></span> <span class='ocrx_word' id='word_1_89' title='bbox 813 2385 1146 2458; x_wconf 69' lang='lat' dir='ltr'><strong>⁸Spiritualis</strong></span> <span class='ocrx_word' id='word_1_90' title='bbox 1175 2385 1457 2458; x_wconf 76' lang='lat' dir='ltr'><strong>expositio</strong></span> <span class='ocrx_word' id='word_1_91' title='bbox 1486 2385 1749 2458; x_wconf 87' lang='lat' dir='ltr'><strong>ejusdem</strong></span> 
     </span>
     <span class='ocr_line' id='line_1_19' title="bbox 469 2473 1894 2546; baseline 0 -16"><span class='ocrx_word' id='word_1_92' title='bbox 469 2473 708 2546; x_wconf 85' lang='lat' dir='ltr'><strong>capituli</strong></span> <span class='ocrx_word' id='word_1_93' title='bbox 717 2516 1747 2530; x_wconf 92' lang='grc'><strong>............</strong></span> <span class='ocrx_word' id='word_1_94' title='bbox 1787 2475 1894 2530; x_wconf 97' lang='grc'><strong>256</strong></span> 
     </span>
    </p>
   </div>
   <div class='ocr_carea' id='block_1_6' title="bbox 395 2562 1752 2710">
    <p class='ocr_par' dir='ltr' id='par_1_11' title="bbox 395 2562 1752 2710">
     <span class='ocr_line' id='line_1_20' title="bbox 395 2562 1749 2636; baseline 0.001 -18"><span class='ocrx_word' id='word_1_95' title='bbox 395 2563 694 2620; x_wconf 79' lang='lat' dir='ltr'><strong>Articulus</strong></span> <span class='ocrx_word' id='word_1_96' title='bbox 728 2564 819 2619; x_wconf 91' lang='lat' dir='ltr'>III.</span> <span class='ocrx_word' id='word_1_97' title='bbox 866 2562 1165 2635; x_wconf 80' lang='lat' dir='ltr'><strong>Expositio</strong></span> <span class='ocrx_word' id='word_1_98' title='bbox 1207 2562 1473 2619; x_wconf 87' lang='lat' dir='ltr'><strong>litteralis</strong></span> <span class='ocrx_word' id='word_1_99' title='bbox 1511 2563 1749 2636; x_wconf 85' lang='lat' dir='ltr'><strong>capituli</strong></span> 
     </span>
     <span class='ocr_line' id='line_1_21' title="bbox 466 2652 1752 2710; baseline 0 -2"><span class='ocrx_word' id='word_1_100' title='bbox 466 2653 712 2710; x_wconf 87' lang='lat' dir='ltr'><strong>secundi</strong></span> <span class='ocrx_word' id='word_1_101' title='bbox 743 2657 799 2710; x_wconf 91' lang='lat' dir='ltr'><strong>et</strong></span> <span class='ocrx_word' id='word_1_102' title='bbox 820 2652 1032 2710; x_wconf 90' lang='lat' dir='ltr'><strong>cantici</strong></span> <span class='ocrx_word' id='word_1_103' title='bbox 1064 2656 1280 2708; x_wconf 82' lang='lat' dir='ltr'><strong>sanctae</strong></span> <span class='ocrx_word' id='word_1_104' title='bbox 1311 2654 1495 2708; x_wconf 71' lang='lat' dir='ltr'><strong>Annae</strong></span> <span class='ocrx_word' id='word_1_105' title='bbox 1518 2670 1530 2708; x_wconf 75' lang='grc' dir='ltr'>ε</span> <span class='ocrx_word' id='word_1_106' title='bbox 1555 2654 1752 2709; x_wconf 85' lang='lat' dir='ltr'><strong>Exsul-</strong></span> 
     </span>
    </p>
   </div>
   <div class='ocr_carea' id='block_1_7' title="bbox 393 2741 1896 3353">
    <p class='ocr_par' dir='ltr' id='par_1_12' title="bbox 395 2741 1895 2904">
     <span class='ocr_line' id='line_1_22' title="bbox 467 2741 1895 2801; baseline 0.002 -3"><span class='ocrx_word' id='word_1_107' title='bbox 467 2742 611 2800; x_wconf 83' lang='lat' dir='ltr'><strong>tavit</strong></span> <span class='ocrx_word' id='word_1_108' title='bbox 639 2760 738 2799; x_wconf 87' lang='lat' dir='ltr'><strong>cor</strong></span> <span class='ocrx_word' id='word_1_109' title='bbox 767 2759 968 2800; x_wconf 87' lang='lat' dir='ltr'><strong>meum</strong></span> <span class='ocrx_word' id='word_1_110' title='bbox 1002 2742 1060 2798; x_wconf 91' lang='lat' dir='ltr'><strong>in</strong></span> <span class='ocrx_word' id='word_1_111' title='bbox 1093 2741 1342 2797; x_wconf 90' lang='lat' dir='ltr'><strong>Domino</strong></span> <span class='ocrx_word' id='word_1_112' title='bbox 1362 2785 1746 2800; x_wconf 93' lang='grc'><strong>.....</strong></span> <span class='ocrx_word' id='word_1_113' title='bbox 1787 2746 1895 2801; x_wconf 88' lang='grc'><strong>259</strong></span> 
     </span>
     <span class='ocr_line' id='line_1_23' title="bbox 395 2831 1752 2904; baseline 0.001 -16"><span class='ocrx_word' id='word_1_114' title='bbox 395 2831 694 2890; x_wconf 80' lang='lat' dir='ltr'><strong>Articulus</strong></span> <span class='ocrx_word' id='word_1_115' title='bbox 724 2833 812 2887; x_wconf 87' lang='lat' dir='ltr'><strong>IV.</strong></span> <span class='ocrx_word' id='word_1_116' title='bbox 855 2831 1186 2904; x_wconf 82' lang='lat' dir='ltr'><strong>spiritualis</strong></span> <span class='ocrx_word' id='word_1_117' title='bbox 1232 2831 1563 2904; x_wconf 83' lang='lat' dir='ltr'><strong>explanatio</strong></span> <span class='ocrx_word' id='word_1_118' title='bbox 1611 2849 1752 2889; x_wconf 89' lang='lat' dir='ltr'><strong>can—</strong></span> 
     </span>
    </p>

    <p class='ocr_par' dir='ltr' id='par_1_13' title="bbox 395 2921 1895 3082">
     <span class='ocr_line' id='line_1_24' title="bbox 465 2921 1895 2994; baseline 0.001 -18"><span class='ocrx_word' id='word_1_119' title='bbox 465 2921 566 2976; x_wconf 86' lang='lat' dir='ltr'><strong>tici</strong></span> <span class='ocrx_word' id='word_1_120' title='bbox 595 2921 771 2994; x_wconf 87' lang='lat' dir='ltr'><strong>hujus</strong></span> <span class='ocrx_word' id='word_1_121' title='bbox 804 2963 1749 2977; x_wconf 93' lang='grc'><strong>...........</strong></span> <span class='ocrx_word' id='word_1_122' title='bbox 1789 2923 1895 2978; x_wconf 91' lang='grc'><strong>265</strong></span> 
     </span>
     <span class='ocr_line' id='line_1_25' title="bbox 395 2997 1754 3082; baseline 0 -16"><span class='ocrx_word' id='word_1_123' title='bbox 395 3010 694 3066; x_wconf 84' lang='lat' dir='ltr'><strong>Articulus</strong></span> <span class='ocrx_word' id='word_1_124' title='bbox 722 3011 786 3064; x_wconf 91' lang='lat' dir='ltr'><strong>V.</strong></span> <span class='ocrx_word' id='word_1_125' title='bbox 819 3009 1139 3067; x_wconf 87' lang='lat' dir='ltr'><strong>Declaratio</strong></span> <span class='ocrx_word' id='word_1_126' title='bbox 1167 3009 1417 3066; x_wconf 83' lang='lat' dir='ltr'><strong>residuae</strong></span> <span class='ocrx_word' id='word_1_127' title='bbox 1445 2997 1624 3082; x_wconf 74' lang='lat' dir='ltr'><strong>parti&#39;s</strong></span> <span class='ocrx_word' id='word_1_128' title='bbox 1655 3011 1754 3066; x_wconf 92' lang='lat' dir='ltr'><strong>hu-</strong></span> 
     </span>
    </p>

    <p class='ocr_par' dir='ltr' id='par_1_14' title="bbox 393 3098 1896 3262">
     <span class='ocr_line' id='line_1_26' title="bbox 460 3098 1896 3173; baseline 0 -16"><span class='ocrx_word' id='word_1_129' title='bbox 460 3101 562 3173; x_wconf 89' lang='lat' dir='ltr'><strong>jus</strong></span> <span class='ocrx_word' id='word_1_130' title='bbox 588 3098 827 3172; x_wconf 85' lang='lat' dir='ltr'><strong>capituli</strong></span> <span class='ocrx_word' id='word_1_131' title='bbox 857 3099 1097 3157; x_wconf 85' lang='lat' dir='ltr'><strong>secundi</strong></span> <span class='ocrx_word' id='word_1_132' title='bbox 1177 3142 1748 3156; x_wconf 89' lang='grc'><strong>.......</strong></span> <span class='ocrx_word' id='word_1_133' title='bbox 1789 3101 1896 3157; x_wconf 89' lang='grc'>269</span> 
     </span>
     <span class='ocr_line' id='line_1_27' title="bbox 393 3189 1752 3262; baseline 0 -15"><span class='ocrx_word' id='word_1_134' title='bbox 393 3189 694 3248; x_wconf 83' lang='lat' dir='ltr'><strong>Articulus</strong></span> <span class='ocrx_word' id='word_1_135' title='bbox 723 3190 814 3245; x_wconf 90' lang='lat' dir='ltr'><strong>VI.</strong></span> <span class='ocrx_word' id='word_1_136' title='bbox 869 3191 946 3246; x_wconf 88' lang='lat' dir='ltr'><strong>De</strong></span> <span class='ocrx_word' id='word_1_137' title='bbox 994 3190 1238 3262; x_wconf 81' lang='lat' dir='ltr'><strong>mystico</strong></span> <span class='ocrx_word' id='word_1_138' title='bbox 1285 3207 1459 3247; x_wconf 88' lang='lat' dir='ltr'><strong>sensu</strong></span> <span class='ocrx_word' id='word_1_139' title='bbox 1504 3190 1752 3247; x_wconf 83' lang='lat' dir='ltr'><strong>residuae</strong></span> 
     </span>
    </p>

    <p class='ocr_par' dir='ltr' id='par_1_15' title="bbox 469 3278 1895 3353">
     <span class='ocr_line' id='line_1_28' title="bbox 469 3278 1895 3353; baseline 0 -18"><span class='ocrx_word' id='word_1_140' title='bbox 469 3279 652 3353; x_wconf 86' lang='lat' dir='ltr'><strong>partis</strong></span> <span class='ocrx_word' id='word_1_141' title='bbox 681 3279 857 3353; x_wconf 85' lang='lat' dir='ltr'><strong>hujus</strong></span> <span class='ocrx_word' id='word_1_142' title='bbox 885 3278 1122 3351; x_wconf 88' lang='lat' dir='ltr'><strong>capituli</strong></span> <span class='ocrx_word' id='word_1_143' title='bbox 1176 3321 1747 3335; x_wconf 86' lang='grc'><strong>.......</strong></span> <span class='ocrx_word' id='word_1_144' title='bbox 1788 3281 1895 3335; x_wconf 84' lang='grc'><strong>275</strong></span> 
     </span>
    </p>
   </div>
   <div class='ocr_carea' id='block_1_8' title="bbox 397 3367 1894 3967">
    <p class='ocr_par' dir='ltr' id='par_1_16' title="bbox 397 3367 1894 3604">
     <span class='ocr_line' id='line_1_29' title="bbox 397 3367 1752 3440; baseline -0.001 -15"><span class='ocrx_word' id='word_1_145' title='bbox 397 3368 694 3426; x_wconf 87' lang='lat' dir='ltr'><strong>Articulus</strong></span> <span class='ocrx_word' id='word_1_146' title='bbox 728 3369 845 3424; x_wconf 90' lang='lat' dir='ltr'>VII.</span> <span class='ocrx_word' id='word_1_147' title='bbox 877 3368 1172 3440; x_wconf 82' lang='lat' dir='ltr'><strong>Expositio</strong></span> <span class='ocrx_word' id='word_1_148' title='bbox 1211 3367 1476 3425; x_wconf 71' lang='lat' dir='ltr'><strong>litteralis</strong></span> <span class='ocrx_word' id='word_1_149' title='bbox 1514 3367 1752 3439; x_wconf 88' lang='lat' dir='ltr'><strong>capituli</strong></span> 
     </span>
     <span class='ocr_line' id='line_1_30' title="bbox 467 3454 1756 3515; baseline -0.002 0"><span class='ocrx_word' id='word_1_150' title='bbox 467 3458 622 3515; x_wconf 83' lang='lat' dir='ltr'><strong>tertii</strong></span> <span class='ocrx_word' id='word_1_151' title='bbox 657 3476 669 3513; x_wconf 91' lang='lat'><strong>:</strong></span> <span class='ocrx_word' id='word_1_152' title='bbox 702 3459 854 3515; x_wconf 89' lang='lat' dir='ltr'><strong>Puer</strong></span> <span class='ocrx_word' id='word_1_153' title='bbox 881 3460 1078 3514; x_wconf 88' lang='lat' dir='ltr'><strong>autem</strong></span> <span class='ocrx_word' id='word_1_154' title='bbox 1110 3458 1344 3514; x_wconf 87' lang='lat' dir='ltr'><strong>Samuel</strong></span> <span class='ocrx_word' id='word_1_155' title='bbox 1385 3454 1756 3513; x_wconf 84' lang='lat' dir='ltr'><strong>ministrabat</strong></span> 
     </span>
     <span class='ocr_line' id='line_1_31' title="bbox 472 3546 1894 3604; baseline -0.001 0"><span class='ocrx_word' id='word_1_156' title='bbox 472 3548 722 3604; x_wconf 90' lang='lat' dir='ltr'><strong>Domino</strong></span> <span class='ocrx_word' id='word_1_157' title='bbox 752 3564 949 3604; x_wconf 88' lang='lat' dir='ltr'><strong>coram</strong></span> <span class='ocrx_word' id='word_1_158' title='bbox 981 3546 1105 3603; x_wconf 84' lang='lat' dir='ltr'><strong>Heli</strong></span> <span class='ocrx_word' id='word_1_159' title='bbox 1183 3589 1748 3602; x_wconf 93' lang='grc'><strong>.......</strong></span> <span class='ocrx_word' id='word_1_160' title='bbox 1789 3548 1894 3603; x_wconf 87' lang='grc'><strong>277</strong></span> 
     </span>
    </p>

    <p class='ocr_par' dir='ltr' id='par_1_17' title="bbox 400 3634 1888 3784">
     <span class='ocr_line' id='line_1_32' title="bbox 400 3634 1749 3709; baseline -0.001 -17"><span class='ocrx_word' id='word_1_161' title='bbox 400 3637 696 3695; x_wconf 79' lang='lat' dir='ltr'><strong>Articulus</strong></span> <span class='ocrx_word' id='word_1_162' title='bbox 721 3638 862 3692; x_wconf 91' lang='lat' dir='ltr'>VIII.</span> <span class='ocrx_word' id='word_1_163' title='bbox 889 3636 967 3693; x_wconf 90' lang='lat' dir='ltr'><strong>De</strong></span> <span class='ocrx_word' id='word_1_164' title='bbox 987 3634 1274 3708; x_wconf 88' lang='lat' dir='ltr'><strong>spirituali</strong></span> <span class='ocrx_word' id='word_1_165' title='bbox 1305 3635 1484 3708; x_wconf 86' lang='lat' dir='ltr'><strong>hujus</strong></span> <span class='ocrx_word' id='word_1_166' title='bbox 1513 3634 1749 3709; x_wconf 88' lang='lat' dir='ltr'><strong>capituli</strong></span> 
     </span>
     <span class='ocr_line' id='line_1_33' title="bbox 475 3726 1888 3784; baseline 0 -3"><span class='ocrx_word' id='word_1_167' title='bbox 475 3726 773 3784; x_wconf 77' lang='lat' dir='ltr'><strong>Intellecta</strong></span> <span class='ocrx_word' id='word_1_168' title='bbox 803 3766 1749 3781; x_wconf 88' lang='grc'><strong>...........</strong></span> <span class='ocrx_word' id='word_1_169' title='bbox 1787 3726 1888 3781; x_wconf 89' lang='grc'><strong>281</strong></span> 
     </span>
    </p>

    <p class='ocr_par' dir='ltr' id='par_1_18' title="bbox 402 3813 1750 3886">
     <span class='ocr_line' id='line_1_34' title="bbox 402 3813 1750 3886; baseline -0.001 -14"><span class='ocrx_word' id='word_1_170' title='bbox 402 3815 698 3872; x_wconf 85' lang='lat' dir='ltr'><strong>Articulus</strong></span> <span class='ocrx_word' id='word_1_171' title='bbox 725 3815 812 3870; x_wconf 93' lang='lat' dir='ltr'><strong>IX.</strong></span> <span class='ocrx_word' id='word_1_172' title='bbox 853 3814 1176 3870; x_wconf 85' lang='lat' dir='ltr'><strong>Elucidatio</strong></span> <span class='ocrx_word' id='word_1_173' title='bbox 1224 3813 1459 3886; x_wconf 88' lang='lat' dir='ltr'><strong>capituli</strong></span> <span class='ocrx_word' id='word_1_174' title='bbox 1507 3814 1696 3885; x_wconf 82' lang='lat' dir='ltr'><strong>quarti</strong></span> <span class='ocrx_word' id='word_1_175' title='bbox 1735 3832 1750 3871; x_wconf 91' lang='lat'>:</span> 
     </span>
    </p>

    <p class='ocr_par' dir='ltr' id='par_1_19' title="bbox 473 3902 1753 3967">
     <span class='ocr_line' id='line_1_35' title="bbox 473 3902 1753 3967; baseline 0.001 -7"><span class='ocrx_word' id='word_1_176' title='bbox 473 3906 542 3960; x_wconf 85' lang='lat' dir='ltr'><strong>Et</strong></span> <span class='ocrx_word' id='word_1_177' title='bbox 577 3905 798 3962; x_wconf 85' lang='lat' dir='ltr'><strong>factum</strong></span> <span class='ocrx_word' id='word_1_178' title='bbox 835 3908 940 3967; x_wconf 85' lang='lat' dir='ltr'><strong>est,</strong></span> <span class='ocrx_word' id='word_1_179' title='bbox 983 3904 1042 3960; x_wconf 92' lang='lat' dir='ltr'><strong>in</strong></span> <span class='ocrx_word' id='word_1_180' title='bbox 1081 3903 1287 3960; x_wconf 87' lang='lat' dir='ltr'><strong>diebus</strong></span> <span class='ocrx_word' id='word_1_181' title='bbox 1323 3902 1436 3958; x_wconf 87' lang='lat' dir='ltr'><strong>illis</strong></span> <span class='ocrx_word' id='word_1_182' title='bbox 1475 3920 1753 3961; x_wconf 83' lang='lat' dir='ltr'><strong>convene-</strong></span> 
     </span>
    </p>
   </div>
   <div class='ocr_carea' id='block_1_9' title="bbox 403 3993 1896 4244">
    <p class='ocr_par' dir='ltr' id='par_1_20' title="bbox 403 3993 1896 4244">
     <span class='ocr_line' id='line_1_36' title="bbox 473 3993 1896 4051; baseline 0 0"><span class='ocrx_word' id='word_1_183' title='bbox 473 3997 614 4051; x_wconf 89' lang='lat' dir='ltr'><strong>runt</strong></span> <span class='ocrx_word' id='word_1_184' title='bbox 641 3993 954 4050; x_wconf 86' lang='lat' dir='ltr'><strong>Philistiim</strong></span> <span class='ocrx_word' id='word_1_185' title='bbox 991 4034 1746 4049; x_wconf 90' lang='grc'><strong>.........</strong></span> <span class='ocrx_word' id='word_1_186' title='bbox 1788 3996 1896 4051; x_wconf 89' lang='grc'><strong>282</strong></span> 
     </span>
     <span class='ocr_line' id='line_1_37' title="bbox 403 4080 1753 4155; baseline -0.001 -14"><span class='ocrx_word' id='word_1_187' title='bbox 403 4084 699 4141; x_wconf 83' lang='lat' dir='ltr'><strong>Articulus</strong></span> <span class='ocrx_word' id='word_1_188' title='bbox 727 4084 790 4139; x_wconf 89' lang='lat' dir='ltr'><strong>X.</strong></span> <span class='ocrx_word' id='word_1_189' title='bbox 833 4080 1164 4154; x_wconf 84' lang='lat' dir='ltr'><strong>spiritualis</strong></span> <span class='ocrx_word' id='word_1_190' title='bbox 1204 4082 1572 4153; x_wconf 83' lang='lat' dir='ltr'><strong>pertractatio</strong></span> <span class='ocrx_word' id='word_1_191' title='bbox 1601 4082 1753 4155; x_wconf 87' lang='lat' dir='ltr'><strong>ejus-</strong></span> 
     </span>
     <span class='ocr_line' id='line_1_38' title="bbox 475 4172 1896 4244; baseline 0.001 -14"><span class='ocrx_word' id='word_1_192' title='bbox 475 4176 608 4230; x_wconf 89' lang='lat' dir='ltr'><strong>dem</strong></span> <span class='ocrx_word' id='word_1_193' title='bbox 649 4172 886 4244; x_wconf 89' lang='lat' dir='ltr'><strong>capituli</strong></span> <span class='ocrx_word' id='word_1_194' title='bbox 896 4212 1745 4227; x_wconf 92' lang='grc'><strong>..........</strong></span> <span class='ocrx_word' id='word_1_195' title='bbox 1789 4176 1896 4231; x_wconf 89' lang='grc'><strong>284</strong></span> 
     </span>
    </p>
   </div>
   <div class='ocr_carea' id='block_1_10' title="bbox 403 4258 1900 4693">
    <p class='ocr_par' dir='ltr' id='par_1_21' title="bbox 403 4258 1900 4693">
     <span class='ocr_line' id='line_1_39' title="bbox 404 4258 1753 4333; baseline -0.001 -14"><span class='ocrx_word' id='word_1_196' title='bbox 404 4263 700 4319; x_wconf 81' lang='lat' dir='ltr'><strong>Articulus</strong></span> <span class='ocrx_word' id='word_1_197' title='bbox 764 4263 854 4318; x_wconf 90' lang='lat' dir='ltr'><strong>XI.</strong></span> <span class='ocrx_word' id='word_1_198' title='bbox 919 4259 1212 4333; x_wconf 82' lang='lat' dir='ltr'><strong>Expositio</strong></span> <span class='ocrx_word' id='word_1_199' title='bbox 1280 4258 1514 4332; x_wconf 78' lang='lat' dir='ltr'><strong>capItuli</strong></span> <span class='ocrx_word' id='word_1_200' title='bbox 1584 4261 1753 4333; x_wconf 86' lang='lat' dir='ltr'><strong>quin-</strong></span> 
     </span>
     <span class='ocr_line' id='line_1_40' title="bbox 473 4349 1752 4409; baseline -0.001 -1"><span class='ocrx_word' id='word_1_201' title='bbox 473 4353 518 4409; x_wconf 89' lang='lat' dir='ltr'><strong>ti</strong></span> <span class='ocrx_word' id='word_1_202' title='bbox 567 4370 582 4407; x_wconf 90' lang='lat'>:</span> <span class='ocrx_word' id='word_1_203' title='bbox 632 4350 946 4408; x_wconf 81' lang='lat' dir='ltr'><strong>philistiim</strong></span> <span class='ocrx_word' id='word_1_204' title='bbox 995 4352 1189 4407; x_wconf 89' lang='lat' dir='ltr'><strong>autem</strong></span> <span class='ocrx_word' id='word_1_205' title='bbox 1241 4349 1502 4407; x_wconf 84' lang='lat' dir='ltr'><strong>tulerunt</strong></span> <span class='ocrx_word' id='word_1_206' title='bbox 1552 4366 1752 4407; x_wconf 89' lang='lat' dir='ltr'><strong>arcam</strong></span> 
     </span>
     <span class='ocr_line' id='line_1_41' title="bbox 476 4442 1900 4499; baseline 0.001 -2"><span class='ocrx_word' id='word_1_207' title='bbox 476 4442 575 4499; x_wconf 91' lang='lat' dir='ltr'><strong>Dei</strong></span> <span class='ocrx_word' id='word_1_208' title='bbox 628 4481 1752 4497; x_wconf 87' lang='grc'><strong>.............</strong></span> <span class='ocrx_word' id='word_1_209' title='bbox 1791 4443 1900 4499; x_wconf 84' lang='grc'><strong>285</strong></span> 
     </span>
     <span class='ocr_line' id='line_1_42' title="bbox 403 4527 1752 4601; baseline -0.002 -12"><span class='ocrx_word' id='word_1_210' title='bbox 403 4531 700 4589; x_wconf 81' lang='lat' dir='ltr'><strong>Articulus</strong></span> <span class='ocrx_word' id='word_1_211' title='bbox 737 4531 852 4587; x_wconf 73' lang='lat' dir='ltr'>XII.</span> <span class='ocrx_word' id='word_1_212' title='bbox 894 4528 1214 4587; x_wconf 86' lang='lat' dir='ltr'><strong>Declaratio</strong></span> <span class='ocrx_word' id='word_1_213' title='bbox 1267 4527 1504 4601; x_wconf 85' lang='lat' dir='ltr'><strong>capituli</strong></span> <span class='ocrx_word' id='word_1_214' title='bbox 1551 4529 1694 4586; x_wconf 85' lang='lat' dir='ltr'><strong>sexti</strong></span> <span class='ocrx_word' id='word_1_215' title='bbox 1739 4548 1752 4586; x_wconf 90' lang='lat'>:</span> 
     </span>
     <span class='ocr_line' id='line_1_43' title="bbox 475 4617 1754 4693; baseline -0.003 -15"><span class='ocrx_word' id='word_1_216' title='bbox 475 4621 608 4678; x_wconf 84' lang='lat' dir='ltr'><strong>Fuit</strong></span> <span class='ocrx_word' id='word_1_217' title='bbox 644 4636 782 4693; x_wconf 80' lang='lat' dir='ltr'><strong>ergo</strong></span> <span class='ocrx_word' id='word_1_218' title='bbox 820 4635 956 4676; x_wconf 89' lang='lat' dir='ltr'><strong>arca</strong></span> <span class='ocrx_word' id='word_1_219' title='bbox 987 4617 1217 4673; x_wconf 88' lang='lat' dir='ltr'><strong>Domini</strong></span> <span class='ocrx_word' id='word_1_220' title='bbox 1258 4617 1318 4674; x_wconf 92' lang='lat' dir='ltr'><strong>in</strong></span> <span class='ocrx_word' id='word_1_221' title='bbox 1357 4618 1592 4690; x_wconf 77' lang='lat' dir='ltr'><strong>regione</strong></span> <span class='ocrx_word' id='word_1_222' title='bbox 1622 4618 1754 4675; x_wconf 89' lang='lat' dir='ltr'><strong>Phi—</strong></span> 
     </span>
    </p>
   </div>
   <div class='ocr_carea' id='block_1_11' title="bbox 405 4706 1899 4964">
    <p class='ocr_par' dir='ltr' id='par_1_22' title="bbox 405 4706 1899 4964">
     <span class='ocr_line' id='line_1_44' title="bbox 475 4706 1899 4781; baseline -0.002 -13"><span class='ocrx_word' id='word_1_223' title='bbox 475 4712 807 4768; x_wconf 76' lang='lat' dir='ltr'><strong>listInorum</strong></span> <span class='ocrx_word' id='word_1_224' title='bbox 835 4712 1056 4781; x_wconf 85' lang='lat' dir='ltr'><strong>septem</strong></span> <span class='ocrx_word' id='word_1_225' title='bbox 1082 4706 1384 4764; x_wconf 86' lang='lat' dir='ltr'><strong>mensibus</strong></span> <span class='ocrx_word' id='word_1_226' title='bbox 1461 4750 1472 4761; x_wconf 95' lang='lat'>.</span> <span class='ocrx_word' id='word_1_227' title='bbox 1553 4750 1565 4762; x_wconf 98' lang='lat'>.</span> <span class='ocrx_word' id='word_1_228' title='bbox 1647 4751 1659 4763; x_wconf 93' lang='lat'>.</span> <span class='ocrx_word' id='word_1_229' title='bbox 1739 4752 1752 4765; x_wconf 92' lang='lat'>.</span> <span class='ocrx_word' id='word_1_230' title='bbox 1792 4711 1899 4765; x_wconf 91' lang='grc'><strong>288</strong></span> 
     </span>
     <span class='ocr_line' id='line_1_45' title="bbox 405 4796 1757 4870; baseline -0.004 -11"><span class='ocrx_word' id='word_1_231' title='bbox 405 4802 700 4859; x_wconf 79' lang='lat' dir='ltr'><strong>Articulus</strong></span> <span class='ocrx_word' id='word_1_232' title='bbox 729 4799 870 4854; x_wconf 92' lang='lat' dir='ltr'>XIII.</span> <span class='ocrx_word' id='word_1_233' title='bbox 912 4799 990 4854; x_wconf 87' lang='lat' dir='ltr'><strong>De</strong></span> <span class='ocrx_word' id='word_1_234' title='bbox 1031 4796 1318 4869; x_wconf 85' lang='lat' dir='ltr'><strong>spirituali</strong></span> <span class='ocrx_word' id='word_1_235' title='bbox 1365 4796 1628 4870; x_wconf 86' lang='lat' dir='ltr'><strong>ejusdem</strong></span> <span class='ocrx_word' id='word_1_236' title='bbox 1669 4815 1757 4854; x_wconf 87' lang='lat' dir='ltr'><strong>ca·</strong></span> 
     </span>
     <span class='ocr_line' id='line_1_46' title="bbox 477 4888 1899 4964; baseline -0.001 -18"><span class='ocrx_word' id='word_1_237' title='bbox 477 4890 648 4964; x_wconf 89' lang='lat' dir='ltr'><strong>pituli</strong></span> <span class='ocrx_word' id='word_1_238' title='bbox 678 4888 974 4945; x_wconf 89' lang='lat' dir='ltr'><strong>intellectu</strong></span> <span class='ocrx_word' id='word_1_239' title='bbox 997 4927 1752 4944; x_wconf 89' lang='grc'><strong>.........</strong></span> <span class='ocrx_word' id='word_1_240' title='bbox 1791 4890 1899 4945; x_wconf 92' lang='grc'><strong>292</strong></span> 
     </span>
    </p>
   </div>
   <div class='ocr_carea' id='block_1_12' title="bbox 405 4972 1756 5139">
    <p class='ocr_par' dir='ltr' id='par_1_23' title="bbox 405 4972 1756 5139">
     <span class='ocr_line' id='line_1_47' title="bbox 405 4972 1752 5048; baseline -0.003 -12"><span class='ocrx_word' id='word_1_241' title='bbox 405 4978 702 5036; x_wconf 86' lang='lat' dir='ltr'><strong>Articulus</strong></span> <span class='ocrx_word' id='word_1_242' title='bbox 730 4977 866 5033; x_wconf 92' lang='lat' dir='ltr'>XIV.</span> <span class='ocrx_word' id='word_1_243' title='bbox 897 4972 1192 5046; x_wconf 86' lang='lat' dir='ltr'><strong>Expositio</strong></span> <span class='ocrx_word' id='word_1_244' title='bbox 1220 4974 1457 5047; x_wconf 87' lang='lat' dir='ltr'><strong>capituli</strong></span> <span class='ocrx_word' id='word_1_245' title='bbox 1484 4976 1715 5048; x_wconf 85' lang='lat' dir='ltr'><strong>septimi</strong></span> <span class='ocrx_word' id='word_1_246' title='bbox 1739 4994 1752 5032; x_wconf 90' lang='lat'>:</span> 
     </span>
     <span class='ocr_line' id='line_1_48' title="bbox 475 5063 1756 5139; baseline -0.003 -13"><span class='ocrx_word' id='word_1_247' title='bbox 475 5070 776 5126; x_wconf 87' lang='lat' dir='ltr'><strong>Venerunt</strong></span> <span class='ocrx_word' id='word_1_248' title='bbox 801 5083 940 5139; x_wconf 81' lang='lat' dir='ltr'><strong>ergo</strong></span> <span class='ocrx_word' id='word_1_249' title='bbox 975 5064 1084 5121; x_wconf 76' lang='lat' dir='ltr'><strong>viri</strong></span> <span class='ocrx_word' id='word_1_250' title='bbox 1123 5063 1552 5127; x_wconf 79' lang='lat' dir='ltr'><strong>cariathiarim,</strong></span> <span class='ocrx_word' id='word_1_251' title='bbox 1585 5069 1640 5122; x_wconf 91' lang='lat' dir='ltr'><strong>et</strong></span> <span class='ocrx_word' id='word_1_252' title='bbox 1669 5083 1756 5122; x_wconf 89' lang='lat' dir='ltr'><strong>re·</strong></span> 
     </span>
    </p>
   </div>
   <div class='ocr_carea' id='block_1_13' title="bbox 407 5152 1900 5395">
    <p class='ocr_par' dir='ltr' id='par_1_24' title="bbox 407 5152 1900 5395">
     <span class='ocr_line' id='line_1_49' title="bbox 477 5152 1900 5216; baseline -0.002 -1"><span class='ocrx_word' id='word_1_253' title='bbox 477 5159 776 5216; x_wconf 80' lang='lat' dir='ltr'><strong>duxerunt</strong></span> <span class='ocrx_word' id='word_1_254' title='bbox 803 5172 1000 5214; x_wconf 88' lang='lat' dir='ltr'><strong>arcam</strong></span> <span class='ocrx_word' id='word_1_255' title='bbox 1034 5152 1264 5210; x_wconf 89' lang='lat' dir='ltr'><strong>Domini</strong></span> <span class='ocrx_word' id='word_1_256' title='bbox 1273 5196 1752 5210; x_wconf 93' lang='grc'>......</span> <span class='ocrx_word' id='word_1_257' title='bbox 1794 5158 1900 5213; x_wconf 88' lang='grc'><strong>294</strong></span> 
     </span>
     <span class='ocr_line' id='line_1_50' title="bbox 407 5244 1755 5317; baseline -0.004 -12"><span class='ocrx_word' id='word_1_258' title='bbox 407 5248 704 5305; x_wconf 79' lang='lat' dir='ltr'><strong>Articulus</strong></span> <span class='ocrx_word' id='word_1_259' title='bbox 731 5248 841 5302; x_wconf 84' lang='lat' dir='ltr'><strong>XV.</strong></span> <span class='ocrx_word' id='word_1_260' title='bbox 885 5247 960 5302; x_wconf 92' lang='lat' dir='ltr'><strong>De</strong></span> <span class='ocrx_word' id='word_1_261' title='bbox 1010 5244 1255 5317; x_wconf 81' lang='lat' dir='ltr'><strong>mystico</strong></span> <span class='ocrx_word' id='word_1_262' title='bbox 1299 5244 1473 5317; x_wconf 90' lang='lat' dir='ltr'><strong>hujus</strong></span> <span class='ocrx_word' id='word_1_263' title='bbox 1517 5244 1755 5316; x_wconf 85' lang='lat' dir='ltr'><strong>capituli</strong></span> 
     </span>
     <span class='ocr_line' id='line_1_51' title="bbox 478 5335 1900 5395; baseline -0.002 -1"><span class='ocrx_word' id='word_1_264' title='bbox 478 5353 657 5395; x_wconf 86' lang='lat' dir='ltr'><strong>sensu</strong></span> <span class='ocrx_word' id='word_1_265' title='bbox 713 5374 1751 5393; x_wconf 87' lang='grc'><strong>............</strong></span> <span class='ocrx_word' id='word_1_266' title='bbox 1792 5335 1900 5391; x_wconf 90' lang='grc'><strong>297</strong></span> 
     </span>
    </p>
   </div>
   <div class='ocr_carea' id='block_1_14' title="bbox 3374 490 3487 554">
    <p class='ocr_par' dir='ltr' id='par_1_25' title="bbox 3374 490 3487 554">
     <span class='ocr_line' id='line_1_52' title="bbox 3374 490 3487 554; baseline 0 -1"><span class='ocrx_word' id='word_1_267' title='bbox 3374 490 3487 554; x_wconf 84' lang='grc'>781</span> 
     </span>
    </p>
   </div>
   <div class='ocr_carea' id='block_1_15' title="bbox 2001 676 3499 1110">
    <p class='ocr_par' dir='ltr' id='par_1_26' title="bbox 2001 676 3499 1110">
     <span class='ocr_line' id='line_1_53' title="bbox 2001 676 3351 752; baseline -0.003 -16"><span class='ocrx_word' id='word_1_268' title='bbox 2001 677 2289 737; x_wconf 87' lang='lat' dir='ltr'><strong>Articulus</strong></span> <span class='ocrx_word' id='word_1_269' title='bbox 2316 679 2455 734; x_wconf 90' lang='lat' dir='ltr'>XVI.</span> <span class='ocrx_word' id='word_1_270' title='bbox 2486 677 2781 751; x_wconf 80' lang='lat' dir='ltr'><strong>Expositio</strong></span> <span class='ocrx_word' id='word_1_271' title='bbox 2818 676 3083 736; x_wconf 86' lang='lat' dir='ltr'><strong>litteralis</strong></span> <span class='ocrx_word' id='word_1_272' title='bbox 3111 677 3351 752; x_wconf 87' lang='lat' dir='ltr'><strong>capituli</strong></span> 
     </span>
     <span class='ocr_line' id='line_1_54' title="bbox 2071 768 3351 842; baseline -0.002 -15"><span class='ocrx_word' id='word_1_273' title='bbox 2071 769 2256 827; x_wconf 78' lang='lat' dir='ltr'><strong>octavi</strong></span> <span class='ocrx_word' id='word_1_274' title='bbox 2283 769 2555 825; x_wconf 79' lang='lat' dir='ltr'><strong>:Factum</strong></span> <span class='ocrx_word' id='word_1_275' title='bbox 2577 771 2664 826; x_wconf 85' lang='lat' dir='ltr'><strong>est</strong></span> <span class='ocrx_word' id='word_1_276' title='bbox 2690 769 2887 824; x_wconf 89' lang='lat' dir='ltr'><strong>autem</strong></span> <span class='ocrx_word' id='word_1_277' title='bbox 2918 784 3100 842; x_wconf 89' lang='lat' dir='ltr'><strong>quum</strong></span> <span class='ocrx_word' id='word_1_278' title='bbox 3132 768 3351 826; x_wconf 87' lang='lat' dir='ltr'><strong>senuis-</strong></span> 
     </span>
     <span class='ocr_line' id='line_1_55' title="bbox 2073 856 3499 917; baseline -0.003 -1"><span class='ocrx_word' id='word_1_279' title='bbox 2073 863 2160 917; x_wconf 87' lang='lat' dir='ltr'><strong>set</strong></span> <span class='ocrx_word' id='word_1_280' title='bbox 2188 859 2419 916; x_wconf 87' lang='lat' dir='ltr'><strong>Samuel</strong></span> <span class='ocrx_word' id='word_1_281' title='bbox 2498 899 3347 914; x_wconf 93' lang='grc'><strong>..........</strong></span> <span class='ocrx_word' id='word_1_282' title='bbox 3387 856 3499 912; x_wconf 84' lang='grc'><strong>300</strong></span> 
     </span>
     <span class='ocr_line' id='line_1_56' title="bbox 2001 945 3350 1024; baseline -0.004 -18"><span class='ocrx_word' id='word_1_283' title='bbox 2001 949 2297 1006; x_wconf 82' lang='lat' dir='ltr'><strong>Articulus</strong></span> <span class='ocrx_word' id='word_1_284' title='bbox 2315 949 2478 1004; x_wconf 91' lang='lat' dir='ltr'>XVII.</span> <span class='ocrx_word' id='word_1_285' title='bbox 2503 946 2796 1020; x_wconf 84' lang='lat' dir='ltr'><strong>Expositio</strong></span> <span class='ocrx_word' id='word_1_286' title='bbox 2818 946 3082 1024; x_wconf 75' lang='lat' dir='ltr'><strong>lItt-eralis</strong></span> <span class='ocrx_word' id='word_1_287' title='bbox 3111 945 3350 1019; x_wconf 86' lang='lat' dir='ltr'><strong>capituli</strong></span> 
     </span>
     <span class='ocr_line' id='line_1_57' title="bbox 2073 1036 3351 1110; baseline -0.001 -15"><span class='ocrx_word' id='word_1_288' title='bbox 2073 1039 2212 1096; x_wconf 91' lang='lat' dir='ltr'><strong>noni</strong></span> <span class='ocrx_word' id='word_1_289' title='bbox 2246 1055 2259 1095; x_wconf 90' lang='lat'><strong>:</strong></span> <span class='ocrx_word' id='word_1_290' title='bbox 2292 1041 2359 1094; x_wconf 89' lang='lat' dir='ltr'><strong>Et</strong></span> <span class='ocrx_word' id='word_1_291' title='bbox 2388 1042 2512 1096; x_wconf 86' lang='lat' dir='ltr'><strong>erat</strong></span> <span class='ocrx_word' id='word_1_292' title='bbox 2536 1038 2625 1094; x_wconf 78' lang='lat' dir='ltr'><strong>vir</strong></span> <span class='ocrx_word' id='word_1_293' title='bbox 2653 1039 2722 1095; x_wconf 91' lang='lat' dir='ltr'><strong>de</strong></span> <span class='ocrx_word' id='word_1_294' title='bbox 2751 1037 3077 1110; x_wconf 86' lang='lat' dir='ltr'><strong>Benjamin‚</strong></span> <span class='ocrx_word' id='word_1_295' title='bbox 3110 1036 3351 1094; x_wconf 87' lang='lat' dir='ltr'><strong>nomine</strong></span> 
     </span>
    </p>
   </div>
   <div class='ocr_carea' id='block_1_16' title="bbox 1999 1126 3495 1366">
    <p class='ocr_par' dir='ltr' id='par_1_27' title="bbox 1999 1126 3495 1366">
     <span class='ocr_line' id='line_1_58' title="bbox 1999 1126 3495 1289; baseline -0.003 -15"><span class='ocrx_word' id='word_1_296' title='bbox 1999 1128 2621 1274; x_wconf 60' lang='lat' dir='ltr'>..31¹3.1·..·xv·11111‚.</span> <span class='ocrx_word' id='word_1_297' title='bbox 2659 1169 3161 1289; x_wconf 62' lang='lat' dir='ltr'>.·p..·1....1.·1‚.;,·u.3</span> <span class='ocrx_word' id='word_1_298' title='bbox 3197 1169 3352 1288; x_wconf 58' lang='lat'>...12</span> <span class='ocrx_word' id='word_1_299' title='bbox 3388 1126 3495 1183; x_wconf 77' lang='lat'><strong>³⁰⁵</strong></span> 
     </span>
     <span class='ocr_line' id='line_1_59' title="bbox 2070 1306 3489 1366; baseline -0.001 -3"><span class='ocrx_word' id='word_1_300' title='bbox 2070 1307 2178 1364; x_wconf 91' lang='lat' dir='ltr'><strong>tuli</strong></span> <span class='ocrx_word' id='word_1_301' title='bbox 2210 1324 2386 1366; x_wconf 89' lang='lat' dir='ltr'><strong>sensu</strong></span> <span class='ocrx_word' id='word_1_302' title='bbox 2399 1348 3344 1363; x_wconf 92' lang='grc'><strong>...........</strong></span> <span class='ocrx_word' id='word_1_303' title='bbox 3388 1306 3489 1362; x_wconf 90' lang='grc'><strong>311</strong></span> 
     </span>
    </p>
   </div>
   <div class='ocr_carea' id='block_1_17' title="bbox 1999 1395 3502 5406">
    <p class='ocr_par' dir='ltr' id='par_1_28' title="bbox 1999 1395 3502 5406">
     <span class='ocr_line' id='line_1_60' title="bbox 2000 1395 3347 1469; baseline 0 -15"><span class='ocrx_word' id='word_1_304' title='bbox 2000 1398 2297 1456; x_wconf 87' lang='lat' dir='ltr'><strong>Articulus</strong></span> <span class='ocrx_word' id='word_1_305' title='bbox 2325 1399 2461 1455; x_wconf 86' lang='lat' dir='ltr'>XIX.</span> <span class='ocrx_word' id='word_1_306' title='bbox 2494 1396 2788 1469; x_wconf 81' lang='lat' dir='ltr'><strong>Expositio</strong></span> <span class='ocrx_word' id='word_1_307' title='bbox 2818 1396 3054 1469; x_wconf 87' lang='lat' dir='ltr'><strong>capituli</strong></span> <span class='ocrx_word' id='word_1_308' title='bbox 3088 1395 3301 1454; x_wconf 81' lang='lat' dir='ltr'><strong>decimi</strong></span> <span class='ocrx_word' id='word_1_309' title='bbox 3334 1413 3347 1454; x_wconf 77' lang='grc' dir='ltr'><strong><em>ε</em></strong></span> 
     </span>
     <span class='ocr_line' id='line_1_61' title="bbox 2071 1485 3494 1545; baseline 0.001 -3"><span class='ocrx_word' id='word_1_310' title='bbox 2071 1488 2224 1545; x_wconf 86' lang='lat' dir='ltr'><strong>Tulit</strong></span> <span class='ocrx_word' id='word_1_311' title='bbox 2249 1491 2443 1545; x_wconf 89' lang='lat' dir='ltr'><strong>autem</strong></span> <span class='ocrx_word' id='word_1_312' title='bbox 2476 1486 2709 1544; x_wconf 90' lang='lat' dir='ltr'><strong>Samuel</strong></span> <span class='ocrx_word' id='word_1_313' title='bbox 2748 1485 3086 1543; x_wconf 85' lang='lat' dir='ltr'><strong>lenticulam</strong></span> <span class='ocrx_word' id='word_1_314' title='bbox 3126 1486 3255 1544; x_wconf 89' lang='lat' dir='ltr'><strong>olei.</strong></span> <span class='ocrx_word' id='word_1_315' title='bbox 3335 1529 3347 1542; x_wconf 97' lang='lat'>.</span> <span class='ocrx_word' id='word_1_316' title='bbox 3388 1488 3494 1544; x_wconf 88' lang='grc'><strong>312</strong></span> 
     </span>
     <span class='ocr_line' id='line_1_62' title="bbox 2000 1575 3349 1650; baseline 0.001 -18"><span class='ocrx_word' id='word_1_317' title='bbox 2000 1576 2296 1634; x_wconf 82' lang='lat' dir='ltr'><strong>Articulus</strong></span> <span class='ocrx_word' id='word_1_318' title='bbox 2323 1579 2433 1633; x_wconf 89' lang='lat' dir='ltr'><strong>XX.</strong></span> <span class='ocrx_word' id='word_1_319' title='bbox 2468 1577 2545 1633; x_wconf 91' lang='lat' dir='ltr'><strong>De</strong></span> <span class='ocrx_word' id='word_1_320' title='bbox 2574 1575 2862 1649; x_wconf 84' lang='lat' dir='ltr'><strong>spirituali</strong></span> <span class='ocrx_word' id='word_1_321' title='bbox 2900 1576 3075 1650; x_wconf 83' lang='lat' dir='ltr'><strong>hujus</strong></span> <span class='ocrx_word' id='word_1_322' title='bbox 3112 1576 3349 1650; x_wconf 90' lang='lat' dir='ltr'><strong>capituli</strong></span> 
     </span>
     <span class='ocr_line' id='line_1_63' title="bbox 2073 1667 3495 1724; baseline 0.001 -2"><span class='ocrx_word' id='word_1_323' title='bbox 2073 1683 2248 1723; x_wconf 89' lang='lat' dir='ltr'><strong>sensu</strong></span> <span class='ocrx_word' id='word_1_324' title='bbox 2316 1709 3349 1723; x_wconf 92' lang='grc'><strong>............</strong></span> <span class='ocrx_word' id='word_1_325' title='bbox 3389 1667 3495 1724; x_wconf 85' lang='grc'><strong>316</strong></span> 
     </span>
     <span class='ocr_line' id='line_1_64' title="bbox 2001 1756 3353 1830; baseline 0.002 -17"><span class='ocrx_word' id='word_1_326' title='bbox 2001 1756 2297 1813; x_wconf 84' lang='lat' dir='ltr'><strong>Articulus</strong></span> <span class='ocrx_word' id='word_1_327' title='bbox 2333 1759 2469 1814; x_wconf 91' lang='lat' dir='ltr'>XXI.</span> <span class='ocrx_word' id='word_1_328' title='bbox 2501 1756 2845 1829; x_wconf 84' lang='lat' dir='ltr'><strong>Explanatio</strong></span> <span class='ocrx_word' id='word_1_329' title='bbox 2892 1756 3130 1830; x_wconf 88' lang='lat' dir='ltr'><strong>capituli</strong></span> <span class='ocrx_word' id='word_1_330' title='bbox 3169 1759 3353 1816; x_wconf 88' lang='lat' dir='ltr'><strong>unde-</strong></span> 
     </span>
     <span class='ocr_line' id='line_1_65' title="bbox 2073 1845 3355 1910; baseline -0.001 -7"><span class='ocrx_word' id='word_1_331' title='bbox 2073 1846 2211 1903; x_wconf 90' lang='lat' dir='ltr'><strong>cimi</strong></span> <span class='ocrx_word' id='word_1_332' title='bbox 2259 1863 2273 1902; x_wconf 76' lang='grc' dir='ltr'><strong><em>ε</em></strong></span> <span class='ocrx_word' id='word_1_333' title='bbox 2324 1845 2598 1902; x_wconf 82' lang='lat' dir='ltr'><strong>Ascendit</strong></span> <span class='ocrx_word' id='word_1_334' title='bbox 2653 1846 2804 1901; x_wconf 89' lang='lat' dir='ltr'><strong>Naas</strong></span> <span class='ocrx_word' id='word_1_335' title='bbox 2859 1847 3247 1910; x_wconf 78' lang='lat' dir='ltr'><strong>Ammonites,</strong></span> <span class='ocrx_word' id='word_1_336' title='bbox 3297 1850 3355 1905; x_wconf 90' lang='lat' dir='ltr'><strong>et</strong></span> 
     </span>
     <span class='ocr_line' id='line_1_66' title="bbox 2071 1933 3495 2007; baseline 0.001 -16"><span class='ocrx_word' id='word_1_337' title='bbox 2071 1951 2333 2007; x_wconf 81' lang='lat' dir='ltr'><strong>pugnare</strong></span> <span class='ocrx_word' id='word_1_338' title='bbox 2364 1933 2535 2006; x_wconf 85' lang='lat' dir='ltr'><strong>coepit</strong></span> <span class='ocrx_word' id='word_1_339' title='bbox 2592 1975 3347 1991; x_wconf 88' lang='grc'><strong><em>.........</em></strong></span> <span class='ocrx_word' id='word_1_340' title='bbox 3388 1938 3495 1992; x_wconf 89' lang='grc'><strong>318</strong></span> 
     </span>
     <span class='ocr_line' id='line_1_67' title="bbox 1999 2022 3345 2096; baseline 0.001 -17"><span class='ocrx_word' id='word_1_341' title='bbox 1999 2024 2295 2080; x_wconf 79' lang='lat' dir='ltr'><strong>Articulus</strong></span> <span class='ocrx_word' id='word_1_342' title='bbox 2312 2024 2475 2079; x_wconf 90' lang='lat' dir='ltr'>XXII.</span> <span class='ocrx_word' id='word_1_343' title='bbox 2497 2022 2947 2096; x_wconf 88' lang='lat' dir='ltr'><strong>Spiritualizatio</strong></span> <span class='ocrx_word' id='word_1_344' title='bbox 2967 2022 3227 2096; x_wconf 88' lang='lat' dir='ltr'><strong>ejusdem</strong></span> <span class='ocrx_word' id='word_1_345' title='bbox 3257 2041 3345 2081; x_wconf 90' lang='lat' dir='ltr'><strong>ca-</strong></span> 
     </span>
     <span class='ocr_line' id='line_1_68' title="bbox 2071 2113 3492 2186; baseline 0.001 -18"><span class='ocrx_word' id='word_1_346' title='bbox 2071 2113 2241 2186; x_wconf 86' lang='lat' dir='ltr'><strong>pituli</strong></span> <span class='ocrx_word' id='word_1_347' title='bbox 2312 2155 3348 2170; x_wconf 90' lang='grc'><strong>............</strong></span> <span class='ocrx_word' id='word_1_348' title='bbox 3390 2115 3492 2170; x_wconf 86' lang='grc'><strong>321</strong></span> 
     </span>
     <span class='ocr_line' id='line_1_69' title="bbox 2002 2202 3352 2276; baseline 0.001 -17"><span class='ocrx_word' id='word_1_349' title='bbox 2002 2203 2297 2259; x_wconf 86' lang='lat' dir='ltr'><strong>Articulus</strong></span> <span class='ocrx_word' id='word_1_350' title='bbox 2326 2204 2515 2260; x_wconf 87' lang='lat' dir='ltr'>XXIII.</span> <span class='ocrx_word' id='word_1_351' title='bbox 2556 2202 2876 2260; x_wconf 87' lang='lat' dir='ltr'><strong>Declaratio</strong></span> <span class='ocrx_word' id='word_1_352' title='bbox 2924 2202 3159 2276; x_wconf 86' lang='lat' dir='ltr'><strong>capituli</strong></span> <span class='ocrx_word' id='word_1_353' title='bbox 3210 2205 3352 2260; x_wconf 92' lang='lat' dir='ltr'><strong>duo-</strong></span> 
     </span>
     <span class='ocr_line' id='line_1_70' title="bbox 2075 2293 3353 2351; baseline -0.001 -1"><span class='ocrx_word' id='word_1_354' title='bbox 2075 2293 2288 2350; x_wconf 88' lang='lat' dir='ltr'><strong>decimi</strong></span> <span class='ocrx_word' id='word_1_355' title='bbox 2331 2311 2344 2350; x_wconf 91' lang='lat'>:</span> <span class='ocrx_word' id='word_1_356' title='bbox 2385 2293 2542 2349; x_wconf 84' lang='lat' dir='ltr'><strong>Dixit</strong></span> <span class='ocrx_word' id='word_1_357' title='bbox 2588 2296 2784 2350; x_wconf 89' lang='lat' dir='ltr'><strong>autem</strong></span> <span class='ocrx_word' id='word_1_358' title='bbox 2833 2294 3068 2351; x_wconf 88' lang='lat' dir='ltr'><strong>Samuel</strong></span> <span class='ocrx_word' id='word_1_359' title='bbox 3106 2295 3182 2350; x_wconf 87' lang='lat' dir='ltr'><strong>ad</strong></span> <span class='ocrx_word' id='word_1_360' title='bbox 3224 2293 3353 2351; x_wconf 92' lang='lat' dir='ltr'><strong>uni-</strong></span> 
     </span>
     <span class='ocr_line' id='line_1_71' title="bbox 2071 2382 3497 2440; baseline 0.002 -4"><span class='ocrx_word' id='word_1_361' title='bbox 2071 2399 2307 2439; x_wconf 81' lang='lat' dir='ltr'><strong>versum</strong></span> <span class='ocrx_word' id='word_1_362' title='bbox 2337 2382 2511 2440; x_wconf 84' lang='lat' dir='ltr'><strong>Israel</strong></span> <span class='ocrx_word' id='word_1_363' title='bbox 2590 2426 3347 2439; x_wconf 88' lang='grc'><strong>.........</strong></span> <span class='ocrx_word' id='word_1_364' title='bbox 3390 2383 3497 2440; x_wconf 89' lang='grc'><strong>322</strong></span> 
     </span>
     <span class='ocr_line' id='line_1_72' title="bbox 2002 2472 3354 2547; baseline 0.001 -18"><span class='ocrx_word' id='word_1_365' title='bbox 2002 2473 2299 2530; x_wconf 81' lang='lat' dir='ltr'><strong>Articulus</strong></span> <span class='ocrx_word' id='word_1_366' title='bbox 2327 2474 2512 2529; x_wconf 86' lang='lat' dir='ltr'>XXIV.</span> <span class='ocrx_word' id='word_1_367' title='bbox 2554 2473 2633 2530; x_wconf 90' lang='lat' dir='ltr'><strong>De</strong></span> <span class='ocrx_word' id='word_1_368' title='bbox 2680 2473 2924 2547; x_wconf 76' lang='lat' dir='ltr'><strong>mystIca</strong></span> <span class='ocrx_word' id='word_1_369' title='bbox 2967 2472 3354 2547; x_wconf 78' lang='lat' dir='ltr'><strong>intelligentia</strong></span> 
     </span>
     <span class='ocr_line' id='line_1_73' title="bbox 2076 2562 3499 2636; baseline 0.002 -18"><span class='ocrx_word' id='word_1_370' title='bbox 2076 2562 2314 2635; x_wconf 87' lang='lat' dir='ltr'><strong>capituli</strong></span> <span class='ocrx_word' id='word_1_371' title='bbox 2346 2563 2522 2636; x_wconf 85' lang='lat' dir='ltr'><strong>hujus</strong></span> <span class='ocrx_word' id='word_1_372' title='bbox 2600 2605 3351 2618; x_wconf 91' lang='grc'><strong>.........</strong></span> <span class='ocrx_word' id='word_1_373' title='bbox 3391 2565 3499 2620; x_wconf 84' lang='grc'><strong>325</strong></span> 
     </span>
     <span class='ocr_line' id='line_1_74' title="bbox 2004 2651 3355 2724; baseline -0.001 -15"><span class='ocrx_word' id='word_1_374' title='bbox 2004 2652 2299 2709; x_wconf 86' lang='lat' dir='ltr'><strong>Articulus</strong></span> <span class='ocrx_word' id='word_1_375' title='bbox 2336 2653 2494 2708; x_wconf 88' lang='lat' dir='ltr'>XXV.</span> <span class='ocrx_word' id='word_1_376' title='bbox 2540 2651 2863 2709; x_wconf 84' lang='lat' dir='ltr'><strong>Elucidatio</strong></span> <span class='ocrx_word' id='word_1_377' title='bbox 2901 2651 3139 2724; x_wconf 89' lang='lat' dir='ltr'><strong>capituli</strong></span> <span class='ocrx_word' id='word_1_378' title='bbox 3177 2653 3355 2710; x_wconf 84' lang='lat' dir='ltr'><strong>tertii-</strong></span> 
     </span>
     <span class='ocr_line' id='line_1_75' title="bbox 2077 2741 3353 2800; baseline -0.002 0"><span class='ocrx_word' id='word_1_379' title='bbox 2077 2741 2290 2800; x_wconf 84' lang='lat' dir='ltr'><strong>decimi</strong></span> <span class='ocrx_word' id='word_1_380' title='bbox 2336 2759 2351 2798; x_wconf 90' lang='lat'>:</span> <span class='ocrx_word' id='word_1_381' title='bbox 2402 2741 2583 2798; x_wconf 79' lang='lat' dir='ltr'><strong>Filius</strong></span> <span class='ocrx_word' id='word_1_382' title='bbox 2630 2741 2805 2798; x_wconf 89' lang='lat' dir='ltr'><strong>unius</strong></span> <span class='ocrx_word' id='word_1_383' title='bbox 2852 2741 2991 2798; x_wconf 89' lang='lat' dir='ltr'><strong>anni</strong></span> <span class='ocrx_word' id='word_1_384' title='bbox 3044 2745 3170 2799; x_wconf 88' lang='lat' dir='ltr'><strong>erat</strong></span> <span class='ocrx_word' id='word_1_385' title='bbox 3216 2743 3353 2799; x_wconf 86' lang='lat' dir='ltr'><strong>Saul</strong></span> 
     </span>
     <span class='ocr_line' id='line_1_76' title="bbox 2075 2831 3498 2904; baseline 0.001 -15"><span class='ocrx_word' id='word_1_386' title='bbox 2075 2848 2258 2904; x_wconf 89' lang='lat' dir='ltr'><strong>quum</strong></span> <span class='ocrx_word' id='word_1_387' title='bbox 2292 2847 2535 2904; x_wconf 82' lang='lat' dir='ltr'><strong>regnare</strong></span> <span class='ocrx_word' id='word_1_388' title='bbox 2567 2831 2831 2903; x_wconf 85' lang='lat' dir='ltr'><strong>coepisset</strong></span> <span class='ocrx_word' id='word_1_389' title='bbox 2871 2874 3351 2890; x_wconf 93' lang='lat'>......</span> <span class='ocrx_word' id='word_1_390' title='bbox 3392 2834 3498 2890; x_wconf 89' lang='grc'><strong>327</strong></span> 
     </span>
     <span class='ocr_line' id='line_1_77' title="bbox 2004 2919 3356 2995; baseline 0 -17"><span class='ocrx_word' id='word_1_391' title='bbox 2004 2921 2300 2979; x_wconf 83' lang='lat' dir='ltr'><strong>Articulus</strong></span> <span class='ocrx_word' id='word_1_392' title='bbox 2328 2921 2513 2976; x_wconf 90' lang='lat' dir='ltr'>XXVI.</span> <span class='ocrx_word' id='word_1_393' title='bbox 2553 2920 2630 2977; x_wconf 90' lang='lat' dir='ltr'><strong>De</strong></span> <span class='ocrx_word' id='word_1_394' title='bbox 2668 2919 2953 2991; x_wconf 86' lang='lat' dir='ltr'><strong>spirituali</strong></span> <span class='ocrx_word' id='word_1_395' title='bbox 2993 2922 3172 2995; x_wconf 88' lang='lat' dir='ltr'><strong>hujus</strong></span> <span class='ocrx_word' id='word_1_396' title='bbox 3201 2922 3356 2995; x_wconf 89' lang='lat' dir='ltr'><strong>capi-</strong></span> 
     </span>
     <span class='ocr_line' id='line_1_78' title="bbox 2071 3009 3497 3084; baseline 0.004 -17"><span class='ocrx_word' id='word_1_397' title='bbox 2071 3011 2181 3068; x_wconf 89' lang='lat' dir='ltr'><strong>tuli</strong></span> <span class='ocrx_word' id='word_1_398' title='bbox 2212 3009 2599 3084; x_wconf 84' lang='lat' dir='ltr'><strong>intelligentia</strong></span> <span class='ocrx_word' id='word_1_399' title='bbox 2686 3053 3351 3070; x_wconf 90' lang='grc'><strong><em>........</em></strong></span> <span class='ocrx_word' id='word_1_400' title='bbox 3391 3015 3497 3072; x_wconf 89' lang='grc'><strong>332</strong></span> 
     </span>
     <span class='ocr_line' id='line_1_79' title="bbox 2006 3099 3356 3176; baseline 0.003 -19"><span class='ocrx_word' id='word_1_401' title='bbox 2006 3101 2300 3159; x_wconf 76' lang='lat' dir='ltr'><strong>Articulus</strong></span> <span class='ocrx_word' id='word_1_402' title='bbox 2328 3101 2541 3157; x_wconf 83' lang='lat' dir='ltr'>XXVII.</span> <span class='ocrx_word' id='word_1_403' title='bbox 2565 3099 2891 3158; x_wconf 86' lang='lat' dir='ltr'><strong>Elucidatio</strong></span> <span class='ocrx_word' id='word_1_404' title='bbox 2923 3100 3159 3174; x_wconf 88' lang='lat' dir='ltr'><strong>capituli</strong></span> <span class='ocrx_word' id='word_1_405' title='bbox 3184 3120 3356 3176; x_wconf 87' lang='lat' dir='ltr'><strong>quar-</strong></span> 
     </span>
     <span class='ocr_line' id='line_1_80' title="bbox 2074 3190 3501 3263; baseline 0.003 -16"><span class='ocrx_word' id='word_1_406' title='bbox 2074 3191 2336 3248; x_wconf 78' lang='lat' dir='ltr'><strong>tidecImi</strong></span> <span class='ocrx_word' id='word_1_407' title='bbox 2370 3209 2383 3248; x_wconf 75' lang='grc' dir='ltr'>ε</span> <span class='ocrx_word' id='word_1_408' title='bbox 2415 3194 2483 3247; x_wconf 92' lang='lat' dir='ltr'><strong>Et</strong></span> <span class='ocrx_word' id='word_1_409' title='bbox 2511 3190 2725 3248; x_wconf 89' lang='lat' dir='ltr'><strong>accidit</strong></span> <span class='ocrx_word' id='word_1_410' title='bbox 2748 3192 3005 3263; x_wconf 86' lang='lat' dir='ltr'><strong>quadam</strong></span> <span class='ocrx_word' id='word_1_411' title='bbox 3033 3191 3127 3248; x_wconf 89' lang='lat' dir='ltr'><strong>die</strong></span> <span class='ocrx_word' id='word_1_412' title='bbox 3158 3235 3169 3247; x_wconf 89' lang='lat'>.</span> <span class='ocrx_word' id='word_1_413' title='bbox 3248 3236 3262 3248; x_wconf 91' lang='lat'>.</span> <span class='ocrx_word' id='word_1_414' title='bbox 3342 3237 3353 3249; x_wconf 89' lang='lat'>.</span> <span class='ocrx_word' id='word_1_415' title='bbox 3394 3195 3501 3251; x_wconf 88' lang='grc'><strong>334</strong></span> 
     </span>
     <span class='ocr_line' id='line_1_81' title="bbox 2005 3280 3356 3355; baseline 0.001 -18"><span class='ocrx_word' id='word_1_416' title='bbox 2005 3281 2301 3337; x_wconf 83' lang='lat' dir='ltr'><strong>Articulus</strong></span> <span class='ocrx_word' id='word_1_417' title='bbox 2342 3281 2581 3337; x_wconf 90' lang='lat' dir='ltr'>XXVIII.</span> <span class='ocrx_word' id='word_1_418' title='bbox 2635 3282 2711 3337; x_wconf 89' lang='lat' dir='ltr'><strong>De</strong></span> <span class='ocrx_word' id='word_1_419' title='bbox 2760 3280 3047 3353; x_wconf 85' lang='lat' dir='ltr'><strong>spirituali</strong></span> <span class='ocrx_word' id='word_1_420' title='bbox 3094 3282 3356 3355; x_wconf 75' lang='lat' dir='ltr'><strong>eJusdem</strong></span> 
     </span>
     <span class='ocr_line' id='line_1_82' title="bbox 2074 3370 3499 3442; baseline 0.001 -16"><span class='ocrx_word' id='word_1_421' title='bbox 2074 3370 2313 3442; x_wconf 86' lang='lat' dir='ltr'><strong>capituli</strong></span> <span class='ocrx_word' id='word_1_422' title='bbox 2346 3370 2645 3427; x_wconf 86' lang='lat' dir='ltr'><strong>intellectu</strong></span> <span class='ocrx_word' id='word_1_423' title='bbox 2686 3411 3351 3426; x_wconf 91' lang='lat'>........</span> <span class='ocrx_word' id='word_1_424' title='bbox 3392 3372 3499 3429; x_wconf 87' lang='grc'><strong>340</strong></span> 
     </span>
     <span class='ocr_line' id='line_1_83' title="bbox 2003 3458 3357 3532; baseline 0.001 -19"><span class='ocrx_word' id='word_1_425' title='bbox 2003 3458 2299 3515; x_wconf 79' lang='lat' dir='ltr'><strong>Articulus</strong></span> <span class='ocrx_word' id='word_1_426' title='bbox 2325 3459 2509 3514; x_wconf 84' lang='lat' dir='ltr'>XXIX.</span> <span class='ocrx_word' id='word_1_427' title='bbox 2544 3458 2837 3530; x_wconf 84' lang='lat' dir='ltr'><strong>Expositio</strong></span> <span class='ocrx_word' id='word_1_428' title='bbox 2869 3459 3106 3531; x_wconf 87' lang='lat' dir='ltr'><strong>capituli</strong></span> <span class='ocrx_word' id='word_1_429' title='bbox 3140 3459 3357 3532; x_wconf 88' lang='lat' dir='ltr'><strong>quinti·</strong></span> 
     </span>
     <span class='ocr_line' id='line_1_84' title="bbox 2076 3546 3500 3605; baseline 0.002 -3"><span class='ocrx_word' id='word_1_430' title='bbox 2076 3546 2289 3604; x_wconf 88' lang='lat' dir='ltr'><strong>decimi</strong></span> <span class='ocrx_word' id='word_1_431' title='bbox 2322 3562 2335 3603; x_wconf 89' lang='lat'>:</span> <span class='ocrx_word' id='word_1_432' title='bbox 2362 3548 2431 3603; x_wconf 89' lang='lat' dir='ltr'><strong>Et</strong></span> <span class='ocrx_word' id='word_1_433' title='bbox 2459 3546 2607 3603; x_wconf 64' lang='lat' dir='ltr'><strong>dixu</strong></span> <span class='ocrx_word' id='word_1_434' title='bbox 2640 3546 2876 3603; x_wconf 88' lang='lat' dir='ltr'><strong>Samuel</strong></span> <span class='ocrx_word' id='word_1_435' title='bbox 2906 3548 2980 3603; x_wconf 90' lang='lat' dir='ltr'><strong>ad</strong></span> <span class='ocrx_word' id='word_1_436' title='bbox 3010 3547 3165 3605; x_wconf 91' lang='lat' dir='ltr'><strong>Saul.</strong></span> <span class='ocrx_word' id='word_1_437' title='bbox 3247 3591 3258 3603; x_wconf 98' lang='lat'>.</span> <span class='ocrx_word' id='word_1_438' title='bbox 3340 3591 3352 3604; x_wconf 93' lang='lat'>.</span> <span class='ocrx_word' id='word_1_439' title='bbox 3394 3550 3500 3605; x_wconf 89' lang='grc'><strong>343</strong></span> 
     </span>
     <span class='ocr_line' id='line_1_85' title="bbox 2003 3635 3353 3710; baseline 0 -17"><span class='ocrx_word' id='word_1_440' title='bbox 2003 3636 2300 3693; x_wconf 86' lang='lat' dir='ltr'><strong>Articulus</strong></span> <span class='ocrx_word' id='word_1_441' title='bbox 2356 3636 2517 3691; x_wconf 90' lang='lat' dir='ltr'>XXX.</span> <span class='ocrx_word' id='word_1_442' title='bbox 2574 3636 2651 3692; x_wconf 91' lang='lat' dir='ltr'><strong>De</strong></span> <span class='ocrx_word' id='word_1_443' title='bbox 2709 3635 3039 3710; x_wconf 80' lang='lat' dir='ltr'><strong>tropologia</strong></span> <span class='ocrx_word' id='word_1_444' title='bbox 3091 3637 3353 3710; x_wconf 87' lang='lat' dir='ltr'><strong>ejusdem</strong></span> 
     </span>
     <span class='ocr_line' id='line_1_86' title="bbox 2075 3725 3500 3797; baseline 0 -14"><span class='ocrx_word' id='word_1_445' title='bbox 2075 3725 2317 3797; x_wconf 89' lang='lat' dir='ltr'><strong>capituli</strong></span> <span class='ocrx_word' id='word_1_446' title='bbox 2409 3767 3351 3782; x_wconf 93' lang='lat'>...........</span> <span class='ocrx_word' id='word_1_447' title='bbox 3392 3728 3500 3783; x_wconf 87' lang='grc'><strong>349</strong></span> 
     </span>
     <span class='ocr_line' id='line_1_87' title="bbox 2003 3812 3359 3887; baseline 0 -17"><span class='ocrx_word' id='word_1_448' title='bbox 2003 3813 2299 3871; x_wconf 85' lang='lat' dir='ltr'><strong>Articulus</strong></span> <span class='ocrx_word' id='word_1_449' title='bbox 2328 3814 2511 3869; x_wconf 91' lang='lat' dir='ltr'>XXXI.</span> <span class='ocrx_word' id='word_1_450' title='bbox 2543 3812 2868 3869; x_wconf 88' lang='lat' dir='ltr'><strong>Elucidatio</strong></span> <span class='ocrx_word' id='word_1_451' title='bbox 2906 3813 3143 3887; x_wconf 89' lang='lat' dir='ltr'><strong>capituli</strong></span> <span class='ocrx_word' id='word_1_452' title='bbox 3182 3816 3359 3872; x_wconf 86' lang='lat' dir='ltr'><strong>sexti-</strong></span> 
     </span>
     <span class='ocr_line' id='line_1_88' title="bbox 2077 3900 3355 3976; baseline 0.001 -15"><span class='ocrx_word' id='word_1_453' title='bbox 2077 3904 2291 3962; x_wconf 86' lang='lat' dir='ltr'><strong>decimi</strong></span> <span class='ocrx_word' id='word_1_454' title='bbox 2322 3921 2335 3960; x_wconf 74' lang='grc' dir='ltr'><strong><em>ε</em></strong></span> <span class='ocrx_word' id='word_1_455' title='bbox 2367 3903 2635 3976; x_wconf 79' lang='lat' dir='ltr'><strong>DixItque</strong></span> <span class='ocrx_word' id='word_1_456' title='bbox 2673 3900 2959 3959; x_wconf 88' lang='lat' dir='ltr'><strong>Dominus</strong></span> <span class='ocrx_word' id='word_1_457' title='bbox 3002 3904 3075 3959; x_wconf 88' lang='lat' dir='ltr'><strong>ad</strong></span> <span class='ocrx_word' id='word_1_458' title='bbox 3114 3904 3355 3963; x_wconf 81' lang='lat' dir='ltr'><strong>Samue-</strong></span> 
     </span>
     <span class='ocr_line' id='line_1_89' title="bbox 2075 3994 3498 4053; baseline 0.003 -4"><span class='ocrx_word' id='word_1_459' title='bbox 2075 3994 2195 4052; x_wconf 90' lang='lat' dir='ltr'><strong>lem</strong></span> <span class='ocrx_word' id='word_1_460' title='bbox 2221 4035 3348 4051; x_wconf 89' lang='lat'>.............</span> <span class='ocrx_word' id='word_1_461' title='bbox 3392 3996 3498 4053; x_wconf 87' lang='grc'><strong>350</strong></span> 
     </span>
     <span class='ocr_line' id='line_1_90' title="bbox 2003 4083 3355 4158; baseline -0.001 -16"><span class='ocrx_word' id='word_1_462' title='bbox 2003 4084 2301 4142; x_wconf 79' lang='lat' dir='ltr'><strong>Articulus</strong></span> <span class='ocrx_word' id='word_1_463' title='bbox 2347 4083 2557 4139; x_wconf 89' lang='lat' dir='ltr'>XXXII.</span> <span class='ocrx_word' id='word_1_464' title='bbox 2597 4083 2923 4139; x_wconf 84' lang='lat' dir='ltr'><strong>Elucidatio</strong></span> <span class='ocrx_word' id='word_1_465' title='bbox 2961 4083 3199 4156; x_wconf 87' lang='lat' dir='ltr'><strong>capituli</strong></span> <span class='ocrx_word' id='word_1_466' title='bbox 3229 4101 3355 4158; x_wconf 89' lang='lat' dir='ltr'><strong>sep-</strong></span> 
     </span>
     <span class='ocr_line' id='line_1_91' title="bbox 2073 4172 3358 4247; baseline -0.002 -16"><span class='ocrx_word' id='word_1_467' title='bbox 2073 4172 2420 4232; x_wconf 88' lang='lat' dir='ltr'><strong>timidecimi</strong></span> <span class='ocrx_word' id='word_1_468' title='bbox 2464 4190 2476 4227; x_wconf 89' lang='lat'><strong>:</strong></span> <span class='ocrx_word' id='word_1_469' title='bbox 2516 4172 2947 4247; x_wconf 79' lang='lat' dir='ltr'><strong>Congregantes</strong></span> <span class='ocrx_word' id='word_1_470' title='bbox 2988 4176 3183 4231; x_wconf 85' lang='lat' dir='ltr'><strong>autem</strong></span> <span class='ocrx_word' id='word_1_471' title='bbox 3226 4173 3358 4231; x_wconf 89' lang='lat' dir='ltr'><strong>Phi-</strong></span> 
     </span>
     <span class='ocr_line' id='line_1_92' title="bbox 2075 4261 3502 4337; baseline 0.002 -17"><span class='ocrx_word' id='word_1_472' title='bbox 2075 4264 2279 4321; x_wconf 89' lang='lat' dir='ltr'><strong>listiim</strong></span> <span class='ocrx_word' id='word_1_473' title='bbox 2310 4261 2550 4337; x_wconf 75' lang='lat' dir='ltr'><strong>agmina</strong></span> <span class='ocrx_word' id='word_1_474' title='bbox 2578 4279 2687 4319; x_wconf 88' lang='lat' dir='ltr'><strong>sua</strong></span> <span class='ocrx_word' id='word_1_475' title='bbox 2691 4304 3355 4319; x_wconf 86' lang='lat'>........</span> <span class='ocrx_word' id='word_1_476' title='bbox 3396 4266 3502 4323; x_wconf 84' lang='grc'><strong>354</strong></span> 
     </span>
     <span class='ocr_line' id='line_1_93' title="bbox 2006 4352 3353 4426; baseline 0.001 -15"><span class='ocrx_word' id='word_1_477' title='bbox 2006 4354 2299 4411; x_wconf 84' lang='lat' dir='ltr'><strong>Articulus</strong></span> <span class='ocrx_word' id='word_1_478' title='bbox 2355 4353 2593 4409; x_wconf 91' lang='lat' dir='ltr'>XXXIII.</span> <span class='ocrx_word' id='word_1_479' title='bbox 2641 4353 2720 4410; x_wconf 90' lang='lat' dir='ltr'><strong>De</strong></span> <span class='ocrx_word' id='word_1_480' title='bbox 2766 4352 3028 4426; x_wconf 76' lang='lat' dir='ltr'><strong>mysticis</strong></span> <span class='ocrx_word' id='word_1_481' title='bbox 3086 4354 3353 4412; x_wconf 87' lang='lat' dir='ltr'><strong>sensibus</strong></span> 
     </span>
     <span class='ocr_line' id='line_1_94' title="bbox 2075 4442 3501 4516; baseline 0.002 -17"><span class='ocrx_word' id='word_1_482' title='bbox 2075 4443 2340 4516; x_wconf 87' lang='lat' dir='ltr'><strong>ejusdem</strong></span> <span class='ocrx_word' id='word_1_483' title='bbox 2370 4442 2610 4515; x_wconf 88' lang='lat' dir='ltr'><strong>capituli</strong></span> <span class='ocrx_word' id='word_1_484' title='bbox 2690 4485 3353 4501; x_wconf 93' lang='lat'>........</span> <span class='ocrx_word' id='word_1_485' title='bbox 3392 4446 3501 4502; x_wconf 89' lang='grc'><strong>362</strong></span> 
     </span>
     <span class='ocr_line' id='line_1_95' title="bbox 2005 4530 3356 4605; baseline 0.001 -18"><span class='ocrx_word' id='word_1_486' title='bbox 2005 4530 2301 4587; x_wconf 78' lang='lat' dir='ltr'><strong>Articulus</strong></span> <span class='ocrx_word' id='word_1_487' title='bbox 2330 4531 2561 4586; x_wconf 89' lang='lat' dir='ltr'>XXXIV.</span> <span class='ocrx_word' id='word_1_488' title='bbox 2592 4531 2888 4605; x_wconf 83' lang='lat' dir='ltr'><strong>Expositio</strong></span> <span class='ocrx_word' id='word_1_489' title='bbox 2925 4532 3165 4604; x_wconf 87' lang='lat' dir='ltr'><strong>capituli</strong></span> <span class='ocrx_word' id='word_1_490' title='bbox 3203 4537 3356 4589; x_wconf 85' lang='lat' dir='ltr'><strong>octa-</strong></span> 
     </span>
     <span class='ocr_line' id='line_1_96' title="bbox 2075 4619 3357 4693; baseline 0.002 -18"><span class='ocrx_word' id='word_1_491' title='bbox 2075 4619 2347 4677; x_wconf 75' lang='lat' dir='ltr'><strong>videcImi</strong></span> <span class='ocrx_word' id='word_1_492' title='bbox 2393 4635 2409 4676; x_wconf 77' lang='lat' dir='ltr'><strong>t</strong></span> <span class='ocrx_word' id='word_1_493' title='bbox 2447 4621 2517 4676; x_wconf 85' lang='lat' dir='ltr'><strong>Et</strong></span> <span class='ocrx_word' id='word_1_494' title='bbox 2563 4619 2781 4677; x_wconf 85' lang='lat' dir='ltr'><strong>factum</strong></span> <span class='ocrx_word' id='word_1_495' title='bbox 2833 4624 2921 4677; x_wconf 85' lang='lat' dir='ltr'><strong>est</strong></span> <span class='ocrx_word' id='word_1_496' title='bbox 2966 4638 3150 4693; x_wconf 88' lang='lat' dir='ltr'><strong>quum</strong></span> <span class='ocrx_word' id='word_1_497' title='bbox 3199 4638 3357 4677; x_wconf 88' lang='lat' dir='ltr'><strong>com-</strong></span> 
     </span>
     <span class='ocr_line' id='line_1_97' title="bbox 2078 4708 3501 4782; baseline 0.003 -18"><span class='ocrx_word' id='word_1_498' title='bbox 2078 4709 2289 4782; x_wconf 85' lang='lat' dir='ltr'><strong>plesset</strong></span> <span class='ocrx_word' id='word_1_499' title='bbox 2316 4708 2472 4780; x_wconf 85' lang='lat' dir='ltr'><strong>loqui</strong></span> <span class='ocrx_word' id='word_1_500' title='bbox 2503 4711 2576 4766; x_wconf 88' lang='lat' dir='ltr'><strong>ad</strong></span> <span class='ocrx_word' id='word_1_501' title='bbox 2607 4708 2743 4766; x_wconf 89' lang='lat' dir='ltr'><strong>Saul</strong></span> <span class='ocrx_word' id='word_1_502' title='bbox 2786 4751 3353 4766; x_wconf 91' lang='grc'><strong>.......</strong></span> <span class='ocrx_word' id='word_1_503' title='bbox 3394 4712 3501 4769; x_wconf 85' lang='grc'><strong>364</strong></span> 
     </span>
     <span class='ocr_line' id='line_1_98' title="bbox 2004 4796 3353 4872; baseline 0 -17"><span class='ocrx_word' id='word_1_504' title='bbox 2004 4798 2302 4855; x_wconf 82' lang='lat' dir='ltr'><strong>Articulus</strong></span> <span class='ocrx_word' id='word_1_505' title='bbox 2329 4798 2534 4853; x_wconf 85' lang='lat' dir='ltr'>XXXV.</span> <span class='ocrx_word' id='word_1_506' title='bbox 2558 4799 2636 4856; x_wconf 86' lang='lat' dir='ltr'><strong>De</strong></span> <span class='ocrx_word' id='word_1_507' title='bbox 2666 4796 3070 4871; x_wconf 79' lang='lat' dir='ltr'><strong>spiritualitate</strong></span> <span class='ocrx_word' id='word_1_508' title='bbox 3090 4799 3353 4872; x_wconf 87' lang='lat' dir='ltr'><strong>ejusdem</strong></span> 
     </span>
     <span class='ocr_line' id='line_1_99' title="bbox 2078 4886 3501 4959; baseline 0.001 -15"><span class='ocrx_word' id='word_1_509' title='bbox 2078 4886 2316 4959; x_wconf 88' lang='lat' dir='ltr'><strong>capituli</strong></span> <span class='ocrx_word' id='word_1_510' title='bbox 2325 4930 3354 4945; x_wconf 89' lang='grc'><strong>............</strong></span> <span class='ocrx_word' id='word_1_511' title='bbox 3394 4890 3501 4946; x_wconf 87' lang='grc'><strong>367</strong></span> 
     </span>
     <span class='ocr_line' id='line_1_100' title="bbox 2007 4975 3359 5051; baseline 0 -17"><span class='ocrx_word' id='word_1_512' title='bbox 2007 4975 2301 5034; x_wconf 78' lang='lat' dir='ltr'><strong>ArtIculus</strong></span> <span class='ocrx_word' id='word_1_513' title='bbox 2344 4976 2575 5031; x_wconf 85' lang='lat' dir='ltr'>XXXVI.</span> <span class='ocrx_word' id='word_1_514' title='bbox 2606 4977 2929 5034; x_wconf 85' lang='lat' dir='ltr'><strong>Elucidatio</strong></span> <span class='ocrx_word' id='word_1_515' title='bbox 2973 4976 3208 5051; x_wconf 87' lang='lat' dir='ltr'><strong>capituli</strong></span> <span class='ocrx_word' id='word_1_516' title='bbox 3254 4992 3359 5034; x_wconf 90' lang='lat' dir='ltr'><strong>no-</strong></span> 
     </span>
     <span class='ocr_line' id='line_1_101' title="bbox 2077 5064 3357 5125; baseline 0 -2"><span class='ocrx_word' id='word_1_517' title='bbox 2077 5064 2358 5123; x_wconf 88' lang='lat' dir='ltr'><strong>nidecimi</strong></span> <span class='ocrx_word' id='word_1_518' title='bbox 2392 5082 2404 5121; x_wconf 90' lang='lat'>:</span> <span class='ocrx_word' id='word_1_519' title='bbox 2447 5067 2695 5123; x_wconf 88' lang='lat' dir='ltr'><strong>Locutus</strong></span> <span class='ocrx_word' id='word_1_520' title='bbox 2731 5070 2818 5123; x_wconf 88' lang='lat' dir='ltr'><strong>est</strong></span> <span class='ocrx_word' id='word_1_521' title='bbox 2861 5072 3057 5125; x_wconf 87' lang='lat' dir='ltr'><strong>autem</strong></span> <span class='ocrx_word' id='word_1_522' title='bbox 3104 5066 3241 5125; x_wconf 91' lang='lat' dir='ltr'><strong>Saul</strong></span> <span class='ocrx_word' id='word_1_523' title='bbox 3280 5068 3357 5123; x_wconf 88' lang='lat' dir='ltr'><strong>ad</strong></span> 
     </span>
     <span class='ocr_line' id='line_1_102' title="bbox 2077 5154 3500 5214; baseline 0.001 -2"><span class='ocrx_word' id='word_1_524' title='bbox 2077 5156 2364 5212; x_wconf 87' lang='lat' dir='ltr'><strong>Jonathan</strong></span> <span class='ocrx_word' id='word_1_525' title='bbox 2396 5154 2583 5210; x_wconf 82' lang='lat' dir='ltr'><strong>fllium</strong></span> <span class='ocrx_word' id='word_1_526' title='bbox 2624 5172 2798 5211; x_wconf 90' lang='lat' dir='ltr'><strong>suum</strong></span> <span class='ocrx_word' id='word_1_527' title='bbox 2878 5198 3352 5212; x_wconf 91' lang='lat'>......</span> <span class='ocrx_word' id='word_1_528' title='bbox 3392 5158 3500 5214; x_wconf 89' lang='grc'><strong>369</strong></span> 
     </span>
     <span class='ocr_line' id='line_1_103' title="bbox 2008 5243 3357 5317; baseline 0 -15"><span class='ocrx_word' id='word_1_529' title='bbox 2008 5244 2303 5302; x_wconf 84' lang='lat' dir='ltr'><strong>Articulus</strong></span> <span class='ocrx_word' id='word_1_530' title='bbox 2332 5244 2590 5298; x_wconf 89' lang='lat' dir='ltr'>XXXVII.</span> <span class='ocrx_word' id='word_1_531' title='bbox 2616 5243 2911 5315; x_wconf 84' lang='lat' dir='ltr'><strong>Expositio</strong></span> <span class='ocrx_word' id='word_1_532' title='bbox 2940 5245 3176 5317; x_wconf 85' lang='lat' dir='ltr'><strong>capituli</strong></span> <span class='ocrx_word' id='word_1_533' title='bbox 3206 5246 3357 5304; x_wconf 80' lang='lat' dir='ltr'><strong>vice-</strong></span> 
     </span>
     <span class='ocr_line' id='line_1_104' title="bbox 2077 5332 3498 5406; baseline 0.003 -17"><span class='ocrx_word' id='word_1_534' title='bbox 2077 5332 2215 5390; x_wconf 83' lang='lat' dir='ltr'><strong>sImi</strong></span> <span class='ocrx_word' id='word_1_535' title='bbox 2248 5350 2262 5389; x_wconf 77' lang='lat' dir='ltr'><strong><em>z</em></strong></span> <span class='ocrx_word' id='word_1_536' title='bbox 2293 5332 2467 5406; x_wconf 78' lang='lat' dir='ltr'><strong>Fugit</strong></span> <span class='ocrx_word' id='word_1_537' title='bbox 2493 5336 2691 5391; x_wconf 88' lang='lat' dir='ltr'><strong>autem</strong></span> <span class='ocrx_word' id='word_1_538' title='bbox 2723 5332 2901 5390; x_wconf 81' lang='lat' dir='ltr'><strong>David</strong></span> <span class='ocrx_word' id='word_1_539' title='bbox 2931 5335 3001 5391; x_wconf 90' lang='lat' dir='ltr'><strong>de</strong></span> <span class='ocrx_word' id='word_1_540' title='bbox 3026 5332 3257 5391; x_wconf 87' lang='lat' dir='ltr'><strong>Naioth.</strong></span> <span class='ocrx_word' id='word_1_541' title='bbox 3338 5378 3351 5391; x_wconf 90' lang='lat'>.</span> <span class='ocrx_word' id='word_1_542' title='bbox 3388 5336 3498 5393; x_wconf 88' lang='grc'><strong>372</strong></span> 
     </span>
    </p>
   </div>
  </div>
 </body>
</html>
