4359 6250
615 2388 752 2432 Joaeue
768 2401 798 2437 ι,
813 2388 855 2430 4.

877 497 956 558 54

1719 515 2065 562 nummulo
2107 517 2168 561 m
2213 516 2348 562 CAP-
2396 515 2461 561 11
2500 516 2699 562 Josuss.
2745 535 2826 545 —
2866 515 3008 561 Am.
3056 515 3161 561 xvi

1965 922 2613 1012 ARTICULUS
2693 924 2893 1010 XVI

1559 1201 1941 1247 EXPLANATIO
1993 1199 2268 1245 currum
2320 1198 2463 1244 NON!
2507 1199 2521 1242 :
2570 1199 2783 1253 Qmssus
2832 1201 3099 1260 Anulus,
3154 1201 3284 1246 Ere.

2482 1593 2595 1637 nes
2626 1574 2817 1656 positi
2850 1584 3050 1651 erant,
3086 1579 3295 1638 asinis
3327 1581 3746 1657 imponentes,
3778 1581 3843 1644 id
3873 1591 3969 1645 est

885 1479 1160 1680 QUID
1188 1484 1456 1546 duarum
1481 1481 1734 1544 urbium
1769 1480 2178 1563 praefatarum
2203 1497 2369 1541 eom·
2399 1474 2450 1536 Α
2479 1478 2605 1535 sibi
2641 1479 2914 1548 cibaria,
2947 1498 3155 1538 saccos
3196 1490 3450 1553 veteres,
3484 1465 3551 1544 in
3589 1482 3825 1564 quibus
3864 1504 3970 1566 pa·

1041 1581 1403 1646 bustionem
1437 1589 1722 1644 secutum
1757 1579 1860 1660 sit,
1891 1579 2201 1641 subditur.
2221 1579 2370 1648 Qui-

879 1684 992 1742 bus
1021 1683 1295 1752 auditis,
1312 1680 1584 1761 qualiter
1607 1679 1852 1744 scilieet
1879 1677 2130 1742 Jericho
2161 1685 2225 1740 et
2255 1676 2369 1740 Hai

881 1780 1009 1842 sint
1027 1788 1307 1857 vastatae,
1341 1783 1559 1840 cuncti
1591 1800 1763 1856 reyes
1795 1790 1973 1840 trans
1990 1782 2368 1848 Iordanem,

880 1886 1053 1939 trans
1074 1894 1263 1958 quem
1297 1875 1490 1939 etiam
1522 1875 1645 1937 filii
1669 1875 1856 1938 Israel
1889 1892 2060 1938 nunc
2085 1873 2364 1948 fuerunt,

879 1979 995 2056 qui
1017 1978 1453 2045 versabantur,
1467 1975 1532 2037 id
1553 1984 1648 2037 est
1671 1974 2092 2048 morabantur,
2106 1976 2174 2034 in
2200 1993 2371 2034 mon·

883 2076 1055 2135 tanis
1082 2083 1143 2134 et
1179 2073 1245 2134 in
1279 2075 1759 2151 campestribus,
1782 2075 1855 2132 in
1894 2075 2271 2142 maritimis,
2305 2071 2370 2132 id

881 2181 978 2235 est
1009 2172 1165 2235 locis
1195 2180 1257 2234 et
1287 2171 1555 2234 urbibus
1584 2171 1752 2234 eirca
1783 2190 1956 2233 mare
1985 2171 2370 2234 Genesareth

884 2280 946 2334 et
975 2290 1148 2333 mare
1178 2271 1511 2346 Mortuum,
1536 2291 1611 2330 ac
1643 2273 1854 2331 littore
1879 2271 2082 2330 maris
2112 2271 2371 2346 Mayni,

2481 1683 2985 1755 superponentes
3017 1676 3094 1737 ad
3128 1679 3507 1757 portandum
3540 1677 3605 1741 in
3636 1679 3760 1757 via,
3782 1681 3967 1762 quasi

2482 1772 2688 1854 primo
2737 1773 3137 1855 accepissent
3187 1783 3315 1837 tam
3362 1777 3597 1842 multos
3645 1799 3841 1861 panes
3885 1781 3970 1844 ob

2482 1870 2945 1950 longitudinem
2997 1873 3137 1949 vise,
3172 1874 3342 1955 quod
3395 1895 3502 1939 eos
3554 1879 3971 1959 personaliter

2481 1979 2734 2051 portare
2768 1989 2896 2033 non
2942 1972 3341 2052 potuissent3
3378 1985 3438 2036 et
3476 1987 3649 2037 utres
3680 1980 3971 2040 vinarios

2480 2070 2700 2128 scissos
2728 2079 2919 2148 atque
2938 2081 3227 2132 consutos
3258 2093 3281 2131 .·
3312 2073 3465 2155 quia
3500 2074 3579 2137 de
3610 2075 3785 2138 corio
3817 2074 3968 2140 facti

2483 2175 2683 2243 erant,
2728 2177 2790 2229 et
2830 2169 3011 2249 quasi
3048 2171 3342 2251 repetiati
3370 2196 3385 2246 ς
3418 2178 3971 2257 calceamentaque

2480 2269 2898 2346 perantiqua,
2930 2289 3073 2347 quw
3118 2273 3205 2330 ad
3248 2270 3575 2334 indicium
3616 2279 3967 2347 vetustatis,

885 2377 1039 2452 puta
1076 2369 1512 2431 Mediterranei
1547 2389 1561 2433 ε
1598 2370 1678 2431 de
1707 2368 1942 2450 quibus
1977 2367 2284 2444 maribus,
2310 2374 2373 2430 et
2476 2367 2771 2441 pittaciis
2810 2377 3073 2427 consuta
3103 2379 3317 2439 erant,
3350 2369 3411 2432 id
3445 2380 3543 2433 est
3586 2372 3801 2454 parvis
3842 2374 3973 2436 fru-

885 2486 1000 2530 eur
1047 2467 1134 2529 ita
1185 2467 1618 2544 nominentur,
1653 2466 1892 2529 dictum
1933 2474 2030 2528 est
2079 2465 2145 2527 in
2193 2484 2374 2546 supe-

884 2565 1124 2630 riorum
1175 2565 1654 2648 explanatione3
1696 2567 1769 2626 hi
1805 2585 2054 2645 quoque
2094 2567 2213 2643 qui
2260 2568 2373 2625 ka-

2484 2463 2599 2526 stis
2634 2464 2790 2527 corii
2824 2473 3152 2546 reparata3
3188 2469 3411 2528 induci
3444 2473 3755 2531 veteribus
3788 2475 3973 2533 vesti-

2484 2566 2715 2623 mentis
2734 2587 2761 2635 ,·
2782 2583 2984 2640 panes
3028 2586 3275 2646 quoque
3318 2587 3475 2646 quos
3506 2572 3855 2646 portabant
3898 2575 3971 2632 ob

883 2667 1174 2726 bitabant
1200 2665 1410 2742 juxta
1440 2666 1792 2735 Libanum,
1835 2663 1902 2726 id
1941 2672 2038 2726 est
2089 2671 2370 2727 montem
2410 2664 2455 2725 B
2484 2662 2828 2732 viaticum,
2848 2665 3009 2722 duri
3036 2674 3249 2734 erant,
3279 2674 3339 2725 et
3370 2667 3441 2726 in
3471 2667 3689 2743 frusta
3718 2673 3973 2730 commi-

882 2761 1108 2826 Libani
1146 2779 1159 2822 :
1205 2762 1448 2825 scilicet
1487 2765 1789 2825 Hechoeus
1826 2774 1885 2825 et
1929 2765 2370 2832 Amorrhaeas,

886 2865 1316 2932 chananaeus,
1348 2865 1730 2924 Pherezoeus
1773 2872 1832 2922 et
1875 2865 2149 2923 Heva’us
2191 2872 2250 2922 et
2276 2865 2374 2923 Je-

884 2962 1153 3033 busoeus,
1198 2959 1264 3021 id
1303 2967 1400 3023 est
1440 2968 1659 3040 gentes
1709 2958 1800 3022 sic
1840 2959 2195 3042 appellatae,
2229 2981 2373 3021 eon-

878 3061 1136 3139 9re9ati
1162 3069 1314 3120 sunt
1336 3061 1616 3137 pariter,
1645 3069 1719 3120 at
1745 3070 2119 3139 puqnarent
2147 3070 2373 3120 eontra

882 3164 1072 3222 Josue
1104 3169 1165 3219 ec
1199 3162 1406 3220 Israel
1435 3180 1564 3220 uno
1605 3162 1826 3220 animo
1864 3163 2209 3239 eademque
2235 3180 2375 3220 sen-

889 3260 1110 3319 tentia.
1145 3256 1703 3320 concordaverunt
1746 3277 2022 3340 namque
2067 3258 2131 3320 in
2177 3258 2369 3335 malo,

890 3364 1144 3437 tamque
1173 3356 1466 3419 excaecati
1491 3364 1554 3418 et
1585 3355 1862 3418 indurati
1896 3356 2175 3433 fuerunt,
2202 3358 2373 3438 quod

885 3473 962 3517 ex
1011 3462 1105 3517 tot
1154 3453 1557 3516 mirabilibus
1604 3454 1733 3535 iam
1784 3453 2193 3536 praeseriptiS,
2244 3474 2372 3519 non

887 3552 1149 3616 suerunt
1200 3552 1279 3614 ad
1321 3551 1518 3615 fidem
1569 3560 1632 3615 et
1681 3552 1974 3615 timorem
2025 3553 2133 3616 Dei
2185 3554 2373 3617 Israel

885 3652 1064 3715 moti.
1099 3652 1404 3714 Praeterea
1435 3650 1564 3713 illis
1597 3652 1684 3713 ita
1715 3670 1782 3713 se
1813 3653 2368 3731 congregantibuS‚

885 3758 1133 3831 gestum
1173 3756 1271 3813 est
1309 3750 1478 3830 quod
1522 3749 1836 3812 subditur.

2483 2762 2655 2820 nati.
2690 2764 3255 2842 Pet-rexeruntque
3297 2767 3385 2824 ad
3427 2768 3617 2826 Josue
3658 2770 3775 2846 qui
3821 2778 3973 2829 cunc

2484 2860 2860 2919 morabatur
2891 2862 2963 2920 in
2994 2863 3223 2921 castris
3249 2864 3563 2939 Galyaloe,
3582 2874 3641 2924 et
3660 2867 3971 2929 dioeerunt

2480 2957 2543 3015 ei
2562 2977 2585 3015 .·
2608 2960 2700 3017 De
2742 2968 2913 3018 terra
2946 2961 3303 3039 longinqua
3333 2963 3651 3024 venimus
3685 2963 3814 3026 Hoc
3850 2963 3973 3028 suit

2484 3055 2884 3119 mendacium
2935 3055 3305 3120 officiosum
3350 3067 3413 3121 et
3454 3059 3704 3125 veniale
3752 3081 3973 3145 pecca-

2485 3162 2641 3216 tum.
2657 3159 2893 3217 Pacem
2918 3159 3235 3219 vobiscum
3254 3160 3466 3236 facere
3486 3162 3829 3238 cupientes.
3844 3164 3973 3229 Hoc

2484 3270 2707 3314 verum
2739 3261 2888 3315 erat.

2561 3355 3178 3433 Responderuncque
3210 3356 3343 3415 viri
3372 3360 3577 3417 Israel
3604 3361 3694 3418 ad
3721 3380 3841 3431 eos,
3877 3374 3973 3424 at-

2483 3468 2604 3527 que
2624 3452 2963 3523 dioeerant,
2987 3450 3233 3514 scilicet
3263 3452 3659 3533 superiores:
3682 3456 3778 3517 Ne
3806 3456 3975 3532 forte

2486 3548 2560 3607 in
2604 3556 2776 3608 terra
2817 3569 2961 3627 quae
2998 3552 3178 3610 nobis
3207 3561 3371 3612 sorte
3410 3554 3697 3622 debetur,
3727 3556 3973 3615 habite-

2488 3649 2603 3707 tis:
2618 3646 2679 3708 id
2702 3648 3172 3724 est‚videndum
3204 3658 3321 3727 est,
3336 3659 3529 3731 atque
3560 3650 3967 3734 inquirimuS,

2482 3764 2565 3807 an
2599 3763 2679 3808 ne
2711 3745 2851 3808 sitis
2885 3747 2963 3809 de
3004 3746 3323 3812 territorio
3366 3748 3551 3812 nobis
3583 3750 3896 3831 promisso
3934 3771 3975 3815 a

965 3851 1054 3909 At
1104 3849 1176 3907 Izi
1225 3851 1344 3928 qui
1392 3850 1768 3909 habitabant
1812 3850 1884 3909 in
1935 3846 2225 3918 Gabaon,
2264 3871 2374 3909 au·
2408 3847 2453 3910 C
2484 3844 2752 3908 Domino
2782 3845 2909 3907 Deo
2954 3853 3193 3922 nostro,
3226 3856 3287 3907 et
3318 3868 3447 3909 non
3470 3851 3787 3925 possimus
3832 3850 3972 3913 sine

884 3950 1131 4008 dientes
1173 3942 1407 4007 cuncta
1444 3968 1586 4027 quw
1625 3947 1864 4023 fecerat
1904 3951 2093 4008 Josue
2119 3949 2372 4008 Iericho

877 4058 945 4108 *et
986 4048 1124 4107 Hai
1154 4065 1177 4106 .·
1208 4046 1380 4107 unde
1410 4045 1662 4108 videtur
1689 4045 1860 4126 quod
1903 4047 2211 4128 quosdam
2258 4046 2377 4107 mi-

887 4152 1106 4208 serunt
1137 4144 1387 4208 occulte
1429 4145 1508 4206 ad
1548 4144 2006 4226 explorandum
2047 4145 2205 4227 quid
2249 4144 2372 4207 filii

885 4243 1071 4305 Israel
1123 4251 1404 4323 agerent,
1458 4250 1520 4306 et
1571 4243 1844 4325 qualiter
1903 4245 2369 4327 praevalerent3

885 4343 1146 4411 callide,
1196 4340 1263 4403 id
1313 4349 1409 4403 est
1453 4341 1760 4423 sagaciter
1810 4342 2069 4422 quidem
2115 4362 2230 4425 pro
2280 4362 2370 4420 se,

888 4447 1097 4503 tamen
1129 4438 1494 4521 aliqualiter
1528 4439 1746 4503 dolose
1785 4448 2095 4520 quantum
2137 4442 2217 4504 ad
2259 4442 2373 4504 He-

885 4537 1109 4614 braeoe,
1163 4542 1509 4616 eoyicances
1559 4546 1622 4601 et
1679 4538 1846 4600 inter
1907 4556 1973 4601 sc
2031 4538 2369 4603 conferen-

887 4644 1001 4714 teS‚
1036 4636 1309 4717 qualiter
1351 4635 1692 4699 imminens
1722 4636 2080 4717 periculum
2113 4648 2373 4719 possent

882 4735 1173 4799 evadere.
1207 4735 1334 4798 Nec
1365 4735 1566 4797 solum
1606 4734 1994 4811 Gabaonitae‚
2029 4737 2138 4799 sed
2171 4745 2233 4799 et
2263 4737 2373 4799 ha-

881 4833 1185 4896 bitatores
1235 4833 1432 4894 trium
1491 4833 1744 4895 urbium
1796 4834 1889 4896 eis
1940 4834 2366 4915 subjectarum

882 4951 1024 5013 quae
1048 4929 1217 4993 infra
1239 4929 1700 5013 exprimuntur,
1716 4932 1884 4993 istud
1906 4932 2363 5012 cogitaverunt,

2486 3952 2744 4023 peccato
2792 3945 3030 4021 foedus,
3075 3944 3140 4006 id
3192 3953 3289 4007 est
3340 3945 3515 4028 pacis
3564 3955 3626 4009 et
3672 3948 3973 4012 amicitiae

2482 4042 2997 4119 conventionem,
3034 4046 3209 4103 inire
3248 4047 3591 4107 vobisc-uin.
3640 4046 3707 4109 In
3748 4048 3973 4111 Deute-

2484 4140 2773 4203 ronomio
2814 4159 3089 4224 namque
3138 4140 3511 4224 frequenter
3554 4144 3648 4207 eis
3688 4145 3973 4227 prohibi-

2484 4248 2615 4302 tum
2654 4239 2794 4317 fuit,
2812 4260 2953 4303 cum
2979 4240 3439 4304 habitatoribus
3475 4250 3654 4307 terrae
3673 4244 3969 4308 Chanaan

2484 4348 2657 4401 trans
2698 4340 3034 4403 Iordanem
3086 4340 3292 4403 l'oedus
3338 4340 3523 4419 inire,
3556 4352 3619 4405 et
3666 4342 3785 4407 hoc
3829 4362 3970 4426 pro-

2484 4446 2624 4518 pter
2671 4438 2934 4500 nimiam
2986 4438 3486 4502 Chananaeorum
3537 4440 3791 4504 illorum
3842 4436 4023 4505 ma-9·

2485 4536 2860 4615 lignitatem,
2895 4545 2957 4599 ct
2998 4556 3077 4600 ne
3123 4538 3286 4599 inter
3334 4536 3508 4602 filios
3552 4540 3740 4603 lsrael
3784 4541 3969 4604 habi·

2484 4635 2698 4712 tando,
2731 4636 3065 4699 allicerent
3093 4654 3201 4699 eos
3251 4638 3329 4699 ad
3364 4655 3625 4701 suorum
3655 4640 3967 4703 culturam

2483 4734 2768 4795 deorum.
2788 4738 2876 4795 At
2906 4737 3017 4795 illi
3036 4740 3123 4797 ad
3140 4740 3327 4798 Josue
3362 4744 3660 4817 tanquam
3692 4739 3771 4800 ad
3792 4740 3968 4821 prin-

2482 4832 2713 4914 cipem,
2769 4837 2983 4905 Servi,
3042 4838 3385 4914 inquiunt,
3446 4839 3548 4897 tui
3604 4858 3849 4911 sumu-3,
3905 4838 3969 4902 id

2481 4939 2598 5007 est,
2636 4949 2751 4993 nos
2800 4932 2971 5013 ipsos
3013 4942 3241 5015 sponte
3286 4933 3665 5016 subjicimus
3707 4944 3816 4998 tuo
3862 4937 3970 5000 do-

882 5030 1232 5092 secundum
1284 5028 1459 5111 quod
1514 5027 1683 5091 infra
1733 5030 1797 5091 in
1849 5037 2023 5091 textu
2072 5030 2364 5093 habetur.
2400 5032 2450 5093 D
2482 5030 2704 5093 minio.
2754 5034 2996 5100 Quibus
3024 5036 3214 5094 Josue
3242 5035 3420 5093 dia-it
3450 5051 3475 5093 :
3508 5037 3789 5103 Quinam
3820 5039 3969 5097 estis

879 5128 1056 5191 Unde
1107 5127 1382 5202 elicitur,
1419 5126 1586 5207 quod
1635 5137 1942 5191 venerunt
1987 5129 2066 5190 ad
2111 5128 2366 5192 Gabaon

882 5235 1181 5308 tanquam
1213 5226 1294 5287 ad
1326 5244 1504 5286 suam
1551 5226 1976 5308 metropolim,
2022 5228 2101 5290 ad
2135 5228 2369 5292 haben-

877 5328 1027 5389 dum
1074 5323 1412 5388 consilium
1459 5323 1536 5386 de
1571 5322 1687 5385 ista
1726 5326 2009 5389 materia.
2052 5331 2367 5389 Tulerunc

2482 5133 2639 5190 vos?
2685 5142 2800 5190 auc
2848 5134 3020 5191 unde
3064 5134 3378 5191 venistis?
3410 5136 3903 5211 Responderunt
3944 5156 3968 5197 .·

2480 5233 2572 5289 De
2606 5239 2778 5290 terra
2820 5231 3176 5308 longinqua
3222 5234 3410 5291 valde
3442 5242 3754 5293 venerunt
3794 5237 3971 5293 servi

2483 5329 2581 5388 tevai
2612 5330 2684 5389 in
2719 5331 2975 5390 nomine
3012 5331 3281 5391 Domini
3320 5332 3443 5391 Dei‘
3488 5332 3610 5401 tui,
3652 5330 3717 5393 id
3756 5341 3851 5394 est
3897 5332 3966 5395 in
