4359 6250
1000 525 1345 572 manaa-rio
1388 525 1451 572 m
1492 526 1628 571 car.
1676 525 1742 570 ιιι
1784 527 1942 571 mam
1987 527 2238 572 sscusm
2277 528 2502 574 nasum.
2548 547 2628 558 -
2669 527 2812 574 aar.
2859 529 2920 574 v1
3379 509 3496 571 453

390 695 678 758 consilio
737 704 802 758 et
849 697 1089 761 auxilio
1138 697 1457 781 praecipue
1508 697 1894 778 indigebam.
1932 698 1981 759 A
2011 697 2103 761 eis
2135 699 2574 781 gratiam,qua
2597 701 2688 762 sic
2721 708 2947 782 sponte
2973 719 3042 762 se
3070 698 3368 781 puniunt,
3386 708 3498 761 aut

390 795 520 859 Pro
550 795 851 874 delicato,
876 798 944 860 in
972 798 1233 862 Hebraeo
1264 798 1533 860 habetur
1552 799 1651 877 (ut
1672 797 1899 878 fertur)

388 903 605 974 tener,
641 903 707 960 et
748 916 973 959 sensus
1007 895 1171 959 redit
1215 897 1280 958 in
1315 897 1505 959 idem.
1541 897 1693 959 Nam
1734 897 1900 959 sicut

390 994 623 1076 planta
653 1003 943 1058 recenter
980 1004 1165 1057 terrae
1198 994 1457 1072 inserta,
1495 995 1740 1076 indiget
1784 1015 1900 1057 nu-

392 1093 749 1169 trimento;
785 1094 877 1156 sic
909 1094 1105 1156 David
1148 1093 1395 1157 noviter
1440 1110 1705 1172 regnare
1744 1093 1901 1155 inci-

392 1191 609 1273 pjenS,
638 1191 916 1271 indiguit
943 1191 1231 1254 subsidio
1256 1191 1489 1268 Abner,
1511 1191 1621 1273 qui
1654 1200 1901 1275 poterat

390 1297 605 1351 totum
639 1289 951 1371 populum
984 1290 1062 1351 ad
1094 1289 1291 1353 David
1336 1289 1658 1352 reducere.
1692 1293 1901 1352 Porro

392 1388 537 1447 viri
574 1389 691 1448 isti
728 1389 865 1464 filii
906 1389 1163 1450 Sarvioe
1204 1391 1366 1448 duri
1404 1398 1556 1450 sun-t
1600 1391 1791 1459 mihi,
1835 1389 1899 1451 id

388 1492 516 1560 est,
564 1483 935 1566 frequenter
974 1503 1079 1548 me
1116 1493 1385 1565 gravant
1426 1493 1489 1548 et
1532 1504 1757 1566 parum
1798 1505 1900 1550 me

388 1591 646 1660 curant,
682 1584 835 1645 dum
866 1583 1050 1647 aliter
1080 1583 1175 1646 eis
1206 1583 1479 1660 videtur,
1504 1592 1567 1647 et
1600 1603 1897 1665 magnum

388 1683 703 1744 damnum
727 1681 888 1744 mihi
909 1682 1042 1763 jam
1065 1681 1440 1759 intulerunt,
1467 1683 1776 1764 privando
1798 1703 1899 1746 me

394 1781 567 1842 tanti·
600 1779 721 1845 viri
759 1781 1021 1845 auxilio.
1056 1784 1401 1844 Retribuat
1439 1784 1755 1843 Dominus
1796 1784 1898 1860 fa-

388 1881 597 1940 cienti
646 1884 901 1941 malum
934 1883 1144 1958 Juxta
1193 1882 1524 1942 malitiam
1570 1900 1783 1951 suam,
1832 1881 1895 1943 id
1934 1879 2276 1943 Bcrimine
2297 1880 2441 1956 isto,
2459 1889 2678 1961 postea
2699 1879 3019 1943 Salomoni
3046 1877 3368 1942 commisit
3387 1897 3496 1942 rex
3551 1897 3787 1954 niueam.

389 1985 513 2053 est,
548 1978 719 2058 juste
748 1998 823 2041 ac
852 1979 1067 2042 debite
1108 1979 1335 2062 puniat
1374 1987 1892 2060 transgressoreS,

390 2076 753 2156 praesertim
786 2077 855 2139 in
887 2077 1021 2140 vita
1050 2077 1193 2154 hac,
1218 2097 1299 2140 ne
1330 2085 1594 2159 pereant
1622 2078 1689 2139 in
1721 2086 1897 2141 aeter-

392 2192 578 2235 num.
616 2174 843 2238 Divina
876 2195 1155 2258 namque
1196 2176 1444 2257 justitia
1475 2176 1721 2239 nullum
1766 2196 1898 2238 ma-

394 2273 533 2335 lum
567 2273 805 2337 deserit
824 2275 1237 2358 impunitum,
1262 2275 1443 2356 juxta
1462 2275 1621 2336 illud
1654 2275 1720 2336 in
1740 2275 1891 2338 Job:

83 2381 357 2434 lubun-1³2-
394 2373 565 2435 Deus
612 2372 890 2435 inultum
934 2373 1113 2437 abire
1152 2392 1279 2437 non
1331 2373 1593 2455 patitur.
1630 2374 1783 2437 Nam
1834 2383 1897 2437 et

389 2470 505 2552 qui
542 2471 879 2553 poenitent‚
916 2471 1196 2553 puniunt
1226 2470 1602 2554 semetipsos
1632 2490 1747 2534 suo
1770 2490 1897 2552 poe-

390 2569 719 2631 nitentiali
771 2570 990 2632 dolore
1038 2589 1111 2633 ac
1158 2569 1370 2652 operis
1420 2569 1891 2648 satisfactione,

388 2667 617 2749 sicque
650 2669 815 2732 Deus
846 2669 1032 2750 punit
1060 2687 1169 2733 eos
1202 2687 1315 2751 per
1356 2689 1423 2732 se
1456 2669 1651 2750 ipSOS,
1684 2669 1895 2732 dando

2010 797 2225 880 puniri
2259 797 2504 860 faciunt
2535 817 2646 861 seu
2679 799 3078 881 permittunt.

2088 897 2230 958 Haec
2280 897 2473 959 verba
2513 897 2780 980 protulit
2817 897 3019 960 David
3055 897 3189 960 zelo
3235 895 3498 976 justitiae

2008 1003 2230 1058 contra
2259 995 2412 1057 Joab
2443 1004 2505 1057 et
2536 1014 2705 1072 sum,
2741 995 2924 1077 quasi
2956 995 3162 1058 dicat:
3197 993 3496 1069 Quamvis

2008 1112 2126 1174 ego
2158 1112 2274 1175 pro
2305 1113 2476 1156 nunc
2507 1112 2635 1156 non
2658 1094 2902 1158 valeam
2933 1112 3042 1157 eos
3073 1093 3303 1176 punire
3332 1093 3498 1155 sicut

2011 1202 2520 1275 promeruerunt,
2547 1191 2698 1274 quia
2729 1201 3020 1275 potentes
3051 1199 3219 1267 sunt,
3245 1199 3310 1253 et
3339 1191 3498 1252 mul-

2011 1299 2136 1352 tam
2189 1309 2262 1352 ac
2307 1309 2598 1371 magnam
2643 1291 3082 1354 adsistentiam
3133 1290 3388 1365 habent,
3435 1297 3499 1352 et

2010 1407 2214 1452 novus
2248 1409 2389 1451 sum
2411 1409 2540 1466 rex,
2566 1408 2758 1470 unam
2787 1390 3228 1452 tantummodo
3259 1387 3497 1449 tribum

2011 1488 2254 1550 habens
2287 1487 2445 1548 mihi
2475 1487 2849 1568 subjectam,
2887 1494 3098 1549 tamen
3129 1504 3349 1549 eorum
3383 1504 3497 1567 pu-

2011 1587 2319 1650 nitionem
2353 1585 2588 1649 divinae
2610 1584 2939 1649 committo
2956 1582 3243 1665 justitiae,
3262 1592 3323 1646 et
3345 1591 3498 1646 tem-

2008 1683 2147 1766 pori
2192 1673 2637 1767 opportuniori
2686 1701 2962 1747 reserv0.
2996 1682 3173 1745 Unde
3213 1690 3277 1744 et
3316 1681 3497 1764 puni-

2009 1783 2246 1845 tionem
2290 1782 2464 1858 Joab,
2499 1783 2802 1863 quoniam
2849 1781 3212 1844 sceleratior
3250 1789 3384 1844 erat
3427 1781 3494 1842 iu

2006 1979 2204 2042 David
2238 1997 2252 2040 :
2289 1977 2508 2060 sicque
2539 1998 2615 2041 ex
2646 1979 2746 2040 his
2783 1986 2954 2060 patet
2987 1977 3219 2041 solutio
3249 1976 3496 2058 quaesti-

2006 2079 2147 2140 onis
2185 2097 2312 2159 qua
2356 2076 2685 2158 quaeritur,
2720 2096 2833 2140 cur
2871 2076 3066 2139 David
3107 2075 3320 2139 statim
3366 2094 3494 2139 non

2006 2175 2258 2258 punivit
2294 2175 2447 2238 Joab
2486 2183 2550 2237 et
2595 2175 2854 2237 fratrem
2895 2175 3057 2255 ejuS,
3091 2175 3495 2256 quemadmo-

2005 2275 2157 2337 dum
2197 2274 2390 2356 paulo
2422 2281 2567 2356 post
2598 2272 2850 2355 punivit
2883 2291 2990 2336 eos
3021 2273 3135 2354 qui
3171 2272 3380 2355 ipsum
3417 2273 3494 2334 ls-

2006 2373 2230 2435 boseth
2260 2380 2688 2454 peremerunt.
2721 2371 2881 2434 Hinc
2908 2373 3011 2452 (ut
3036 2370 3264 2434 asserit
3293 2370 3492 2433 Rabbi

2004 2473 2261 2552 Paulus)
2303 2473 2370 2534 in
2420 2471 2683 2535 Hebraeo
2727 2470 3020 2548 habetur,
3067 2469 3210 2532 Filii
3260 2469 3494 2535 Sarviae

2005 2571 2294 2635 duriores
2324 2589 2427 2634 me
2459 2579 2645 2633 sunt:
2673 2571 2794 2634 hoc
2817 2577 2914 2632 est
2936 2567 3170 2646 dicere,
3196 2588 3324 2633 non
3357 2588 3493 2651 pos-

2006 2688 2145 2731 sum
2179 2669 2244 2731 in
2276 2669 2369 2733 eis
2393 2669 2706 2752 justitiam
2741 2687 3034 2732 exercere
3065 2686 3181 2750 pro
3213 2686 3404 2730 nunc.

1528 3098 2177 3186 ARTICULUS
2253 3099 2370 3184 VI

1102 3372 1181 3417 DE
1233 3372 1495 3419 MYSTmA
1550 3372 1943 3419 EXPOSITIONE
1994 3374 2179 3420 nulus
2232 3372 2506 3419 GAPrruLt
2554 3373 2772 3419 Tssnru.

514 3650 627 3713 ER
677 3652 941 3714 domum
994 3650 1165 3727 Saul,
1207 3649 1434 3713 civitas
1483 3650 1881 3732 Babylonica,
1920 3651 1963 3713 C
1994 3650 2073 3712 de
2130 3650 2430 3713 societate
2475 3650 2826 3714 carnalium
2887 3654 3485 3736 mundanorumque

536 3751 603 3813 id
636 3758 737 3813 est
766 3750 1039 3813 ecelesia
1070 3750 1581 3831 malignantium,
1618 3769 1881 3831 regnum

382 3848 641 3924 mundi,
661 3848 934 3912 societas
956 3849 1301 3931 impiorum
1334 3848 1757 3929 significatur.
1772 3849 1885 3912 Per

382 3948 653 4009 domum
686 3947 907 4023 David,
943 3946 1171 4009 civitas
1192 3947 1325 4024 Dei,
1351 3947 1633 4011 Ecclesia
1660 3948 1885 4011 electo·

380 4062 553 4121 rum,
578 4044 1118 4125 congregatioque
1144 4045 1461 4126 justorum
1482 4045 1879 4129 exprimitur.

383 4145 557 4206 lnter
588 4143 707 4205 bas
728 4144 953 4207 domos
984 4151 1081 4206 est
1110 4143 1302 4224 longa
1328 4162 1403 4207 ac
1429 4144 1601 4224 jugis
1630 4162 1886 4207 concer-

382 4241 563 4318 tatio,
600 4242 757 4323 quia
788 4240 996 4322 iniqui
1025 4260 1099 4303 ac
1129 4240 1386 4324 reprobi
1417 4250 1885 4324 persequuntur

382 4341 625 4403 electos
655 4349 718 4403 et
764 4340 992 4421 justos.
1029 4340 1151 4403 Sed
1181 4341 1376 4406 David
1422 4340 1708 4422 quotidie
1747 4359 1885 4422 pro-

386 4438 413 4500 Ι·
416 4438 550 4515 icit,
577 4446 643 4501 et
670 4457 923 4520 semper
954 4458 1023 4501 se
1053 4438 1195 4521 ipso
1217 4439 1536 4503 robustior
1568 4439 1881 4502 redditur:

380 4538 541 4619 quia
568 4537 756 4600 electi
778 4546 841 4601 et
865 4538 1136 4600 virtuosi
1159 4538 1403 4621 praelati
1434 4538 1721 4620 quotidie
1752 4556 1887 4621 pro-

382 4644 729 4718 sperantur
756 4635 825 4697 in
858 4634 1044 4699 donis
1074 4636 1295 4717 gratiae
1315 4636 1396 4699 ad
1425 4637 1695 4700 salutem
1717 4645 1888 4700 aeter-

383 4753 556 4809 nam,
582 4741 649 4796 et
680 4752 795 4816 per
826 4733 1220 4797 incrementa
1241 4734 1553 4797 virtutum
1586 4734 1786 4814 magis
1814 4754 1888 4797 ac

1992 3748 2350 3825 hominum,
2386 3748 2646 3831 plurimi
2690 3749 3121 3831 confugerunt
3163 3753 3240 3814 ad
3272 3752 3485 3816 Eccle-

1994 3846 2105 3908 siae
2140 3846 2480 3926 gremium.
2505 3847 2695 3910 Porro
2724 3866 2836 3930 per
2868 3847 3042 3912 filios
3073 3850 3272 3913 David
3300 3860 3484 3915 natos

1994 3943 2061 4005 in
2090 3944 2343 4007 Hebron
2367 3965 2442 4007 ex
2471 3944 2741 4007 diversis
2774 3946 3098 4024 uxoribus,
3123 3949 3486 4030 intelligun-

1994 4051 2097 4105 tur
2150 4042 2372 4106 fideles
2411 4044 2892 4126 quamplurimi,
2936 4046 3046 4128 qui
3096 4067 3171 4109 ex
3212 4048 3484 4130 particu-

1994 4142 2237 4204 laribus
2268 4142 2565 4205 Ecclesiis
2608 4152 2672 4206 et
2701 4144 2902 4225 gratia
2937 4144 3170 4207 Christi
3217 4164 3484 4209 nascun-

1996 4250 2118 4320 tur,
2141 4242 2291 4303 dum
2327 4241 2390 4303 in
2423 4242 2617 4305 variis
2651 4243 2806 4306 locis
2834 4264 2910 4307 ex
2940 4263 3106 4326 aqua
3141 4252 3204 4307 et
3241 4245 3480 4327 Spiritu

1994 4340 2225 4403 Sancto
2271 4349 2723 4421 regenerantur
2777 4362 2890 4425 per
2932 4342 3158 4406 officia
3195 4346 3483 4409 sacerdo-

1994 4448 2128 4501 tum
2156 4458 2170 4501 :
2205 4457 2425 4503 omnes
2455 4448 2664 4503 tamen
2698 4441 2764 4502 in
2797 4441 3145 4505 universali
3175 4442 3476 4521 Ecclesia,

1994 4557 2136 4618 quae
2185 4557 2299 4620 per
2343 4537 2596 4601 Hebron
2645 4539 2987 4620 accipitur,
3041 4551 3478 4621 perseverant,

1994 4635 2294 4716 quoniam
2319 4645 2492 4699 extra
2507 4636 2852 4699 Ecclesiam
2875 4636 3300 4701 universalem
3324 4639 3485 4701 nulli

1996 4742 2092 4797 est
2122 4734 2316 4796 salus.

380 4832 587 4913 magis
634 4832 1082 4895 confortantur
1112 4832 1179 4893 in
1210 4832 1500 4896 Domino.
1538 4833 1889 4913 Allegorice
1922 4839 1971 4900 D
2080 4836 2296 4896 Abner
2325 4842 2536 4896 autem
2568 4837 2817 4912 reyebat
2845 4838 3108 4896 domu-m
3149 4838 3339 4897 Saul.
3375 4834 3490 4899 Per

378 4948 645 5012 quoque
674 4930 965 4993 Christus
1009 4930 1076 4991 in
1108 4930 1367 4994 exordio
1412 4931 1746 4993 militantis
1776 4932 1891 4996 Ec-

381 5028 599 5095 clesiae
651 5028 927 5110 profecit
972 5028 1284 5111 quotidie,
1328 5031 1587 5111 quando
1635 5030 1892 5093 assidue

384 5127 578 5190 multi
626 5128 709 5190 de
758 5126 1107 5209 Synagoga,
1162 5136 1225 5190 et
1270 5128 1769 5191 innumerabiles
1814 5131 1893 5192 de

382 5225 753 5305 gentilitate
804 5227 882 5288 ad
930 5226 1139 5308 ipsum
1187 5227 1723 5291 convertebantur
1775 5245 1789 5290 :
1830 5236 1895 5291 et

392 5333 549 5388 tunc
572 5325 805 5387 domus
827 5324 975 5389 Saul
997 5326 1403 5389 decrescebat
1422 5326 1731 5408 quotidie,
1745 5326 1900 5408 quia

2000 4932 2233 5009 Abner,
2286 4932 2397 5012 qui
2447 4932 2918 5014 interpretatur,
2963 4932 3226 4995 lucerna
3264 4934 3485 5015 patriS‚

2000 5030 2419 5110 designantur
2459 5031 2804 5113 prudentes
2847 5031 3088 5107 saeculi,
3137 5032 3204 5093 in
3253 5032 3493 5113 quibus

2003 5135 2097 5190 est
2130 5128 2576 5210 philosophica
2605 5137 2668 5191 et
2699 5129 3021 5192 mundana
3057 5130 3344 5206 scientia,
3383 5152 3506 5213 per,

2003 5245 2194 5307 quam
2231 5235 2456 5305 regunt
2489 5226 2666 5289 filios
2697 5236 2756 5289 et
2789 5236 3113 5308 magnates
3141 5230 3355 5291 saeculi
3387 5231 3497 5293 hu-

2003 5325 2128 5405 jus.
2185 5324 2302 5387 Sed
2357 5324 2513 5387 tales
2565 5326 2906 5407 prudentes
2955 5328 3495 5411 concupiscentiis

3523 1963 3566 2010 5,
3586 1963 3626 2003 0.

3550 2291 3709 2349 111109.
3727 2307 3783 2344 iv,

3510 4266 3698 4372 5lotum.
3715 4279 3776 4319 m,
