4359 6250
979 507 1330 554 manna-rio
1375 508 1433 551 m
1479 507 1613 552 car.
1664 505 1705 551 ιι
1747 505 1904 552 unm
1945 504 2144 551 'ram-n
2186 506 2410 553 neuun.
2456 526 2535 537 -
2576 508 2718 553 aar.
2765 506 2831 552 ιιι
3328 490 3448 554 595

347 677 741 756 exstiterint,
763 677 1115 760 praesertim
1137 678 1190 738 si
1223 676 1626 758 iniquitatem
1649 674 1851 756 ipsius
1881 673 1933 734 A
1961 674 2214 738 videtur
2256 678 2781 741 committendum
2825 679 3090 761 judicio,
3124 697 3317 760 quam
3360 688 3451 743 te·-

344 777 510 841 Joab
538 786 910 858 sequantur.
933 777 1102 839 Istud
1133 785 1340 841 autem
1366 775 1850 855 intelligendum
1961 794 2134 839 mere
2184 779 2616 840 asserendum.
2668 778 2793 841 Nec
2838 798 2914 843 ex
2963 780 3084 843 hoc
3136 780 3445 862 sequitur,

87 887 114 929 1¹
132 888 234 941 Rev·
255 900 314 932 ¹¹·-
349 886 448 937 est
500 876 684 957 juxta
733 876 1194 957 expositionem
1233 874 1381 937 libri
1421 873 1706 949 secundi,
1743 872 1852 935 ubi
1962 876 2132 957 quod
2181 876 2265 937 sit
2318 876 2623 953 salvatuS‚
2678 879 2832 959 quia
2882 877 3033 941 fecit
3081 878 3451 960 hujusmodi

77 952 128 991 ²⁹
351 975 738 1057 imprecatio
773 974 1086 1037 malorum
1128 994 1270 1056 quae
1308 974 1505 1037 David
1549 973 1856 1054 impreca-
1964 972 2321 1056 hospitale;
2355 977 2461 1039 sed
2509 976 2719 1058 potius
2763 977 2818 1039 si
2856 986 3121 1039 mortem
3171 976 3345 1039 illam
3394 985 3458 1041 et

350 1082 459 1135 tus
500 1082 600 1136 est
633 1073 758 1156 ipsi
788 1074 941 1136 Joab
981 1092 1096 1156 pro
1137 1072 1583 1136 interfectione
1619 1071 1851 1147 Abner,
1967 1073 2379 1137 manifestum
2411 1094 2777 1157 aggressum
2812 1076 3255 1157 aequanimiter
3286 1075 3454 1153 tulit,

347 1174 648 1255 exposita
678 1182 794 1236 est.
1967 1180 2029 1235 et
2077 1174 2155 1235 de
2206 1194 2322 1237 sua
2364 1175 2835 1256 conspiratione
2885 1194 2955 1238 ac
3004 1175 3232 1238 ceteris
3284 1174 3458 1237 vitiis

437 1275 663 1333 David
701 1282 920 1332 autem
959 1282 1019 1333 et
1059 1272 1296 1332 semini
1323 1272 1463 1348 ejus
1511 1281 1570 1331 et
1607 1272 1854 1341 domui,
1967 1290 2114 1333 vere
2145 1272 2467 1353 poenituit.

349 1370 478 1434 hoe
510 1378 608 1433 est
639 1370 904 1433 familiae
930 1370 1070 1452 ejus
1095 1368 1299 1447 fideli,
1324 1380 1383 1431 et
1405 1373 1630 1431 throno
1655 1370 1858 1437 illius,
2027 1373 2114 1431 Et
2133 1373 2465 1432 constituit
2488 1391 2603 1431 rex
2624 1374 2951 1433 Banaiam
2968 1375 3191 1449 filium
3206 1375 3458 1435 Joiadoe

350 1467 663 1531 videlicet
693 1469 853 1531 mihi
883 1469 1237 1532 successori
1271 1468 1473 1550 ipsius
1513 1466 1758 1530 sedenti
1792 1466 1858 1527 in
1963 1488 2084 1545 pro
2112 1489 2203 1541 ec,
2224 1469 2467 1532 scilicet
2494 1469 2670 1545 Joab,
2698 1490 2890 1547 super
2918 1473 3295 1545 exercitum,
3332 1470 3454 1535 hoc

350 1567 500 1649 ejus
544 1568 796 1644 throno,
829 1570 914 1628 sit
943 1588 1084 1645 paoe
1123 1588 1322 1645 usque
1359 1570 1432 1627 in
1471 1576 1786 1629 aeternum
1819 1586 1860 1625 a
1969 1575 2083 1643 est,
2120 1568 2475 1651 principem
2520 1568 2767 1631 militiae
2807 1568 2964 1632 fecit
2993 1569 3293 1633 Banaiam
3344 1570 3458 1651 qui

347 1669 660 1727 Domina
695 1666 818 1728 Ista
849 1665 1044 1729 verba
1063 1665 1418 1729 Salomonis
1446 1664 1707 1728 fuerunt
1727 1682 1862 1725 ora·
1968 1668 2496 1746 eratcondignu5‚
2523 1676 2741 1749 utpote
2774 1667 2873 1731 vir
2905 1676 3223 1745 strenuuS,
3246 1667 3453 1746 fortiS,

354 1765 470 1841 tio,
516 1784 646 1828 non
697 1765 1054 1847 prophetia.
1107 1765 1262 1828 Nam
1309 1773 1375 1828 et
1422 1765 1665 1827 Nathan
1716 1781 1860 1845 pro·
1969 1766 2246 1846 prudens
2290 1774 2353 1828 et
2396 1766 2681 1848 integer3
2726 1777 2787 1828 et
2814 1770 3025 1829 Sados
3067 1771 3455 1828 sacerdotem

111 1883 318 1932 mam,
350 1865 554 1947 pheta
587 1865 883 1947 praedixit
929 1865 1125 1930 David
1177 1866 1331 1945 regi,
1385 1866 1556 1947 quod
1607 1863 1856 1946 gladius
1897 1859 1941 1921 B
1965 1867 2179 1941 posuit
2230 1864 2605 1946 pontificem
2641 1887 2764 1943 pro
2809 1868 3130 1927 Abiatlzar
3169 1885 3193 1927 .·
3234 1866 3454 1949 sicque

78 1950 130 1988 ¹⁰·
352 1982 490 2025 non
525 1964 848 2027 recederet
877 1963 956 2026 de
999 1964 1188 2026 domo
1231 1964 1372 2044 ejus
1418 1964 1484 2025 in
1523 1962 1860 2044 sempiter—
1967 1962 2373 2044 pontificium
2408 1963 2531 2027 fuit
2561 1966 2889 2027 reductum
2912 1967 2989 2027 ad
3012 1966 3443 2047 posteritatem

354 2080 542 2139 num,
579 2070 839 2145 propter
870 2070 1128 2144 peccata
1159 2062 1298 2143 ejus
1337 2062 1402 2123 in
1435 2062 1646 2123 Uriam
1692 2079 1862 2123 com-
1967 2062 2247 2126 Eleazari
2278 2064 2686 2145 primogeniti
2718 2065 2924 2127 Aaron
2952 2066 3319 2128 sacerdotiS.
3528 2089 3747 2143 Euam,

355 2160 582 2238 missa,
608 2169 676 2223 ut
709 2161 915 2243 patuit
946 2180 1141 2242 supra
1169 2160 1334 2223 libro
1365 2158 1862 2223 secund0.1nfra
2049 2164 2233 2223 Misit
2264 2182 2510 2241 quoque
2548 2184 2691 2232 rem,
2722 2173 2780 2223 et
2826 2165 3077 2225 vocavit
3108 2166 3345 2233 Semei,
3378 2164 3457 2225 de
3487 2158 3746 2206 ²³³¹³V¹¹¹·¹·

99 2282 328 2333 niueam,
359 2279 624 2342 quoque
662 2260 954 2335 habetur,
1003 2267 1242 2341 quanta
1283 2260 1560 2322 turbatio
1599 2266 1736 2321 orta
1781 2258 1864 2319 sit
1971 2259 2141 2321 tribu
2184 2260 2534 2341 Benjamin‚
2570 2260 2963 2325 habitantem
3003 2269 3179 2324 extra
3214 2262 3461 2325 Jerusa-

79 2349 232 2396 ¹¹¹‘²¹⁰·
359 2360 602 2441 partim
635 2358 958 2421 Salomoni
981 2366 1240 2441 propter
1269 2358 1508 2420 scelera
1538 2377 1672 2433 sua,
1693 2355 1866 2419 dein·
1971 2358 2117 2421 lem.
2151 2362 2465 2439 Dixitque
2493 2362 2555 2419 ei
2582 2378 2605 2420 .·
2625 2362 2915 2437 AEdz'fica
2947 2363 3065 2420 tibi
3092 2364 3355 2421 domum
3386 2363 3457 2421 in

357 2458 441 2520 de
475 2458 749 2540 posteris
779 2458 912 2519 suis
944 2467 1204 2539 propter
1235 2476 1454 2519 eorum
1487 2475 1801 2519 excessuS.
1967 2462 2345 2529 Jerusalem,
2378 2467 2438 2517 et
2482 2460 2703 2519 habita
2739 2461 2829 2518 ibt
2846 2483 2874 2531 ‚·
2910 2469 2970 2519 et
3014 2478 3141 2519 non
3172 2462 3462 2535 eyredia-

441 2558 664 2639 Itaque
693 2557 956 2619 Banaias
987 2555 1311 2619 interfecit
1342 2575 1486 2617 eum
1514 2554 1694 2635 juxta
1730 2573 1865 2617 cor·
1971 2560 2064 2616 ris
2096 2559 2250 2617 inde
2278 2560 2404 2617 hue
2422 2567 2615 2636 atque
2634 2559 2815 2618 illue.
2846 2560 3256 2637 Quacumque
3282 2560 3459 2618 enim

359 2677 452 2719 nu
485 2656 730 2734 altariS,
755 2666 827 2720 ut
857 2656 924 2719 in
957 2656 1346 2719 Scholastica
1376 2655 1739 2718 continetur
1769 2654 1866 2716 hi-
1970 2658 2079 2716 die
2097 2677 2379 2733 eyressus
2408 2657 2639 2733 fueris,
2662 2666 2721 2716 et
2745 2658 3081 2717 transieris
3114 2666 3453 2719 torrentem

357 2756 582 2819 storia.
617 2755 730 2818 Vel
763 2754 1080 2838 persuasit
1109 2755 1168 2818 ei
1199 2755 1281 2818 ab
1313 2755 1496 2817 altari
1530 2755 1860 2829 recedere;
1974 2757 2217 2815 θεάν-οη
2249 2773 2272 2815 .·
2310 2754 2420 2836 qui
2470 2764 2716 2817 torrens
2759 2763 2854 2818 est
2898 2754 3063 2818 inter
3108 2754 3454 2818 Jerusalem

337 2853 504 2939 ‘sive
549 2856 651 2934 (ut-
697 2853 899 2935 aliqui
948 2853 1200 2933 dicunt)
1248 2854 1311 2916 vi
1373 2852 1497 2915 fuit
1545 2853 1625 2915 ab
1680 2850 1864 2914 altari
1971 2863 2381 2935 montemque
2409 2853 2659 2930 Oliveti,
2696 2862 2760 2917 et
2788 2862 3049 2918 vocatur
3079 2862 3323 2917 torrens
3355 2856 3463 2919 Ce—

356 2961 700 3029 retractuS,
723 2952 1028 3034 quoniam
1063 2951 1129 3014 in
1159 2952 1373 3015 Exodo
1405 2951 1707 3014 Dominus
1735 2951 1866 3031 jus-
1971 2952 2131 3015 dron
2161 2952 2467 3034 quoniam
2494 2952 2673 3033 juxta
2701 2971 2847 3014 eum
2879 2952 3171 3015 oriuntur
3201 2962 3265 3015 et
3290 2962 3463 3015 stant

109 3075 324 3128 stadam,
359 3052 449 3113 sit
488 3069 504 3113 ε
540 3051 604 3114 Si
635 3052 782 3134 quis
814 3071 927 3135 per
965 3051 1344 3113 industriam
1387 3051 1692 3113 occiderit
1722 3069 1866 3133 pro·
1899 3055 1944 3118 C
1973 3050 2180 3126 cedri3
2214 3054 2369 3112 seito
2402 3062 2458 3111 te
2502 3052 3030 3130 interficiendum
3062 3072 3085 3111 .·
3119 3068 3248 3113 non
3292 3052 3464 3134 quod

89 3141 142 3180 ¹⁸·
356 3153 612 3214 ximum
661 3170 870 3227 suum,
912 3150 1009 3215 vel
1062 3169 1175 3232 per
1219 3151 1506 3226 insidiaS,
1553 3150 1633 3212 ab
1682 3149 1864 3213 altari
1974 3152 2194 3214 eodem
2224 3151 2329 3213 die
2357 3170 2486 3231 quo
2516 3150 2692 3227 exiit,
2716 3150 3133 3226 occideretur,
3168 3151 3326 3233 quia
3344 3169 3462 3214 nec

359 3269 511 3314 meo
560 3249 799 3312 avelles
843 3268 992 3312 eum
1027 3258 1098 3310 ut
1137 3249 1465 3311 moriatur.
1498 3249 1588 3310 Ex
1630 3248 1865 3330 quibus
1975 3249 2066 3311 sic
2115 3248 2354 3312 factum
2404 3258 2520 3326 est,
2556 3251 2665 3312 sed
2706 3250 2877 3330 quod
2917 3249 3025 3312 die
3074 3248 3187 3312 illo
3228 3250 3321 3312 sic
3370 3270 3466 3313 ex-

357 3349 564 3412 etiam
594 3348 809 3412 verbis
830 3348 1208 3425 ostenditur,
1227 3349 1398 3428 quod
1421 3347 1716 3410 Salomon
1740 3365 1866 3410 non
1975 3349 2185 3410 eundo
2216 3356 2566 3411 mereretur
2596 3348 2823 3412 occidi.
2859 3350 3149 3426 Sanquis
3170 3359 3319 3410 tuus
3340 3351 3467 3409 erit

362 3449 682 3532 peccavit,
701 3448 1050 3511 occidendo
1071 3467 1216 3510 eum
1241 3447 1306 3510 in
1330 3448 1468 3510 loco
1489 3465 1688 3510 sacro.
1714 3447 1866 3508 Nam
1973 3467 2166 3525 super
2190 3457 2385 3525 eaput
2406 3457 2613 3518 tuum,
2635 3448 2697 3510 id
2728 3457 2845 3524 est,
2866 3446 3106 3510 effusio
3135 3446 3463 3529 sanguinis

356 3548 524 3612 Joah
555 3545 787 3610 artifex
816 3547 1158 3624 homicida,
1197 3565 1310 3628 per
1349 3546 1729 3608 industriam
1762 3565 1870 3608 ne·
1977 3545 2069 3606 tui
2114 3544 2534 3627 imputabitur
2578 3545 2704 3605 tuis
2748 3544 3099 3608 demeritis.
3148 3547 3463 3625 Dimitque

363 3647 603 3709 fariam
631 3628 1146 3728 proditoriasque
1175 3645 1446 3707 insidias
1479 3664 1551 3707 ac
1585 3653 1869 3726 tempore
1976 3647 2189 3705 Semet'
2224 3645 2363 3720 reqi
2394 3665 2417 3702 .·
2448 3647 2669 3704 Bonus
2704 3661 2929 3713 ser-mc,
2977 3643 3082 3724 pia
3120 3641 3461 3706 ordinatio.

116 3769 144 3811 ιι
159 3771 257 3824 neq.
273 3785 330 3820 ιιι,
360 3745 570 3827 paciS,
606 3743 927 3807 interfecit
956 3744 1116 3806 duos
1137 3742 1464 3824 principes
1497 3742 1662 3805 illos
1690 3742 1870 3804 Deni-
1976 3745 2163 3804 Sicut
2190 3747 2437 3802 locutus
2452 3750 2541 3801 est
2560 3742 2865 3800 dominus
2885 3759 3061 3800 meus
3090 3761 3228 3812 reoe,
3250 3742 3345 3800 sic
3368 3742 3469 3818 fa-

91 3833 142 3879 ²⁷³
159 3847 222 3877 ¹³·
241 3837 302 3874 ¹⁰·
360 3863 494 3926 que
523 3863 602 3906 ex
629 3843 752 3906 hoc
775 3843 948 3924 quod
980 3843 1047 3904 in
1069 3841 1482 3905 tabernaculo
1516 3841 1625 3903 illo
1659 3841 1870 3922 typico
1975 3845 2096 3902 ciet
2125 3861 2347 3901 servus
2380 3849 2547 3900 tuus.
2582 3838 2735 3900 Nam
2770 3837 2981 3900 timuit
3009 3838 3221 3900 statim
3245 3839 3464 3901 occidi.

355 3951 502 4006 erat
547 3942 675 4005 reis
720 3940 954 4022 refugii
998 3942 1200 4018 locuS,
1243 3949 1632 4003 monstratur
1676 3958 1870 4020 quam
1977 3940 2148 4001 istud
2171 3938 2451 4020 injunxit
2470 3937 2764 4000 Salomon
2787 3937 2992 4000 Semei
3015 3937 3187 4014 huic,
3212 3937 3465 4001 nehinc

359 4039 837 4104 rationabiliter
856 4040 1310 4103 Constantinus
1333 4039 1676 4119 imperator
1705 4037 1870 4100 inter
1977 4039 2126 4102 inde
2155 4038 2440 4119 vagando
2481 4036 2715 4100 faceret
2755 4035 3134 4099 seditionem
3167 4035 3231 4099 in
3265 4055 3469 4119 popu-

355 4149 578 4203 cetera
607 4139 946 4222 privilegia
982 4138 1157 4202 dedit
1199 4137 1510 4214 ecclesiiS‚
1547 4145 1616 4198 ut
1645 4135 1870 4200 confu-
1975 4139 2059 4217 lo,
2093 4138 2250 4220 quia
2276 4145 2411 4201 erat
2441 4135 2779 4200 seditiosus
2810 4144 2872 4199 et
2902 4134 3253 4217 inquietus.
3288 4134 3466 4198 Unde

355 4238 614 4320 gientes
651 4239 718 4301 in
769 4258 875 4302 eas
925 4238 1054 4300 sint
1103 4237 1292 4300 liberi
1331 4251 1344 4297 ε
1380 4244 1445 4298 et
1494 4243 1704 4298 tamen
1755 4235 1867 4317 qui
1897 4243 2039 4305 Det
2086 4237 2385 4300 Salomon
2434 4236 2587 4298 satis
2635 4234 2932 4316 conjecit,
2986 4232 3158 4316 quod
3212 4233 3465 4295 tandem

361 4337 616 4401 violant
645 4356 889 4419 pacem,
923 4336 1266 4419 capiuntur
1299 4336 1365 4396 in
1412 4333 1526 4397 eis.
1562 4337 1869 4395 Ascendit
1971 4336 2519 4416 transgrederetur
2577 4334 2746 4396 istud
2806 4341 3217 4415 praeceptum.
3268 4334 3473 4394 Habil-

359 4439 592 4516 itaque
618 4438 914 4498 Banaias
943 4438 1127 4512 filius
1145 4437 1423 4504 Joiacta‘,
1447 4443 1506 4494 et
1536 4453 1868 4511 aqqressus
1973 4436 2140 4496 tavit
2193 4436 2410 4512 itaque
2458 4434 2671 4495 Semel
2718 4434 2793 4492 in
2838 4435 3196 4494 Jerusalem
3246 4432 3471 4492 diebus

359 4556 517 4596 eum
567 4535 894 4612 interfecit
912 4556 940 4606 ,·
961 4535 1379 4612 sepultusque
1424 4542 1514 4592 est
1565 4535 1637 4592 in
1681 4534 1866 4592 domo
1981 4534 2227 4594 multis.

357 4633 592 4694 suain
620 4636 886 4694 deserta
919 4630 1226 4706 Quocirca
1264 4631 1488 4694 recitat
1521 4630 1683 4712 Lyra
1717 4646 1732 4691 ζ
1767 4628 1869 4691 Di·
2058 4635 2329 4694 Factum
2378 4641 2467 4691 est
2512 4639 2729 4691 autem
2768 4639 2912 4708 post
2958 4639 3082 4690 tres
3129 4649 3358 4702 annos,
3398 4638 3471 4690 ut

359 4732 454 4796 cit
485 4731 688 4796 Rabbi
719 4730 1016 4794 Salomon
1048 4730 1219 4812 quod
1247 4727 1404 4792 Joah
1436 4727 1591 4791 fecit
1621 4729 1712 4791 ibi
1757 4729 1869 4791 ho-
1974 4734 2275 4810 fuqerent
2302 4731 2474 4790 servi
2502 4729 2715 4791 Semei
2743 4731 2831 4788 ad
2851 4729 3050 4788 Achis
3076 4729 3298 4805 filium
3320 4729 3464 4791 Ma·

361 4831 600 4914 spitale
627 4831 706 4893 ad
741 4829 1178 4912 recipiendum
1211 4827 1580 4910 peregrinos
1612 4848 1686 4890 ac
1715 4846 1869 4909 pau·
1977 4833 2160 4901 acha,
2196 4849 2405 4906 reyem
2452 4831 2632 4890 Geth.
2670 4828 3197 4907 Nuntiatumque
3236 4836 3327 4888 est
3356 4830 3469 4889 Se·-

361 4949 552 5012 peres
581 4928 1191 4992 transeuntesUnde
1211 4925 1695 4990 dicuntHebraei
1721 4945 1864 4989 eum
1978 4931 2126 5001 mei,
2174 4930 2345 5008 quod
2386 4928 2555 4988 servi
2591 4927 2731 5004 ejus
2768 4927 3014 4987 essent*
3044 4928 3118 4986 in
3166 4928 3345 4986 Geth.
3382 4927 3469 4987 Et
3534 4940 3551 4961 ·
3582 4941 3719 4984 issent

359 5049 508 5094 esse
557 5028 894 5104 salvatum,
948 5037 1012 5090 et
1058 5028 1231 5109 quod
1279 5045 1449 5089 mors
1500 5027 1868 5108 temporalis
1975 5030 2266 5087 surrexit
2308 5028 2542 5097 Semei,
2576 5035 2635 5085 et
2672 5027 2908 5086 stravit
2949 5027 3214 5085 asinum
3250 5045 3467 5096 suum,

361 5129 494 5191 sibi
539 5127 798 5191 inflicta
836 5126 960 5190 fuit
1004 5127 1072 5189 in
1111 5125 1536 5208 expiationem
1582 5134 1870 5208 peccato-
1977 5128 2224 5205 ivitque
2273 5127 2361 5184 ad
2409 5126 2607 5186 Aeliis
2660 5125 2732 5184 in
2788 5125 2945 5184 Geth
2994 5126 3083 5183 ad
3131 5123 3473 5203 requiren-

365 5247 514 5290 rum
545 5245 830 5290 suorum.
867 5226 988 5290 Sed
1019 5244 1100 5288 an
1139 5225 1260 5287 hoc
1303 5223 1386 5286 sit
1417 5243 1660 5301 verum,
1699 5225 1871 5288 vide-
1973 5227 2136 5285 dum
2161 5243 2372 5283 servos
2400 5243 2569 5293 suos,
2600 5231 2660 5282 et
2696 5222 2981 5282 adduxit
3018 5241 3117 5282 eos
3154 5224 3235 5282 de
3272 5223 3466 5283 Geth.

361 5325 521 5390 l-icet
559 5345 708 5389 eum
751 5344 890 5388 esse
937 5325 1272 5400 salvatum,
1307 5323 1596 5386 securius
1645 5323 1866 5388 divino
1978 5324 2383 5385 Nuntiatum
2399 5330 2489 5382 est
2506 5330 2726 5381 autem
2748 5322 2893 5398 reyi
2912 5322 3274 5394 Salomoni,
3298 5323 3469 5402 quod
