4359 6250
576 3734 839 3786 ludic.v‚27.

879 488 995 551 132

1623 506 1626 511 '
1679 501 2024 547 ENAnnA'rio
2067 501 2126 545 IN
2171 500 2307 545 CAP.
2356 499 2413 543 lv
2456 498 2729 544 Jumcun.
2775 518 2855 527 —
2895 499 3038 544 ΛΒΤ.
3086 500 3170 545 vlt

875 684 1055 739 erant
1083 694 1160 737 ex
1191 674 1433 737 semine
1466 672 1748 736 filiorum
1781 670 1992 746 Israel,
2027 688 2191 751 quos
2233 686 2363 729 ma-
2392 663 2443 726 A
2554 667 2675 731 Sed
2705 668 2907 749 quoeri
2940 676 3166 750 potest,
3198 688 3276 730 an
3307 668 3483 730 Jahel
3514 667 3679 729 bene
3706 666 3837 746 egit
3866 666 3961 727 in·

873 773 1043 835 xime
1072 772 1345 835 odiebat.
1370 776 1640 849 Eyressa
1668 790 1815 847 erqo
1836 772 2023 831 Jalzel
2051 772 2120 828 in
2146 788 2363 828 occur-

872 894 1019 932 sum
1051 874 1318 943 Sisarae,
1353 889 1543 950 quem
1584 868 1832 933 audivit
1871 868 2142 940 venisse,
2186 867 2363 925 distic

875 974 964 1031 ad
999 992 1146 1031 eum
1178 992 1200 1030 .·
1237 971 1426 1030 Intra
1459 972 1546 1029 acl
1583 988 1700 1039 me,
1736 968 1798 1029 id
1839 974 1956 1042 est,
1995 966 2060 1027 in
2099 966 2360 1028 domum

876 1089 1126 1147 meam3
1179 1071 1385 1137 intra,
1432 1090 1510 1127 ne
1561 1069 1807 1127 timeas,
1862 1066 1989 1135 Qui
2043 1067 2365 1141 inyressus

878 1172 1366 1230 tabernaculum
1401 1168 1565 1243 ejus,
1596 1176 1654 1226 et
1693 1176 1948 1243 opertus
1993 1166 2074 1223 ab
2117 1184 2191 1223 ea
2226 1166 2367 1239 pal-

876 1271 986 1329 lio,
1051 1266 1462 1349 Septuaginta
1521 1264 2002 1337 transtulerunt,
2057 1260 2360 1324 Pellibus.

875 1366 1017 1427 Fuit
1061 1364 1233 1427 enim
1278 1363 1566 1437 lassatuS,
1602 1371 1665 1424 et
1715 1360 1967 1424 volebat
2010 1359 2361 1441 quiescere.

877 1466 1066 1526 Discit
1097 1485 1120 1524 .·
1143 1468 1244 1524 Da
1276 1464 1462 1533 mihi,
1487 1464 1752 1531 obsecre,
1769 1464 2125 1538 paululum
2154 1479 2360 1538 aquae.

878 1563 991 1625 Per
1038 1580 1268 1643 aquam
1319 1560 1478 1624 solet
1523 1559 1848 1641 Scriptura
1895 1575 2365 1638 quemcumque

879 1668 1098 1742 potum
1130 1658 1521 1739 significare,
1540 1657 1708 1719 sicut
1736 1674 1848 1737 pcr
1878 1674 2129 1738 panem,
2151 1672 2367 1734 quem-

879 1758 1036 1822 libet
1064 1758 1295 1821 cibum.
1323 1757 1492 1824 Quia
1524 1758 1709 1815 valde
1737 1756 1907 1815 sitio.
1934 1757 2086 1821 Qua?
2107 1753 2365 1829 aperuit

2476 766 2850 829 terriciendo
2881 767 2974 829 sic
3006 767 3277 829 Sisaram
3314 784 3329 828 :
3364 775 3427 829 et
3455 766 3625 847 quod
3660 765 3809 839 imo,
3828 782 3959 827 ma-

2477 864 2709 926 nifestc
2737 864 3005 927 habetur
3034 865 3325 945 sequenti
3358 864 3660 946 capitulo,
3698 861 3961 944 Opposi-

2478 971 2611 1025 tum
2655 982 2806 1025 vero
2852 964 3177 1045 probatur,
3209 964 3509 1045 quoniam
3550 961 3800 1025 afflicto
3834 980 3959 1024 non

2476 1069 2571 1123 est
2602 1062 2889 1124 addenda
2918 1062 3214 1126 afflictio.
3250 1063 3402 1125 Item
3435 1061 3749 1125 fallaciter
3774 1080 3849 1123 ac
3878 1060 3963 1121 si-

2478 1161 2811 1223 mulatorie
2842 1181 2909 1223 se
2938 1162 3211 1225 habebat
3240 1162 3319 1224 ad
3354 1161 3649 1237 Sisaram‚
3684 1160 3903 1223 dicens
3940 1176 3956 1219 :

2475 1259 2665 1335 Intra,
2700 1260 2987 1337 Domine,
3029 1279 3111 1323 ne
3152 1261 3395 1323 timeas.
3438 1259 3959 1323 crudelissimum

2477 1376 2733 1439 quoque
2763 1357 3033 1435 videtur,
3070 1359 3395 1421 hominem
3438 1358 3505 1420 in
3538 1376 3765 1421 somno
3795 1356 3962 1419 occi-

2476 1457 2646 1519 dere.
2673 1456 2936 1538 Insuper
2965 1476 3087 1540 pax
3120 1457 3241 1519 fuit
3272 1457 3438 1520 inter
3467 1476 3679 1538 regem
3712 1456 3956 1531 Sisarae,

2476 1563 2541 1617 61
2570 1572 2684 1636 per
2711 1573 3109 1635 consequens
3148 1555 3337 1618 etiam
3373 1556 3538 1618 inter
3568 1554 3867 1629 sisaram,
3900 1561 3965 1615 et

2478 1652 2644 1714 inter
2676 1653 2974 1715 maritum
3012 1652 3185 1715 Jahel
3230 1672 3304 1717 ac
3346 1653 3487 1735 ejus
3524 1652 3907 1715 domesticos
3942 1669 3956 1711 :

2477 1760 2539 1813 et
2570 1750 2658 1813 ita
2688 1750 2941 1815 videtur
2967 1751 3143 1814 Jahel
3176 1751 3383 1814 foedus
3424 1750 3598 1833 pacis
3644 1759 3706 1813 et
3744 1750 3964 1813 amici-

877 1868 1084 1917 ucrem
1117 1856 1686 1925 lactis,etdeclicei
1709 1856 1934 1912 bibere.
1958 1850 2164 1913 Lactis
2190 1850 2361 1913 enim
2401 1847 2447 1910 B
2480 1850 2579 1912 tiae
2620 1850 2911 1913 violasse.
2957 1850 3031 1911 Et
3073 1850 3606 1932 respondendum,
3644 1850 3814 1930 quod
3862 1868 3959 1910 se-

877 1954 1140 2038 11616110,
1157 1973 1452 2017 somnum
1474 1951 1864 2035 profundum
1888 1960 1950 2014 61
1971 1950 2191 2031 gravia
2212 1968 2367 2011 som-

878 2056 983 2117 nia
1023 2054 1288 2129 inducit,
1331 2072 1405 2115 ac
1447 2059 1689 2132 gravat.
1727 2054 1813 2111 Et
1852 2052 2104 2127 operuit
2145 2052 2361 2110 illum.

881 2156 1189 2233 Dixitqew
1219 2154 1450 2213 Sisara
1480 2153 1568 2211 ad
1595 2171 1736 2209 eam
1756 2167 1779 2209 .·
1801 2154 1922 2211 Sca
1949 2159 2100 2209 ante
2128 2149 2365 2209 ostium

880 2253 1304 2320 tabernaculi,
1335 2260 1394 2309 ec
1437 2270 1639 2329 quum
1683 2250 1930 2308 venerit
1966 2250 2235 2327 aliquis,
2270 2249 2368 2306 in-

880 2361 1209 2427 terroyans
1253 2359 1332 2417 te,
1363 2358 1422 2409 et
1461 2350 1678 2407 dic-ens
1709 2367 1732 2405 .·
1769 2348 2110 2425 Numquid
2139 2348 2247 2407 hic
2276 2354 2365 2405 esc

875 2450 1120 2528 aliquis
1154 2450 1184 2507 ?
1233 2447 1658 2524 respondebis,
1711 2447 1952 2505 Nullus
2005 2454 2124 2503 est.
2190 2446 2367 2504 Tulit

875 2549 1093 2626 itaque
1119 2549 1306 2607 Jalael
1351 2564 1520 2604 uxor
1567 2545 1806 2611 Haber,
1845 2547 2105 2602 clavum
2162 2546 2365 2603 {aber-

873 2646 1120 2716 naculi,
1162 2642 1406 2706 scilicet
1453 2640 1756 2722 grandem
1805 2640 2078 2715 clavum,
2124 2659 2253 2721 quo
2296 2640 2361 2702 in

875 2740 1283 2804 tabernaculo
1333 2755 1448 2800 suo
1496 2735 1840 2816 aliquando
1893 2737 2211 2813 utebatur,
2265 2760 2365 2798 as-

872 2860 1130 2899 sumens
1185 2839 1436 2915 pariter
1481 2844 1541 2895 et
1593 2838 1918 2896 malleum.
1974 2838 2057 2896 Ec
2115 2855 2362 2911 effressa

873 2940 1184 3006 absconse,
1228 2933 1330 2999 vel
1375 2932 1453 2996 ab
1499 2932 1662 2996 ostio
1711 2932 2126 3011 tabernaculi,
2172 2933 2274 2996 vel
2324 2954 2362 2997 a

2475 1949 2754 2010 cundum
2779 1948 2979 2028 legem
3003 1968 3405 2011 communem
3430 1948 3769 2030 loquend0‚
3785 1947 3959 2009 Jahcl

2478 2047 2545 2108 in
2580 2047 2744 2110 facto
2777 2046 2897 2109 isto
2930 2047 3155 2110 fuisset
3184 2047 3703 2129 reprehensibilis
3725 2046 3791 2108 in
3820 2046 3965 2127 qui-

2478 2147 2766 2222 busdam,
2804 2155 2930 2208 tam
2962 2146 3027 2207 in
3063 2146 3272 2210 verbis
3310 2166 3503 2228 quam
3548 2146 3613 2207 in
3658 2145 3859 2227 signis
3898 2154 3960 2209 et

2479 2245 2678 2317 facto;
2715 2246 2824 2307 sed
2856 2246 3075 2307 divino
3107 2244 3413 2307 instinctu
3434 2265 3507 2307 ex
3540 2244 3804 2327 speciali
3834 2263 3965 2307 mo-

2476 2343 2801 2405 deramine
2841 2344 2950 2405 Dei
2988 2344 3267 2406 creditur
3309 2342 3401 2405 sic
3450 2341 3701 2420 fecisse,
3738 2343 3959 2405 saltem

2476 2451 2785 2521 quantum
2825 2442 2903 2504 ad
2950 2442 3303 2523 principale
3342 2460 3472 2523 quo
3514 2462 3659 2505 eum
3700 2442 3953 2505 occidit.

2474 2540 2651 2601 Unde
2695 2540 2936 2603 Debora
2982 2540 3404 2622 prophetavit,
3438 2541 3607 2621 quod
3642 2540 3852 2603 Sisara
3892 2542 3959 2603 in

2476 2657 2735 2701 manum
2780 2639 3035 2701 seminae
3074 2647 3208 2701 erat
3250 2640 3613 2717 tradenduS,
3648 2640 3819 2702 haud
3849 2641 3963 2702 du·

2474 2737 2651 2799 bium
2674 2736 2829 2817 quin
2862 2756 2899 2799 a
2927 2736 3202 2819 De0,qui
3225 2737 3757 2819 superbissimum
3791 2739 3959 2821 prin-

2472 2834 2679 2917 cipem
2713 2835 2894 2897 illum
2926 2834 3127 2898 voluit
3158 2835 3246 2897 ita
3276 2855 3389 2917 per
3421 2835 3723 2899 feminam
3756 2836 3960 2899 humi-

2472 2932 2650 3010 liare,
2669 2933 2834 2996 sicut
2854 2942 2915 2995 et
2936 2931 3345 2996 Holofernem
3365 2934 3955 3015 arrogantissimum

872 3054 1122 3099 camera
1163 3034 1228 3096 in
1272 3051 1400 3114 qua
1442 3031 1650 3094 Sisara
1697 3030 1916 3111 jacuit,
1953 3051 2144 3113 quam
2196 3032 2358 3095 forte
2393 3031 2438 3094 C
2470 3031 2642 3112 justo
2670 3030 2911 3112 judicio
2940 3031 3173 3112 deJecit
3200 3051 3313 3114 per
3330 3031 3721 3096 Iudith.Non
3742 3042 3957 3097 tamen

871 3151 1090 3193 rursus
1122 3127 1384 3193 intravit
1419 3128 1499 3190 ad
1531 3126 2088 3204 considerandum,
2121 3147 2205 3189 an
2238 3125 2361 3190 sor-

870 3229 1016 3292 titer
1060 3229 1191 3310 jam
1236 3225 1564 3301 dormiret,
1599 3227 1820 3302 posuit
1859 3245 2060 3302 supra
2109 3237 2358 3304 tempus

866 3329 1102 3405 capitis
1149 3328 1288 3404 ejus
1335 3330 1614 3394 clavum,
1650 3344 2152 3404 percussumque
2203 3329 2359 3387 mal-

869 3431 988 3496 lee,
1015 3426 1248 3503 deficit
1279 3427 1352 3486 in
1381 3427 1707 3484 cerebrum
1740 3444 1936 3504 usque
1965 3428 2054 3483 ad
2092 3434 2356 3494 terra-m,

869 3525 934 3587 id
982 3533 1078 3588 est
1121 3522 1304 3588 valde
1353 3521 1691 3604 profunde,
1743 3529 1812 3582 ut
1855 3522 1938 3583 sit
1989 3522 2358 3604 hyperboli-

869 3643 980 3686 cus
1021 3641 1250 3685 Serme.
1285 3620 1424 3698 Vel,
1459 3620 1672 3701 Usque
1714 3622 1791 3682 ad
1844 3629 2100 3697 terram,
2145 3621 2211 3683 id
2263 3630 2359 3683 est

873 3732 998 3786 tam
1031 3720 1256 3796 valide,
1272 3721 1440 3801 quod
1474 3718 1682 3781 Sisara
1710 3717 1776 3780 in
1811 3727 2044 3781 terram
2076 3719 2156 3781 de
2193 3720 2356 3783 lecto

871 3821 1205 3904 prolapsus
1238 3827 1355 3895 est,
1388 3825 1458 3880 ut
1499 3825 1669 3898 patet
1709 3817 2001 3897 sequenti
2047 3817 2352 3899 capitulo.

872 3920 1146 4002 Tempus
1185 3925 1419 3992 autem,
1454 3934 1599 3997 pars
1631 3914 1857 3996 capitis
1894 3923 1988 3976 est
2025 3933 2038 3977 :
2074 3935 2192 3996 pro
2232 3936 2358 3998 quo

871 4015 1282 4099 Septuaginta
1333 4012 1812 4088 transtulerunt,
1865 4017 2091 4094 γνάθον,
2149 4014 2211 4076 id
2264 4025 2358 4078 est

871 4112 1215 4176 maxillam.
1256 4113 1384 4180 Qui
1411 4130 1692 4188 soporem
1727 4112 1918 4170 morti
1945 4115 2221 4182 socz'ans,
2250 4116 2358 4172 de-

2471 3138 2720 3212 oportet
2750 3131 2914 3193 hanc
2941 3131 3116 3194 Jahel
3149 3149 3449 3195 excusare
3488 3133 3552 3193 in
3584 3140 3717 3196 toto
3752 3151 3766 3194 :
3804 3153 3952 3198 116111

2471 3237 2532 3291 et
2577 3228 2755 3310 operi
2802 3229 3085 3292 virtuoso
3130 3229 3497 3310 frequenter
3526 3231 3801 3294 venialia
3841 3234 3955 3295 mi-

2471 3335 2727 3389 scentur
2758 3334 3033 3408 peccata.
3068 3328 3391 3404 Praeterea‚
3418 3328 3564 3392 dato
3594 3331 3761 3412 quod
3792 3331 3955 3395 inter

2467 3423 2650 3487 ,labin
2692 3432 2755 3487 et
2793 3424 2997 3488 Habcr
3024 3424 3327 3500 cinaeum,
3362 3425 3631 3508 ejusque
3660 3429 3944 3507 domum,

2473 3521 2697 3584 fuisset
2726 3523 3022 3586 amicitiae
3052 3523 3353 3606 pacisque
3393 3523 3625 3603 foedus,
3665 3527 3821 3590 illud
3864 3537 3953 3591 ta-

2471 3639 2617 3683 men
2653 3639 2778 3683 non
2823 3620 2947 3684 ruit
2985 3622 3454 3684 observandum
3496 3623 3561 3684 in
3604 3625 3956 3706 derogatio-

2471 3738 2614 3782 nem
2638 3729 2699 3781 61
2722 3720 3174 3782 detrimentum
3197 3719 3345 3782 boni
3378 3723 3753 3801 communiS,
3770 3726 3952 3806 cujus

2472 3817 2672 3879 hostis
2720 3816 2841 3879 fuit
2885 3817 2989 3880 hic
3033 3816 3261 3881 Sisara.
3310 3819 3461 3880 Tres
3503 3839 3758 3902 quoque
3802 3833 3951 3886 sunt

2470 3914 2735 3976 comites
2779 3914 3126 3995 juramenti
3178 3935 3251 3978 ac
3295 3915 3425 3978 voti
3472 3936 3583 3980 seu
3630 3917 3889 3983 foederis
3932 3941 3947 3984 :

2472 4012 2708 4075 idcirco
2748 4013 2899 4074 dum
2940 4013 3300 4076 observatio
3340 4014 3566 4077 horum
3606 4027 3773 4080 esset
3808 4038 3955 4082 con-

2473 4118 2567 4172 tra
2596 4110 3066 4186 discretionem,
3101 4110 3411 4191 justitiam
3450 4122 3561 4175 aut
3598 4116 3949 4192 veritatem,

869 4213 1024 4288 fecit
1065 4220 1124 4270 ec
1171 4218 1460 4270 mortuus
1501 4217 1610 4267 esc.
1646 4205 1824 4269 Circa
1873 4208 2042 4289 quod
2095 4209 2353 4289 quidam
2389 4213 2439 4274 D
2472 4228 2599 4272 non
2631 4219 2793 4272 esset
2826 4209 3181 4272 laudabilis,
3200 4209 3465 4284 Quidam
3496 4231 3645 4276 vero
3676 4214 3779 4277 hic
3808 4218 3957 4279 scri·

871 4308 1047 4392 dicit,
1082 4306 1253 4388 quod
1286 4304 1451 4367 inter
1481 4322 1772 4385 soporem
1806 4312 1868 4366 ct
1899 4313 2164 4369 mortem
2199 4306 2359 4370 Sisa-

871 4425 956 4469 116
1001 4424 1127 4468 11611
1175 4403 1296 4465 i'uit
1341 4401 1644 4484 temporis
1690 4401 2098 4466 intervallum
2135 4423 2150 4466 ε
2188 4407 2355 4486 quod

872 4523 1000 4567 non
1033 4501 1303 4566 videtur.
1341 4500 1548 4563 Sisara
1587 4519 1864 4581 namque
1895 4521 1970 4564 ex
2001 4505 2359 4583 percussio-

872 4622 950 4665 ne
981 4600 1329 4681 evigilavit,
1355 4599 1646 4679 quamvis
1679 4601 2118 4681 magnitudine
2149 4622 2358 4683 poenae

869 4719 1234 4783 oppressuS,
1273 4696 1444 4778 loqui
1478 4705 1540 4760 et
1572 4696 1757 4759 reniti
1800 4697 2202 4779 nequiverit3
2240 4722 2356 4766 nec

869 4799 1008 4862 sine
1045 4795 1277 4860 actuali
1322 4795 1538 4858 dolore
1579 4814 1650 4857 ac
1697 4813 1900 4877 poenae
1944 4799 2355 4880 perceptione

866 4897 1146 4959 animam
1179 4893 1513 4956 exhalavit.
1551 4897 1635 4954 Εἰ
1673 4915 1806 4953 ecee
1835 4898 2051 4956 Barac
2091 4918 2354 4976 sequens

866 4998 1188 5064 Sis-aram,
1223 5011 1414 5072 quem
1445 4992 1651 5054 adhuc
1695 4992 1907 5054 vivere
1939 4993 2347 5074 existimavit,

2468 4306 2585 4384 bit,
2632 4309 2805 4388 quod
2854 4307 3149 4388 quamvis
3200 4308 3365 4370 inter
3409 4310 3592 4372 sabin
3644 4321 3705 4374 et
3748 4314 3954 4378 Haber

2474 4405 2699 4468 fuisset
2729 4404 2936 4468 foedus
2968 4405 3086 4466 sub
3116 4406 3497 4486 juramento,
3534 4417 3743 4473 tamen
3770 4411 3953 4476 Jahel

2469 4524 2596 4569 non
2630 4506 2963 4568 tenebatur
2992 4505 3113 4568 hoc
3144 4505 3501 4582 observare,
3536 4509 3686 4589 quia
3721 4510 3783 4571 in
3817 4511 3956 4574 tali-

2469 4604 2587 4665 bus
2618 4603 2967 4666 foederibus
3008 4603 3261 4667 feminee
3302 4624 3429 4668 non
3470 4617 3794 4670 vocantur.
3830 4609 3950 4674 Sed

2466 4702 2617 4764 huic
2648 4701 2818 4764 dicto
2850 4701 3109 4765 obviare
3142 4701 3416 4781 videtur,
3448 4705 3619 4785 quod
3658 4706 3748 4768 ait
3774 4707 3954 4771 Glos-

2466 4821 2535 4862 sa
2571 4818 2585 4861 :
2622 4800 2841 4862 Mulier
2882 4800 3001 4861 ista
3038 4799 3217 4880 prius
3256 4801 3555 4866 amicitiae
3594 4801 3802 4868 foedus
3842 4807 3952 4870 ha-

2466 4899 2653 4962 bebat
2681 4917 2825 4960 cum
2860 4898 3087 4961 Sisara.
3122 4899 3406 4980 Denique
3443 4909 3647 4963 textus
3689 4901 3944 4984 fatetur,

2462 4999 2632 5080 quod
2665 5016 2786 5078 pax
2816 5005 2950 5058 erat
2982 4995 3146 5058 inter
3172 4997 3357 5060 Jabin
3379 5006 3441 5060 61
3464 5001 3718 5062 domum
3744 5003 3950 5066 Haber

3996 2958 4257 3005 Iudithxm.

3990 3024 4009 3063 1
4034 3027 4079 3064 et
4098 3034 4195 3077 aeq.

867 5093 1009 5156 ideo
1059 5090 1408 5154 secundum
1461 5109 1640 5152 suam
1692 5091 2154 5172 reputationem
2205 5113 2351 5158 eum
2461 5095 2807 5161 Cinaei.vir
2828 5103 3039 5157 autem
3071 5103 3133 5158 ct
3165 5115 3321 5158 uxor
3351 5097 3477 5161 duo
3498 5099 3734 5162 suntin
3756 5121 3947 5165 carne
3990 5126 4255 5182 ommi.

866 5190 1342 5271 insequebatur,
1398 5190 1704 5249 veniebat.
1761 5189 2102 5252 Residuum
2157 5191 2351 5274 hujus

863 5287 1127 5373 capituli
1157 5285 1418 5369 planum
1448 5294 1565 5348 cst.

2464 5212 2611 5269 una,
2649 5211 2763 5255 nec
2794 5192 2944 5255 licet
2973 5193 3153 5256 uxori
3185 5212 3414 5257 nocere
3444 5195 3649 5272 ei,cui
3679 5199 3947 5264 maritus

2462 5310 2616 5353 suus
2646 5298 2743 5353 est
2772 5291 3170 5374 pacificatuS.
