4359 6250
964 489 1312 539 mannum
1355 490 1418 536 IN
1461 489 1597 536 ΕΑΒ.
1643 488 1709 534 xl
1749 487 1910 534 unul
1951 487 2119 534 ΡΜΠῙ
2163 487 2387 536 anculfi.
2432 509 2513 520 —
2552 489 2695 536 AM.
2742 489 2851 536 xxi

3326 475 3445 539 319

344 665 659 724 adversus
683 665 870 726 labes
902 667 1170 726 Galaad.
1208 663 1414 738 Jabes,
1467 679 1700 725 nomen
1748 666 1846 722 est
1877 656 1929 720 A
1956 659 2196 739 quitur.
2244 665 2330 725 Et
2379 665 2575 725 locuti
2630 673 2781 726 sunt
2841 665 3029 724 verba
3091 664 3223 725 hoec
3283 663 3442 727 Naas

345 759 630 823 civitatis
672 762 922 826 situatae
965 762 1133 825 ultra
1169 762 1508 824 Iordanem
1560 760 1626 822 in
1680 767 1848 822 terra

343 857 606 936 Galaad,
624 860 690 922 in
723 869 894 924 sorte
922 862 1149 924 mediae
1184 860 1386 923 tribus
1414 859 1714 921 Manasse.
1736 856 1850 918 Ga-

347 957 492 1020 laad
533 976 794 1042 quoque
829 960 1220 1042 quandoque
1247 966 1346 1021 est
1379 957 1708 1041 proprium
1742 973 1850 1018 no-

347 1075 500 1119 men
553 1057 710 1135 viri,
764 1059 1151 1141 quandoque
1202 1057 1470 1134 montis,
1513 1056 1848 1119 interdum

351 1156 687 1235 territorii,
719 1157 1066 1238 aliquando
1111 1155 1408 1233 civitatiS,
1443 1154 1852 1236 quemadmo-

97 1265 320 1308 Nmauu
350 1253 510 1314 dum
541 1271 737 1336 super
758 1254 994 1317 librum
1027 1255 1445 1318 Numerorum
1478 1261 1542 1316 et
1569 1252 1724 1315 alibi
1756 1259 1852 1315 est

349 1359 707 1414 ostensum.
756 1352 974 1434 Itaque
1012 1353 1172 1415 Naas
1210 1370 1358 1416 cum
1407 1369 1524 1414 suo
1568 1350 1850 1414 exercitu

349 1448 582 1512 urbem
616 1451 876 1514 nomine
903 1451 1087 1514 Jabes
1129 1451 1379 1514 obsedit
1417 1458 1482 1513 et
1521 1450 1854 1532 impugna-

349 1549 466 1624 vit,
503 1558 573 1612 et
612 1549 830 1614 forsan
874 1569 950 1614 ex
993 1551 1215 1614 eodem
1263 1549 1525 1626 motiv0,
1573 1566 1702 1630 quo
1743 1565 1853 1610 rex

354 1645 646 1710 filiorum
695 1649 991 1726 Ammon,
1047 1657 1276 1712 terram
1329 1647 1614 1710 filiorum
1665 1644 1852 1708 lsrael

351 1753 532 1808 trans
570 1747 909 1810 Iordanem
947 1755 1237 1830 tempore
1277 1746 1550 1828 Jephthe
1590 1742 1848 1819 invasit,

353 1943 512 2024 pulo
536 1944 922 2023 Iudaeorum,
954 1946 1213 2027 quando
1245 1945 1324 2007 de
1354 1943 1619 2025 AEgypto
1652 1959 1856 2022 egres-

353 2041 406 2104 si
429 2051 608 2105 sunt.

433 2145 892 2222 Dia-eruntque
920 2163 1136 2204 omnes
1155 2143 1314 2212 viri,
1339 2141 1403 2204 id
1425 2149 1520 2204 est
1550 2139 1858 2202 habitato-

356 2258 472 2315 res,
481 2243 676 2302 Jabes
693 2245 784 2302 ad
801 2243 980 2304 Naas
991 2263 1014 2301 .·
1027 2244 1270 2303 Habeto
1291 2261 1404 2302 nos
1417 2241 1774 2318 foederatos,
1792 2237 1857 2299 id

354 2347 474 2414 est,
509 2339 694 2422 pacis
733 2348 990 2422 pactum
1021 2339 1114 2403 ini
1147 2339 1506 2415 nobiscum,
1545 2349 1604 2399 et
1631 2339 1860 2398 servie-

354 2461 502 2500 mus·
541 2442 690 2510 tibi,
721 2459 1008 2504 annuum
1046 2440 1258 2502 dando
1302 2439 1640 2502 tributum.
1676 2437 1860 2501 Vide-

355 2537 509 2601 bant
543 2538 720 2602 enim
754 2558 823 2602 se
865 2557 993 2602 non
1032 2557 1222 2621 posse
1253 2537 1387 2620 regi
1428 2536 1582 2600 huic
1614 2535 1861 2620 resiste-

357 2657 446 2713 re,
469 2657 595 2701 nec
625 2645 763 2702 erat
791 2656 1012 2701 eorum
1045 2655 1190 2720 spes
1224 2636 1506 2700 stabilita
1529 2635 1596 2698 in
1619 2636 1757 2698 Deo.
1774 2636 1860 2695 Et

355 2740 694 2815 resporuiit
723 2741 812 2798 ad
839 2758 940 2798 eos
960 2740 1141 2799 Naas
1169 2738 1572 2798 Ammonites
1592 2756 1614 2794 .·
1635 2739 1718 2796 In
1747 2736 1862 2794 hoc

356 2837 608 2914 feriam
627 2838 952 2898 vobiscum
980 2837 1216 2914 foeduS,
1237 2845 1308 2896 ut
1325 2856 1575 2906 eruam,
1597 2852 1710 2916 per
1739 2850 1863 2895 ma-

362 2953 482 2997 nus
527 2943 598 2998 et
642 2934 811 2997 ferra
855 2953 1183 2998 servorum
1219 2951 1531 3010 meorum,
1563 2933 1860 2994 omnium

1955 759 2462 839 comminatoria,
2505 765 2811 823 audiente
2840 767 3103 841 popula.
3142 765 3439 824 Elevavit

1957 860 2166 918 omnis
2193 863 2489 936 -populus
2538 881 2747 922 vocem
2794 882 3007 930 suam,
3047 871 3107 921 et
3144 862 3325 938 flevit
3369 880 3445 923 ex

1957 957 2401 1039 compassione
2424 956 2701 1048 ‚fratrum
2732 977 2992 1023 suorum
3026 959 3092 1022 in
3125 959 3317 1022 tantis
3341 979 3447 1022 an-

1956 1055 2185 1134 gustiis
2220 1056 2593 1138 positorum,
2630 1065 2693 1121 et
2721 1059 2875 1141 quia
2908 1058 3208 1122 viderunt
3246 1077 3449 1141 popu—

1960 1153 2093 1216 lum
2124 1155 2315 1218 Israel
2346 1156 2434 1218 ita
2462 1158 2807 1234 contemni,
2844 1157 2943 1221 vel
2974 1158 3127 1240 quia
3164 1160 3448 1222 demeru-

1961 1263 2150 1316 erunt
2177 1254 2270 1317 sic
2309 1254 2625 1318 tribulari.
2660 1259 2746 1318 Et
2772 1277 2907 1318 ecce
2936 1260 3106 1320 Saul
3134 1259 3448 1326 veniebat,

1958 1374 2222 1432 sequens
2242 1357 2421 1415 boves
2438 1357 2519 1414 de
2537 1373 2708 1432 a9r0.
2728 1355 2956 1420 Dicunt
2977 1355 3262 1437 quidam,
3276 1356 3448 1438 quod

1961 1471 2112 1516 casu
2143 1453 2319 1516 venit
2348 1461 2493 1535 post
2524 1452 2753 1528 boves3
2786 1454 2919 1532 alii,
2955 1454 3128 1537 quod
3159 1471 3450 1534 egressus

1961 1559 2096 1613 erat
2136 1550 2201 1612 in
2242 1569 2462 1631 agrum
2503 1551 2581 1613 ad
2624 1552 3099 1616 exercitandum
3140 1571 3209 1616 se
3249 1553 3315 1615 in
3358 1573 3453 1616 sa-

1959 1649 2248 1728 gittando
2278 1649 2375 1712 vel
2408 1649 2611 1730 gratia
2642 1651 3218 1733 spatiandi,sicque
3249 1671 3454 1716 rever-

1962 1767 2070 1809 sus
2103 1747 2186 1809 sit
2216 1747 2371 1810 hora
2389 1767 2516 1829 qua
2535 1747 2729 1812 boves
2763 1748 3453 1816 reducebantur.Porro

103 1855 327 1961 ,¹2f³⁶⁶'¹¹'‘'
353 1843 700 1908 affirmans
737 1866 880 1910 eam
920 1846 1044 1909 sibi
1085 1847 1324 1929 injuste
1365 1844 1639 1908 ablatam
1680 1862 1717 1905 a
1747 1861 1855 1925 po-
1885 1843 1934 1905 B
1959 1847 2269 1930 Iosephus
2310 1855 2713 1929 protestatur,
2750 1848 2921 1928 quod
2962 1850 3137 1912 venit
3174 1852 3255 1914 de
3293 1852 3455 1933 agri-

1961 1945 2227 2008 cultura.
2253 1945 2387 2008 Non
2416 1945 2587 2008 enim
2620 1954 2879 2029 propter
2910 1965 3175 2028 regnum
3206 1949 3454 2024 dimisit

1961 2044 2169 2108 adhuc
2221 2044 2398 2126 prius
2438 2041 2773 2120 officium3
2820 2044 2921 2109 vel
2969 2043 3182 2109 forsan
3225 2067 3303 2110 ex
3344 2048 3455 2111 hu-

1961 2143 2233 2206 militate
2272 2143 2393 2206 hoc
2424 2142 2575 2224 egit,
2608 2149 2671 2205 et
2709 2143 2875 2205 inter
2915 2143 3073 2207 alios
3113 2145 3226 2227 qui
3258 2147 3453 2213 boves

1963 2261 2110 2306 suos
2169 2263 2243 2306 ac
2300 2259 2529 2324 pecora
2581 2241 2988 2320 reducebant,
3046 2241 3453 2310 familiariter

1965 2342 2082 2406 ivit
2109 2362 2182 2406 ac
2212 2340 2601 2407 conferebat.
2640 2345 2723 2404 Et
2752 2343 2849 2402 ait
2880 2363 2902 2400 .·
2938 2344 3111 2412 Quid
3139 2347 3323 2406 habet
3344 2365 3455 2423 po-

1957 2445 2162 2519 pulus
2180 2444 2350 2521 quod
2373 2441 2633 2518 plorat?
2654 2444 2737 2503 Et
2758 2452 3200 2504 narraverunt
3218 2446 3282 2503 ei
3304 2462 3457 2526 prae-

1968 2536 2082 2602 fati
2129 2539 2359 2614 nuntii,
2397 2537 2499 2602 vel
2544 2538 2736 2612 etiam
2776 2538 2949 2602 cives
2988 2539 3218 2618 Gabaa,
3264 2545 3454 2603 verba

1967 2639 2262 2699 virorum
2302 2639 2485 2699 Jabes
2518 2658 2541 2697 .·
2576 2636 2895 2719 siquidem
2940 2639 3148 2701 nuntii
3196 2638 3455 2704 fuerunt

1967 2736 2329 2820 specialiter
2359 2734 2538 2797 missi
2570 2736 2649 2798 ad
2683 2736 2852 2798 Saul.

2057 2839 2144 2898 Et
2181 2837 2446 2896 insiluit
2496 2837 2787 2912 Spiritus
2828 2837 3098 2896 Domini
3140 2838 3213 2897 in
3261 2841 3449 2911 Saul,

1967 2955 2169 3014 quum
2202 2934 2485 2993 audisset
2518 2934 2705 2992 verba
2736 2935 2894 3003 haee,
2924 2933 3045 2996 hoc
3084 2942 3201 3012 est,
3244 2953 3320 2997 cx
3362 2935 3459 2998 in-

359 3043 650 3095 vestrum
673 3037 885 3094 ocutos
903 3036 1538 3113 deoetrossquatenus
1568 3030 1697 3092 illis
1720 3049 1864 3094 eru-
1890 3031 1936 3098 C
1969 3031 2207 3094 stinctu
2248 3039 2311 3094 et
2349 3030 2720 3112 operatione
2757 3029 3029 3112 Spiritus
3074 3032 3307 3110 Sancti,
3344 3053 3458 3098 seu

359 3133 464 3211 tis,
500 3132 648 3196 sitis
677 3133 758 3196 de
787 3140 998 3196 cetero
1030 3130 1232 3214 inepti
1259 3132 1338 3194 ad
1361 3130 1600 3213 praelia,
1625 3129 1692 3192 in
1723 3128 1863 3211 qui-

359 3231 484 3294 bus
512 3231 691 3296 oculi
723 3229 969 3294 sinistri
1002 3230 1198 3294 scutis
1229 3237 1528 3310 teguntur
1553 3252 1569 3304 3
1596 3248 1863 3307 ponam-

359 3352 482 3411 que
512 3351 626 3391 vos
653 3332 1074 3409 opprobrium
1103 3332 1177 3390 in
1201 3332 1502 3390 universo
1534 3330 1778 3389 Israel:
1796 3326 1860 3389 id

360 3438 479 3507 est,
517 3430 594 3491 in
635 3436 765 3492 toto
805 3427 1150 3491 lsraelitico
1199 3426 1437 3509 populo
1481 3424 1714 3489 faciam
1751 3442 1864 3487 vos

359 3527 804 3611 aspernabiles
835 3534 901 3589 et
937 3526 1422 3602 abominandOS‚
1458 3544 1570 3588 seu
1615 3522 1864 3588 cunctis

363 3626 836 3703 formidabileS,
874 3624 960 3687 ita
1010 3624 1184 3705 quod
1234 3623 1372 3687 visa
1421 3623 1606 3705 plaga
1656 3630 1867 3686 vestra

365 3726 806 3803 terrebuntur,
825 3730 1140 3805 quatenus
1171 3740 1300 3787 non
1332 3728 1722 3804 praesumant
1749 3721 1867 3783 mi-

365 3826 430 3888 hi
463 3824 792 3889 resistere.
827 3821 1124 3897 Quamvis
1158 3819 1330 3884 enim
1376 3829 1648 3903 utroque
1681 3820 1867 3883 oculo

365 3922 698 4000 egcaecari,
745 3921 954 4003 majus
1003 3919 1235 3984 fuisset
1283 3920 1614 3997 damnum,
1657 3928 1868 3982 tamen

367 4024 632 4087 dextero
653 4020 919 4104 privari,
937 4018 1168 4083 fuisset
1187 4019 1396 4099 majus
1423 4018 1866 4100 opprobrium.

369 4126 453 4184 Et
479 4124 806 4182 diruerunt
835 4121 924 4179 ad
953 4138 1101 4179 eum
1134 4119 1412 4178 seniores
1446 4118 1628 4177 Jabes
1658 4136 1682 4175 .·
1715 4118 1871 4177 Con-

1971 3130 2317 3195 voluntatis
2374 3129 2631 3207 divinae,
2693 3130 2774 3192 ad
2833 3130 3450 3212 magnanimitatem,

1971 3229 2324 3306 audaciam,
2372 3235 2435 3291 et
2485 3228 2642 3290 iram
2694 3247 2807 3311 per
2854 3228 3058 3293 zelum
3109 3239 3320 3293 motus
3364 3240 3460 3303 est

1971 3328 2382 3392 vehementer
2428 3345 2501 3388 ac
2551 3326 2782 3404 subito,
2834 3344 2963 3391 non
3012 3328 3306 3393 obstante
3346 3344 3459 3393 sua

1972 3424 2355 3488 humilitate.
2401 3423 2651 3487 Etenim
2702 3424 2893 3487 simul
2943 3434 3087 3504 stat,
3130 3429 3302 3509 quod
3352 3428 3463 3493 ali—

1973 3525 2117 3608 quis
2147 3542 2226 3587 ex
2253 3522 2762 3601 consideratione
2792 3524 3069 3607 propriae
3104 3527 3457 3609 parvitatis,

1974 3623 2261 3699 vilitatiS,
2295 3641 2367 3686 ac
2396 3622 2899 3686 defectuositatis
2932 3624 3015 3685 sit
3046 3625 3334 3705 humiliS,
3371 3637 3463 3693 at-

1974 3742 2101 3807 que
2130 3742 2207 3786 ex
2234 3720 2742 3786 consideratione
2781 3722 2988 3785 divini
3030 3724 3301 3789 subsidii
3347 3746 3460 3791 seu

1975 3822 2246 3885 aliarum
2293 3838 2509 3883 rerum
2558 3839 2700 3902 quae
2750 3820 2827 3883 ad
2875 3822 3461 3902 magnanimitatem

1976 3920 2311 3995 inducunt,
2346 3918 2604 3981 exsistat
2634 3918 3103 3999 magnanimus
3140 3925 3223 3984 Et
3252 3924 3463 3986 iratus

1974 4028 2064 4080 est
2093 4021 2287 4099 furor
2312 4017 2453 4094 ejus
2482 4019 2707 4086 nimis,
2739 4016 2803 4079 id
2834 4026 2950 4097 est,
2988 4017 3127 4101 ipse
3165 4021 3347 4085 valde
3384 4024 3464 4087 ad

1979 4116 2139 4179 iram
2180 4134 2296 4198 per
2334 4114 2541 4177 zelum
2581 4122 2679 4177 est
2722 4116 3095 4197 concitatuS,
3135 4120 3461 4200 aegerrime

367 4223 514 4280 cede
551 4220 740 4280 nobis
775 4225 1012 4293 septem
1049 4216 1188 4275 dies
1231 4214 1633 4277 induciarum
1677 4220 1741 4277 et
1783 4212 1872 4276 di·
1899 4218 1950 4283 D
1981 4214 2195 4278 ferens
2242 4212 2411 4295 quod
2460 4230 2569 4275 rex
2616 4212 2952 4278 idololatra
3001 4217 3311 4299 populum
3354 4220 3465 4283 Dei

372 4316 656 4393 lationiS,
690 4325 764 4378 ut
807 4312 1066 4376 interim
1106 4315 1444 4375 mittamus
1479 4315 1744 4374 nuntios
1783 4316 1871 4374 ad

371 4420 708 4478 universos
741 4414 1046 4475 terminos
1066 4414 1295 4482 Israel,
1320 4410 1388 4473 id
1423 4418 1520 4473 est
1549 4411 1629 4473 ad
1661 4409 1873 4492 singu-

373 4514 464 4585 las
509 4512 745 4589 tribus,
777 4522 839 4571 et
866 4512 927 4571 si
955 4530 1086 4571 non
1116 4510 1324 4587 fuerit
1366 4528 1474 4571 rex
1517 4518 1626 4571 aut
1671 4527 1873 4591 popu-

375 4611 472 4675 lus
501 4614 622 4693 qui
650 4612 962 4689 defendat
1005 4628 1120 4669 nos
1149 4625 1186 4670 a
1219 4616 1326 4670 tua
1359 4606 1868 4689 impugnatione,

372 4714 783 4789 eqrediemur
809 4710 900 4770 ad
929 4717 988 4769 te
1017 4707 1098 4769 ad
1132 4705 1496 4770 faciendum
1541 4725 1654 4769 seu
1689 4706 1873 4770 susti-

379 4809 662 4873 nendum
693 4806 864 4889 quod
895 4805 1186 4887 jusseriS.

473 4910 799 4971 Venerunt
825 4924 973 4982 erqo
1007 4906 1233 4965 nuntii
1263 4906 1337 4964 in
1363 4905 1585 4964 Gabaa
1616 4906 1867 4977 Saulis,

377 5008 444 5070 in
477 5025 608 5088 qua
639 5012 826 5068 natus
866 5002 991 5064 fuit
1028 5011 1092 5067 et
1129 5001 1516 5065 morabatur.
1550 5001 1875 5065 Concessit

378 5106 624 5187 quippe
674 5123 782 5166 rex
832 5102 942 5165 ille
991 5102 1162 5183 quod
1216 5102 1561 5184 petierunt,
1620 5119 1748 5164 non
1799 5120 1874 5163 ex

379 5205 640 5287 pietate,
676 5202 790 5265 sed
819 5200 1246 5276 animositate,
1283 5199 1466 5281 quasi
1507 5198 1744 5262 auxilia
1785 5199 1877 5262 vi-

381 5322 596 5367 rorum
625 5300 814 5364 Jabes
852 5308 1292 5377 contemnens,
1327 5308 1399 5361 ut
1431 5297 1742 5381 Iosephus
1789 5298 1878 5362 lo-

1980 4313 2072 4376 sic
2100 4311 2344 4395 sprevit
2371 4328 2445 4374 ac
2475 4310 2823 4389 tribulavit,
2838 4313 2992 4394 quia
3021 4314 3088 4377 in
3118 4315 3240 4380 hoc
3272 4317 3466 4382 Deum

1977 4409 2382 4493 contempsit,
2442 4409 2628 4489 cujus
2691 4408 3252 4477 inhonorationem
3319 4417 3463 4495 Saul

1977 4510 2208 4589 aegrius
2249 4507 2415 4585 tulit,
2450 4527 2523 4571 ac
2565 4508 2767 4589 magis
2811 4510 3058 4591 optavit
3100 4512 3343 4577 ulcisci.
3381 4519 3466 4578 Et

1981 4628 2306 4669 assumens
2356 4616 2702 4687 utrumque
2751 4610 2988 4681 bovem,
3026 4614 3339 4673 conscidit
3395 4618 3468 4676 in

1980 4710 2219 4788 frusta,
2254 4705 2316 4768 id
2355 4714 2472 4784 est,
2506 4705 2665 4769 duos
2704 4724 2779 4769 ex
2818 4706 3023 4771 bobus
3070 4709 3203 4772 suis
3245 4730 3360 4793 per
3400 4730 3471 4776 se

1981 4805 2084 4869 vel
2123 4824 2238 4888 per
2276 4802 2603 4867 ministros
2634 4802 2956 4868 frustatim
2986 4805 3227 4885 divisit,
3262 4812 3467 4874 misit-

1981 4926 2104 4985 que
2133 4907 2207 4965 in
2236 4922 2451 4964 omnes
2484 4904 2784 4963 terminos
2813 4906 3020 4965 Israel
3042 4925 3164 4982 per
3196 4928 3464 4973 manum

1982 5006 2368 5064 nuntiorum
2401 4999 2827 5082 propriorum,
2862 5001 2963 5065 vel
2992 5010 3057 5065 et
3095 5022 3315 5069 eorum
3356 5010 3468 5091 qui

1984 5109 2164 5165 erant
2202 5096 2381 5161 mi'ssi
2420 5119 2459 5161 a
2486 5097 2731 5175 Jabitis,
2763 5100 2981 5159 dicens
3013 5122 3036 5160 .·
3072 5106 3469 5189 Quicumque

1983 5208 2170 5281 aptus
2218 5197 2296 5259 ad
2337 5196 2577 5259 bellum
2618 5216 2750 5257 non
2795 5199 3056 5269 exierit,
3096 5213 3471 5287 secutusque

1983 5294 2190 5379 fuerit
2237 5292 2404 5357 Saul
2451 5305 2511 5356 et
2558 5298 2948 5369 Samuelem,
2980 5300 3073 5358 sic
3118 5304 3232 5378 fiet
3280 5306 3469 5368 bobus
