4359 6250
1173 508 1520 555 ENARRATm
1563 508 1626 554 IN
1669 508 1805 554 GAP.
1855 508 2001 555 xxlv
2043 508 2245 556 Josuss.
2294 528 2369 539 —
2415 511 2557 557 Alt'r.
2602 512 2776 557 xxxu
3396 496 3512 560 103

411 679 688 741 mentiri
715 681 996 739 Domino
1027 682 1156 741 Deo
1198 689 1424 748 vestro,
1461 676 1527 739 id
1567 686 1662 741 est
1702 678 1780 740 ad
1822 677 1912 739 in·
1942 678 1993 739 A
2025 676 2193 741 istud
2236 698 2363 743 non
2404 689 2498 743 est
2540 680 2985 745 universaliter
3024 682 3513 763 intelligendum

409 778 651 860 juriam
695 784 760 839 et
805 776 1288 841 irreverentiam
1328 776 1461 854 Dei,
1495 777 1665 858 quod
1705 776 1772 838 in
1813 795 1914 839 ve-
2023 778 2102 841 de
2131 779 2434 843 omnibus
2466 780 2625 843 filiis
2654 800 2728 844 ac
2760 781 3051 843 tribubus
3083 781 3271 844 Israel
3307 798 3320 843 :
3358 782 3509 858 imo,

413 884 615 939 stram
647 875 998 959 perniciem
1031 876 1304 939 cederet.
1340 876 1417 938 At
1449 895 1598 939 vero
1629 874 1696 937 in
1729 874 1915 938 Scho-
2025 886 2096 940 ut
2127 878 2297 941 infra
2330 879 2397 941 in
2430 878 2595 943 libro
2623 879 3246 962 Judicumscriptum
3280 888 3399 958 est,
3422 880 3515 945 vi-

417 974 644 1039 lastica
676 973 882 1038 fertur
911 974 1179 1039 historia
1215 993 1228 1036 :
1264 975 1332 1037 ln
1365 976 1620 1057 signum
1653 973 1913 1038 foederis
2027 985 2216 1039 vente
2245 978 2453 1041 adhuc
2472 977 2741 1041 Phinees
2772 977 2915 1041 filio
2934 977 3235 1055 Eleazari‚
3256 977 3516 1042 etOtho-

417 1073 779 1151 memorati,
823 1073 1060 1137 effudit
1087 1073 1276 1137 Josue
1315 1074 1509 1137 etiam
1548 1092 1777 1155 aquam
1811 1092 1915 1136 su·
2029 1076 2197 1139 niele
2225 1076 2456 1140 marito
2488 1076 2643 1140 filiae
2673 1076 2885 1154 Caleb,
2921 1077 3123 1139 tribus
3154 1078 3286 1139 Dan
3316 1077 3515 1141 coluit
3538 1099 3806 1153 natan-m,

417 1193 535 1257 per
565 1181 822 1236 terram.
846 1173 976 1237 Mos
1006 1181 1142 1237 erat
1161 1173 1532 1255 gentilibuS,
1559 1174 1625 1235 in
1659 1173 1912 1255 signum
2028 1176 2270 1241 idolum
2312 1176 2549 1253 Michae,
2585 1185 2647 1240 et
2692 1175 3077 1239 habitatores
3114 1176 3320 1239 Gabaa
3349 1194 3517 1239 com·
3544 1166 3610 1214 ³⁰·
3629 1166 3695 1208 ³¹·

417 1281 482 1336 et
545 1271 740 1335 robur
795 1272 940 1334 initi
994 1271 1278 1349 foedcris,
1333 1272 1710 1352 sanguinem
1769 1272 1916 1333 suil-
2027 1276 2341 1339 miserunt
2388 1275 2835 1355 gravissimum
2888 1275 3094 1338 scelus
3138 1274 3203 1336 in
3254 1292 3513 1337 uxorem
3583 1296 3805 1348 medam,

421 1372 555 1433 lum
589 1369 933 1435 effundere
968 1388 982 1433 :
1019 1371 1202 1453 quasi
1233 1370 1541 1447 dicerent,
1567 1370 1668 1434 Sic
1698 1369 1916 1433 effun-
2026 1374 2279 1450 Levitae,
2316 1374 2444 1437 imo
2475 1382 2539 1437 et
2569 1373 2635 1435 in
2677 1374 2887 1455 ipsum
2920 1372 3128 1437 virum
3173 1372 3371 1454 impia
3408 1390 3519 1437 vo-
3546 1362 3699 1411 ²⁵³²·

417 1469 608 1532 detur
657 1470 916 1551 sanguis
959 1468 1136 1532 illius
1175 1469 1288 1551 qui
1331 1469 1668 1533 violaverit
1707 1467 1918 1531 foedus
2028 1473 2293 1535 luntate.
2330 1471 2451 1535 Sed
2492 1472 2981 1554 intelligendum
3024 1478 3141 1549 est,
3188 1471 3361 1552 quod
3403 1489 3518 1553 pro

419 1567 616 1631 istud.
683 1567 927 1632 Hebraei
978 1586 1130 1631 vero
1181 1588 1409 1650 aquam
1471 1566 1914 1645 effundenteS,
2030 1570 2259 1652 maj0ri
2292 1580 2471 1653 parte
2502 1570 2769 1635 Domino
2800 1570 3187 1647 servierunt;
3215 1578 3424 1633 tamen
3456 1577 3520 1631 et

419 1667 801 1732 atrociorem
876 1687 1131 1750 poenam
1190 1666 1484 1731 violatori
1554 1666 1912 1749 signabant.
2029 1669 2170 1733 aliae
2203 1670 2407 1732 tribus
2438 1670 2505 1731 in
2536 1668 2883 1751 aliquibuS,
2916 1669 3106 1731 etiam
3138 1667 3393 1732 vivente
3419 1667 3521 1731 Jo-

417 1766 549 1829 Alii
570 1785 850 1849 namque
878 1766 1160 1848 liquores
1184 1784 1312 1831 non
1345 1766 1432 1829 ita
1462 1765 1824 1829 funduntur
1843 1786 1918 1829 ex
2031 1788 2165 1846 sue,
2201 1778 2645 1852 peccaverunt,
2672 1768 3203 1850 quemadmodum
3236 1768 3316 1831 de
3346 1766 3518 1830 tribu

419 1883 598 1941 vase,
653 1866 814 1946 quin
862 1864 1125 1946 aliquod
1186 1864 1285 1927 sui
1337 1864 1676 1943 vestigium
1728 1863 1796 1926 in
1844 1883 1918 1927 eo
1956 1866 2003 1927 B
2030 1867 2333 1951 Ephraim
2359 1886 2432 1931 ac
2451 1866 2625 1930 tribu
2655 1866 2933 1929 Manasse
2957 1866 3374 1949 praehabitum
3397 1874 3516 1943 est,
3578 1886 3809 1935 ιωιιωι,

425 1963 800 2045 relinquant
834 1981 848 2026 :
885 1964 1059 2027 solus
1090 1982 1272 2044 aquae
1303 1963 1515 2043 liquor
1545 1981 1804 2044 prorsus
1835 1961 1922 2025 ef·
2030 1968 2202 2047 quod
2233 1966 2583 2049 cupiditate
2603 1965 2799 2043 ducti,
2828 1965 3115 2029 fecerunt
3134 1964 3520 2028 Chananaeos
3552 1950 3729 2053 {g'u'h
3748 1949 3812 1997 ¹²⁹

429 2062 750 2125 funditur.
783 2060 963 2136 Quod
995 2060 1320 2125 faciebant
1347 2059 1592 2124 Hebraei
1624 2060 1687 2123 in
1726 2059 1924 2125 l'oede-
2031 2064 2421 2141 tributari05‚
2470 2084 2586 2127 nec
2622 2066 2801 2145 juxta
2832 2063 2939 2127 Dei
2981 2070 3369 2146 praeceptum
3412 2080 3519 2126 eos

425 2182 494 2225 re
519 2160 682 2225 inito
715 2180 862 2224 cum
893 2161 1198 2224 Domino:
1231 2158 1416 2242 quasi
1447 2160 1751 2236 dicerent,
1787 2160 1921 2224 Non
2033 2163 2511 2228 interfecerunt.

427 2260 641 2323 solum
675 2260 947 2323 violator
971 2258 1234 2323 l'oederis
1266 2258 1459 2340 hujus
1481 2258 1736 2341 peribit,
1760 2258 1924 2321 sicut
2115 2269 2267 2327 Ossa
2317 2283 2565 2344 quoque
2592 2265 2843 2342 loseph,
2887 2284 3029 2343 quoe
3068 2266 3353 2323 tulerant
3387 2263 3523 2339 filii
3572 2278 3812 2329 exactam,

425 2361 494 2422 in
536 2358 682 2422 aliis
714 2358 1030 2438 contingit
1073 2357 1444 2433 foederibuS‚
1483 2358 1592 2419 sed
1624 2365 1754 2420 tota
1785 2375 1925 2439 pro-
2037 2366 2243 2425 Israel
2272 2366 2351 2423 de
2369 2365 2677 2440 AE'yypto,
2704 2361 3053 2425 secundum
3087 2354 3256 2442 quod
3279 2359 3347 2422 in
3366 2360 3525 2422 Exo-
3556 2344 3620 2384 ¹⁰·

425 2456 652 2537 genios
702 2456 844 2539 ejus
892 2455 1130 2539 peribit
1178 2475 1326 2521 cum
1377 2456 1510 2532 illo,
1555 2464 1626 2518 ut
1674 2454 1922 2517 nullum
2035 2462 2117 2524 do
2167 2460 2425 2542 legitur,
2462 2460 2852 2537 sepelierunt
2890 2461 2964 2519 in
2995 2460 3279 2529 Sichem,
3324 2456 3388 2519 id
3428 2464 3524 2520 est

429 2554 778 2634 vestigium
843 2557 986 2638 eJus
1051 2563 1352 2637 appareat
1412 2572 1605 2637 super
1666 2561 1920 2617 terram.
2037 2560 2104 2623 in
2138 2568 2306 2623 terra
2336 2558 2428 2622 sic
2453 2558 2643 2621 dicta.
2667 2562 2751 2619 In
2768 2568 2961 2635 parte
2984 2560 3135 2635 aqri
3158 2578 3347 2637 quem
3369 2577 3527 2617 eme-
3554 2574 3817 2625 cemma„

429 2654 737 2719 Solebant
766 2672 1026 2737 quoque
1049 2661 1296 2717 veteres
1327 2654 1487 2716 dura
1519 2660 1584 2716 et
1613 2652 1724 2716 diu
1747 2653 1928 2715 dura·
2038 2669 2142 2720 rat
2182 2660 2375 2720 Jacob
2412 2680 2453 2719 a
2490 2660 2654 2736 filiis
2698 2661 2939 2718 Hemor
2977 2659 3191 2735 patris
3241 2656 3521 2717 Sichem,
3556 2639 3621 2680 ¹⁹·

113 2778 132 2796 ·
164 2778 362 2832 erigere
429 2754 612 2831 bilia,
649 2753 897 2817 scilicet
927 2753 1194 2835 lapideS,
1231 2754 1301 2817 in
1332 2753 1588 2835 signum
1621 2752 1856 2832 eligere
1875 2754 1922 2829 *,
2037 2758 2194 2822 Nam
2227 2758 2478 2821 Sichem
2510 2756 2892 2838 quandoque
2924 2754 3185 2837 ponitur
3215 2772 3326 2838 pro
3354 2753 3529 2817 terri·-

429 2863 503 2917 ut
536 2872 652 2917 sua
681 2852 1104 2916 diuturnitate
1143 2852 1372 2915 initum
1407 2850 1616 2915 foedus
1657 2851 1928 2933 posteris
2038 2857 2202 2921 torio
2240 2856 2376 2932 illo,
2408 2856 2797 2937 quandoque
2835 2873 2953 2937 pro
2992 2853 3171 2931 urbe,
3209 2853 3526 2917 interdum

427 2953 514 3015 ad
555 2950 936 3015 memoriam
971 2958 1364 3013 revocarent.
1400 2950 1542 3013 Haec
1574 2948 1688 3011 ibi.
1723 2951 1930 3011 Dimi-
2040 2974 2156 3039 pro
2188 2956 2327 3021 viro
2358 2954 2451 3017 sic
2482 2954 2819 3037 appellato.
2843 2952 3162 3035 Scriptum
3192 2960 3287 3016 est
3316 2958 3525 3015 autem

429 3052 644 3133 sitque
667 3054 1018 3130 populum,
1046 3050 1336 3128 Sinyulos
1378 3050 1451 3110 in
1475 3050 1928 3128 possessionem
1963 3051 2007 3115 C
2038 3053 2300 3118 Genesis
2335 3051 2587 3130 ultimo,
2622 3051 3161 3135 quemadmodum
3193 3050 3425 3133 Joseph
3461 3049 3527 3111 in

425 3171 638 3212 suam.
2040 3153 2341 3218 extremis
2390 3151 2657 3234 posituS‚
2700 3151 2893 3234 jussit
2939 3159 3011 3213 ut
3060 3149 3184 3213 filii
3227 3149 3414 3213 Israel
3459 3148 3527 3211 in
3559 3166 3819 3218 nimau.

487 3253 734 3328 Etpost
754 3251 889 3310 hoec
906 3257 1206 3310 ‘mortuus
1223 3256 1314 3308 est
1330 3249 1517 3309 Josue
1535 3248 1719 3324 filius
1741 3247 1928 3316 Nun,
2041 3253 2214 3316 exitu
2260 3270 2374 3314 suo
2406 3251 2486 3314 de
2513 3250 2805 3333 AEgypto‚
2838 3268 2981 3313 ossa
3015 3267 3129 3311 sua
3168 3265 3381 3311 secum
3428 3248 3531 3310 de-

427 3369 658 3412 ser-vus
695 3349 993 3417 Domini,
1032 3357 1288 3408 centum
1325 3349 1534 3406 decem
1578 3366 1926 3408 annorum·
2044 3351 2305 3427 ferrent,
2341 3369 2415 3413 ac
2445 3349 2813 3431 sepelirent.
2851 3352 3051 3418 Quem
3078 3357 3317 3409 emerat
3344 3349 3533 3408 Jacob

427 3447 612 3510 Circa
626 3446 798 3529 quod
814 3445 1106 3527 Magister
1123 3445 1190 3506 in
1213 3443 1497 3508 historiis
1520 3452 1931 3526 protestatur:
2041 3474 2080 3512 a
2110 3452 2275 3529 filiis
2306 3453 2547 3512 Hemor
2567 3451 2783 3527 patris
2802 3449 3061 3510 Sickem
3084 3468 3105 3507 .·
3129 3464 3275 3508 nam
3307 3445 3536 3508 Hemor

429 3545 865 3626 Quadraginta
903 3552 1177 3626 quatuor
1215 3561 1527 3607 annorum
1559 3551 1694 3606 erat
1731 3561 1931 3624 quum
2043 3547 2267 3612 habuit
2298 3547 2509 3610 filium
2544 3545 2803 3611 nomine
2835 3543 3108 3622 Sichem,
3130 3544 3241 3626 qui
3273 3543 3536 3607 violavit

431 3643 710 3709 accessit
751 3644 831 3706 ad
875 3641 1149 3725 Moysen,
1186 3650 1249 3704 et
1297 3641 1718 3723 quadraginta
1746 3641 1934 3703 annis
2043 3647 2267 3711 Dinam
2301 3644 2506 3708 filiam
2543 3644 2777 3719 Jacob3
2812 3654 3071 3706 centum
3098 3645 3369 3705 novellis
3408 3644 3539 3702 ovi-

433 3742 705 3807 servivit
749 3741 809 3805 ei
851 3741 917 3803 in
963 3742 1236 3804 deserto,
1270 3739 1359 3802 Ex
1409 3755 1536 3821 quo
1586 3739 1928 3821 colligitur,
2043 3748 2178 3808 bus.
2201 3745 2559 3808 Secundum
2583 3742 2919 3826 Lyram,in
2952 3743 3211 3806 Hebraeo
3243 3741 3533 3817 habetur,

433 3842 610 3925 quod
643 3840 875 3922 viginti
901 3859 1011 3903 sex
1041 3839 1228 3902 annis
1261 3838 1422 3901 rexit
1450 3837 1756 3920 populum
1793 3846 1935 3920 post
2042 3844 2310 3908 Centum
2340 3842 2569 3906 obolis,
2606 3841 2726 3904 Sed
2758 3841 2971 3924 potius
3002 3859 3143 3904 reor
3178 3839 3245 3902 in
3278 3838 3537 3902 Hebraeo

433 3941 778 4004 transitum
798 3939 1111 4003 Jordanis.
1135 3940 1668 4017 &petieruntque
1694 3938 1934 3997 eumin
2043 3941 2265 4005 haberi
2294 3940 2460 4004 sicut
2482 3939 2901 4022 Hieronymus
2926 3937 3266 4014 transtulit,
3284 3944 3347 4000 et
3374 3934 3537 3999 sorte

431 4041 684 4118 finibus
707 4039 1120 4117 possessionis
1147 4057 1281 4098 suae
1301 4038 1375 4095 in
1414 4037 1935 4103 Thamnatlzsare,
2044 4039 2240 4103 dictio
2270 4039 2381 4102 illa
2409 4038 2715 4101 Hebraica
2754 4044 2955 4100 exstat
2986 4035 3331 4118 aequivoca.
3358 4033 3537 4096 Anti-

433 4139 502 4202 id
533 4147 632 4202 est
661 4137 821 4200 urbe
865 4137 958 4199 sic
1000 4136 1190 4212 dicta,
1225 4135 1324 4198 vel
1371 4135 1436 4196 in
1481 4152 1633 4216 agro
1683 4141 1792 4196 aut
1821 4132 1934 4194 ali·
2044 4139 2155 4221 qui
2187 4138 2430 4220 quippe
2463 4136 2802 4219 pecoribus
2835 4153 2950 4217 pro
2980 4133 3254 4217 pecunia
3274 4131 3534 4195 uteban-

434 4257 566 4321 quo
595 4237 741 4301 loco
774 4254 974 4318 prope
1004 4235 1250 4312 urbem,
1277 4242 1348 4296 ut
1375 4233 1570 4298 moris
1593 4241 1743 4295 tunc
1775 4241 1930 4294 erat.
1965 4239 2015 4301 D
2045 4245 2166 4300 tur.
2184 4236 2360 4298 Unde
2390 4243 2454 4298 et
2485 4234 2755 4316 pecunia
2773 4232 2854 4296 ab
2883 4233 3001 4296 hoc
3032 4231 3291 4295 nomine
3310 4231 3525 4306 PecuS,

435 4338 857 4416 Servivicque
885 4338 1093 4396 Israel
1121 4336 1396 4396 Domino
1438 4334 1686 4394 cunctis
1713 4333 1936 4392 diebus
2044 4353 2277 4398 nomen
2310 4332 3146 4414 sortitur‚quemadmodum
3180 4329 3247 4392 in
3269 4331 3529 4393 Decreto
3603 4359 3631 4396 ι,
3651 4359 3695 4400 q.
3719 4348 3818 4418 ap.

432 4442 653 4506 Josue‚
686 4435 779 4497 ita
825 4435 998 4516 quod
1047 4433 1168 4495 sub
1217 4434 1357 4515 ejus
1407 4431 1718 4513 regimine
1766 4429 1935 4494 idola
2043 4453 2118 4495 ex
2152 4430 2362 4495 verbis
2385 4430 2709 4494 inducitur
2727 4428 3091 4510 Augustini.
3115 4426 3392 4501 Qualiter
3419 4445 3531 4488 au·
3558 4407 3833 4530 ξζζζᾞωᾶ·

439 4555 570 4600 nou
619 4533 942 4604 colebant,
978 4551 1094 4596 nec
1146 4533 1283 4614 ipse
1333 4529 1454 4595 hoc
1493 4531 1843 4606 tolerasset,
1877 4539 1934 4589 et
2045 4539 2171 4594 tem
2202 4529 2391 4594 Jacob
2422 4529 2578 4593 emit
2606 4547 2828 4609 agrum
2861 4526 3067 4605 illum,
3090 4526 3161 4589 -in
3182 4525 3409 4590 Genesi
3442 4545 3533 4588 re-

435 4638 774 4698 seniorum
791 4633 912 4713 qui
941 4637 1127 4710 lonqo
1160 4633 1467 4692 vioeerunt
1499 4641 1772 4708 tempore
1792 4638 1936 4706 post
2044 4628 2296 4693 citatur.
2352 4628 2643 4690 Attamen
2696 4626 2784 4688 ibi
2836 4625 3125 4702 habetur,
3160 4625 3332 4707 quod
3380 4623 3535 4687 emit

434 4739 653 4803 Josue,
673 4732 884 4810 etqui
911 4740 1226 4792 noverant
1255 4731 1477 4790 omnia
1507 4748 1698 4806 opera
1717 4729 1937 4788 Domi·
2044 4747 2191 4791 eum
2222 4747 2259 4790 a
2292 4725 2449 4788 filiis
2473 4726 2721 4790 Hemor.
2747 4725 2933 4788 Facta
2964 4731 3060 4786 est
3089 4723 3262 4786 enim
3295 4723 3535 4805 emptio

437 4837 516 4895 ni
542 4852 688 4912 φατι
717 4832 958 4908 fecerat
988 4830 1063 4888 in
1092 4831 1324 4896 Israel,
1356 4825 1419 4888 id
1460 4835 1556 4889 est
1595 4824 1932 4903 beneficia,
2047 4827 2157 4889 illa
2202 4845 2278 4889 ex
2328 4825 2655 4889 communi
2708 4842 3025 4887 consensu
3069 4823 3319 4898 Hemor,
3367 4819 3537 4882 filio-

437 4931 644 5010 signa,
689 4925 1006 5010 prodigia,
1041 4925 1342 4989 victorias
1380 4944 1454 4987 ac
1498 4923 1673 4986 varia
1719 4923 1938 5002 gratiae
2047 4943 2317 5006 rumque
2350 4924 2489 5005 ejus
2524 4941 2539 4986 :
2575 4923 2814 4985 idcirco
2854 4922 2933 4984 ab
2974 4919 3264 5001 utrisque
3306 4917 3535 4999 legitur

437 5030 646 5104 dona,
699 5045 846 5109 quae
896 5023 1257 5089 Israeliticae
1308 5024 1483 5107 plebi
1532 5021 1822 5085 exhibuit
1872 5021 1939 5083 in
2047 5031 2300 5105 emptus
2331 5040 2479 5103 ager
2518 5021 2648 5084 ille.
2684 5021 2761 5082 Et
2788 5038 3009 5101 agrum
3050 5018 3228 5081 illum
3266 5015 3537 5081 contulit
3567 5037 3821 5088 manvu„

438 5127 736 5209 AEgypto,
772 5124 839 5186 in
886 5142 1123 5200 eremo,
1159 5131 1222 5186 et
1267 5121 1334 5184 in
1367 5131 1532 5185 terra
1573 5119 1941 5204 promissio-
2046 5121 2237 5185 Jacob
2268 5119 2409 5184 filio
2433 5139 2548 5182 suo
2575 5118 2829 5201 loseph,
2855 5124 3045 5199 prout
3074 5115 3143 5178 in
3172 5113 3399 5178 Genesi
3430 5114 3537 5177 de-
3564 5101 3633 5143 ²²·

442 5226 570 5300 nis»,
605 5242 879 5306 quorum
911 5222 1127 5304 aliqua
1160 5219 1436 5304 propriis
1458 5219 1660 5284 oculis
1681 5238 1943 5302 conspe·
2051 5218 2371 5282 scribitur.
2407 5218 2857 5280 Verumtamen
2898 5214 2989 5278 ibi
3034 5214 3321 5290 habetur,
3366 5211 3537 5293 quod

441 5331 698 5400 xerunt,
715 5321 846 5385 alia
863 5321 1226 5385 didicerunt
1249 5319 1940 5386 relatu.Ver.umtamen
2052 5316 2204 5378 tulit
2234 5335 2453 5397 agrum
2498 5314 2683 5376 illum
2724 5314 2803 5376 de
2848 5331 3039 5376 manu
3070 5308 3418 5374 Amorrhaei
3444 5308 3536 5371 .in
