4359 6250
153 1071 272 1112 Num
279 1103 289 1112 .

1256 494 1602 541 manuario
1644 494 1706 540 ιΝ
1748 493 1884 540 cxl».
1931 493 1968 536 v
2008 491 2212 537 iosus.
2258 510 2337 520 —
2377 491 2519 536 lui-r.
2568 490 2673 536 vm
3431 469 3511 532 29

417 675 574 729 cunt
621 675 836 729 autem
884 666 1174 730 doctores
1233 667 1679 743 communiter,
1734 665 1906 747 quod
1941 663 1990 725 Α
2020 671 2203 727 erant
2232 660 2683 725 incircumcisi.
2708 660 2905 735 Quam
2935 659 3401 742 expositionem
3424 679 3511 722 re-

419 785 496 827 ex
547 765 768 827 divina
827 765 1306 847 dispensatione.
1364 765 1724 828 circumcisi
1783 782 1910 826 non
2022 763 2270 844 probat,
2328 762 2545 823 dicens
2599 778 2613 821 ε

419 872 570 925 sunt
624 865 688 924 in
749 865 1022 940 deserto,
1078 872 1339 946 propter
1393 862 1910 925 incertitudinem

421 971 633 1025 motus
679 970 1033 1025 castrorum
1081 981 1192 1024 seu
1239 961 1724 1043 progressionis
1759 961 1914 1022 Nam

328 1085 386 1120 ιι,
420 1061 600 1143 juxta
653 1069 901 1124 motum
953 1059 1145 1122 nubis
1206 1059 1798 1142 progrediebantur,
1854 1067 1917 1121 et

422 1159 549 1221 fuit
595 1159 690 1222 eis
743 1159 1056 1222 incertum
1097 1158 1356 1240 quando
1397 1158 1694 1221 columna
1723 1157 1915 1220 nubis

419 1259 796 1339 procederet
831 1275 846 1318 τ
881 1258 1022 1320 ideo
1057 1256 1285 1319 fuisset
1325 1255 1751 1338 periculosum
1798 1255 1918 1317 cir-

416 1358 720 1434 cumcidi,
756 1357 1060 1439 quoniam
1107 1357 1356 1419 noviter
1401 1353 1786 1428 circumcisi,
1823 1353 1917 1415 in-

415 1457 550 1539 epti
595 1465 658 1519 et
703 1456 1089 1538 impotentes
1130 1454 1405 1517 fuissent
1449 1455 1527 1516 ad
1574 1452 1918 1536 proceden-

415 1556 594 1617 dum.
643 1556 1068 1618 Damascenus
1109 1563 1320 1618 autem
1364 1553 1530 1615 libro
1569 1560 1818 1634 quarto,
1855 1560 1916 1614 et

417 1654 608 1716 multi
641 1655 931 1717 doctores
965 1671 1158 1735 super
1189 1661 1513 1734 quartum,
1551 1651 1750 1717 aliam.
1777 1669 1918 1713 cau-

417 1771 554 1814 sam
587 1752 935 1831 assignant,
971 1750 1278 1830 dicenteS,
1312 1751 1483 1832 quod
1514 1749 1918 1813 circumcisio

2669 760 2797 823 Hoc
2847 779 2975 821 non
3024 758 3277 821 videtur
3326 759 3515 821 ratio-

2026 861 2325 924 nabiliter
2376 860 2638 934 dictum,
2675 859 2980 940 quoniam
3034 856 3155 919 filii
3207 857 3394 920 lsrael
3444 857 3510 919 in

2025 960 2292 1041 AEgypto
2324 964 2504 1020 erant
2532 956 2803 1036 subjecti
2828 965 2891 1018 et
2923 957 2987 1018 in
3018 957 3294 1018 maxima
3325 956 3517 1018 servi-

2029 1066 2182 1134 tute,
2219 1057 2363 1119 ideo
2412 1074 2537 1119 non
2588 1065 2684 1118 est
2730 1055 3099 1132 verisimile,
3134 1055 3304 1136 quod
3341 1055 3518 1136 AEgy-

2027 1157 2177 1239 ptiis
2240 1155 2717 1237 exprobrarent.
2766 1155 2859 1217 Ad
2910 1155 3082 1236 quod
3134 1155 3297 1231 dico,
3346 1155 3514 1236 quod

2026 1255 2339 1338 expositio
2380 1255 2503 1318 ista
2532 1255 2999 1318 Catholicorum
3038 1262 3135 1316 est
3175 1254 3363 1330 bona,
3400 1272 3517 1316 nec

2027 1354 2196 1419 valet
2228 1355 2350 1416 ista
2378 1354 2676 1435 objectio,
2711 1352 3013 1435 quoniam
3047 1352 3248 1416 multo
3280 1360 3517 1435 tempo-

2028 1474 2095 1516 re
2140 1453 2401 1515 fuerunt
2443 1453 2688 1516 Hebraei
2735 1453 2799 1514 in
2854 1471 3082 1533 magna
3124 1451 3415 1515 libertate
3454 1461 3517 1514 et

2027 1552 2383 1616 reverentia
2412 1552 2581 1633 apud
2598 1551 2941 1633 AEgyptiOS,
2958 1549 3215 1612 scilicet
3234 1559 3517 1633 tempore

2025 1652 2257 1734 Ioseph
2288 1659 2350 1714 et
2380 1659 2598 1732 postea
2626 1651 2760 1727 diu,
2794 1651 2959 1714 sicut
2990 1650 3057 1711 in
3089 1650 3302 1714 Exodo
3332 1670 3519 1733 expo-
3570 1669 3719 1713 Εωαι.
3741 1683 3772 1712 ι.

2029 1751 2219 1813 situm
2274 1759 2389 1813 est.
2444 1749 2701 1812 Sufficit
2750 1769 3005 1832 quoque
3053 1752 3130 1813 ad
3185 1750 3511 1814 veritatem

418 1852 566 1914 data
600 1848 725 1912 fuit
771 1850 837 1912 in
883 1850 1140 1928 signum
1185 1849 1628 1912 distinctivum
1671 1847 1917 1910 israelis
1955 1857 2000 1918 B
2030 1849 2445 1933 expositionis
2485 1849 2689 1927 istiuS,
2725 1851 2894 1931 quod
2940 1849 3065 1911 filii
3104 1850 3292 1913 Israel
3336 1869 3518 1932 repu-

420 1970 458 2011 a
489 1949 813 2030 gentibuS,
846 1957 911 2010 et
941 1949 1246 2029 quoniam
1283 1946 1404 2009 filii
1438 1946 1625 2009 Israel
1668 1947 1732 2008 in
1777 1947 1921 2009 soli-

421 2048 648 2110 tudine
698 2048 852 2110 satis
901 2046 1190 2110 distincti
1238 2053 1420 2110 erant
1464 2055 1526 2108 et
1570 2045 1842 2127 separati
1885 2065 1922 2108 a

421 2147 655 2210 ceteris
700 2144 1093 2222 nationibuS,
1139 2162 1268 2207 non
1317 2143 1600 2226 oportuit
1651 2162 1759 2206 eos
1809 2143 1924 2206 eir-

423 2244 706 2308 cumcidi
737 2243 1002 2307 ibidem.
1023 2244 1213 2307 Porro
1239 2243 1369 2305 haec
1391 2241 1552 2305 ratio
1583 2251 1750 2306 esset
1778 2261 1924 2305 con-

423 2343 712 2420 veniem,
727 2343 782 2404 si
802 2341 1206 2405 circumcisio
1228 2342 1375 2404 data
1398 2339 1425 2401 f
1427 2339 1625 2403 uisset
1645 2340 1923 2404 Hebraeis

423 2442 634 2504 solum
676 2441 744 2503 in
789 2439 1297 2517 distinctionem,
1337 2449 1401 2503 et
1447 2459 1575 2502 non
1619 2441 1810 2503 etiam
1855 2440 1922 2501 in

425 2540 873 2622 purgationem
895 2540 977 2603 ab
996 2538 1316 2619 originali.
1334 2539 1786 2602 Verumtamen
1809 2539 1926 2601 Au-

421 2640 722 2719 gustinus
774 2647 1064 2716 testatur,
1105 2637 1275 2719 quod
1328 2637 1586 2719 quidam
1637 2657 1714 2701 ex
1765 2636 1924 2700 filiis

421 2737 614 2800 lsrael
661 2743 1035 2798 manserunt
1082 2735 1146 2798 in
1192 2736 1443 2798 deserto
1493 2734 1925 2797 incircumcisi

421 2855 500 2898 ex
533 2843 908 2916 contemptu
950 2853 1209 2897 suorum
1251 2841 1612 2916 parentum,
1648 2833 1800 2915 quia
1832 2833 1927 2896 in—

423 2934 799 2998 obedientes
856 2932 1118 2996 fuerunt
1179 2931 1302 3010 legi
1365 2932 1495 2994 Dei.
1550 2932 1616 2994 In
1668 2932 1925 2996 Schola-

2031 1948 2572 2031 tabantAEgyptiis
2595 1948 2974 2030 praeputium
2997 1949 3514 2031 ignominiosum.

2030 2086 2110 2095 -—
2131 2048 2371 2112 Deinde
2400 2046 2765 2128 subjungit:
2787 2048 2925 2111 Alio
2947 2050 3135 2111 modo
3164 2057 3513 2130 exponunt,

2032 2147 2405 2230 accipiendo
2436 2146 2850 2228 opprobrium
2877 2147 3121 2228 AEgypti
3152 2147 3382 2224 active,
3406 2147 3523 2210 sci-

2034 2245 2184 2308 licet
2222 2245 2393 2325 quod
2425 2244 2698 2326 AEgyptii
2740 2244 3087 2308 intulerant
3131 2244 3289 2309 filiis
3330 2245 3517 2309 lsrael

2034 2343 2453 2427 opprobrium
2496 2342 2821 2406 servitutis
2866 2361 2879 2406 ε
2920 2365 2957 2407 a
3002 2364 3130 2426 quo
3176 2345 3322 2409 licet
3368 2346 3521 2409 libe-

2036 2444 2156 2506 rati
2209 2442 2467 2505 fuerunt
2516 2441 2581 2503 in
2632 2441 2801 2504 exitu
2848 2444 2927 2507 de
2970 2444 3255 2527 AEgypto‚
3301 2453 3515 2509 tamen

2037 2540 2158 2604 ista
2202 2541 2464 2603 libertas
2516 2539 2639 2602 fuit
2687 2542 3003 2604 declarata
3053 2542 3117 2604 in
3166 2552 3328 2607 terra
3378 2563 3522 2627 pro—

2036 2639 2385 2702 missionis.
2417 2639 2597 2702 Unde
2644 2647 2707 2701 et
2756 2639 2930 2703 locus
2976 2641 3095 2704 iste
3139 2650 3399 2705 vocatus
3428 2651 3525 2706 est

2035 2737 2313 2817 Galgala,
2348 2737 2518 2818 quod
2561 2736 2886 2818 significat
2926 2738 3305 2803 libertatem.
3351 2741 3521 2804 Hanc

2037 2855 2289 2918 quoque
2344 2836 2804 2918 expositionem
2860 2837 3176 2919 reprobat,
3230 2840 3451 2902 dicens
3504 2857 3519 2901 z

2037 2935 2164 2999 Hoc
2198 2954 2325 2999 non
2358 2934 2610 2998 videtur
2638 2935 2801 2998 bene
2832 2935 3263 3017 dictum,quia
3291 2937 3525 3001 ablatio

425 3033 586 3096 stica
623 3051 778 3096 vero
819 3032 1084 3095 historia
1123 3031 1356 3113 legitur
1392 3048 1407 3092 :
1439 3031 1702 3105 Quidam
1752 3051 1929 3094 man·
1963 3033 2007 3096 C
2038 3033 2391 3116 opprobrii,
2426 3033 2679 3096 videtur
2721 3033 2942 3097 referri
2982 3035 3058 3097 ad
3100 3035 3529 3100 circumcisio—

426 3140 652 3197 serunt
699 3131 789 3194 ibi
841 3131 1273 3194 incircumcisi
1321 3150 1396 3193 ex
1439 3131 1739 3194 mandato
1790 3132 1922 3210 Dei,

426 3232 538 3295 alii
580 3251 659 3294 ex
697 3237 1034 3313 parentum
1068 3248 1328 3293 suorum
1367 3228 1780 3311 negligentia,
1817 3231 1926 3293 alii

427 3350 504 3393 ex
537 3338 874 3412 parentum
915 3328 1180 3405 cautela,
1220 3348 1299 3391 ne
1342 3328 1505 3392 forte
1534 3328 1627 3391 eis
1659 3330 1930 3393 circum-

427 3430 606 3507 cisiS,
655 3428 1052 3491 attolleretur
1095 3446 1242 3491 mox
1286 3428 1510 3505 nubeS‚
1560 3437 1624 3491 et
1673 3448 1930 3492 necesse

426 3527 741 3590 haberent
790 3525 1110 3608 progredi,
1153 3534 1216 3589 et
1267 3527 1358 3588 sie
1417 3526 1930 3607 periclitarentur

429 3623 684 3708 parvuli
722 3624 1111 3687 circumcisi.
1149 3626 1504 3705 Postquam
1545 3635 1761 3686 autem
1807 3628 1930 3685 cir-

427 3727 701 3785 cumcisi
735 3735 887 3785 sunt
925 3745 1161 3794 omne-5,
1199 3734 1578 3784 manserunt
1611 3726 1684 3785 in
1713 3727 1928 3785 eodem

426 3834 812 3894 castrorum,
829 3822 892 3884 id
918 3831 1014 3885 est
1038 3823 1454 3885 tentoriorum
1489 3829 1553 3885 et
1581 3840 1929 3886 cuneorum

430 3940 692 3983 suorum
729 3926 888 3991 loce,
916 3925 1115 3982 donec
1152 3931 1548 3981 sanarentur
1588 3940 1625 3983 a
1665 3920 1930 3984 vulnere

430 4028 495 4081 et
523 4019 745 4082 dolore
775 4018 1304 4083 circumcisionis.

512 4120 830 4197 Dimitque
861 4120 1180 4179 Dominus
1201 4122 1287 4179 ad
1305 4123 1492 4180 Josue
1513 4138 1536 4180 .·
1561 4122 1769 4181 Hodie
1798 4122 1932 4179 abs-

2039 3152 2208 3195 nem.
2252 3132 2378 3195 Nec
2418 3132 2529 3194 illa
2569 3132 3007 3215 interpretatio
3047 3133 3338 3215 Galgalae,
3374 3154 3525 3198 vera

2039 3238 2184 3294 est:
2220 3229 2369 3312 quia
2420 3249 2536 3293 nec
2584 3230 2909 3309 Remigius
2959 3250 3167 3313 neque
3214 3232 3523 3316 Hierony-

2041 3349 2182 3391 mus
2234 3330 2325 3392 sic
2385 3330 2882 3410 interpretantur
2942 3329 3063 3392 hoc
3122 3349 3377 3394 nomen.
3430 3334 3524 3395 Ad

2040 3428 2173 3491 haec
2204 3428 2369 3504 ἀίοο,
2393 3427 2565 3509 quod
2597 3428 2730 3490 haec
2761 3446 3015 3508 quoque
3046 3429 3357 3511 expositio
3380 3450 3527 3494 vera

2040 3535 2103 3590 et
2131 3534 2280 3609 apta
2308 3535 2425 3604 est,
2460 3526 2765 3608 quoniam
2798 3524 2923 3587 filii
2954 3526 3139 3590 lsrael
3173 3527 3528 3611 suscipien—

2039 3627 2122 3689 do
2178 3645 2256 3688 ex
2312 3625 2530 3688 divino
2579 3634 2895 3707 praeeepto
2945 3624 3521 3706 circumcisionem,

2041 3731 2409 3787 meruerunt
2457 3723 2683 3804 majori
2736 3723 3026 3786 libertate
3074 3733 3137 3787 et
3186 3726 3526 3808 adoptione

2040 3821 2337 3885 honorari
2369 3829 2433 3883 et
2461 3821 2776 3902 acceptari
2810 3840 2846 3883 a
2874 3822 2999 3885 Deo
3027 3840 3040 3884 :
3076 3831 3140 3885 et
3172 3823 3258 3886 ita
3288 3823 3525 3889 ablatio

2040 3919 2391 4003 opprobrii,
2417 3938 2565 3982 vere
2586 3917 2857 3982 refertur
2876 3921 2952 3982 ad
2976 3922 3525 3987 circumcisionem

2042 4028 2343 4100 tanquam
2394 4019 2472 4080 ad
2518 4017 2909 4081 meritoriam
2952 4038 3231 4083 causam.
3267 4022 3390 4085 Nec
3434 4042 3527 4086 se-

2040 4118 2281 4201 quitur,
2316 4118 2733 4201 Hieronymus
2777 4126 2839 4180 et
2883 4118 3204 4199 Remigius
3248 4140 3375 4184 non
3421 4142 3527 4204 po-

435 4219 567 4278 tuli
592 4218 1012 4294 opprobrium
1045 4218 1322 4295 AEyypti
1354 4239 1392 4279 α
1431 4220 1624 4279 vobis,
1668 4218 1782 4281 Per
1822 4237 1933 4301 op·
1961 4225 2010 4286 D
2045 4226 2205 4279 nunt
2247 4217 2421 4279 illam
2467 4216 2739 4297 Galgalae
2781 4216 3395 4299 interpretationem,
3432 4241 3531 4284 er·

437 4314 772 4398 probrium
793 4314 1067 4397 AEgypti,
1093 4315 1366 4395 intelligi
1391 4324 1598 4398 pot-est
1621 4316 1758 4399 ipsa
1779 4336 1934 4399 prae-

437 4413 600 4496 putii
635 4433 805 4491 caro,
839 4432 1035 4495 quam
1069 4414 1313 4477 Hebraei
1354 4414 1733 4495 reputabant
1774 4415 1932 4497 ipsis

435 4512 771 4594 AEgyptiiS,
810 4519 875 4574 et
911 4511 1140 4576 ceteris
1189 4512 1658 4575 incircumcisis
1702 4532 1934 4595 oppro-

435 4610 742 4685 briosam,
785 4628 948 4691 quos
987 4618 1050 4672 et
1095 4618 1394 4691 tanquam
1449 4610 1932 4675 incircumcisos

434 4708 847 4790 spernebant,
881 4708 1424 4789 quemadmodum
1466 4708 1809 4771 Christiani
1838 4709 1932 4790 ju-

433 4815 530 4869 ste
557 4806 928 4888 despiciunt
961 4826 1085 4869 non
1119 4806 1470 4888 baptizatos
1503 4815 1572 4868 ut
1605 4806 1776 4869 tales
1801 4807 1933 4869 Cir-

432 4925 508 4969 ca
537 4905 674 4968 haec
709 4903 936 4967 scribit
967 4903 1225 4986 quidam
1267 4922 1280 4965 ε
1324 4905 1524 4967 Locus
1563 4905 1682 4968 iste
1722 4906 1934 4987 dupli-

433 5004 594 5067 citer
638 5002 984 5086 exponitur
1027 5004 1106 5065 ab
1145 5003 1618 5085 expositoribus
1673 5004 1926 5067 nostriS.

433 5102 669 5179 Primo,
714 5110 788 5162 ut
827 5100 1180 5183 accipiatur
1225 5101 1638 5183 opprobrium
1683 5100 1930 5183 AEgypti

437 5201 717 5283 passive,
760 5201 933 5281 quod
978 5199 1226 5263 scilicet
1271 5200 1711 5262 sustinuerunt
1753 5200 1934 5282 AEgy-

439 5300 559 5382 ptii
633 5300 717 5363 ab
787 5297 1064 5362 Hebraeis
1131 5297 1696 5380 exprobrantibus,
1761 5299 1933 5380 quod

2042 4332 2123 4395 go
2151 4332 2279 4376 non
2312 4322 2408 4376 est
2435 4314 2752 4395 ponenda.
2787 4313 3095 4377 Catholici
3125 4335 3383 4398 quoque
3416 4320 3530 4401 qui

2043 4432 2181 4475 eam
2230 4420 2499 4493 ponunt,
2535 4430 2663 4474 non
2713 4431 2851 4475 eam
2904 4412 3253 4493 finxerunt,
3298 4417 3409 4479 sed
3448 4417 3529 4478 ab

2042 4509 2320 4573 Hebraeis
2350 4510 2561 4591 potius
2593 4520 2996 4591 acceperunt.
3032 4547 3108 4557 --
3141 4512 3377 4576 Deinde
3421 4532 3531 4596 po-

2044 4608 2138 4670 nit
2196 4607 2655 4690 expositionem
2705 4608 3132 4687 Hebraeorum,
3185 4611 3455 4675 dicendo
3510 4628 3523 4674 ε

2040 4705 2239 4770 Aliter
2270 4706 2607 4787 exponitur
2638 4709 2987 4769 secundum
3016 4708 3331 4787 HebraeoS,
3358 4709 3529 4773 vide-

2041 4805 2190 4869 licet
2237 4805 2408 4886 quod
2456 4804 2730 4886 AEgyptii
2789 4806 3199 4869 observantes
3253 4810 3527 4873 constel-

2041 4904 2333 4979 lationeS‚
2386 4902 2682 4965 dixerunt
2731 4902 3008 4967 Hebraeis
3068 4906 3431 4986 petentibus
3492 4928 3529 4970 a

2039 5002 2362 5064 Pharaone
2412 5002 2778 5082 egrediendi
2840 5002 3161 5065 licentiam
3224 5022 3237 5066 ε
3292 5005 3524 5085 Miseri,

2040 5119 2169 5182 quo
2215 5099 2410 5162 vultis
2455 5100 2590 5163 ire?
2621 5101 2781 5164 Ecce
2821 5102 3222 5167 constellatio
3252 5106 3532 5168 ostendit

2040 5199 2429 5264 effusionem
2474 5200 2805 5281 sanguinis
2849 5201 3064 5280 vestri,
3101 5202 3153 5264 si
3192 5204 3526 5266 recedatis,

2041 5298 2245 5373 Quum
2276 5316 2421 5379 ergo
2450 5298 2517 5361 in
2548 5297 3032 5363 circumcisione
3074 5300 3239 5365 facta
3278 5322 3391 5385 per
3427 5304 3529 5367 Jo-
