4359 6250
1067 490 1417 536 ENARRATm
1462 491 1523 536 IN
1567 491 1705 536 CAP.
1750 490 1835 538 XX
1878 490 2035 536 uum
2079 492 2248 537 anl
2291 493 2514 538 REGUM.
2560 512 2639 521 —
2682 494 2822 539 ΛΒΤ.
2873 493 3084 538 xxxvl!
3503 473 3622 536 375

498 659 771 724 liariter
798 680 975 726 ames
997 659 1219 738 David,
1240 665 1307 722 in
1340 663 1787 739 confusionem
1821 672 2023 732 tuam,
2056 661 2107 724 Α
2134 675 2195 726 et
2229 667 2393 744 quid
2425 675 2749 740 afferetur,
2775 667 3037 741 penitus
3067 667 3426 741 iynorabat.
3459 669 3622 726 Tan-

494 772 575 826 et
598 763 673 822 in
697 762 1143 838 confusionem
1164 763 1612 840 iynominiosae
1636 765 1859 822 matris
1884 773 2023 832 tuce,
2139 769 2461 826 tummodo
2515 767 2694 825 enim
2749 768 3062 828 Ionathas
3107 773 3166 824 et
3215 765 3432 826 David
3487 784 3624 824 rem

494 859 643 922 hoe
662 860 892 936 est,sic
912 861 1182 923 amando
1215 879 1377 936 cum,
1394 878 1587 942 quem
1610 879 1725 940 ego
1750 859 1839 923 sic
1860 860 2024 936 odi0,
2134 875 2468 926 noverant.
2513 867 2708 925 Dedit
2755 885 2902 943 erqo
2946 867 3258 926 Ionathas
3288 884 3474 925 arma
3503 847 3626 924 sua

496 959 810 1024 ostendis
857 968 921 1022 te
966 978 1094 1022 non
1135 979 1275 1023 esse
1321 959 1535 1022 filium
1572 979 1785 1023 meum
1824 960 2029 1040 legiti-
2127 981 2352 1039 puerO,
2391 973 2450 1023 et
2487 966 2664 1024 clioeit
2707 966 2771 1023 ei
2800 985 2822 1023 .·
2861 967 3058 1032 Vade,
3095 973 3154 1023 et
3191 963 3375 1039 defer
3417 964 3489 1022 in
3537 964 3627 1022 ci-

494 1077 705 1121 mum
728 1076 741 1120 :
766 1057 923 1140 quia
941 1059 1227 1140 legitime
1248 1059 1399 1136 nati,
1414 1059 1725 1122 intensius
1748 1059 2030 1141 diligunt
2134 1063 2424 1123 vitatem.

494 1165 741 1238 patres
790 1175 963 1234 suOS,
1016 1157 1369 1221 secundum
1422 1157 1749 1234 Glossam3
1804 1158 2025 1240 sicque
2219 1163 2556 1240 Quumque
2605 1162 2835 1221 abisset
2873 1181 3065 1238 puer,
3098 1159 3162 1221 id
3200 1168 3297 1222 est
3341 1159 3628 1220 servulus

496 1256 812 1319 ostendis
854 1265 1124 1319 matrem
1167 1265 1339 1319 tuam
1371 1276 1512 1320 esse
1553 1258 1931 1334 adulteram,
1966 1265 2029 1320 ct
2132 1258 2438 1331 Jonathae,
2472 1259 2800 1323 redeundo
2839 1257 3142 1323 velociter
3183 1257 3248 1319 in
3279 1256 3624 1333 civitatem,

496 1364 585 1418 te
614 1373 759 1418 esse
787 1354 1004 1418 filium
1042 1355 1349 1419 adulterae
1384 1373 1398 1418 :
1432 1355 1603 1437 quod
1641 1355 2027 1419 confusibile
2132 1361 2422 1419 surremit
2452 1360 2670 1420 David
2707 1362 2787 1418 de
2831 1363 2960 1419 loco
3006 1358 3072 1420 in
3110 1375 3238 1438 quo
3276 1355 3480 1433 latuit,
3514 1358 3631 1436 qui

498 1463 623 1518 est
650 1455 841 1517 matri
879 1463 1007 1518 tuae
1050 1463 1113 1518 et
1150 1455 1289 1518 tibi.
1328 1458 1637 1519 Omnibus
1674 1457 1851 1517 enim
1892 1458 2029 1516 die-
2135 1459 2429 1534 veryebat
2458 1460 2547 1517 ad
2574 1467 2898 1527 austrum,
2927 1467 2987 1518 et
3019 1460 3253 1517 cadens
3271 1475 3524 1534 pronus
3555 1457 3628 1514 in

498 1557 643 1615 bus
690 1554 925 1632 quibus
960 1555 1144 1631 filius
1188 1556 1333 1616 Isai
1381 1556 1623 1615 vioeerit
1669 1573 1862 1631 super
1913 1564 2029 1614 ter·
2138 1564 2406 1624 terram,
2437 1557 2739 1617 adoravit
2771 1557 2982 1626 tertie,
3014 1554 3135 1618 hoc
3176 1562 3272 1617 est
3303 1552 3506 1615 tribus
3537 1553 3629 1616 vi-

498 1673 697 1724 ram,
728 1672 859 1712 non
888 1653 1241 1714 stabilieris
1273 1662 1365 1724 tu,
1392 1651 1455 1714 id
1487 1661 1605 1728 est,
1628 1659 1871 1715 certum
1894 1671 2024 1714 non
2135 1652 2340 1730 cibuS,
2367 1661 2709 1734 antequam
2753 1653 2932 1716 venit
2975 1653 3054 1715 ad
3085 1652 3422 1715 Jonatban.
3467 1653 3630 1715 Ado-

498 1751 651 1814 erit
680 1751 853 1832 quod
894 1749 1056 1812 mihi
1086 1752 1389 1814 succedes
1425 1751 1493 1813 in
1539 1751 1903 1833 principatu
1936 1771 2027 1814 re·
2136 1752 2302 1814 ravit
2323 1761 2532 1814 autem
2553 1751 2655 1814 vel
2679 1753 2876 1815 Deum
2899 1752 3270 1815 adoratione
3288 1751 3508 1828 latriae,
3527 1750 3625 1814 vel

494 1849 681 1930 gali,
726 1858 791 1912 et
836 1849 981 1914 ideo
1033 1849 1248 1912 minus
1292 1849 1640 1926 curaberiS,
1682 1871 1887 1930 neque
1928 1871 2025 1910 re-
2061 1838 2108 1901 Β
2134 1850 2446 1913 Jonathan
2479 1858 2782 1931 tanquam
2828 1850 3243 1913 excellentem
3288 1867 3626 1930 personam

484 1968 735 2026 ynam
778 1957 990 2018 tuum,
1023 1947 1143 2010 hoc
1190 1956 1307 2024 est,
1343 1947 1535 2011 etiam
1576 1947 1630 2010 si
1674 1947 1874 2010 fucris
1919 1967 2025 2010 rex
2136 1948 2506 2011 adoratione
2535 1949 2747 2012 duliae.
2778 1952 2864 2011 Et
2902 1953 3254 2010 osculantes
3295 1969 3358 2008 se
3387 1953 3628 2009 alteru-

496 2045 827 2122 efl'ectuS,
860 2046 1069 2109 adbuc
1100 2045 1415 2108 incertum
1448 2047 1589 2124 erit,
1624 2066 1705 2108 an
1737 2046 2025 2109 manebis
2138 2058 2336 2109 trum.
2371 2047 2574 2121 Quum
2601 2047 2771 2111 enim
2806 2047 3003 2110 David
3029 2046 3208 2127 juxta
3225 2046 3537 2110 Jonathan
3559 2066 3628 2110 se

498 2140 591 2204 in
626 2158 847 2220 regim,
873 2158 949 2203 eo
980 2139 1150 2220 quod
1182 2138 1325 2202 filio
1354 2139 1474 2202 lsai
1504 2139 1889 2222 promissum
1919 2160 2027 2223 pu·
2138 2146 2324 2209 tertio
2370 2147 2841 2228 prostravisset,
2875 2145 3175 2209 Jonathas
3221 2144 3455 2208 levavit
3480 2165 3624 2210 eum

498 2246 701 2306 tetur
750 2256 1038 2318 regnum.
1065 2241 1293 2318 Itaque
1326 2239 1479 2316 jam
1518 2259 1697 2300 nunc
1726 2242 1935 2310 mitte,
1968 2250 2028 2301 et
2136 2244 2450 2320 celeriter,
2471 2253 2535 2307 et
2565 2244 2732 2306 inter
2761 2243 3093 2326 amplexus
3115 2251 3176 2305 et
3203 2243 3422 2306 oscula
3447 2247 3630 2320 fleve-

502 2341 749 2406 adduc
775 2359 925 2400 eum
955 2341 1043 2398 ad
1090 2359 1208 2409 me,
1242 2339 1400 2418 quia
1430 2340 1614 2416 filius
1644 2341 1869 2400 mortis
1910 2350 2021 2401 est.
2135 2353 2294 2405 runt
2317 2346 2595 2421 pariter,
2630 2343 2824 2406 David
2873 2361 2949 2404 ex
2999 2361 3112 2404 sua
3155 2341 3534 2420 afflictione,
3567 2351 3630 2406 et
3667 2394 3670 2397 .

501 2440 940 2515 Respondens
989 2446 1209 2498 autem
1248 2439 1561 2499 Ionathas
1604 2439 1803 2499 Sauli
1840 2440 2027 2515 patri
2134 2442 2434 2507 Jonathas
2463 2461 2539 2504 ex
2569 2460 2860 2506 amorosa
2887 2441 3351 2523 compassione,
3387 2450 3450 2504 et
3477 2443 3630 2524 quia

497 2556 671 2604 suo,
702 2537 798 2598 ait
829 2555 852 2594 .·
887 2538 1101 2604 Quare
1132 2537 1446 2596 morietur
1467 2537 1496 2594 ?
1525 2537 1688 2615 quid
1714 2536 1870 2612 fecit
1892 2538 1921 2595 ?
1942 2539 2026 2597 Et
2136 2542 2217 2604 ab
2249 2540 2526 2604 invicem
2562 2540 2842 2623 separari
2881 2539 3430 2622 compellebantur
3455 2565 3470 2616 ς
3502 2545 3630 2603 Da-

500 2635 823 2712 arripuit
842 2637 1012 2694 Saul
1045 2636 1363 2703 lanceam,
1384 2642 1457 2694 ut
1478 2644 1841 2711 percuteret
1858 2655 2026 2695 eum.
2138 2643 2252 2701 vid
2281 2651 2496 2701 autem
2519 2642 2826 2717 amplius,
2851 2638 3004 2720 quia
3030 2657 3222 2702 causa
3251 2637 3378 2701 fuit
3406 2657 3540 2716 sua,
3565 2649 3629 2703 et

504 2737 611 2798 Et
646 2733 974 2794 intellexit
1001 2733 1339 2803 Ionathas,
1374 2735 1547 2812 quod
1563 2733 1912 2808 definitum
1940 2753 2027 2794 es·
2137 2738 2488 2821 maj0ribus
2518 2758 2591 2801 ac
2619 2738 2914 2819 pluribus
2946 2736 3472 2801 tribulationibus
3503 2738 3531 2799 s
3535 2739 3628 2802 uit

498 2841 615 2894 sec
669 2852 710 2891 a
742 2840 935 2908 patre
980 2849 1123 2899 sue,
1156 2839 1229 2890 ut
1278 2830 1753 2906 interficeretur
1780 2832 2019 2892 David.
2136 2837 2589 2901 circumdatus.
2624 2839 2816 2899 Dioeit
2847 2857 2993 2915 erqo
3028 2839 3342 2899 Jonatlzas
3385 2842 3473 2898 ad
3501 2843 3628 2900 Da-

502 2931 843 2994 Surreoez't
870 2948 1018 3005 erqo
1037 2930 1351 2988 Jonatkas
1380 2949 1421 2988 a
1452 2948 1671 2989 mensa
1692 2929 1765 2988 in
1798 2931 1903 2988 ira
1921 2931 2026 3006 fu-
2137 2939 2253 2996 vid
2283 2957 2306 2996 .·
2339 2939 2506 2998 Vade
2537 2939 2610 2996 in
2631 2955 2814 3013 pace,
2851 2935 2970 2998 hoc
2999 2942 3116 3012 est,
3153 2935 3428 3017 pectoris
3459 2945 3629 2998 tran-

501 3030 725 3098 roris,
770 3028 893 3091 hoc
934 3035 1051 3103 est,
1086 3045 1231 3088 cum
1282 3026 1377 3088 ira
1416 3025 1683 3106 ingenti,
1718 3045 1861 3108 quae
1906 3026 2104 3096 suit,C
2136 3034 2522 3116 quillitatem
2577 3033 2762 3110 habe,
2815 3041 2879 3096 et
2923 3041 3082 3096 tene.
3126 3033 3190 3095 in
3242 3033 3630 3114 inquietudi-

506 3130 627 3193 ira
662 3147 775 3211 per
816 3128 1051 3203 zelum,
1084 3138 1145 3188 et
1186 3148 1317 3191 non
1361 3130 1633 3192 eomedit
1664 3128 1737 3188 in
1773 3130 1883 3189 die
1918 3131 2027 3189 Ca·
2138 3132 2330 3196 nibus
2378 3132 2540 3209 istis,
2592 3133 2657 3194 in
2708 3132 2944 3214 quibus
2985 3132 3103 3195 tibi
3153 3151 3276 3214 pax
3325 3134 3628 3215 temporis

508 3233 881 3293 lendarum
909 3230 1191 3289 secunda
1213 3246 1477 3305 panem,
1513 3227 1577 3289 id
1612 3234 1725 3303 est,
1763 3234 1891 3289 tota
1922 3227 2027 3290 die
2136 3233 2510 3313 denegatur.
2559 3234 2985 3311 Quaecumque
3016 3233 3405 3307 ‚juravimus
3444 3235 3629 3293 ambo

508 3329 645 3393 illa
677 3334 821 3410 post
849 3326 1071 3389 boram
1102 3326 1279 3388 illam
1311 3345 1439 3407 qua
1468 3325 1561 3388 sic
1604 3326 1897 3402 surrexit,
1935 3324 2027 3387 nil
2138 3333 2212 3390 in
2232 3332 2494 3391 nomine
2523 3330 2814 3401 Domini,
2840 3329 2961 3391 boc
2993 3337 3110 3406 est,
3145 3347 3288 3409 quae
3317 3329 3504 3393 nobis
3538 3329 3633 3393 in-

508 3424 945 3493 manducavit
976 3444 1053 3487 ex
1098 3425 1561 3507 compassione.
1600 3426 2027 3487 Contristetus
2136 3428 2343 3491 vicem
2365 3426 2778 3509 promisimus
2800 3426 3138 3490 observare
3157 3446 3300 3489 cum
3322 3427 3634 3509 juramen-

504 3538 617 3588 εει
650 3528 827 3587 enim
857 3544 1051 3601 super
1079 3526 1326 3593 David,
1358 3524 1479 3587 boc
1520 3530 1617 3586 est
1666 3524 1745 3585 de
1786 3523 2029 3605 injusta
2138 3534 2224 3602 to,
2279 3526 2527 3608 supple,
2573 3524 2704 3586 sint
2743 3533 2899 3601 rata,
2944 3527 3224 3585 dicentes
3255 3548 3278 3585 .·
3313 3529 3634 3588 Dominus

510 3622 983 3709 persecutione
1032 3622 1257 3703 ipsine,
1300 3643 1369 3683 eo
1413 3626 1587 3703 quocl
1632 3624 2027 3701 confudisset
2134 3627 2221 3687 sit
2252 3627 2423 3686 inter
2457 3634 2512 3685 te
2550 3634 2610 3685 et
2641 3644 2759 3697 me,
2793 3634 2852 3684 et
2896 3626 3068 3684 inter
3108 3644 3318 3685 semen
3352 3634 3536 3685 tuum
3574 3635 3634 3688 et

504 3744 684 3785 eum
718 3731 913 3799 pater
956 3741 1133 3790 suus,
1166 3718 1229 3781 id
1280 3728 1397 3795 est,
1434 3720 1571 3801 ipse
1604 3719 1749 3782 Saul
1802 3719 2029 3782 irreve-
2134 3744 2344 3783 semen
2379 3743 2592 3783 meu-m
2625 3742 2822 3801 usque
2843 3723 2916 3782 in
2935 3724 3420 3798 sempiternum.
3445 3721 3629 3783 Moris

513 3829 751 3885 renter
780 3828 843 3882 et
864 3816 1337 3883 confusibiliter
1360 3818 1661 3881 refutavit
1680 3818 2027 3882 excusatio—
2136 3829 2232 3885 est
2259 3839 2478 3884 eorum
2513 3819 2624 3900 qui
2656 3819 2722 3880 in
2755 3819 3116 3882 vehementi
3150 3826 3299 3881 sunt
3327 3818 3628 3882 afflictio-

512 3940 673 3995 nes»,
698 3938 857 4000 quas
886 3917 1187 3981 Ionathas
1220 3915 1386 3979 fudit
1416 3935 1531 3998 pro
1562 3916 1781 3979 David.
2138 3939 2241 3995 ne,
2285 3918 2748 4001 compassione,
2791 3927 2901 3980 aut
2950 3917 3143 3981 etiam
3191 3917 3627 3980 intensissima

616 4022 961 4097 Quumque
1007 4018 1331 4076 illuxisset
1375 4036 1585 4088 mane,
1620 4017 1795 4075 venit
1834 4019 2028 4077 Jona-
2139 4017 2500 4093 dilectione,
2534 4034 2891 4079 sermonem
2929 4014 3326 4097 abrumpere,
3361 4014 3626 4079 defecti-

514 4124 681 4181 thas
710 4118 785 4177 in.
814 4135 1045 4193 ayrum
1060 4114 1272 4190 juxta
1292 4117 1613 4191 placitum
1641 4116 1883 4185 David,
1909 4113 2028 4177 hoc
2134 4134 2342 4196 veque
2374 4114 2574 4196 loqui.
2606 4114 2785 4177 Unde
2815 4122 2879 4177 et
2906 4114 3192 4179 Christus
3217 4113 3440 4179 videns
3471 4113 3628 4177 civi·
3705 4140 3916 4190 Lucam.

514 4226 629 4285 est
673 4215 853 4297 juxta
898 4212 1289 4288 condictum,
1322 4219 1385 4275 et
1428 4211 1593 4273 sicut
1623 4211 1817 4275 David
1851 4221 2029 4294 opta·
2059 4214 2108 4275 D
2138 4222 2353 4289 tatem,
2389 4221 2450 4275 et
2490 4232 2630 4275 eam
2659 4212 3000 4294 deplorans
3036 4229 3050 4273 :
3089 4211 3152 4273 Si
3197 4211 3620 4292 cognovisseS,
3652 4204 3811 4254 ⁴¹⁹⁴*

514 4316 655 4391 vit,
688 4322 749 4374 et
787 4332 957 4390 puer
987 4314 1314 4390 parvulus
1351 4330 1499 4370 cum
1546 4330 1636 4371 eo.
1680 4311 1766 4371 Ec
1796 4312 1891 4370 ait
1940 4314 2028 4371 ad
2139 4312 2371 4393 inquit,
2408 4319 2469 4374 et
2501 4320 2592 4373 tu.
2629 4310 2717 4372 Ita
2755 4329 2926 4372 nunc
2955 4310 3188 4373 accidit
3215 4309 3412 4373 David
3442 4318 3506 4372 et
3531 4312 3628 4374 Jo-

499 4432 813 4495 puerum
838 4428 861 4471 .·
891 4413 1087 4479 Vade,
1114 4419 1176 4469 et
1200 4414 1363 4486 affer
1383 4410 1551 4470 milzi
1572 4410 1843 4485 saqittas
1866 4430 2027 4488 quas
2139 4410 2368 4473 nathae.
2402 4410 2580 4471 Unde
2638 4410 2988 4476 secundum
3034 4408 3342 4485 Glossam,
3369 4410 3626 4472 nimius

502 4533 643 4592 eqo
656 4511 863 4589 jacio.
887 4512 1229 4587 Quumque
1249 4526 1419 4584 puer
1438 4508 1850 4576 cucurrisset,
1862 4508 2028 4583 jecit
2136 4508 2319 4572 dolor
2350 4508 2502 4571 fecit
2539 4526 2647 4571 eos
2685 4507 3006 4589 loquendo
3035 4506 3332 4570 deficere.
3367 4511 3453 4570 Et
3490 4530 3630 4569 sur-

502 4614 743 4675 aliam
785 4608 1093 4685 saqittam
1126 4616 1307 4667 trans
1338 4625 1645 4684 puerum.
1697 4607 1880 4666 Venit
1910 4606 2030 4666 ita·
2136 4610 2308 4669 remit
2339 4609 2580 4678 David,
2613 4618 2672 4667 et
2707 4608 2871 4666 abiit
2889 4630 2917 4678 ,·
2943 4609 3052 4665 sed
3093 4616 3152 4665 et
3180 4608 3490 4667 Jonatlzas
3528 4610 3631 4667 in-

502 4729 657 4793 que
696 4726 866 4784 puer
908 4709 996 4765 ad
1043 4709 1253 4765 locum
1286 4705 1511 4781 jaculi
1548 4707 1719 4783 quod
1766 4705 2029 4765 miserat
2130 4725 2384 4782 qressus
2413 4714 2501 4765 est
2531 4705 2883 4767 civitatem.

500 4808 866 4871 Jonatlms.
900 4806 987 4865 Ec
1034 4804 1345 4863 clamavit
1387 4805 1700 4863 Jonatlms
1722 4813 1865 4881 post
1911 4812 2031 4863 ter·
2218 4802 2532 4865 Moraliter
2563 4801 2668 4864 bic
2699 4802 3024 4876 docemur,
3059 4808 3300 4881 quanta
3331 4801 3416 4863 sit
3444 4801 3628 4885 impi-
3708 4826 3870 4869 sensus

496 4925 689 4987 qum
712 4904 935 4981 pueri,
966 4912 1025 4962 et
1046 4903 1145 4962 ait
1161 4922 1184 4962 .·
1210 4904 1369 4964 Ecce
1397 4902 1491 4960 ibi
1518 4910 1607 4961 est
1634 4903 1875 4978 sayitta
1888 4922 2033 4978 por.-
2140 4920 2324 4965 orum
2369 4900 2775 4983 perversitaS,
2810 4908 2873 4963 et
2916 4906 3154 4981 quanta
3195 4900 3279 4961 sit
3322 4900 3630 4982 patientia
3659 4888 3848 4931 ‘'mnu“

508 5026 597 5068 ro
636 5006 817 5063 ultra
857 5011 934 5061 te.
980 5000 1426 5077 Clamavitque
1455 5000 1694 5059 iterum
1722 5002 2033 5063 Jonatlzas
2141 5001 2531 5075 electorum3
2585 5018 2748 5080 quae,
2801 5006 3042 5078 quanta
3085 5006 3148 5060 et
3198 4999 3412 5079 qualia
3459 5000 3632 5082 passi

506 5112 673 5185 post
704 5110 957 5178 ter-qum
982 5100 1197 5176 pueri,
1228 5100 1487 5157 dicens:
1518 5100 1781 5159 Festina
1817 5100 2036 5159 veloci·
2144 5098 2276 5161 sint
2301 5098 2457 5180 justi
2487 5098 2568 5161 ab
2599 5097 2835 5179 impiis.
2863 5097 3018 5159 Ecce
3037 5097 3183 5159 Saul
3213 5097 3634 5162 ineffabiliter

516 5214 657 5271 ter,
690 5220 775 5261 ne
810 5200 1079 5260 steteris,
1122 5200 1385 5274 Colleqit
1415 5207 1631 5271 autem
1652 5217 1821 5274 puer
1846 5201 2037 5258 Jona-
2146 5207 2516 5275 excaecatuS‚
2552 5195 2800 5280 putavit
2840 5212 3100 5275 regnum
3142 5214 3328 5277 posse
3377 5215 3634 5261 manere

527 5304 667 5365 tliae
696 5297 997 5375 sayittas,
1014 5306 1075 5357 et
1104 5296 1798 5359 attulitaddominum
1816 5316 2040 5368 suu.m,·
2150 5297 2218 5359 in
2257 5295 2662 5361 successione
2706 5291 2942 5357 sobolis
2987 5312 3136 5371 suae,
3174 5312 3303 5358 non
3345 5294 3636 5361 obstante
