4359 6250
97 789 123 832 n
135 789 222 830 Cor.
231 791 334 838 133.

107 3240 326 3297 ΙΗᾳμιιι,

929 500 1287 552 amanum
1327 500 1388 550 m
1431 501 1568 550 ω.
1615 499 1718 550 xlv
1763 497 1919 548 mam
1960 497 2128 550 Pium
2169 499 2394 550 aucun.
2438 521 2520 532 -
2558 500 2701 550 Am.
2748 499 2918 550 xxvn
3344 480 3465 550 :339

357 671 806 753 juramentum
855 675 1329 753 exsecrationiS,
1379 674 1547 737 sicut
1594 683 1658 737 et
1706 672 1866 735 illud
1898 670 1950 734 A
1979 677 2066 736 Et.
2095 677 2367 737 nomina
2392 679 2679 738 duarum
2708 678 3008 754 filiarum
3037 677 3200 755 ejus,
3230 692 3463 739 nomen

361 775 542 852 quod
587 775 682 837 ait
723 775 1062 857 Apostolus
1116 795 1130 839 :
1185 774 1314 854 Ego
1364 781 1587 837 testem
1637 771 1865 834 invoco

361 871 567 936 Deum
602 873 670 936 in
701 874 984 938 animam
1015 893 1245 937 meam.
1265 875 1576 953 Dim-itque
1589 875 1867 949 populus

359 974 452 1031 ad
481 974 674 1044 Saul,
709 973 895 1054 quasi
943 972 1316 1036 admirando
1362 971 1446 1034 de
1488 969 1602 1032 tali
1655 969 1866 1049 rigore

357 1069 568 1150 patris
597 1071 665 1132 in
699 1069 914 1134 filium
944 1079 1074 1134 tam
1094 1071 1450 1150 elegantem
1479 1075 1670 1149 atque
1701 1084 1868 1128 ama-

356 1165 585 1246 bilem,
619 1177 684 1232 et
721 1170 842 1233 toti
886 1188 1082 1251 regno
1121 1177 1253 1232 tam
1297 1168 1520 1231 utilem
1558 1184 1571 1228 :
1605 1167 1866 1242 Ergone

353 1269 678 1329 Jonatkas
708 1272 1048 1339 morietur,
1070 1270 1187 1348 qui
1215 1268 1370 1345 fecit
1387 1269 1664 1327 salutem
1696 1266 1865 1324 hanc

355 1385 676 1442 rna-qnam
713 1369 788 1428 in
818 1369 1078 1428 Israel?
1115 1365 1292 1441 Quod
1333 1361 1722 1446 inquirendo
1756 1377 1864 1421 ne-

354 1470 515 1539 gant
559 1482 702 1526 esse
743 1465 1085 1544 agendum.
1120 1467 1258 1524 Hoc
1299 1465 1488 1542 nefas
1517 1470 1628 1521 cst.
1675 1455 1864 1532 Quasi

355 1561 583 1623 dicant
617 1581 631 1624 :
666 1563 806 1626 Non
845 1565 1048 1641 decet,
1085 1581 1202 1626 nec
1244 1561 1415 1655 licet.
1441 1562 1615 1621 Vivit
1646 1558 1865 1618 Domi-

339 1679 507 1732 ·nus,
541 1663 604 1721 si
630 1664 958 1734 ceciderit,
983 1662 1104 1725 hoc
1133 1669 1250 1738 est,
1285 1679 1413 1722 non
1445 1657 1646 1734 cadet,
1667 1656 1864 1734 capil-

355 1761 462 1819 lus
481 1763 566 1820 dc
584 1763 798 1838 capite
823 1762 965 1837 ejus
986 1763 1060 1822 in
1092 1770 1369 1821 terram:
1389 1757 1450 1819 id
1481 1764 1598 1832 est,
1620 1753 1862 1817 nullam

1971 776 2419 851 primoqenitoe
2440 777 2677 844 Merob,
2696 785 2757 834 et
2786 795 3016 837 nomen
3048 777 3320 837 minoris
3342 779 3465 836 Mi-

1976 875 2162 943 chol,·
2206 883 2265 933 εἰ
2308 893 2538 936 nomen.
2582 875 2809 933 umoris
2852 877 3047 944 Saul,
3076 876 3461 945 Achinoam,

1974 973 2122 1048 filia
2150 974 2525 1034 AchimaaS.
2559 975 2646 1034 Ec
2676 993 2907 1034 nomen
2930 975 3259 1050 principis
3290 975 3461 1033 mili-

1979 1071 2084 1130 tioe
2102 1071 2265 1148 eju-3,
2283 1073 2523 1143 Abner,
2547 1074 2729 1148 filius
2755 1075 2911 1141 Ner,
2926 1073 3250 1148 patruelis
3272 1075 3461 1134 Saul.

1972 1170 2180 1229 Porro
2214 1172 2317 1231 Cis
2345 1173 2565 1250 fuerat
2589 1180 2780 1249 pater
2806 1173 2997 1241 Saul,
3020 1181 3079 1231 ct
3112 1173 3246 1232 Ner
3269 1179 3460 1248 pater

1973 1269 2213 1339 Abner,
2243 1271 2427 1345 filius
2457 1271 2666 1330 Abiec.

2055 1367 2221 1424 Erat
2268 1376 2486 1427 autem
2527 1369 2763 1427 bellu-m
2798 1376 3023 1443 potens
3072 1365 3272 1448 ipsius
3313 1366 3463 1430 Saul

1973 1480 2045 1523 ac
2076 1462 2291 1543 populi
2327 1463 2425 1524 sui
2446 1467 2753 1524 adversus
2774 1465 3140 1526 Pleiliscoeos
3169 1468 3465 1526 omnibus

1970 1561 2194 1620 diebus
2224 1562 2403 1642 regni
2434 1565 2624 1633 Saul,
2648 1562 2713 1624 id
2753 1570 2850 1625 est
2880 1562 3249 1644 frequenter
3276 1564 3457 1626 omni

1975 1665 2259 1741 tempore
2302 1679 2429 1742 quo
2480 1660 2788 1740 regnavit,
2824 1662 2914 1723 ita
2954 1662 3128 1742 quod
3172 1669 3376 1724 totum
3424 1682 3461 1724 a

1972 1766 2150 1838 parte
2172 1758 2939 1823 denominatur.Philistaei
2962 1759 3258 1841 equidem
3280 1769 3462 1823 erant

342 1859 622 1938 penitus
672 1858 1000 1922 laesionem
1050 1857 1482 1940 permittimus
1532 1855 1592 1918 ei
1642 1850 1856 1930 infligi
1896 1852 1940 1913 B
1972 1855 2154 1918 valde
2199 1856 2508 1932 bellicosi,
2560 1857 2726 1934 duri,
2773 1857 2959 1920 multi
3008 1865 3073 1920 et
3121 1856 3339 1936 forteS,
3395 1868 3458 1922 et

352 1974 474 2037 pro
495 1975 692 2020 causa
720 1958 839 2020 hac
864 1981 879 2032 3
914 1959 1071 2038 quia
1101 1978 1248 2018 cum
1279 1959 1404 2018 Deo
1435 1963 1740 2032 operatus
1771 1957 1860 2008 est

353 2059 574 2128 hodie,
599 2056 720 2120 hoc
750 2065 871 2132 est,
896 2076 1010 2139 per
1042 2056 1150 2118 Dei
1181 2054 1490 2118 auxilium
1523 2048 1860 2135 praevaluit

353 2154 680 2230 hostibuS,
728 2163 792 2218 et
835 2155 1107 2218 salvavit
1146 2173 1263 2217 nos
1306 2154 1386 2215 de
1431 2170 1626 2214 manu
1664 2149 1856 2212 Phili-

353 2252 562 2315 stiim.
588 2255 920 2315 Liberavit
948 2272 1092 2330 cryc
1114 2257 1397 2330 populus
1416 2251 1859 2318 Ionathan,uc

353 2372 488 2412 non
523 2362 906 2414 moreretur.
937 2352 1333 2430 Recessicque
1360 2352 1554 2418 Saul,
1584 2368 1699 2409 nec
1719 2365 1861 2424 per-

351 2460 614 2511 motus
661 2459 753 2511 est
797 2450 1190 2512 philistiim.
1234 2451 1439 2510 Porro
1490 2446 1860 2508 Philistiim

349 2550 668 2610 abierunt
689 2551 764 2608 in
784 2552 922 2607 loca
942 2567 1084 2607 sua.

435 2649 529 2708 Ac
549 2649 724 2708 Saul
751 2649 1132 2724 confirmato
1161 2661 1378 2720 reque,
1412 2641 1534 2704 hoc
1563 2648 1660 2703 est
1690 2638 1862 2721 prin-

351 2743 578 2826 cipatu
612 2762 750 2820 suo,
768 2763 961 2820 saper
980 2745 1211 2812 Israel,
1222 2742 1564 2818 puynabat
1588 2759 1710 2816 per
1738 2739 1862 2798 cir-

343 2845 616 2904 cuitum
637 2845 948 2903 adversus
966 2860 1182 2900 omnes
1205 2840 1508 2899 inimicos
1526 2837 1688 2913 ejm,
1722 2855 1863 2896 con-

355 2951 464 3001 tra
510 2943 706 3003 Moab
753 2950 813 3000 et
860 2939 1034 3018 filios
1072 2939 1374 3008 Ammon,
1416 2945 1476 2996 ct
1517 2937 1751 3005 Edom,
1803 2942 1860 2993 et

1971 1951 2274 2016 Dominus
2304 1973 2411 2018 eos
2442 1954 2721 2036 reliquit,
2758 1963 2829 2016 ut
2857 1955 2923 2017 in
2956 1955 3112 2038 ipsis
3144 1957 3456 2039 experire-
3479 1982 3645 2027 audie..

1970 2057 2072 2111 tur
2113 2052 2429 2129 lsraelem,
2463 2061 2675 2115 utrum
2722 2053 2968 2116 audiret
3010 2055 3306 2117 mandata
3340 2057 3453 2120 Do-

1969 2149 2150 2226 mini,
2177 2169 2259 2212 an
2291 2169 2442 2228 non,
2468 2159 2539 2212 ut
2567 2151 2799 2230 legitur
2830 2152 2895 2213 iu
2935 2151 3099 2216 libro
3134 2153 3450 2218 Judicum.

1971 2250 2144 2309 Nam
2191 2269 2649 2329 quemcumque
2696 2252 2949 2312 viderat
3007 2255 3177 2314 Saul
3225 2255 3445 2314 virum

1967 2349 2199 2426 fortem
2241 2357 2303 2407 et
2345 2359 2571 2426 aptum
2608 2346 2697 2410 ad
2732 2352 3043 2426 praelium
3092 2370 3166 2414 ex
3215 2352 3455 2434 populo

1968 2444 2180 2521 lsrael,
2224 2449 2504 2508 sociabat
2552 2468 2701 2508 eum
2748 2451 2897 2518 sibi,
2940 2448 3002 2510 id
3055 2457 3171 2526 est,
3214 2451 3455 2514 exerci-

1971 2543 2063 2605 tui
2094 2562 2209 2606 suo
2244 2563 2390 2606 eum
2428 2544 2779 2626 conjunxit,
2816 2547 2871 2608 si
2910 2547 3138 2628 potuit.
3176 2548 3252 2610 Et
3292 2548 3457 2612 bene

1967 2641 2077 2719 ait,
2112 2641 2363 2705 Fortem
2395 2651 2457 2706 et
2487 2651 2705 2726 aptum
2736 2645 2813 2706 ad
2846 2644 3159 2726 praelium.
3186 2645 3453 2720 Quidam

1969 2742 2141 2804 enim
2173 2750 2323 2804 sunt
2352 2761 2617 2825 corpore
2648 2741 2866 2820 forteS,
2902 2743 3103 2826 inepti
3133 2753 3345 2808 tamen
3377 2747 3456 2808 ad

1969 2839 2156 2917 bella,
2201 2840 2502 2922 quoniam
2557 2840 2784 2917 timidi,
2828 2840 3294 2923 pusillanimeS,
3346 2852 3457 2906 aut

1969 2936 2202 3001 obtusi.
2254 2937 2513 3020 Oportet
2564 2938 2738 3002 enim
2774 2947 2858 3001 -ut
2908 2938 3269 3018 bellatoreS,
3326 2942 3453 3005 sint

352 3059 536 3116 reyes
578 3041 776 3108 Soba,
812 3047 873 3098 ec
912 3038 1324 3104 Philiscaeos‚·
1361 3044 1420 3094 et
1463 3052 1860 3113 quocumque
1889 3028 1933 3091 C
1969 3036 2160 3099 etiam
2220 3038 2435 3100 animo
2485 3037 2703 3113 forteS,
2752 3057 2831 3101 ne
2879 3039 3163 3120 pericula
3223 3042 3455 3105 mortis

351 3158 420 3197 se
444 3146 757 3207 verterat,
780 3137 1124 3215 superabat
1143 3132 1537 3196 adversarios
1559 3150 1708 3194 suos
1742 3129 1863 3192 fre·-

353 3242 638 3316 quenter
676 3242 741 3298 et
770 3235 904 3312 diu,
936 3232 1229 3316 quamvis
1265 3232 1520 3295 tandem
1554 3230 1634 3292 ab
1664 3228 1861 3292 hosti-

353 3333 480 3396 bus
525 3333 738 3397 victus
785 3333 888 3395 sit.
926 3332 1283 3395 Secundum
1324 3330 1574 3412 Lyram,
1622 3327 1688 3390 in
1739 3328 1858 3389 He·

351 3432 528 3497 braeo
581 3431 856 3495 habetur
909 3450 923 3495 :
975 3430 1390 3512 Quocumque
1443 3446 1510 3491 se
1559 3432 1853 3501 verterat,

350 3531 560 3614 impie
589 3530 838 3613 agebat,
855 3528 956 3593 vel
988 3529 1226 3611 impius
1257 3527 1476 3590 fiebat.
1494 3526 1616 3589 Sed
1645 3524 1858 3587 verius

350 3630 664 3705 creditur,
697 3630 870 3711 quod
901 3627 1102 3690 Rabbi
1131 3626 1359 3689 Paulus
1400 3624 1732 3688 affirmat:
1759 3622 1858 3685 Di-

350 3729 505 3806 ctio,
551 3728 877 3809 inquienS,
911 3725 1218 3790 Hebraica
1262 3725 1367 3787 hic
1399 3723 1628 3806 posita,
1665 3722 1857 3803 aequi-

351 3846 514 3891 voca
563 3834 684 3889 est.
731 3825 867 3889 Uno
916 3824 1108 3887 modo
1167 3822 1522 3903 significat,
1581 3821 1854 3901 Supera·

347 3926 496 4002 bat3
533 3926 665 3989 alio
697 3926 908 4002 modo,
944 3923 1142 4007 Impie
1179 3922 1620 4003 agebat.Unde
1643 3928 1859 3983 nostra

347 4024 690 4088 translatio
719 4044 872 4087 vera
901 4031 1016 4100 est,
1043 4022 1439 4086 concordans
1463 4039 1608 4083 cum
1643 4020 1854 4082 littera

347 4122 756 4204 praecedenti,
799 4141 929 4204 qua
967 4121 1210 4183 dictum
1239 4128 1356 4196 est,
1390 4118 1715 4198 Pugnabat
1745 4118 1852 4180 ad-

1967 3138 2382 3200 immoderate
2426 3136 2793 3201 formident.
2848 3139 2913 3200 Iu
2959 3139 3146 3203 bellis
3192 3150 3450 3224 quoque

1968 3234 2112 3317 plus
2167 3236 2427 3318 prodest
2482 3236 2821 3319 prudentia
2876 3256 3065 3317 quam
3126 3244 3447 3321 corporeae

1969 3352 2158 3397 vlreS.
2857 3380 2861 3384 -

2045 3432 2223 3496 Circa
2260 3432 2609 3514 praehabita
2644 3431 2973 3513 quaeritur,
3010 3453 3091 3497 an
3118 3434 3268 3497 Saul
3308 3457 3457 3520 pec-

1965 3529 2134 3592 cavit
2175 3529 2530 3609 adjurando
2571 3530 2903 3611 populum,
2947 3539 3011 3593 et
3052 3531 3293 3611 dicenS,
3336 3534 3453 3597 Ma·

1966 3627 2233 3690 ledictus
2277 3628 2375 3690 vir
2422 3627 2535 3708 qui
2579 3628 2925 3690 comederit
2972 3648 3205 3711 panem
3246 3632 3448 3697 donec

1964 3725 2237 3789 ulciscar
2286 3745 2387 3789 me
2437 3726 2515 3787 de
2565 3725 2845 3788 inimicis
2904 3728 3085 3791 meis.
3143 3729 3441 3812 Apparet,

1963 3825 2133 3905 quod
2166 3843 2317 3901 non,
2350 3824 2504 3905 quia
2530 3823 2830 3887 Philistaei
2863 3834 3043 3888 erant
3075 3828 3349 3909 tyranni,
3384 3838 3447 3893 et

1965 3922 2184 3985 letales
2228 3920 2573 3985 adversarii
2618 3920 2822 4003 plebis
2868 3923 3002 4000 Dei,
3041 3924 3263 4005 sicque
3307 3926 3453 3990 Saul

1963 4039 2177 4085 amore
2215 4019 2307 4083 rei
2347 4018 2621 4102 publicae
2664 4028 2727 4082 et
2770 4019 2905 4084 zelo
2948 4020 3212 4102 justitiae
3252 4024 3455 4088 voluit

1963 4138 2070 4183 eos
2098 4119 2409 4195 occidere,
2446 4126 2637 4199 atque
2677 4137 2753 4181 ex
2784 4120 3003 4182 cadem
3036 4121 3250 4185 radice
3284 4122 3457 4204 jura-

342 4241 576 4286 vet-sus
614 4240 836 4285 omnes
882 4220 1180 4283 inimicos
1224 4220 1366 4302 ejus
1399 4243 1414 4294 ;
1449 4238 1596 4281 cum
1643 4218 1855 4279 littera
1884 4218 1932 4279 D
1963 4217 2054 4280 vit
2092 4216 2274 4279 illud.
2305 4215 2497 4278 Porro
2532 4215 2829 4279 Jonathas
2868 4217 3301 4298 deprehensus
3348 4228 3445 4283 est

344 4340 610 4404 quoque
629 4320 946 4403 sequenti,
960 4339 1088 4401 qua
1107 4320 1358 4394 dicitur,
1379 4320 1456 4381 Et
1476 4318 1644 4383 eruit
1662 4316 1852 4381 lsrael

345 4422 430 4483 de
467 4439 675 4483 ‘manu
715 4427 1108 4482 vastatorum
1152 4419 1314 4501 ejus.
1345 4423 1853 4498 Conqreyatoque

347 4521 672 4589 exercitu,
694 4520 1013 4596 percussit
1035 4520 1327 4587 Amalec,
1357 4527 1415 4577 et
1445 4518 1618 4577 eruit
1650 4519 1854 4576 Israel

347 4622 429 4679 de
447 4638 658 4680 manu
679 4626 1084 4678 vastatorum
1114 4618 1278 4695 ejus.

429 4722 735 4779 Fuerunt
776 4726 996 4777 autem
1036 4717 1173 4793 filii
1201 4718 1396 4785 Saul,
1424 4718 1748 4777 Jonackas
1787 4725 1848 4776 ct

348 4817 562 4877 Jessui
603 4825 664 4877 et
695 4814 1080 4877 Melchisua.
1117 4813 1239 4876 Cur
1291 4832 1419 4876 non
1465 4814 1852 4896 exprimitur

349 4914 456 4978 hic
477 4914 766 4977 Isboseth
799 4911 980 4974 filius
1004 4911 1151 4974 Saul
1170 4914 1194 4972 2
1214 4911 1679 4993 Respondetur,
1700 4913 1854 4994 quia

351 5032 484 5076 non
529 5020 668 5075 erat
713 5011 942 5089 virilis,
996 5028 1206 5091 neque
1258 5010 1702 5091 magnanimus
1744 5019 1852 5073 aut

351 5111 664 5187 militanS,
720 5110 831 5175 sed
880 5108 1309 5197 pusillanimis
1361 5116 1424 5171 et
1464 5109 1718 5190 ineptus
1775 5110 1852 5171 ad

353 5209 623 5273 bellicos
667 5216 906 5289 gestus.
936 5207 1117 5270 Unde
1156 5224 1272 5270 nee
1317 5206 1485 5270 bello
1527 5206 1843 5284 interfuit,

355 5310 424 5372 in
467 5327 601 5393 quo
643 5315 827 5390 pater
867 5325 1020 5369 suus
1060 5324 1132 5369 ac
1174 5304 1403 5369 fratres
1439 5306 1844 5369 interierunt.

1963 4323 2152 4392 sorte,
2171 4324 2473 4395 tanquam
2504 4313 2944 4396 culpabili8,et
2972 4315 3054 4378 ob
3086 4317 3227 4399 ejus
3260 4326 3458 4381 trans-

1960 4413 2378 4496 gressionem,
2418 4431 2547 4495 qua
2595 4412 2793 4495 patris
2834 4412 2933 4475 sui
2984 4413 3246 4478 violavit
3295 4435 3453 4498 prae-

1963 4520 2242 4594 ceptum,
2277 4510 2531 4590 negavit
2559 4510 2721 4573 Deus
2753 4514 3234 4593 responsum.ln
3265 4533 3458 4597 oppo-

1962 4612 2156 4675 situm
2206 4609 2385 4691 argui
2435 4617 2670 4691 potest,
2725 4612 3031 4691 quoniam
3080 4614 3247 4675 sicut
3294 4624 3446 4677 sunt

1963 4718 2089 4773 tres
2119 4708 2383 4772 comites
2415 4706 2567 4783 voti,
2604 4706 2691 4769 ita
2718 4716 2783 4769 et
2809 4708 3178 4788 juramenti,
3224 4712 3451 4776 videli-

1962 4816 2062 4873 eet
2090 4806 2409 4882 discreti0‚
2445 4804 2712 4885 justitia,
2748 4805 3001 4883 veritaS,
3037 4810 3449 4889 quemadmo-

3648 1997 3691 2036 ιι,
3704 1985 3747 2026 4.

1961 4909 2112 4970 dum
2163 4922 2356 4987 super
2402 4902 2561 4965 illud
2607 4902 2913 4981 Ieremiae,
2959 4904 3229 4985 surabis,
3277 4908 3450 4972 Vivit
3501 4923 3719 4975 senna.

1960 5006 2286 5082 DominuS,
2322 5002 2389 5065 in
2424 5001 2685 5066 veritate
2716 5009 2777 5064 et
2809 5002 3058 5083 justitia
3084 5013 3146 5067 et
3172 5006 3438 5088 judicio,

1962 5103 2186 5168 scribit
2215 5102 2631 5183 Hieronymus
2666 5118 2681 5163 z
2716 5097 2980 5163 Praefato
3024 5112 3235 5166 autem
3277 5104 3450 5187 jura-

1961 5209 2176 5266 mento
2221 5198 2447 5275 SauliS,
2496 5197 2748 5260 videtur
2786 5197 3070 5263 defuisse
3120 5202 3439 5283 discreti0,

1961 5302 2115 5385 quia
2145 5317 2261 5362 nec
2280 5316 2495 5360 casum
2528 5296 2919 5359 necessitatis
2952 5296 3323 5366 intendebat
3350 5324 3452 5369 ex-
