4359 6250
615 1265 874 1371 ίξτοάκκκ,

617 2545 750 2652 ¹gbid
752 2560 873 2599 xxxxx

905 472 1026 537 620

1525 491 1870 541 mannum
1913 496 1974 540 IN
2017 494 2152 539 CAP.
2200 494 2261 539 vl
2302 494 2460 539 LIBRI
2500 494 2698 540 'rt-:mn
2740 495 2961 541 REGUM.
3008 514 3089 525 -—
3130 496 3270 541 ΛΒΤ.
3317 494 3380 541 lx

905 668 1028 737 tur,
1066 661 1192 725 alia
1220 683 1476 747 quoque
1507 664 1827 728 sacrificia
1855 664 2292 728 offerebantur
2324 664 2388 726 in
2422 663 2472 726 Α
2506 674 2623 726 tem
2670 670 2809 725 alas
2850 686 3002 725 suas
3046 652 3405 739 Cherubim,
3438 677 3499 727 et
3542 668 3835 743 tanyebat
3874 669 3989 724 ata·

905 777 1001 821 eo.
1023 760 1357 826 Incensum
1383 784 1530 829 vcro
1553 773 1615 827 et
1637 764 2394 845 holocaustum‚aliquan-

905 858 987 921 'do
1017 878 1133 941 pro
1165 863 1386 925 eodem
1430 864 1849 946 accipiuntur,
1886 864 2189 945 quoniam
2228 862 2393 925 holo-

905 966 1186 1021 caustum
1231 960 1691 1025 incendebatur
1733 963 2042 1033 totaliter:
2077 962 2186 1024 sed
2226 980 2392 1023 nunc

906 1055 1104 1120 altare
1134 1057 1402 1138 incensi,
1423 1080 1539 1143 pro
1561 1062 1743 1124 altari
1776 1060 2207 1143 thymiamatis
2230 1079 2395 1121 sum-

910 1163 1088 1235 ptum
1135 1166 1250 1233 est,
1299 1159 1450 1240 quia
1495 1169 1556 1223 et
1604 1161 1950 1242 thymiama
1997 1158 2395 1223 cremabatur

909 1273 1100 1335 super
1151 1256 1346 1319 altare
1396 1257 1578 1336 illud,
1633 1267 1821 1341 prout
1872 1278 2062 1343 super
2109 1258 2391 1321 Exodum

909 1352 1160 1434 plenius
1193 1355 1429 1419 dictum
1465 1366 1580 1419 est.

986 1454 1074 1513 Et
1101 1454 1276 1531 fem‘t,
1301 1452 1364 1515 id
1395 1464 1490 1517 est
1520 1455 1755 1538 posuit,
1779 1460 1851 1517 in
1873 1461 2156 1527 oracuIO,
2177 1463 2394 1537 utpote

909 1549 972 1611 in
1008 1560 1184 1632 parte
1218 1554 1437 1635 templi
1471 1555 1782 1632 interiori,
1817 1560 1977 1615 duos
2011 1557 2393 1615 Cherubim:

905 1650 1015 1729 qui
1039 1652 1386 1715 secundum
1410 1654 1693 1717 Hebraeos
1717 1662 1895 1717 erant
1918 1653 2173 1715 formati
2196 1653 2395 1715 instar

904 1748 1313 1829 pulchrorum
1336 1752 1923 1833 splendidorumque
1937 1752 2257 1834 juvenum.
2274 1751 2392 1813 Sed

2504 784 2639 824 una
2662 766 2979 841 parietem
3010 784 3231 839 unum,
3267 764 3327 827 id
3359 772 3476 841 est,
3512 764 3611 826 ala
3639 784 3767 826 una
3795 765 3989 826 unius

2501 861 2751 925 Cherub
2782 871 3040 925 extensa
3072 863 3193 925 fuit
3220 883 3421 944 usque
3452 864 3530 926 ad
3562 882 3813 926 murum
3834 870 3990 925 tem-

2504 960 2598 1041 pli
2646 961 3159 1037 meridionalem3
3199 973 3259 1022 et
3298 966 3407 1022 ala
3447 964 3693 1023 Cherub
3723 963 3989 1022 secundi

2507 1064 2801 1138 tanyebat
2828 1064 3141 1139 parietem
3168 1066 3470 1131 alterum,
3507 1062 3571 1124 id
3610 1072 3705 1124 est
3736 1080 3987 1123 murum

2504 1160 2743 1223 oraculi
2774 1179 2881 1223 seu
2908 1160 3118 1223 Sancti
3141 1169 3501 1223 sanctorum
3532 1160 3987 1242 aquilonarem.

2503 1262 2647 1319 Alce
2676 1270 2891 1320 autem
2922 1264 3140 1321 alteroe
3182 1262 3254 1319 in
3298 1262 3511 1320 media
3539 1270 3728 1337 parte
3772 1262 3993 1337 templi

2502 1378 2565 1417 se
2613 1359 2891 1417 invicem
2938 1360 3410 1435 continqebant,
3444 1357 3507 1419 id
3558 1366 3677 1433 est,
3716 1357 3843 1419 alia
3892 1357 3995 1418 ala

2505 1455 2695 1518 unius
2726 1456 2975 1519 Cherub
3008 1456 3305 1535 tangebat
3331 1456 3593 1519 alteram
3638 1456 3805 1518 alam
3836 1456 3993 1518 alte-

2505 1554 2635 1616 rius
2674 1554 2947 1631 Cherub,
2984 1556 3071 1617 ita
3108 1556 3280 1636 quod
3311 1555 3426 1618 alae
3468 1554 3596 1617 illae
3638 1574 3768 1617 non
3812 1564 3993 1617 erant

2504 1654 2743 1717 directe
2772 1662 3047 1717 extensae
3086 1654 3151 1716 in
3197 1654 3420 1731 altum,
3453 1656 3564 1717 sed
3612 1663 3997 1717 transversa-

2504 1753 2649 1816 liter
2693 1772 2912 1817 versus
2954 1772 3166 1816 arcam
3205 1773 3394 1835 quam
3436 1763 3499 1817 et
3546 1762 3941 1836 operuerunt
3977 1772 3993 1815 :

902 1846 1213 1928 Iosephus
1243 1848 1353 1926 ait,
1387 1851 1557 1930 quod
1598 1859 1779 1912 erant
1812 1849 2062 1913 formati
2095 1851 2173 1912 ad
2219 1849 2394 1911 simi-
2431 1848 2476 1909 B
2504 1852 2725 1933 sicque
2762 1860 3035 1933 quatuor
3078 1852 3192 1914 alae
3242 1852 3369 1915 illae
3419 1852 3678 1915 fuerunt
3719 1861 3997 1914 extensae

907 1945 1240 2009 litudinem
1272 1947 1486 2009 avium
1527 1948 1896 2011 hominibus
1937 1968 2263 2030 nunquam
2296 1967 2395 2011 os-

905 2052 1252 2121 tensarum,
1289 2048 1396 2108 sed
1437 2046 1626 2129 Moysi
1678 2048 1743 2109 in
1794 2047 2040 2111 visione
2091 2047 2395 2128 imagina-

907 2142 1022 2220 ria,
1055 2163 1182 2225 qua
1209 2144 1372 2206 vidit
1403 2146 1597 2209 Deum
1628 2146 1810 2227 quasi
1843 2147 1908 2207 in
1943 2145 2203 2208 sublimi
2234 2146 2395 2209 solio

906 2241 1315 2305 residentem.
1361 2248 1452 2305 De
1501 2246 1700 2322 ligmis
1745 2249 2125 2305 olivarum:
2159 2245 2394 2307 idcirco

907 2358 1034 2401 non
1068 2349 1246 2403 erant
1278 2344 1474 2419 aurei,
1501 2352 1572 2405 ut
1601 2343 1940 2406 Cherubim
1973 2361 2134 2425 quos
2155 2344 2393 2424 Moyses

909 2437 1080 2515 fecit,
1116 2441 1193 2501 de-
1231 2440 1465 2521 quibus
1501 2441 1567 2503 in
1608 2443 1822 2505 Exodo
1854 2442 2156 2505 Dominus
2186 2443 2387 2523 jubet,

909 2538 1074 2601 Duos
1104 2539 1444 2602 Cherubim
1489 2560 1712 2604 aureos
1760 2548 1824 2603 et
1871 2541 2259 2623 productiles
2302 2540 2394 2603 fa-

907 2637 1036 2700 cies
1053 2662 1066 2712 ς
1091 2641 1303 2699 decem
1322 2642 1684 2701 cubitorum
1703 2643 2093 2711 altitudini&
2115 2640 2205 2703 sic
2227 2640 2392 2721 quod

905 2736 1350 2818 unusquisque
1408 2737 1656 2801 Cherub
1710 2738 1933 2801 habuit
1988 2738 2391 2801 altitudinem

904 2837 1122 2898 decem
1154 2836 1552 2912 cubito‘rum3
1587 2845 1650 2899 et
1693 2836 1944 2899 stabant
1983 2857 2175 2919 super
2221 2837 2395 2919 pavi-

905 2942 1189 2997 mentum
1223 2934 1288 2995 in
1331 2934 1635 2998 lateribus
1675 2956 1858 2999 arcae.
1899 2939 2195 3015 Quinque
2223 2940 2395 2997 cubi-

2503 1970 2616 2033 per
2661 1958 2853 2013 totam
2896 1950 3296 2014 latitudinem
3339 1951 3546 2015 Sancti
3598 1960 3992 2027 sanctorum,

2502 2051 2685 2131 cujus
2732 2049 3000 2112 latitudo
3036 2051 3135 2129 (ut
3185 2050 3417 2132 patuit)
3457 2050 3581 2112 suit
3628 2049 3993 2113 cubitorum

2502 2147 2755 2229 viginti.
2790 2148 2947 2210 Hinc
2979 2149 3257 2211 secundo
3286 2148 3813 2231 Paralipomenon
3846 2148 3997 2211 scri-

2503 2246 2696 2323 bitur,
2730 2247 2901 2329 quod
2932 2247 3433 2310 extendebantur
3470 2267 3584 2330 per
3620 2247 3873 2310 cubitos
3908 2249 3997 2307 vi-
4044 2268 4079 2310 ιι
4098 2270 4205 2311 Par.
4224 2284 4271 2309 ‚a

2501 2346 2685 2427 giuti.
2721 2346 2859 2408 Alia
2887 2364 3145 2428 quoque
3187 2346 3404 2428 aliqua
3441 2346 3677 2428 scripta
3720 2354 3872 2408 sunt
3904 2346 3995 2408 ibi
4028 2335 4093 2373 ¹³·

2502 2446 2581 2507 de
2617 2444 2958 2507 Cherubim
3001 2444 3163 2520 istis,
3195 2464 3337 2526 quae
3378 2444 3481 2508 hic
3528 2462 3657 2507 non
3700 2453 3852 2506 sunt
3890 2446 3999 2507 de-

2504 2543 2760 2625 scripta,
2796 2542 3249 2605 sieut-econtra
3276 2561 3290 2604 τ
3316 2562 3456 2624 quae
3488 2542 3760 2622 diligens
3798 2543 3999 2606 lector
4082 2566 4085 2569 ⁴

2503 2642 2692 2704 simul
2736 2642 3115 2705 consideret.
3158 2645 3341 2703 Teoeit
3374 2663 3622 2722 quoque
3655 2644 3998 2703 Cherubim

2504 2741 2657 2803 istos
2688 2760 2871 2811 auro,
2908 2740 2968 2802 id
3002 2748 3099 2803 est
3130 2740 3385 2802 laminis
3416 2740 3649 2803 aureis,
3684 2740 3815 2803 Alae
3846 2758 3999 2805 vero

2503 2838 2769 2901 istorum
2802 2837 3167 2915 Cherubim,
3188 2846 3257 2899 ut
3288 2838 3485 2920 aliqui
3520 2838 3762 2915 dicunt,
3787 2858 3999 2903 aureae

2505 2946 2704 3000 erant.

907 3044 1118 3095 torum
1149 3038 1258 3094 αῖα
1293 3038 1539 3096 Cherub
1572 3056 1731 3107 zona,
1753 3046 1814 3096 et
1845 3038 2132 3115 quinque
2162 3037 2395 3096 cubito·
2430 3034 2475 3098 C
2584 3037 2847 3117 Insuper
2877 3042 3051 3117 patet
3080 3054 3156 3097 ex
3186 3035 3373 3099 dictis
3410 3036 3476 3097 in
3518 3036 3642 3099 isto
3688 3035 3992 3118 capitum,

905 3153 1054 3193 rum
1103 3137 1214 3194 ala
1259 3135 1505 3194 Cherub
1553 3138 1783 3207 altera,
1815 3135 1902 3196 'id
1952 3142 2069 3212 est,
2121 3135 2396 3215 quilibet

905 3231 1156 3295 Cherub
1203 3232 1428 3294 habuit
1471 3232 1600 3295 alas
1647 3233 1825 3310 duas,
1861 3241 1924 3296 et
1963 3234 2267 3315 quaelibet
2298 3234 2397 3296 ala

909 3328 1034 3390 suit
1053 3329 1340 3410 quinque
1361 3330 1718 3393 cubitorum
1747 3331 1808 3394 in
1843 3332 2241 3412 longitudine
2261 3353 2391 3408 sua,

908 3429 996 3491 ita
1025 3429 1195 3510 quod
1219 3429 1407 3492 simul
1441 3431 1760 3494 habebant
1790 3432 2250 3511 longitudinem
2284 3433 2395 3495 de-

906 3547 1044 3591 cem
1089 3528 1472 3607 cubitorum,
1508 3538 1571 3592 et
1613 3538 1788 3593 tanto
1833 3531 2036 3613 spatio
2076 3531 2399 3594 distabant

815 3649 818 3652 ’
910 3628 1306 3690 summitates
1347 3649 1456 3691 seu
1505 3630 1930 3692 extremitates
1970 3630 2212 3692 alarum
2264 3629 2398 3692 illa-

913 3747 1049 3789 rum
1089 3747 1508 3809 expansarum
1559 3728 1638 3790 ab
1678 3729 1973 3792 invicem.
2009 3730 2084 3790 Et
2132 3729 2253 3792 hoc
2303 3738 2399 3792 est

909 3828 1080 3908 quod
1112 3827 1179 3888 in
1212 3827 1426 3889 littera
1456 3826 1786 3890 subditur:
1816 3831 1884 3888 id
1913 3839 2027 3898 est,
2057 3832 2268 3889 decem
2296 3850 2400 3890 eu-

911 3927 1068 3985 bitos
1095 3927 1388 3985 habentes
1420 3947 1461 3984 a
1489 3927 1859 3986 summitate
1889 3931 2010 3986 alce
2044 3928 2265 3995 zmiuS,
2298 3947 2400 3986 us-

911 4044 1030 4103 que
1078 4025 1166 4082 ad
1203 4025 1475 4083 alterius
1523 4028 1644 4084 ala?
1685 4027 2143 4085 summitatem.
2173 4027 2397 4084 Decem

912 4142 1158 4202 quoque
1204 4124 1567 4182 cubitorum
1611 4133 1750 4181 erat
1793 4124 2037 4182 Cherub
2084 4126 2402 4183 secundus

2505 3144 2673 3199 etex
2722 3135 2823 3196 his
2862 3153 3007 3216 quae
3051 3134 3117 3196 in
3148 3135 3359 3198 Exodo
3400 3134 3787 3212 scribuntur,
3820 3137 3993 3217 quod

2504 3233 2849 3297 Cherubim
2911 3232 3017 3295 isti
3077 3233 3145 3294 in
3204 3234 3443 3315 templo
3492 3233 3877 3310 SalomoniS,
3934 3244 3997 3297 et

2504 3332 2845 3396 Cherubim
2868 3331 2979 3412 qui
3012 3340 3192 3394 erant
3215 3332 3279 3394 in
3315 3331 3723 3395 tabernaculo
3743 3333 3993 3416 MoysiS,

2506 3431 2968 3494 conveniebant
3000 3431 3065 3492 in
3092 3429 3297 3494 forma
3317 3439 3381 3494 et
3400 3430 3525 3493 situ
3554 3448 3567 3493 :
3592 3431 3745 3512 quia
3772 3432 3993 3494 eodem

2506 3531 2693 3593 modo
2722 3538 2902 3592 erant
2919 3528 3211 3611 dispositi
3243 3537 3305 3593 et
3334 3529 3508 3606 alati,
3528 3537 3591 3592 et
3620 3549 3696 3592 ex
3724 3537 3997 3611 utroque

2507 3629 2703 3691 latere
2742 3646 2901 3690 arcae
2934 3626 3124 3690 locati
3152 3651 3165 3702 ;
3196 3627 3302 3690 sed
3334 3625 3727 3690 differebant
3768 3627 3833 3689 in
3864 3647 3997 3690 ma-

2509 3726 2666 3790 teria
2713 3735 2774 3788 et
2824 3727 3202 3807 quantitate.
3252 3725 3401 3787 Nam
3442 3725 3783 3788 Cherubim
3830 3745 3995 3807 quos

2508 3827 2743 3909 Moyses
2768 3825 2903 3888 fieri
2936 3826 3150 3908 jussit,
3174 3833 3355 3888 erant
3378 3825 3556 3907 parvi
3588 3833 3651 3887 et
3668 3824 3868 3900 aurei,
3888 3824 3995 3886 isti
4042 3849 4271 3893 zamam,

2512 3943 2659 3990 vero
2706 3923 2921 4004 magni
2969 3933 3031 3987 et
3080 3924 3276 4006 lignei
3325 3944 3395 3987 ac
3444 3924 3752 3999 deaurati,
3806 3916 4161 4004 atque-¹⁸³⁰·

2512 4024 2629 4087 sub
2661 4024 2777 4086 alis
2810 4023 2944 4086 suis
2977 4023 3391 4086 continebant
3421 4042 3632 4086 arcam
3665 4042 3739 4085 ac
3766 4021 4003 4086 Cheru-

2512 4123 2645 4185 bim
2678 4122 2877 4185 factos
2910 4121 3029 4184 sub
3059 4121 3287 4204 Moyse.

914 4223 988 4280 in
1032 4241 1333 4281 mensura
1366 4222 1549 4297 pari,
1581 4221 1732 4301 quia
1772 4221 1992 4282 eodem
2043 4220 2229 4283 modo
2280 4220 2402 4282 suit
2429 4221 2480 4282 D
2592 4225 2678 4282 Et
2707 4241 2921 4282 omnes
2942 4223 3225 4298 parietes
3257 4221 3478 4298 templi
3502 4239 3621 4298 per
3647 4223 4001 4280 circuitum

913 4318 1263 4400 dispositus
1293 4327 1354 4382 et
1400 4319 1706 4381 formatus
1748 4319 1812 4380 in
1861 4318 2259 4400 longitudine
2289 4339 2403 4381 sua

915 4427 978 4481 ct
1008 4418 1148 4494 alis,
1170 4425 1240 4478 ut
1271 4417 1537 4501 primus.
1563 4419 1738 4481 Unde
1769 4417 2210 4498 subjungitur:
2234 4423 2403 4496 Opus

915 4538 1146 4588 unum,
1168 4517 1230 4578 id
1266 4526 1362 4578 est
1391 4517 1620 4578 similis
1655 4517 1971 4594 formatio,
1995 4528 2134 4578 erat
2165 4520 2237 4577 in
2257 4521 2406 4578 ctuo-

917 4619 1032 4676 bus
1065 4618 1427 4686 Cherubim,
1454 4617 1527 4675 id
1554 4627 1668 4685 est,
1689 4617 2111 4676 altitudinem
2142 4617 2406 4676 habebat

917 4735 1088 4774 unus
1111 4716 1357 4775 Cherub
1386 4718 1597 4774 decem
1619 4716 2004 4785 cubitorum,
2022 4723 2081 4774 et
2099 4716 2406 4774 similiter

917 4815 1164 4872 Cherub
1192 4815 1528 4873 secundm.

997 4912 1348 4990 Posuitque
1399 4911 1741 4970 Cherubim
1792 4913 1865 4970 in
1924 4913 2132 4971 medio
2186 4912 2406 4987 templi

915 5009 1269 5078 interioris,
1294 5008 1357 5069 id
1389 5016 1485 5070 est
1515 5007 1580 5068 in
1611 5008 1822 5071 medio
1854 5008 2174 5072 interioris
2208 5009 2406 5090 partis

918 5106 1113 5169 totius
1144 5107 1388 5188 templi,
1427 5106 1609 5187 cujus
1662 5106 1926 5170 interior
1969 5127 2114 5189 pars
2145 5116 2407 5170 vocatur

919 5207 1023 5268 hic
1069 5206 1378 5288 templum
1425 5206 1692 5269 interius
1729 5223 1742 5268 z
1779 5207 1999 5289 sicque
2042 5225 2187 5269 arca
2234 5206 2408 5269 stetit

923 5306 1090 5370 inter
1120 5306 1279 5369 duos
1309 5305 1422 5368 hos
1443 5304 1806 5368 Cherubim.
1825 5308 2273 5368 Eoetendebant
2292 5327 2408 5366 au-

2510 4322 2778 4398 sculpsit
2832 4322 3037 4380 variis
3084 4321 3410 4381 caelaturis
3449 4329 3508 4378 et
3560 4329 3765 4390 tornO,
3802 4319 3864 4380 id
3905 4329 4004 4380 est

2513 4439 2659 4481 cum
2682 4419 3105 4481 instrumento
3128 4417 3218 4480 sic
3239 4417 3423 4480 dicto.
3446 4417 3693 4481 Dictum
3718 4426 3813 4480 est
3834 4436 4008 4479 nam-

2514 4536 2661 4598 que,
2696 4516 2866 4597 quod
2898 4515 2965 4577 in
2997 4515 3230 4578 tabulis
3263 4516 3391 4576 illis
3432 4514 3733 4591 cedriniS,
3766 4515 4005 4596 quibus

2514 4614 2679 4678 muri
2715 4613 3040 4676 inferioris
3071 4613 3269 4696 partis
3304 4612 3521 4694 templi
3562 4621 3745 4675 erant
3773 4613 4005 4696 operti,

2516 4713 2797 4794 sculptae,
2849 4711 3131 4774 formatae
3171 4710 3305 4774 sive
3352 4709 3585 4774 caelatae
3634 4717 3815 4773 erant
3865 4730 4011 4792 pro-

2516 4810 2831 4873 minentes
2877 4808 3206 4889 imagines,
3243 4813 3326 4871 E't
3355 4811 3509 4886 feeit
3542 4811 3615 4869 in
3645 4812 3737 4869 eis
3774 4811 4011 4870 Cheru—

2516 4912 2672 4979 bim,
2702 4919 2761 4970 et
2794 4911 3075 4986 palmaS,
3110 4918 3168 4968 et
3196 4909 3498 4985 ‘picturas
3542 4910 3785 4979 υανϊαε,
3818 4911 4011 4986 quasi

2510 5009 2950 5088 prominentes
2977 5010 3057 5066 de
3077 5007 3330 5084 pariete
3365 5016 3425 5066 et
3453 5007 3863 5082 eyredz'entes.
3886 5005 4010 5067 Un-

2516 5107 2594 5168 de
2626 5113 2687 5168 et
2719 5105 2784 5166 in
2806 5105 3330 5187 Paralipomenon
3360 5103 3661 5166 scribitur
3688 5121 3701 5164 :
3728 5103 4005 5186 Sculpsit
4062 5135 4094 5176 u
4110 5136 4197 5176 pff,-
4222 5152 4229 5167 ,
4255 5168 4261 5172 ,

2520 5205 2586 5266 in
2618 5223 2691 5267 ea
2712 5205 2977 5286 palmaS,
2998 5213 3061 5268 et
3080 5203 3264 5284 quasi
3296 5202 3617 5266 catenulas
3640 5223 3708 5264 se
3730 5202 4007 5266 invicem
4036 5201 4075 5243 ⁵-
4094 5202 4131 5239 ἵ·

2520 5303 3049 5385 complectente53
3082 5310 3147 5365 et
3171 5301 3418 5365 caelavit
3436 5300 3777 5364 Cherubim
3809 5301 3877 5362 in
3908 5321 4011 5383 pa·
