4359 6250
624 777 790 881 *Hebm
805 788 888 823 xm.

665 1173 753 1216 lob
775 1186 886 1224 xxxi,

624 1241 736 1282 9-12.

631 4433 742 4477 Luc.
759 4446 814 4483 ix,
828 4433 895 4475 25.

643 4620 895 4672 Ecclisxx,

632 4686 700 4727 24.

645 4747 895 4798 Promvm,

633 4812 701 4853 ¹7.

644 4926 896 4976 Manlum,

633 4992 673 5041 a,
693 4992 733 5031 5.

921 477 1039 540 510
1479 491 1824 537 ananum-10
1869 491 1928 536 m
1971 490 2108 536 car.
2154 489 2243 535 ιιι
2288 490 2441 536 mam
2486 490 2737 537 saeuum
2780 490 3005 538 nacon.
3050 511 3132 522 -
3173 492 3314 538 aar.
3359 491 3467 538 xxi

921 665 1168 748 recipit,
1203 672 1443 747 quanto
1473 663 1674 744 magis
1707 661 1944 744 impius
1977 669 2040 724 et
2070 661 2410 742 peccator?
2440 658 2492 720 A
2608 665 2701 724 Tu
2730 683 2793 722 es
2823 664 2936 722 ille
2965 663 3083 742 qui
3110 663 3325 738 fecisti
3354 661 3521 721 hanc
3548 679 3703 720 rem.
3730 657 3869 722 Hoc
3898 655 4037 719 im-

919 764 995 826 Et
1024 763 1362 845 Apostolus
1395 763 1471 824 ad
1503 761 1797 824 Hebraeos
1829 778 1842 821 ε
1878 759 2314 823 Fornicatorcs
2346 765 2409 819 et

918 861 1241 925 adulteros
1269 859 1585 941 judicabit
1615 859 1940 923 Dominus
1977 857 2263 938 Denique
2296 857 2410 918 hu-

918 961 1022 1042 jus
1084 958 1389 1023 facinoris
1448 957 1912 1032 enormitatem,
1967 954 2410 1038 proportiona-

923 1068 1178 1140 tamque
1219 1057 1526 1120 ultionem
1578 1055 1777 1136 tangit
1826 1063 2082 1117 sanctus
2126 1053 2266 1129 lob,
2315 1052 2409 1114 di-

920 1177 1073 1221 cens
1107 1175 1122 1218 ε
1158 1157 1221 1220 Si
1271 1158 1606 1238 deceptum
1657 1163 1752 1218 est
1800 1173 1910 1218 cor
1958 1172 2168 1216 meum
2218 1170 2409 1234 super

919 1255 1208 1332 muliere,
1244 1263 1307 1319 et
1347 1254 1400 1316 si
1445 1254 1523 1318 ad
1569 1253 1804 1317 ostium
1849 1251 2038 1314 amici
2083 1251 2211 1314 mei
2258 1249 2411 1312 insi-

921 1355 1128 1417 diatus
1159 1373 1324 1429 sum,
1347 1361 1626 1415 scortum
1659 1351 1742 1414 sit
1770 1350 2031 1413 alterius
2063 1368 2220 1412 uxor
2249 1367 2403 1425 mea,
2434 1377 2441 1384 ·

918 1461 982 1516 et
1024 1471 1215 1534 super
1259 1451 1435 1513 illam
1481 1449 1896 1513 incurventur
1934 1447 2067 1510 alii.
2103 1447 2231 1510 Hoc
2284 1455 2408 1510 ete-

918 1552 1050 1614 nim
1098 1549 1278 1613 nesas
1321 1556 1415 1612 est
1457 1557 1520 1612 et
1561 1547 1866 1630 iniquitas
1901 1546 2201 1609 maxima.
2240 1544 2408 1624 lgnis

917 1660 1015 1712 est
1045 1669 1248 1731 usque
1278 1649 1356 1710 ad
1378 1647 1803 1730 perditionem
1837 1646 2172 1721 devoranS,
2193 1652 2255 1707 et
2275 1661 2408 1706 om-

920 1750 1026 1812 nia
1055 1747 1382 1812 eradicans
1413 1746 1761 1828 genimina.

2520 760 2845 842 properari
2878 768 3087 841 potest
3128 779 3200 822 ac
3230 758 3428 840 objici
3472 757 3594 832 his,
3628 757 3741 839 qui
3784 763 4033 820 contra

2520 859 2843 940 propriam
2864 867 3207 941 operantur
3226 858 3603 933 doctrinam,
3622 864 3685 919 et
3702 875 3849 937 quae
3870 873 4032 919 con-

2519 956 2823 1018 demnant
2854 956 2920 1018 in
2952 956 3118 1032 aliis,
3153 962 3517 1038 perpetrare
3544 972 3673 1016 non
3702 969 4032 1018 verecun-
4319 1013 4320 1018 ,

2518 1055 2771 1117 dantur.
2790 1053 3067 1128 Quorum
3097 1053 3448 1135 unicuique
3478 1052 3861 1118 dicet-Iudex
3886 1050 4027 1117 :Ex
4058 1035 4320 1112 Luam&

2518 1172 2629 1217 ore
2660 1162 2768 1216 tuo
2810 1161 2869 1216 te
2902 1152 3141 1232 judico,
3178 1171 3359 1216 serve
3388 1150 3909 1233 nequam-Unde.
3932 1150 4025 1212 ad

2520 1253 2831 1315 Romanos
2862 1251 2948 1313 ait
2978 1251 3317 1333 Apostolus
3354 1269 3366 1312 :
3400 1249 3736 1312 Existimas
3764 1256 4021 1322 autem,
4075 1267 4257 1310 non...
4278 1271 4320 1307 ;.Ἰ

2518 1369 2558 1414 o
2586 1351 2799 1428 homo,
2825 1350 2938 1433 qui
2962 1350 3213 1432 judicas
3242 1369 3351 1412 eos
3382 1349 3491 1431 qui
3524 1348 3673 1412 talia
3699 1355 3927 1428 agunt,
3953 1355 4025 1408 et

2522 1448 2681 1512 facis
2724 1469 2820 1526 ea,
2853 1451 3027 1531 quod
3069 1457 3137 1511 tu
3184 1447 3460 1529 effugies
3502 1447 3811 1528 judicium
3846 1445 4021 1510 Dei?

2520 1547 2596 1609 Et
2643 1549 2853 1612 denuo
2904 1548 3141 1612 ibidem
3179 1546 3339 1620 :Qui
3384 1546 3687 1628 praedicas
3729 1563 3857 1608 non
3912 1542 4023 1606 su·
4054 1563 4307 1604 maenaa„

2520 1647 2811 1724 randum,
2861 1645 3134 1720 furaris3
3167 1645 3281 1728 qui
3326 1645 3486 1708 dicis
3528 1663 3653 1707 non
3687 1643 4025 1706 moechan-

2520 1745 2695 1821 dum,
2730 1744 3099 1818 moecharis3
3122 1743 3232 1825 qui
3264 1743 3567 1807 abhorres
3600 1742 3789 1816 idola,
3808 1741 4024 1808 saeri-

997 1848 1403 1929 AmpliuS,ex
1437 1846 1557 1908 isto
1579 1845 1859 1926 capitulo
1887 1851 2241 1924 arguuntur
2269 1861 2411 1906 ava·
2445 1845 2492 1908 B
2522 1843 2757 1922 legium
2802 1842 2983 1906 sacis.
3021 1846 3233 1912 Quare
3266 1843 3697 1920 contempsisti
3740 1841 4015 1902 verbum

917 1949 993 2026 ri,
1032 1955 1335 2028 raptoreS‚
1369 1954 1433 2008 et
1460 1963 1810 2028 pauperum
1849 1941 2409 2024 impotentiorum-

913 2066 1040 2128 que
1071 2062 1500 2129 oppressoreS,
1535 2041 1648 2124 qui
1693 2041 1746 2103 si
1790 2040 2136 2122 aliquando
2186 2057 2410 2121 expen-

916 2165 1016 2207 sas
1051 2143 1210 2208 alios
1254 2143 1415 2206 bene
1454 2141 1778 2204 tractando
1811 2138 2068 2215 faciant,
2115 2138 2409 2203 nituntur

916 2261 1195 2325 expensa
1213 2242 1294 2304 ab
1315 2239 1870 2323 impotentioribus
1903 2245 1965 2300 et
1995 2236 2211 2317 egenis
2234 2255 2411 2299 recu-

917 2361 1140 2425 perare
1187 2349 1251 2404 et
1297 2347 1670 2420 extorquere
1721 2355 1734 2399 :
1779 2355 2052 2418 quorum
2099 2334 2407 2416 iniquitas

917 2439 1202 2505 clamitat
1229 2447 1376 2502 ante
1407 2439 1624 2512 Deum,
1649 2445 1712 2499 et
1732 2435 1935 2497 diram
1960 2433 2199 2516 expetit
2228 2433 2411 2496 ultio-

919 2560 1079 2604 nem.
1095 2538 1210 2615 Qui
1242 2546 1453 2601 autem
1476 2537 1646 2598 lauta
1667 2542 1883 2598 tenent
1903 2533 2217 2612 convivia,
2232 2535 2411 2597 alios-

917 2659 1044 2722 que
1074 2639 1347 2701 invitant
1371 2634 1687 2698 desiderio
1713 2633 1919 2696 laudis
1951 2633 2267 2710 humanae,
2300 2641 2411 2695 aut

919 2737 1114 2800 simili
1155 2736 1429 2799 elatione
1467 2753 1577 2797 seu
1619 2731 1858 2813 injusta
1901 2731 2276 2807 intentione,
2320 2730 2411 2793 fa-

919 2837 1097 2900 ciunt
1128 2835 1247 2897 hoc
1274 2833 1616 2896 accedente
1643 2831 1724 2895 ad
1756 2849 1864 2894 eos
1901 2829 2256 2912 peregrino,
2300 2849 2409 2912 pu-

920 2943 983 2997 ta
1031 2933 1284 2997 diabolo
1333 2950 1347 2995 ε
1398 2931 1510 3012 qui
1563 2938 1851 3012 respectu
1890 2928 2237 2992 electorum
2293 2928 2407 3010 qui

2520 1944 2809 2013 Domini,
2854 1953 2925 2002 uc
2973 1944 3215 2020 faceres
3264 1945 3509 2002 malum
3556 1942 3630 2000 in
3656 1949 4021 2016 ,conspectu

2518 2042 2657 2118 ejus
2678 2043 2708 2100 ?
2736 2040 3078 2103 Pensemus
3108 2059 3302 2121 quam
3332 2057 3591 2102 enorme
3620 2045 3813 2118 atque
3836 2037 4023 2100 dam-

2520 2139 2733 2202 nabile
2774 2138 2858 2201 sit
2901 2147 3289 2221 praeceptum
3334 2136 3442 2200 Dei
3480 2145 3916 2210 contemnere,
3954 2145 4017 2198 et

2522 2237 2643 2301 Deo
2688 2236 3087 2319 inspiciente,
3123 2237 3417 2299 mandata
3457 2235 3661 2318 ipsius
3707 2234 3959 2299 violare
3998 2251 4015 2294 :

2519 2343 2824 2399 ettamen
2856 2336 2920 2398 id
2961 2335 3091 2416 agit
3120 2335 3327 2398 omnis
3358 2333 3471 2416 qui
3516 2341 3735 2416 peccat
3778 2341 4022 2396 morta-

2518 2433 2685 2496 liter.
2719 2434 3138 2498 Advertamus
3173 2431 3490 2496 beneficia
3534 2432 3643 2495 Dei
3685 2431 4021 2511 generalia

2518 2551 2591 2595 ac
2630 2532 2932 2614 specialia
2968 2552 3161 2614 super
3202 2550 3316 2596 nos
3360 2539 3424 2594 et
3464 2531 3529 2592 in
3572 2529 3781 2606 nobiS,
3812 2537 3879 2592 ct
3926 2528 4017 2592 ita

2521 2650 2789 2712 pensare
2818 2632 3191 2713 poterimuS,
3216 2649 3407 2713 quam
3428 2629 3716 2692 enormia
3742 2627 3874 2689 sint
3908 2647 4023 2690 no-

2520 2737 2650 2792 stra
2680 2737 2957 2811 peccata,
2994 2738 3057 2792 et
3085 2737 3445 2808 satagemus
3476 2727 3678 2790 vitare
3710 2745 3806 2789 ea.

2596 2830 2789 2890 Dixit
2810 2830 3028 2889 David
3044 2849 3067 2888 .·
3082 2829 3357 2890 Peccavi
3371 2828 3668 2888 Domine.
3692 2825 3780 2888 lta
3809 2835 3871 2888 et
3894 2846 4011 2890 nos

2518 2945 2555 2988 a
2585 2925 3021 3008 superioribus
3051 2935 3160 2988 aut
3190 2925 3499 3007 proximis
3534 2924 3771 2986 nostris
3802 2941 4017 2989 corre-

921 3033 1030 3095 diu
1081 3033 1146 3094 in
1196 3031 1471 3114 peccatis
1510 3049 1636 3092 non
1671 3035 2064 3111 permanent,
2103 3036 2271 3090 recte
2319 3028 2410 3090 di·
2443 3027 2488 3092 C
2520 3025 2635 3106 pti,
2662 3042 3185 3104 recognoscamus
3217 3023 3544 3085 humiliter
3573 3023 3865 3104 proprias
3884 3022 4015 3086 cul-

921 3132 1086 3196 citur
1133 3130 1526 3214 peregrinuS‚
1558 3128 1713 3210 quia
1759 3146 1885 3190 non
1937 3126 2048 3189 diu
2088 3128 2154 3188 in
2186 3146 2405 3189 eorum

921 3231 1219 3295 cordibus
1249 3235 1697 3293 commoratur.
1733 3227 1800 3288 ln
1847 3225 2263 3308 reproborum
2294 3245 2407 3287 au-

923 3338 1048 3392 tem
1101 3337 1162 3391 et
1219 3325 1758 3409 impoenitentium
1816 3324 2114 3388 cordibus
2164 3324 2407 3387 habitat

923 3436 1225 3508 tanquam
1256 3424 1439 3487 civiS.

1000 3530 1222 3588 Iratus
1249 3534 1466 3585 autem
1499 3524 1716 3584 David
1746 3524 2053 3583 adversus
2084 3524 2408 3582 hominem

921 3627 1136 3687 illum.
1162 3624 1264 3686 Sic
1299 3621 1508 3698 multi,
1533 3620 1787 3701 cognito
1818 3620 2088 3683 aliorum
2119 3637 2403 3697 excessu,

920 3724 1052 3786 zelo
1071 3723 1366 3785 videntur
1393 3718 1658 3801 justitiae
1687 3718 1939 3781 incitari
1961 3726 2024 3781 et
2057 3717 2411 3780 inflamma·

922 3822 974 3884 ri
1006 3830 1225 3886 contra
1256 3827 1648 3902 peccatorem
1675 3817 1785 3879 sed
1807 3816 2066 3900 propria
2095 3816 2251 3879 vitia
2283 3834 2409 3878 non

921 3922 1284 3996 emendant,
1307 3918 1436 3981 imo
1469 3936 1585 3979 nec
1619 3922 1909 3998 pensant,
1937 3934 2052 3977 nec
2083 3914 2316 3995 corrigi
2348 3921 2410 3977 et

920 4020 1114 4101 objici
1153 4017 1275 4080 sibi
1319 4037 1392 4081 ea
1431 4014 1872 4097 aequanimiter
1912 4012 2245 4094 patiuntur
2279 4031 2293 4075 :
2332 4013 2409 4075 de

922 4118 1157 4201 quibus
1187 4123 1454 4191 constat,
1489 4114 1659 4196 quod
1705 4131 1820 4176 nec
1865 4112 2024 4175 alios
2069 4132 2144 4175 ex
2188 4111 2410 4175 carita-

2519 3144 2655 3205 paS,
2692 3142 2810 3187 nec
2859 3121 3228 3205 corripienti
3274 3120 3703 3203 indignemur,
3752 3140 3871 3185 nec
3916 3140 4015 3185 ex-

2518 3242 2813 3287 cusemus
2846 3222 2943 3286 vel
2976 3221 3347 3285 alleviemus
3378 3220 3538 3284 vitia
3574 3230 3815 3298 nostra,
3850 3222 4009 3285 certi

2518 3323 2686 3403 quod
2720 3322 2785 3384 in
2826 3321 3043 3384 multis
3088 3319 3502 3395 offendimuS,
3536 3328 3601 3381 et
3640 3320 4011 3385 innumera·
4038 3339 4303 3382 samana

2520 3421 2677 3483 bilia
2706 3420 2942 3483 lateant
2963 3418 3408 3501 nosmetipsos,
3433 3419 3585 3480 Nam
3617 3426 3687 3479 ut
3708 3418 4005 3483 Salomon

2520 3518 2826 3600 loquitur,
2860 3518 3012 3581 Viro
3042 3516 3153 3598 qui
3197 3516 3645 3598 corripientem
3677 3517 3839 3579 dura
3880 3536 4010 3580 cer·
4058 3537 4301 3579 mamm.

2520 3618 2659 3680 vice
2687 3617 3061 3693 contemnit,
3087 3616 3455 3697 repentinus
3478 3616 3883 3697 superveniet
3914 3618 4011 3679 in·
4046 3604 4089 3643 ¹·

2521 3716 2765 3779 teritus.
2800 3716 2960 3779 Ecce
2994 3715 3184 3777 David
3228 3733 3353 3777 non
3401 3714 3558 3776 dixit
3601 3715 4013 3796 reprehenso-

2519 3814 2572 3877 ri
2624 3834 2637 3877 :
2686 3814 3006 3895 Numquid
3058 3812 3463 3876 consiliarius
3512 3812 3677 3893 regis
3720 3816 3834 3875 est
3874 3814 4007 3878 [mo

2518 3915 2849 3978 celerrime
2879 3915 3070 3977 etiam
3106 3932 3317 3975 coram
3348 3912 3492 3975 aliis
3521 3931 3637 3975 sua
3662 3913 4015 3977 confiteba-

2520 4024 2623 4076 tur
2651 4032 2724 4076 ac
2754 4011 3019 4076 deflevit
3048 4021 3329 4094 peccata.
3365 4012 3454 4073 lta
3480 4028 3740 4091 agamus
3770 4020 3835 4075 et
3866 4032 4008 4089 ηοε,

2522 4131 2637 4175 nec
2669 4111 2927 4193 publice
2963 4110 3141 4190 argui
3174 4118 3235 4172 et
3268 4109 3576 4191 poenitere
3610 4128 4013 4189 acrecogno-

926 4226 986 4279 te
1015 4212 1384 4295 corripiant,
1420 4210 1721 4293 quoniam
1757 4210 1986 4273 caritas
2019 4209 2247 4291 incipit
2278 4228 2315 4270 a
2344 4228 2411 4271 se
2444 4216 2493 4276 D
2522 4230 2697 4274 scere
2730 4219 2945 4273 nostra
2979 4216 3237 4292 peccata
3270 4208 3737 4271 erubescamus
3762 4213 4013 4287 Inyx-as-

927 4316 1087 4398 ipsa,
1124 4314 1187 4376 id
1232 4319 1328 4376 est
1372 4310 1629 4393 proprio
1674 4328 1790 4372 suo
1829 4309 2137 4391 subjecto.
2173 4308 2413 4390 Nempe

926 4414 1084 4497 quid
1114 4409 1374 4495 proficit
1404 4410 1593 4472 homo
1613 4408 1668 4470 si
1697 4408 2068 4471 universum
2101 4408 2411 4469 mundum

927 4514 1230 4587 lucretur,
1264 4516 1326 4571 et
1370 4507 1591 4590 perdat
1630 4526 1697 4568 sc
1741 4506 1950 4587 ipsum
1973 4508 1996 4566 2
2023 4506 2165 4568 Ideo
2207 4505 2271 4566 in
2302 4504 2415 4568 Ec-

927 4608 1282 4675 clesiastico
1326 4606 1634 4687 scriptum
1675 4611 1773 4667 est
1807 4621 1820 4665 :
1855 4602 2145 4665 Miserere
2186 4602 2413 4666 animae

927 4720 1052 4773 tuae
1080 4708 1337 4791 placens
1369 4704 1516 4767 Deo,
1551 4703 1626 4764 Et
1663 4703 1730 4764 in
1758 4700 2115 4765 Proverbiis
2152 4718 2165 4761 :
2200 4699 2414 4762 Iustus

928 4810 993 4871 in
1029 4806 1343 4891 principio
1383 4810 1710 4866 accusator
1739 4807 1835 4863 est
1875 4799 1995 4861 sui.
2031 4799 2209 4861 Unde
2252 4807 2317 4862 et
2348 4798 2413 4860 in

927 4907 1212 4972 Matthaeo
1243 4904 1333 4967 ait
1351 4902 1633 4965 Salvator
1659 4918 1673 4963 ε
1699 4899 1859 4974 Quid
1891 4898 2069 4961 vides
2103 4896 2413 4961 festucam

929 5008 994 5070 in
1024 5005 1210 5071 oculo
1243 5001 1456 5064 fratris
1485 5000 1602 5077 tui,
1635 5008 1698 5062 et
1726 4999 1968 5061 trabem
1999 4996 2067 5059 in
2097 4997 2285 5061 oculo
2306 5006 2415 5060 tuo

929 5125 1056 5170 non
1103 5104 1322 5167 vides?
1361 5098 1721 5182 Hypocrita,
1763 5098 1924 5180 ejice
1976 5095 2252 5177 primum
2294 5103 2416 5157 tra-

928 5205 1072 5267 bem
1102 5203 1181 5265 de
1212 5200 1398 5264 oculo
1439 5208 1570 5276 tuo,
1605 5206 1669 5261 ct
1711 5205 1862 5259 tunc
1893 5194 2144 5259 videbis
2180 5193 2414 5274 ejicere

929 5302 1234 5366 festucam
1266 5300 1346 5363 de
1383 5298 1570 5362 oculo
1603 5294 1818 5359 fratris
1853 5294 1968 5356 tui.

2521 4331 2629 4369 sus
2672 4308 2869 4373 David
2920 4327 3225 4377 seorsum,
3252 4308 3473 4384 jacuit
3514 4326 3708 4384 super
3744 4316 4007 4369 terram.

2523 4409 2612 4469 Ita
2642 4416 2705 4470 et
2735 4426 2851 4469 nos
2891 4406 2970 4468 ad
3000 4405 3309 4468 orandum
3356 4403 3618 4479 intente,
3649 4423 4012 4486 quaeramus

2524 4504 2733 4570 locum
2767 4523 3049 4568 seorsum
3080 4502 3393 4585 quietum,
3420 4503 3830 4579 abstractum,
3846 4504 4013 4567 sicut

2523 4607 2705 4669 docet
2745 4604 3029 4667 Salvator
3063 4621 3078 4665 :
3114 4601 3207 4664 Tu
3255 4610 3467 4664 autem
3514 4620 3657 4665 cum
3706 4603 4009 4681 oraveris,
4040 4623 4295 4667 ,ir-nans.

2525 4704 2693 4766 intra
2734 4702 3145 4777 cubiculum;
3178 4710 3243 4763 et
3284 4700 3501 4764 clauso
3540 4701 3723 4777 osti0‚
3757 4720 3870 4765 ora
3906 4702 4015 4765 Pa-

2526 4810 2685 4864 trem
2732 4811 2909 4863 tuum
2949 4800 3014 4862 in
3065 4799 3461 4862 abscondito.
3506 4799 3663 4861 Hinc
3702 4798 3907 4862 fertur
3942 4802 4011 4863 in

2524 4900 2717 4975 Actis,
2751 4900 2921 4980 quod
2962 4898 3183 4961 Petrus
3222 4896 3507 4960 ascendit
3550 4896 3615 4958 in
3658 4897 4009 4979 superiora,
4070 4922 4291 4965 neam.

2525 5007 2595 5061 ut
2634 5006 2863 5062 oraret.
2898 4996 2971 5059 Et
3014 4995 3325 5077 scriptum
3362 5003 3458 5057 est
3504 4994 3572 5057 in
3618 4994 3809 5071 Luca,
3842 4997 4011 5077 quod

2524 5096 2811 5161 ascendit
2848 5094 3134 5159 Christus
3187 5093 3251 5155 in
3298 5101 3580 5156 montem
3630 5112 3831 5156 orare.
3866 5094 4015 5157 Ora-
4040 5108 4303 5154 tuane.

2525 5194 2683 5259 tioni
2706 5202 2915 5257 autem
2946 5190 3287 5274 jejunium,
3316 5198 3424 5253 aut
3455 5191 3677 5253 saltem
3702 5190 4011 5255 sobrietas

2523 5293 2758 5375 jugiter
2806 5291 2995 5355 debet
3043 5288 3211 5367 addi,
3264 5296 3327 5351 et
3377 5288 3738 5353 humiliatio
3782 5306 4013 5369 magna
