4359 6250
111 3951 142 3994 ll
159 3953 273 3998 Par.
291 3967 320 3994 v

89 4017 148 4060 ¹2.
173 4019 236 4058 13.

976 498 1326 545 manuario
1369 499 1430 543 IN
1473 499 1610 545 GAP.
1657 500 1765 544 vlu
1805 500 1966 545 LIBRI
2007 502 2207 547 TERTu
2250 503 2473 549 nudum.
2520 526 2600 537 --
2642 509 2783 553 AuT.
2830 508 2941 554 xm
3382 489 3499 553 647

391 668 632 731 dorum
681 678 746 733 et
803 673 966 735 atrio
1035 672 1535 747 immundo-rum,
1589 678 1780 752 atque
1833 671 1900 731 in
1931 663 1984 733 Α
2011 676 2220 733 Israel
2238 678 2571 739 stabat.Ec
2592 682 2689 739 ait
2710 683 3034 750 Salomon,
3053 682 3286 761 gratias
3308 700 3501 762 agens

391 767 564 829 atrio
585 768 945 832 mulierum.
965 770 1198 833 Habuit
1218 770 1482 855 quippe,
1499 778 1570 831 ut
1589 770 1900 851 Iosephus

389 874 463 928 et
491 866 788 947 Magister
818 868 884 929 in
916 868 1200 931 historiis
1245 868 1556 945 referunt,
1591 870 1900 951 templum

387 967 560 1029 atria
619 976 897 1049 quatuor
936 988 949 1032 :
1001 969 1280 1031 Primum
1341 978 1402 1031 et
1462 969 1702 1050 templo
1758 987 1903 1051 pro-

387 1066 730 1147 pinquiuS,
769 1066 892 1129 suit
923 1068 1155 1130 atrium
1197 1068 1617 1143 sacerdotum,
1653 1069 1730 1131 de
1773 1086 1900 1149 quo

385 1166 526 1246 jam
559 1165 734 1228 dicta
757 1174 908 1227 sunt
939 1166 1170 1241 inulta3
1204 1174 1268 1229 et
1295 1174 1508 1229 tamen
1538 1164 1705 1229 inter
1737 1167 1896 1229 illud

388 1272 457 1326 et
491 1264 832 1345 templum,
865 1262 991 1326 fuit
1022 1265 1304 1347 porticus
1345 1265 1487 1326 sita.
1538 1264 1897 1327 Secundum

389 1363 634 1425 atrium
668 1372 732 1426 et
771 1381 848 1426 eo
888 1362 1183 1440 inferius,
1224 1362 1345 1426 fuit
1376 1365 1759 1427 mundorum
1805 1384 1901 1427 se-

391 1462 685 1523 cundum
709 1461 953 1542 legem:
981 1464 1152 1543 quod
1177 1462 1302 1524 fuit
1322 1462 1388 1524 in
1410 1462 1642 1526 declivi
1665 1463 1900 1526 montis

391 1561 600 1624 latere
630 1562 935 1644 positum,
969 1570 1034 1625 et
1062 1583 1101 1626 a
1138 1563 1412 1646 Iosepho
1442 1572 1705 1627 vocatur
1736 1564 1903 1627 basi-

391 1658 814 1740 lica-grandis
843 1662 946 1723 vel
979 1662 1148 1735 aula3
1177 1669 1441 1742 eratque
1461 1661 1663 1725 multo
1693 1664 1900 1743 majus

385 1759 561 1821 atrio
593 1760 1018 1837 sacerdotum,
1055 1769 1118 1824 et
1155 1760 1526 1823 continebat
1555 1780 1666 1824 seu
1701 1761 1903 1824 inclu-

2013 772 2162 847 Deo,
2184 773 2297 854 qui
2332 793 2444 855 per
2474 776 2779 840 sensibile
2800 779 3053 858 signum
3086 779 3277 841 nubis
3296 788 3506 842 osten-

2013 870 2107 934 dit
2165 872 2291 934 sibi
2339 882 2589 953 gratum
2642 894 2781 938 esse
2828 876 3179 941 aedificium
3228 877 3507 941 Salomo-

2015 970 2116 1032 nis
2145 988 2159 1034 :
2184 974 2571 1035 Benedictus
2590 978 2909 1037 Dominus
2938 981 3107 1037 Deus
3136 981 3363 1051 Israel,
3388 980 3507 1057 qui

2014 1074 2261 1131 locutus
2305 1082 2395 1132 esc
2439 1092 2545 1133 ore
2573 1093 2710 1144 su0‚
2743 1074 2808 1135 id
2847 1083 2943 1137 est
2986 1094 3100 1157 per
3148 1094 3218 1139 os
3260 1075 3505 1139 Nathan

2013 1170 2361 1251 prophetae,
2396 1171 2509 1252 qui
2552 1170 2677 1233 fuit
2706 1173 2889 1254 quasi
2920 1192 2990 1236 os
3024 1174 3155 1250 Dei,
3188 1174 3504 1255 loquendo
3548 1192 3795 1247 uaeas-n,

2012 1272 2101 1329 ad
2131 1271 2351 1330 David
2388 1280 2642 1347 patrem
2673 1292 2886 1332 meum
2930 1272 3128 1336 verba
3172 1272 3505 1353 sequentia
3532 1256 3732 1311 ⁴⁶¹⁸⁶⁹·

2013 1385 2090 1429 ex
2119 1367 2342 1431 divina
2364 1368 2835 1432 commissione.
2862 1370 3125 1447 RursuS‚
3148 1388 3219 1433 os
3248 1371 3384 1447 Dei,
3409 1380 3507 1435 est

2013 1465 2330 1547 sapientia
2372 1486 2505 1543 sua,
2542 1487 2670 1548 qua
2714 1467 2996 1549 loquitur
3026 1476 3090 1531 et
3124 1468 3364 1533 revelat
3392 1488 3505 1533 sua

2012 1572 2275 1627 secreta.
2304 1565 2559 1643 Iterum,
2578 1585 2650 1629 os
2672 1566 2803 1643 Dei,
2824 1575 2920 1631 est
2940 1567 3301 1631 intellectus
3324 1588 3501 1646 suuS,

2011 1681 2140 1742 quo
2189 1663 2571 1727 aeternaliter
2620 1664 2791 1728 intra
2837 1685 2904 1728 se
2951 1665 3197 1748 profert
3224 1666 3504 1729 Verbum

2012 1760 2336 1823 internum
2368 1770 2433 1824 et
2462 1771 2791 1840 aeternum,
2816 1765 2986 1845 quod
3008 1772 3105 1827 est
3136 1764 3504 1846 unigenitus

387 1858 592 1921 debat
621 1858 784 1921 illud
817 1859 883 1923 in
915 1878 1006 1936 se,
1025 1868 1088 1922 et
1109 1860 1612 1941 pavimentatum
1646 1858 1771 1920 fuit
1800 1880 1902 1923 va·
1937 1854 1984 1917 B
2011 1857 2209 1919 Filius
2232 1860 2393 1939 ejuS,
2411 1859 2591 1939 juxta
2612 1860 3140 1927 illud:Eructavit
3159 1882 3269 1926 cor
3289 1882 3502 1926 meum
3534 1884 3780 1937 pamm.

389 1957 494 2021 rio
527 1976 870 2035 marmore,
888 1957 1130 2021 habens
1152 1976 1407 2019 murum
1438 1957 1795 2020 altitudinis
1817 1958 1904 2022 vi-

387 2055 558 2137 ginti
593 2055 886 2138 quinque
912 2057 1273 2120 cubitorum
1307 2055 1598 2132 interim,
1623 2056 1900 2121 exterius

385 2172 548 2218 vero
605 2155 966 2219 altitudinis
1023 2155 1493 2237 quinquaginta
1537 2154 1901 2217 cubitorum

389 2254 756 2317 secundum
785 2254 969 2317 collis
1010 2254 1461 2319 declivitatem.
1488 2254 1563 2316 Et
1605 2254 1900 2335 quamvis

393 2351 424 2413 f
425 2352 528 2415 uit
557 2360 688 2414 tam
713 2352 936 2429 altum,
957 2370 1084 2415 non
1121 2360 1331 2414 tamen
1367 2352 1765 2435 pertingebat
1796 2374 1901 2415 us-

389 2470 525 2531 que
553 2450 632 2513 ad
669 2449 978 2513 fabricam
1009 2450 1232 2532 templi
1259 2468 1274 2513 :
1303 2452 1748 2533 propterquod
1781 2470 1898 2515 nec

391 2549 604 2631 ipsius
642 2549 982 2631 impedivit
1027 2549 1419 2630 adspectum.
1461 2550 1526 2611 In
1570 2550 1691 2612 hoc
1735 2550 1898 2613 atrio

387 2646 670 2709 orabant
688 2648 913 2710 mundi
936 2648 1060 2710 sub
1078 2647 1209 2723 dio,
1231 2646 1294 2708 id
1317 2655 1413 2709 est
1433 2646 1551 2708 sub
1570 2666 1730 2723 aere,
1749 2655 1897 2710 tem-

387 2763 552 2827 pore
583 2746 982 2823 serenitatis;
1031 2746 1152 2808 sub
1183 2744 1536 2827 porticibus
1581 2763 1733 2809 vero
1777 2745 1897 2808 cir-

385 2842 928 2923 cumjacentibuS,
981 2852 1267 2926 tempore
1318 2842 1730 2924 tempestatis.
1781 2844 1896 2906 De-

387 2944 546 3005 inde
581 2942 706 3005 sub
735 2942 856 3005 boe
889 2942 1072 3019 atri0‚
1111 2943 1177 3005 id
1211 2950 1309 3005 est
1349 2942 1519 3004 infra
1553 2942 1734 3019 illud,
1770 2941 1894 3004 fuit

2011 1955 2274 2018 verbum
2310 1955 2573 2018 bonum.
2594 1956 2671 2019 Et
2702 1958 2852 2021 item
2882 1976 2895 2020 :
2931 1960 2999 2021 ln
3028 1959 3347 2042 principio
3366 1969 3503 2024 erat
3529 1983 3791 2035 Joann.1,1.

2009 2053 2301 2118 Verbum.
2319 2058 2405 2116 Ec
2426 2058 2497 2116 in
2523 2059 2821 2118 manibus
2838 2060 2979 2133 ejus
2990 2060 3279 2136 perfecit,
3300 2060 3363 2122 id
3384 2068 3495 2135 est,

2010 2172 2123 2235 per
2145 2152 2357 2234 ipsum
2389 2154 2587 2217 David
2609 2154 2899 2237 implevit
2920 2174 3061 2237 quae
3092 2156 3150 2219 ei
3182 2158 3496 2239 promisit,

2010 2252 2182 2332 quod
2227 2251 2473 2314 scilicet
2502 2252 2803 2316 victorias
2834 2253 2917 2331 ei,
2952 2254 3365 2336 sobolemque
3404 2275 3501 2319 rev

2009 2348 2118 2431 gni
2152 2368 2585 2413 successorem
2628 2351 2969 2429 conferret,
3002 2356 3223 2414 dicens
3252 2376 3275 2414 .·
3303 2357 3361 2416 A
3392 2358 3501 2415 die

2007 2470 2140 2529 qua
2165 2451 2373 2509 eduoei
2394 2454 2715 2528 populum
2744 2471 2959 2511 meum
2977 2456 3186 2513 Israel
3202 2455 3282 2512 de
3300 2455 3502 2531 AEyy·

1997 2558 2138 2625 pcc,
2169 2567 2299 2607 non
2336 2550 2501 2626 eleyi
2542 2549 2873 2609 civitatem
2908 2553 2989 2609 de
3024 2552 3348 2611 universis
3388 2553 3501 2612 tri-

2006 2648 2205 2705 bubus
2236 2648 2461 2716 Israel,
2486 2656 2560 2707 ut
2588 2648 3025 2723 oediftearecur
3042 2652 3291 2721 domus,
3319 2648 3382 2711 id
3404 2657 3500 2712 est

2005 2744 2339 2825 templum,
2373 2754 2434 2804 et
2460 2754 2615 2805 esset
2645 2764 2875 2805 nomen
2908 2766 3118 2807 meum
3148 2749 3269 2817 ibi,
3290 2747 3355 2810 id
3374 2756 3493 2825 est,

2003 2858 2119 2919 ego
2160 2842 2299 2923 ipse
2350 2841 2441 2905 ibi
2491 2842 2871 2920 habitarem,
2908 2844 3074 2907 sicut
3117 2845 3184 2907 in
3227 2846 3490 2927 temp10‚

2003 2947 2066 3001 et
2094 2939 2415 3004 invocatio
2458 2940 2584 3003 mei
2627 2939 2817 3005 fieret
2848 2941 2962 3004 ibi.
2997 2942 3139 3007 Haec
3168 2952 3380 3007 autem
3428 2953 3494 3008 et
3546 2966 3786 3023 unwan.

383 3042 628 3103 atrium
663 3040 922 3102 tertium
955 3041 1020 3102 in
1053 3040 1288 3105 declivi
1325 3040 1558 3104 montis
1584 3041 1780 3104 latere
1811 3041 1894 3103 si·
1927 3038 1971 3103 C
2003 3038 2199 3103 verba
2254 3038 2589 3120 sequentia
2639 3040 2867 3119 legitur
2917 3042 3079 3105 Deus
3127 3043 3366 3105 dixisse
3412 3045 3491 3107 ad
3520 3033 3715 3087 ⁶⁶⁰¹*-

389 3149 546 3215 tum,
565 3141 850 3222 ejusdem
875 3141 1230 3217 schemam,
1253 3140 1317 3203 id
1339 3149 1433 3204 est
1457 3140 1891 3217 fac·turae,cum

381 3239 696 3316 secundo,
735 3256 864 3301 non
909 3247 1118 3302 tamen
1159 3239 1248 3301 ita
1285 3247 1622 3302 venustum
1665 3247 1725 3302 et
1756 3259 1894 3321 pre-

381 3337 628 3400 tiosum
667 3357 681 3402 :
715 3338 782 3400 in
819 3356 950 3419 quo
1001 3339 1269 3402 orabant
1298 3338 1599 3400 mulieres
1636 3339 1892 3403 mundae

385 3445 666 3498 tantum.
691 3436 956 3518 Insuper
987 3435 1158 3498 infra
1201 3437 1369 3498 istud
1401 3435 1525 3498 fuit
1553 3445 1616 3498 et
1656 3436 1889 3499 atrium

382 3543 719 3616 quartum,
755 3534 822 3595 in
852 3552 982 3615 quo
1020 3534 1287 3598 orabant
1326 3534 1447 3596 viri
1489 3543 1552 3597 et
1589 3534 1889 3597 mulieres

385 3632 738 3709 immundi,
776 3640 967 3714 atque
1009 3633 1304 3712 gentiles
1341 3633 1637 3696 Salomon
1678 3641 1890 3696 autem

385 3731 571 3793 stetit
601 3730 669 3791 in
702 3731 864 3794 atrio
895 3732 1292 3794 sacerdotum
1326 3750 1537 3794 coram
1570 3731 1751 3793 altari
1784 3731 1892 3794 ho-

388 3829 668 3892 locausti
707 3849 900 3912 super
942 3848 1181 3893 aeneam
1225 3830 1426 3892 basim
1467 3849 1661 3912 quam
1711 3828 1885 3906 fecit,

321 3967 352 4004 ι,
386 3929 578 4011 juxta
608 3929 768 3991 illud
813 3929 1077 3992 secundi
1107 3929 1672 4011 Paralipomenon:
1707 3927 1891 3991 Stetit

387 4045 610 4091 eoram
651 4027 836 4090 altari
865 4027 1118 4091 Domini
1161 4048 1238 4091 ex
1266 4029 1532 4092 adverso
1577 4027 1890 4092 universae

387 4125 837 4188 multitudinis
877 4126 1107 4201 lsrae13
1141 4125 1456 4207 siquidem
1505 4124 1740 4188 fecerat
1783 4125 1892 4187 ba-

2001 3137 2199 3202 David
2250 3157 2444 3220 supra
2473 3138 2640 3202 libro
2674 3142 2974 3204 secundo.
3004 3145 3134 3204 Sed
3171 3144 3335 3221 elegi
3364 3147 3493 3205 Da-

2003 3239 2139 3309 vid,
2161 3247 2235 3298 ut
2261 3247 2413 3298 esset
2441 3257 2636 3316 super
2658 3243 2978 3317 populum
3018 3261 3228 3302 meum
3260 3245 3488 3306 Israel.

2100 3339 2435 3416 Voluitque
2464 3340 2685 3399 David
2717 3349 2903 3415 pater
2950 3359 3128 3400 meus
3166 3343 3493 3420 aedificare

1999 3438 2263 3496 domum
2293 3439 2553 3497 nomini
2580 3438 2849 3498 Domini
2876 3439 2999 3499 Dei
3024 3441 3230 3500 Israel
3244 3463 3273 3512 ‚·
3306 3450 3366 3501 et
3395 3443 3493 3502 ait

2000 3535 2319 3594 Dominus
2346 3537 2434 3594 ad
2463 3536 2683 3596 David
2713 3545 2970 3612 patrem.
3008 3557 3221 3598 meum
3252 3559 3276 3598 .·
3310 3542 3493 3607 Quod

1999 3633 2296 3708 coqitasti
2343 3633 2670 3710 aedificare
2717 3637 2979 3694 domum
3023 3637 3281 3696 nomini
3328 3657 3486 3710 me0,

2003 3734 2154 3791 bene
2184 3732 2401 3809 fecisti
2436 3735 2552 3793 hoc
2590 3735 2805 3810 ipsum
2845 3744 3055 3794 mente
3087 3744 3394 3807 traciana,
3427 3734 3492 3798 id

2001 3838 2117 3907 est,
2132 3829 2420 3893 virtuosa
2445 3838 2511 3892 et
2540 3831 2700 3894 mibi
2736 3830 3150 3912 accepta-fuit
3181 3832 3292 3895 illa
3321 3835 3492 3914 cogi-

2003 3927 2156 3990 tatio
2191 3936 2295 3990 tua
2328 3945 2342 3990 :
2382 3928 2605 4009 sicque
2632 3928 2883 4004 Facere,
2920 3927 3194 3992 sumitur
3237 3930 3343 3994 bic
3371 3951 3489 4014 pro

2001 4027 2249 4090 actione
2274 4026 2583 4103 interiori,
2605 4046 2801 4108 quum
2828 4033 3037 4089 tamen
3066 4030 3491 4094 communiter

2000 4125 2204 4208 accipi
2245 4125 2445 4189 soleat
2486 4145 2604 4207 pro
2648 4126 3017 4207 operatione
3067 4128 3144 4189 ad
3194 4136 3389 4207 extra,
3424 4129 3487 4192 id

387 4225 516 4286 sim
551 4243 816 4300 aeneam,
851 4232 913 4288 et
943 4233 1243 4306 posuerat
1272 4245 1408 4288 eam
1443 4225 1510 4286 in
1541 4225 1751 4288 medio
1781 4224 1890 4287 ba·
1917 4228 1968 4289 D
1997 4233 2094 4288 est
2123 4233 2493 4287 transeunte
2525 4224 2591 4286 in
2624 4225 3000 4288 exteriorem
3034 4227 3385 4291 materiam.

385 4322 615 4400 silicae,
653 4323 956 4404 stetitque
987 4343 1178 4406 super
1206 4341 1368 4386 eam.
1403 4323 1618 4405 Aliqui
1651 4332 1883 4400 tamen,
1955 4379 1978 4400 ,

385 4423 563 4485 sicut
605 4430 670 4484 et
697 4421 1029 4503 Iosephus,
1069 4442 1182 4503 per
1225 4421 1551 4485 basilicam
1585 4423 1886 4504 grandem

383 4520 767 4600 intelligunt
798 4519 1028 4583 atrium
1061 4521 1470 4597 mundorum,
1495 4529 1556 4584 et
1588 4520 1653 4582 in
1686 4540 1763 4583 eo
1783 4520 1888 4583 Sa-

382 4621 714 4684 lomonem
745 4619 968 4682 dieunt
998 4620 1270 4683 stetisse.

469 4721 560 4780 Et
590 4720 920 4780 benedioeic
938 4721 1120 4779 omni
1141 4721 1414 4781 ecclesioe
1437 4723 1662 4792 Israel,
1687 4720 1750 4782 id
1773 4729 1881 4797 est,

377 4819 558 4881 bona
599 4817 987 4899 imprecatus
1029 4825 1126 4880 est
1157 4817 1273 4880 toti
1305 4817 1650 4881 Israelitico
1690 4837 1888 4901 popu-

379 4918 472 4992 lo,
507 4933 628 4998 pro
657 4915 754 4979 eis
787 4917 1048 4979 orando.
1083 4915 1275 4980 Porro
1305 4916 1588 4980 Ecclesia
1632 4918 1890 4999 proprie

378 5014 552 5076 sumi
605 5014 768 5077 solet
817 5032 934 5095 pro
963 5015 1470 5094 congregatione
1507 5015 1888 5079 Christiano-

379 5133 554 5188 rum,
591 5121 654 5175 et
695 5112 1025 5194 Synagoga
1064 5131 1178 5194 pro
1223 5113 1597 5176 collectione
1645 5115 1888 5178 Judaeo-

381 5231 532 5273 rum
578 5235 593 5285 ς
659 5212 769 5273 sed
829 5211 934 5274 hic
994 5212 1272 5273 sumitur
1329 5213 1712 5291 generaliter
1772 5232 1885 5296 pro

388 5309 784 5373 adunatione
810 5308 1128 5372 fidelium.
1155 5313 1378 5374 Omnis
1415 5315 1592 5373 enim
1627 5315 1888 5373 ecclesia

2097 4323 2401 4397 Quocirca
2438 4323 2637 4405 quaeri
2678 4332 2889 4405 potest
2927 4340 2941 4385 ε
2987 4324 3139 4406 quia
3175 4325 3371 4390 David
3420 4326 3487 4389 id

1997 4422 2279 4485 virtuose
2336 4422 2662 4503 cogitavit,
2715 4431 2779 4486 et
2833 4423 2960 4485 Deo
3021 4423 3319 4503 cogitatio
3379 4423 3491 4488 illa

1996 4521 2404 4602 complacuit,
2440 4541 2555 4585 cur
2582 4522 2746 4585 Deus
2777 4523 3107 4604 prohibuit
3138 4524 3349 4605 ipsum
3380 4525 3489 4588 Da-

1995 4621 2102 4683 vid
2134 4619 2214 4683 ab
2245 4621 2649 4683 exsecutione
2694 4621 2792 4682 sui
2827 4621 3182 4703 propositi?
3212 4623 3489 4705 Respon-

1995 4720 2203 4795 detur‚
2221 4720 2393 4800 quod
2423 4720 2620 4783 David
2652 4739 2727 4782 ex
2748 4720 3013 4784 caritate
3036 4728 3099 4784 et
3118 4721 3252 4784 zelo
3282 4721 3485 4786 divini

1994 4817 2257 4880 honoris
2287 4818 2619 4899 proposuit
2660 4819 2966 4900 templum
2998 4819 3125 4883 Deo
3164 4829 3488 4885 construe-

1995 4935 2084 4992 re,
2120 4924 2184 4979 et
2214 4916 2361 4978 inde
2405 4916 2735 4990 laudatum
2790 4916 2900 4978 sed
2932 4916 3190 4981 aliunde
3231 4917 3352 4981 fuit
3392 4921 3489 5000 ju-

1996 5023 2168 5076 stum
2200 5013 2597 5076 obstaculum
2628 5021 2889 5096 propter
2918 5015 3089 5096 quod
3120 5015 3246 5079 fuit
3274 5018 3489 5099 prohi-

1994 5112 2167 5175 bitus
2204 5111 2462 5193 exsequi
2498 5111 2676 5173 illud.
2703 5111 2807 5174 Sic
2836 5112 3004 5175 bona
3039 5112 3162 5176 fuit
3190 5116 3487 5180 voluntas

1993 5211 2249 5284 Christi,
2276 5229 2401 5291 qua
2428 5209 2612 5291 petiit
2630 5209 2893 5272 calicem
2920 5211 3043 5273 sibi
3074 5211 3345 5289 auferri3
3374 5217 3481 5280 sed
3512 5211 3779 5264 ”nst-¹¹⁸2*

1993 5307 2221 5372 melior
2252 5307 2377 5370 fuit
2395 5308 2710 5385 voluntaS,
2738 5307 2801 5370 id
2823 5316 2922 5372 est
2938 5308 3164 5374 volitio
3194 5311 3333 5394 ipsa
3361 5331 3489 5394 qua
3514 5275 3734 5389 {2:53⁰
