4359 6250
907 485 1024 548 158
1685 500 2033 547 manuario
2075 500 2138 546 m
2179 500 2319 547 ω.
2368 499 2473 545 vm
2510 499 2785 547 tunicum.
2832 520 2913 531 —
2950 501 3095 548 aar.
3140 502 3221 549 xv

899 682 1186 753 runtque
1203 676 1397 733 Zebee
1412 683 1472 733 et
1491 676 1828 743 Salmana,
1847 693 2002 753 quos
2017 690 2398 751 persequens
2424 668 2477 731 A
2505 688 2630 739 eos,
2644 690 2775 732 non
2796 692 2905 732 vos
2932 674 3279 733 occiderem
3298 698 3325 745 ,·
3352 672 3463 735 sed
3492 689 3610 754 pro
3639 668 3993 733 misericor-

904 774 1156 833 Gedeon
1193 774 1697 851 comprehendit,
1731 774 1982 832 turbato
2011 772 2195 831 omni
2220 791 2395 829 ever—
2502 767 2611 829 dia
2640 768 2769 831 illis
2798 768 3391 845 exhibita,tacerem
3423 770 3608 836 vobis
3638 768 3991 831 misericor-

897 873 1035 931 eitu
1063 891 1308 933 eorum.

977 973 1445 1049 Revertensque
1480 973 1561 1030 de
1589 972 1746 1030 bello
1775 980 1926 1030 ante
1959 971 2111 1029 solis
2149 978 2390 1036 ortum,

899 1067 963 1129 id
995 1077 1090 1131 est
1119 1068 1319 1131 altero
1349 1067 1454 1131 die
1485 1068 1666 1131 valde
1689 1086 1896 1143 mane,
1923 1067 2088 1129 sicut
2117 1086 2193 1130 ex
2217 1074 2387 1128 textu

899 1166 1212 1229 insinuari
1257 1166 1508 1229 videtur
1561 1183 1575 1227 :
1631 1174 1842 1229 tamen
1889 1168 1988 1246 (ut
2042 1164 2271 1243 fertur)
2320 1164 2386 1225 in

895 1264 1156 1328 Hebraeo
1187 1264 1478 1341 habetur,
1509 1266 1596 1328 De
1627 1264 1966 1327 altitudine
1997 1263 2174 1339 soliS,
2197 1263 2260 1325 id
2290 1272 2389 1325 est

895 1368 1043 1427 ante
1091 1364 1244 1427 solis
1291 1382 1608 1441 occasum,
1655 1364 1790 1426 sole
1825 1364 2038 1426 adhuc
2077 1361 2387 1425 exsisten-

899 1472 960 1525 te
999 1462 1126 1525 alte
1169 1462 1238 1524 in
1279 1462 1484 1536 coelo;
1527 1464 1954 1541 apprehendit
1985 1483 2269 1539 puerum
2306 1464 2386 1520 de

896 1562 1060 1621 viris
1089 1564 1346 1635 Soeoth,
1377 1561 1438 1623 id
1469 1568 1566 1623 est
1594 1560 1801 1623 civem
1835 1560 2014 1623 urbis
2047 1560 2248 1635 illius,
2280 1578 2385 1621 ex-

897 1666 990 1721 tra
1009 1660 1319 1736 eamdem,
1342 1662 1890 1740 interroyavitque
1911 1662 2180 1720 nomina
2196 1660 2385 1736 prin-

891 1760 1112 1836 cipum
1137 1769 1200 1819 et
1228 1762 1556 1820 seniorum
1587 1762 1842 1828 Socoth,
1875 1766 1946 1819 ut
1982 1776 2090 1821 cos
2129 1757 2383 1820 occide-

2500 867 2694 930 diam.
2742 872 3057 950 Dia-itque
3092 874 3313 933 lether
3343 872 3775 947 primoqenito
3816 888 3935 929 suo
3964 889 3988 927 .·

2500 969 2711 1043 Surye
2737 978 2797 1028 et
2828 972 3116 1046 interfice
3142 990 3259 1030 eos,
3284 968 3533 1031 Etenim
3561 968 3742 1049 juxta
3770 966 3986 1030 Mosai-

2498 1086 2637 1128 cam
2684 1065 2915 1147 legem,
2960 1068 3360 1149 propinquus
3406 1066 3599 1131 occisi
3649 1065 3984 1131 tenebatur
4084 1087 4211 1129 Nm.

2496 1166 2843 1230 occisorem
2878 1176 3161 1249 tempore
3206 1177 3269 1231 et
3308 1168 3448 1231 loco
3484 1176 3845 1249 opportuno
3880 1186 3985 1231 oc·

2496 1264 2731 1327 cidere.
2760 1267 2888 1333 Qui
2926 1284 3053 1326 non
3084 1269 3313 1327 edu-xit
3336 1269 3660 1343 yladium.
3705 1268 3983 1347 Timebat

2494 1364 2693 1423 enim.
2732 1363 2865 1426 Non
2898 1363 3165 1426 timebat
3192 1365 3363 1445 quod
3392 1363 3561 1446 capti
3593 1363 3691 1425 illi
3724 1363 3848 1425 sibi
3878 1382 3983 1425 re-

2495 1461 2816 1538 sisterent,
2850 1462 2961 1524 sed
3007 1462 3291 1539 timebat,
3328 1462 3395 1524 id
3438 1472 3555 1539 est,
3600 1462 3808 1525 adhuc
3852 1480 3983 1543 prin

2494 1559 2923 1623 teneritudine
2951 1560 3154 1623 aetatis
3184 1570 3249 1623 et
3276 1560 3545 1624 mollitie
3572 1560 3804 1637 cordis,
3838 1560 3984 1623 hor-

2494 1656 2671 1719 rebat
2700 1658 3031 1738 sanguinis
3060 1657 3468 1737 effusionem,
3493 1668 3684 1740 atque
3714 1658 3780 1720 in
3812 1658 3983 1741 prin-

2492 1755 2669 1838 cipes
2728 1764 2937 1821 tautos
2998 1764 3127 1820 tam
3192 1767 3547 1835 exornatoS,
3613 1756 3981 1821 formidavit

891 1865 1008 1933 ret,
1041 1857 1195 1939 quia
1222 1866 1332 1919 aut
1353 1858 1495 1934 soli,
1515 1866 1624 1919 aut
1655 1877 1785 1940 prae
1813 1857 2064 1933 ceteriS‚
2089 1864 2273 1920 erant
2304 1855 2371 1917 in
2416 1854 2465 1917 B
2492 1854 2744 1917 mittere
2792 1875 3075 1919 manum.
3132 1860 3300 1927 Quia
3348 1860 3564 1918 adhue
3596 1876 3769 1935 puer
3812 1866 3973 1926 erat,

888 1956 1208 2037 praedictis
1248 1955 1636 2038 culpabiles;
1669 1967 1728 2017 et
1757 1958 2096 2035 descripsit
2123 1966 2381 2033 septua-

879 2056 1070 2132 9inta
1085 2066 1320 2133 septem
1343 2058 1537 2125 viros,
1560 2054 1624 2117 id
1654 2063 1772 2133 est,
1788 2063 1882 2118 tot
1913 2054 2375 2137 principalium

887 2152 1169 2216 virorum
1211 2153 1470 2216 nomina
1507 2152 1766 2235 scripsit
1802 2162 1912 2215 aut
1951 2153 2146 2216 scribi
2181 2153 2377 2234 jussit

884 2249 1136 2313 Gedeon
1177 2270 1252 2314 ex
1285 2252 1394 2315 ore
1433 2250 1606 2313 illius
1647 2252 1871 2334 pueri3
1913 2251 2014 2314 vel
2061 2269 2221 2333 puer
2266 2251 2375 2314 ille

887 2349 1021 2412 haec
1053 2349 1329 2432 scripsit.
1371 2352 1679 2430 Venitque
1703 2354 1790 2410 ad
1821 2353 2074 2421 Socoth,
2104 2361 2166 2411 et
2196 2352 2375 2411 dixit

887 2449 1022 2509 illis
1062 2469 1086 2508 .·
1131 2451 1235 2510 En
1279 2442 1469 2508 Zebee
1509 2458 1570 2509 et
1615 2451 1962 2518 Salmana,
2009 2457 2131 2512 etc.
2186 2448 2374 2523 Quasi

884 2545 1054 2609 dicat
1101 2562 1116 2607 τ
1161 2546 1316 2607 Jam.
1347 2544 1599 2623 videtiS,
1634 2546 1808 2627 quod
1852 2546 1959 2608 Dei
2005 2547 2246 2610 auxilio
2286 2546 2377 2611 vi-

883 2653 1021 2709 ctor
1043 2643 1249 2708 factus
1280 2663 1420 2706 sum
1453 2645 1702 2721 borum,
1722 2652 1784 2707 et
1814 2646 1986 2726 quod
2018 2645 2217 2729 impia
2250 2645 2375 2709 fuit

885 2742 1095 2806 irrisio
1135 2751 1366 2807 vestra.
1421 2744 1598 2804 Tulit
1639 2762 1786 2820 erqo
1825 2747 2128 2814 seniores,
2171 2744 2237 2807 id
2278 2753 2375 2807 est

883 2841 1264 2925 superioreS‚
1297 2842 1609 2911 civitatis,
1639 2860 1830 2922 quam
1872 2850 2165 2924 potenter
2208 2843 2373 2907 obti-

885 2941 1064 3015 nuit;
1099 2940 1196 3002 vel
1243 2934 1378 3003 viso
1409 2947 1586 3002 tanto
1616 2939 1964 3022 triumpho,
2001 2959 2128 3005 non
2171 2943 2366 3005 aude-

2490 1951 2735 2015 scilicet
2768 1954 3049 2016 nondum
3088 1954 3316 2034 viginti
3353 1972 3687 2031 annorum,
3722 1952 3874 2034 quia
3902 1952 3973 2014 in

2490 2050 2929 2114 numeratione
2976 2052 3196 2133 populi
3244 2070 3371 2115 non
3414 2052 3969 2135 computabantur,

4008 1154 4257 1193 uxum-21.

2490 2148 2614 2210 nisi
2642 2149 2755 2230 qui
2786 2149 2864 2212 ad
2896 2149 3108 2212 minus
3138 2159 3319 2213 erant
3346 2150 3575 2230 viginti
3604 2168 3913 2223 annorum
3950 2166 3968 2211 ε
4030 2168 4245 2217 Nuda.

2486 2247 2595 2327 qui
2626 2255 2690 2310 et
2722 2248 2843 2310 viri
2884 2248 3295 2327 vocabantur,
3326 2258 3391 2312 et
3428 2251 3506 2312 ad
3546 2249 3719 2313 bella
3755 2268 3972 2333 proce-
3998 2234 4053 2272 ⁴⁵

2486 2346 2636 2409 dere
2678 2356 2859 2409 eraut
2901 2346 3138 2425 idonei,
3182 2356 3489 2431 quantum
3536 2357 3635 2412 est
3672 2368 3750 2411 ex
3792 2358 3971 2431 parte

2484 2444 2710 2507 aetatiS.
2750 2448 3201 2527 Dixeruntque
3246 2450 3440 2509 Zebee
3485 2458 3545 2509 et
3590 2451 3909 2510 Salmana
3944 2468 3969 2509 .·

2494 2546 2613 2614 Tu,
2632 2565 2823 2621 surye
2849 2556 2911 2606 et
2940 2548 3124 2606 irrue
3153 2549 3225 2607 in
3256 2568 3393 2620 nos,
3410 2548 3569 2627 quia
3583 2547 3791 2625 juxta
3818 2557 3971 2609 (ετα-

2487 2651 2610 2703 tem
2656 2652 2715 2703 et
2763 2646 2960 2705 robur
3007 2646 3116 2704 es*
3162 2647 3469 2716 hominis,
3503 2644 3569 2706 id
3606 2654 3727 2721 est,
3761 2645 3969 2709 virilis

2482 2740 2684 2803 aetatis
2727 2760 2817 2819 οε,
2862 2750 2926 2805 et
2970 2741 3411 2806 fortitudinem
3448 2743 3645 2806 habes
3689 2744 3969 2807 hominis

2482 2838 2645 2903 bene
2667 2840 2981 2923 dispositi.
2998 2840 3131 2903 Viri
3156 2840 3251 2902 illi
3276 2841 3547 2905 animosi
3578 2842 3969 2906 erubuerunt

2480 2955 2519 2998 a
2550 2956 2747 3019 puero
2778 2938 3031 3021 perimi,
3062 2947 3126 3002 et
3154 2939 3519 3003 metuebant
3557 2959 3634 3003 ex
3674 2940 3793 3005 hoc
3822 2951 3969 3025 post

4055 2662 4160 2703 'ent

879 3038 1034 3101 bant
1077 3038 1434 3120 ingressum
1480 3056 1752 3118 negare3
1784 3050 1842 3101 et
1871 3042 2095 3118 spinas
2125 3044 2366 3102 deserti
2404 3036 2451 3101 C
2480 3045 2752 3099 mortem
2796 3036 2927 3119 pati
2964 3036 3347 3116 diffamiam,
3386 3038 3551 3103 sicut
3591 3040 3959 3105 Abimelccb
4028 3064 4240 3109 audien.
4301 3060 4302 3071 ²

879 3159 956 3200 ac
986 3141 1279 3208 tribulos,
1291 3149 1351 3199 et
1371 3139 1678 3199 contrivit
1707 3159 1853 3200 cum
1872 3143 1964 3200 eis
1985 3150 2175 3221 atque
2205 3161 2371 3202 com-

879 3240 1124 3298 minuit
1171 3239 1342 3297 viros
1389 3239 1639 3307 Soc-oth,
1684 3236 1752 3300 id
1799 3247 1918 3314 est,
1963 3259 2109 3302 cum
2161 3239 2369 3321 spinis

878 3335 1008 3398 illis
1047 3355 1120 3398 ac
1157 3334 1414 3397 tribulis
1454 3334 1608 3398 fecit
1646 3355 1864 3399 eorum
1899 3355 2168 3420 corpora
2208 3338 2367 3401 lace-

879 3433 1146 3511 rari,vel
1179 3453 1292 3516 per
1319 3434 1540 3516 spinas
1571 3433 1712 3497 illas
1747 3455 1820 3498 ac
1859 3435 2132 3500 tribulos
2176 3436 2365 3499 traxit

877 3551 1007 3596 eos
1031 3535 1416 3614 Turrimque
1435 3536 1737 3595 Phanuel
1753 3536 2062 3594 subvertit
2092 3552 2239 3596 cum
2264 3553 2367 3596 au·

874 3631 1030 3695 xilio
1059 3631 1160 3695 sui
1191 3631 1524 3709 exercituS,
1543 3633 1764 3692 occisis
1784 3633 2255 3692 habitatoribus
2281 3635 2368 3693 ci-

874 3729 1096 3790 vitatis
1136 3727 1414 3790 Phanuel
1461 3745 1476 3788 :
1528 3745 1656 3790 non
1703 3724 2025 3802 omnibuS,
2076 3727 2187 3790 sed
2236 3727 2365 3790 illis

871 3826 984 3907 qui
1031 3826 1154 3888 sibi
1201 3845 1276 3890 ex
1319 3835 1492 3888 turre
1531 3824 1642 3887 illa
1687 3824 1970 3888 irrisorie
2024 3827 2367 3908 responde-

873 3934 1042 4002 runt,
1091 3944 1202 3987 seu
1246 3933 1308 3988 et
1357 3943 1579 3986 eorum
1631 3922 2008 3987 fautoribus,

953 4025 1267 4103 Dimitque
1296 4025 1386 4083 ad
1414 4025 1608 4083 Zebee
1636 4033 1694 4083 et
1725 4026 2048 4085 Salmana
2079 4043 2102 4082 .·
2132 4027 2363 4094 Quales

871 4123 1146 4200 fuerunt
1177 4123 1310 4181 viri
1339 4140 1494 4200 quos
1525 4122 1845 4182 occidistis
1877 4122 1950 4182 in
1991 4125 2259 4195 Thabor,
2296 4123 2359 4186 id

2481 3135 2667 3198 laesus
2696 3156 2733 3199 a
2762 3137 3051 3214 muliere,
3081 3138 3275 3219 J'ussit
3306 3157 3374 3202 se
3402 3158 3441 3201 a
3469 3140 3729 3222 proprio
3758 3141 3963 3205 occidi

2479 3235 2815 3316 armigero,
2852 3255 2933 3299 ne
2962 3245 3105 3319 post
3136 3245 3401 3300 mortem
3436 3257 3615 3300 suam
3645 3239 3966 3302 diceretur

2479 3333 2547 3396 in
2578 3333 2719 3415 ejus
2757 3335 3195 3417 opprobrium,
3224 3337 3393 3417 quod
3436 3346 3601 3400 esset
3644 3357 3681 3400 a
3721 3337 3959 3402 femina

2478 3431 2875 3496 interfectus
2909 3433 3203 3497 Poterant
3238 3452 3497 3516 quoque
3534 3435 3725 3498 citius
3756 3436 3961 3500 occidi

2476 3550 2513 3593 a
2542 3530 2855 3608 Gedeone,
2892 3550 3081 3613 quam
3116 3551 3155 3594 a
3194 3551 3413 3614 puero.

2556 3633 2987 3710 Surrexitque
3020 3633 3297 3702 Gedeon,
3326 3642 3387 3692 et
3417 3635 3742 3710 interfecit
3772 3637 3963 3697 Zebee

2473 3739 2533 3790 et
2563 3733 2913 3799 Salmana,
2942 3740 3001 3790 et
3034 3732 3187 3791 tulit
3214 3741 3593 3794 ornamenta
3622 3754 3699 3794 ae
3726 3736 3961 3804 bullas,

2472 3831 2705 3907 quibus
2738 3833 2905 3889 colla
2932 3833 3111 3906 reqal
3118 3831 3255 3890 ium
3278 3835 3671 3893 camelorum
3702 3835 3958 3894 decora-

2472 3928 2537 3986 ri
2564 3930 2792 3996 solent,
2810 3926 2874 3989 id
2904 3932 3020 4001 est,
3043 3926 3155 3989 illa
3181 3927 3448 4009 accepit,
3474 3929 3855 4011 deponendo
3886 3951 3963 3994 ea

2472 4023 2552 4086 ab
2582 4024 2684 4086 his
2715 4024 2825 4106 qui
2857 4023 3199 4087 utebantur
3227 4025 3489 4088 eisdem.
3524 4027 3705 4090 Bulla
3744 4039 3959 4092 autem

2472 4131 2569 4185 est
2598 4133 3040 4188 ornamentum
3064 4124 3371 4204 regalium
3394 4144 3755 4208 puerorum,
3772 4147 3963 4210 equo—

873 4227 970 4283 est
1000 4219 1064 4281 in
1097 4227 1313 4283 monte
1345 4218 1456 4282 illo
1486 4217 1586 4282 vel
1617 4217 1915 4280 circiter?
1952 4221 2079 4288 Qui
2106 4241 2364 4299 respon·
2390 4225 2442 4288 D
2474 4241 2614 4284 rum
2664 4231 2773 4284 aut
2820 4222 3229 4298 camelorum,
3264 4224 3581 4306 praecipue
3620 4225 3789 4289 circa
3832 4228 3961 4292 col-

869 4321 1163 4380 derunt:
1193 4319 1456 4379 Similes
1498 4318 1597 4378 tui
1635 4325 1836 4394 erant,
1881 4318 2184 4383 videlicet
2223 4323 2359 4403 pul-

871 4416 1008 4480 chri
1056 4424 1119 4479 et
1169 4416 1364 4479 fortes
1413 4414 1560 4492 viri,
1603 4425 1663 4476 et
1705 4437 1874 4477 unus
1917 4438 1999 4477 ea>
2035 4421 2127 4479 eis
2170 4425 2362 4501 quasi

867 4517 1051 4594 filius
1096 4517 1284 4592 reqis,
1340 4513 1402 4576 id
1462 4522 1559 4577 est
1615 4514 1965 4594 elegantior
2023 4527 2353 4600 apparatu,

870 4614 1076 4678 forma
1105 4632 1178 4676 ac
1209 4611 1658 4693 robore‚quasi
1694 4612 1872 4675 filius
1905 4614 2071 4695 regis
2105 4614 2132 4676 f
2137 4616 2354 4679 uisset.

871 4715 1114 4783 Quibus
1143 4715 1256 4772 ille
1283 4713 1381 4772 ait
1405 4729 1428 4773 .·
1451 4716 1713 4773 Fratres
1745 4715 1874 4774 mei
1901 4716 2203 4792 suerunt,
2224 4719 2359 4793 filii

867 4813 1096 4874 matris
1125 4831 1300 4873 meae.
1335 4810 1423 4871 Ex
1465 4827 1595 4890 quo
1639 4818 1924 4891 apparet,
1960 4812 2132 4891 quod
2178 4823 2359 4876 erant

866 4910 1092 4973 fratres
1121 4908 1434 4972 cheonis
1466 4907 1724 4984 uterini,
1749 4916 1812 4970 et
1841 4925 1916 4970 ex
1947 4909 2082 4972 sola
2115 4919 2351 4987 matre3

865 5008 964 5072 vel
1005 5026 1182 5072 more
1221 5006 1582 5088 Scripturae,
1621 5024 1733 5087 per
1778 5004 2004 5069 fratres
2051 5006 2355 5090 intelligit

862 5113 1186 5188 cognatos
1223 5107 1395 5168 Vivit
1425 5107 1748 5166 Dominus
1777 5125 1801 5164 .·
1831 5105 2002 5186 quod
2037 5104 2162 5168 ruit
2190 5107 2358 5187 Jura-

863 5213 1146 5270 mentum
1192 5224 1268 5268 ex
1315 5202 1678 5267 rationabili
1742 5221 1932 5266 causa
1981 5205 2299 5286 prolatum
2336 5233 2351 5283 ς

859 5307 1022 5388 quia
1051 5306 1110 5366 si
1136 5305 1520 5377 servassetis,
1553 5303 1620 5364 id
1641 5311 1760 5379 est,
1795 5319 1924 5366 non
1953 5303 2352 5369 occidissetis

2471 4321 2629 4398 lum,
2665 4321 2729 4383 in
2776 4323 3161 4385 rotunditate
3200 4323 3429 4386 similis
3469 4324 3665 4388 bullis
3704 4345 3847 4407 quie
3888 4325 3957 4388 in

2470 4419 2655 4502 aquis
2704 4428 2894 4483 vento
2946 4419 3279 4498 inflantur,
3314 4423 3494 4504 quasi
3533 4424 3703 4487 dicta
3743 4445 3782 4487 a
3820 4425 3958 4488 bul.-

2471 4518 2705 4581 liendo.
2737 4517 3064 4600 Accipitur
3092 4537 3349 4600 quoque
3377 4520 3523 4583 aliis
3555 4522 3785 4585 modiS.

2549 4620 3002 4696 Dia-eruntque
3037 4637 3251 4678 omnes
3290 4621 3422 4679 viri
3459 4625 3661 4682 Israel
3702 4625 3791 4684 ad
3836 4627 3955 4686 Ge>

2466 4719 2656 4784 deon,
2705 4715 2825 4778 hoc
2869 4722 2966 4777 est
3012 4715 3211 4796 aliqui
3263 4735 3375 4780 seu
3433 4718 3821 4802 principales
3870 4723 3954 4786 de

2468 4813 2739 4894 singulis
2772 4813 3065 4876 tribubus
3098 4831 3113 4874 :
3146 4817 3501 4878 Dominare
3530 4822 3753 4890 nostri,
3788 4831 3857 4881 tu
3888 4833 3949 4884 et

2464 4913 2644 4989 fitius·
2688 4922 2837 4973 tuus
2878 4912 3361 4993 primogenituS,
3410 4934 3521 4978 seu
3564 4918 3764 4997 magis
3816 4920 3952 4985 ido-

2466 5029 2646 5088 neuS,
2681 5018 2791 5073 aut
2818 5030 3009 5091 quem
3042 5020 3185 5093 post
3228 5021 3289 5076 te
3334 5033 3603 5096 praeesse
3642 5017 3946 5098 volueriS,

2462 5119 2523 5170 et
2551 5111 2735 5188 filius
2764 5113 2899 5188 filii
2930 5113 3056 5180 tui,
3084 5112 3205 5175 hoc
3234 5121 3331 5175 est
3361 5133 3561 5196 usque
3590 5116 3667 5178 ad
3698 5118 3949 5182 tertiam

2463 5207 2959 5288 generationem.
3013 5209 3126 5273 Vel
3175 5230 3289 5293 per
3335 5212 3507 5277 hunc
3554 5216 3811 5278 modum
3866 5219 3953 5282 lo-

2464 5306 2704 5389 quendi
2737 5305 3168 5388 insinuabant,
3201 5312 3375 5391 quod
3412 5313 3493 5375 de
3530 5323 3740 5380 cetero
3784 5335 3953 5380 sem·-

3996 3129 4065 3178 ⁵³,
4086 3131 4151 3170 54.
