<?xml version="1.0" encoding="UTF-8"?>
<!DOCTYPE html PUBLIC "-//W3C//DTD XHTML 1.0 Transitional//EN"
    "http://www.w3.org/TR/xhtml1/DTD/xhtml1-transitional.dtd">
<html xmlns="http://www.w3.org/1999/xhtml" xml:lang="en" lang="en">
 <head>
  <title>
</title>
<meta http-equiv="Content-Type" content="text/html;charset=utf-8" />
  <meta name='ocr-system' content='tesseract 3.04.00' />
  <meta name='ocr-capabilities' content='ocr_page ocr_carea ocr_par ocr_line ocrx_word'/>
</head>
<body>
  <div class='ocr_page' id='page_1' title='image "./doctorisecstati02denigoog_0205.png"; bbox 0 0 4359 6250; ppageno 0'>
   <div class='ocr_carea' id='block_1_1' title="bbox 928 493 1042 556">
    <p class='ocr_par' dir='ltr' id='par_1_1' title="bbox 928 493 1042 556">
     <span class='ocr_line' id='line_1_1' title="bbox 928 493 1042 556; baseline -0.018 0"><span class='ocrx_word' id='word_1_1' title='bbox 928 493 1042 556; x_wconf 80' lang='lat'>164</span> 
     </span>
    </p>
   </div>
   <div class='ocr_carea' id='block_1_2' title="bbox 1714 508 3222 557">
    <p class='ocr_par' dir='ltr' id='par_1_2' title="bbox 1714 508 3222 557">
     <span class='ocr_line' id='line_1_2' title="bbox 1714 508 3222 557; baseline -0.001 0"><span class='ocrx_word' id='word_1_2' title='bbox 1714 510 2060 557; x_wconf 72' lang='lat' dir='ltr'>ENARRATlo</span> <span class='ocrx_word' id='word_1_3' title='bbox 2103 510 2163 555; x_wconf 81' lang='lat' dir='ltr'>IN</span> <span class='ocrx_word' id='word_1_4' title='bbox 2205 509 2342 555; x_wconf 77' lang='lat' dir='ltr'>CAP.</span> <span class='ocrx_word' id='word_1_5' title='bbox 2389 509 2454 555; x_wconf 72' lang='lat' dir='ltr'>lx</span> <span class='ocrx_word' id='word_1_6' title='bbox 2493 508 2766 555; x_wconf 68' lang='lat' dir='ltr'>sumnum.</span> <span class='ocrx_word' id='word_1_7' title='bbox 2811 529 2890 539; x_wconf 90' lang='lat'><strong>—</strong></span> <span class='ocrx_word' id='word_1_8' title='bbox 2931 510 3072 557; x_wconf 67' lang='grc' dir='ltr'><strong>ΛΒΤ.</strong></span> <span class='ocrx_word' id='word_1_9' title='bbox 3121 511 3222 556; x_wconf 77' lang='lat' dir='ltr'>xvi</span> 
     </span>
    </p>
   </div>
   <div class='ocr_carea' id='block_1_3' title="bbox 926 679 4028 765">
    <p class='ocr_par' dir='ltr' id='par_1_3' title="bbox 926 679 4028 765">
     <span class='ocr_line' id='line_1_3' title="bbox 926 679 4028 765; baseline 0 -24"><span class='ocrx_word' id='word_1_10' title='bbox 926 681 1172 760; x_wconf 84' lang='lat' dir='ltr'>magnis</span> <span class='ocrx_word' id='word_1_11' title='bbox 1222 701 1289 744; x_wconf 88' lang='lat' dir='ltr'>se</span> <span class='ocrx_word' id='word_1_12' title='bbox 1334 683 1690 765; x_wconf 83' lang='lat' dir='ltr'>exponebat</span> <span class='ocrx_word' id='word_1_13' title='bbox 1732 681 2055 763; x_wconf 79' lang='lat' dir='ltr'>periculiS,</span> <span class='ocrx_word' id='word_1_14' title='bbox 2092 681 2414 763; x_wconf 84' lang='lat' dir='ltr'>pergendo</span> <span class='ocrx_word' id='word_1_15' title='bbox 2444 679 2495 740; x_wconf 88' lang='lat' dir='ltr'>A</span> <span class='ocrx_word' id='word_1_16' title='bbox 2527 687 2620 740; x_wconf 89' lang='lat' dir='ltr'>tas</span> <span class='ocrx_word' id='word_1_17' title='bbox 2648 679 2950 744; x_wconf 89' lang='lat' dir='ltr'>adversus</span> <span class='ocrx_word' id='word_1_18' title='bbox 2981 680 3348 743; x_wconf 90' lang='lat' dir='ltr'>Abimelech</span> <span class='ocrx_word' id='word_1_19' title='bbox 3379 679 3686 743; x_wconf 88' lang='lat' dir='ltr'>concitari</span> <span class='ocrx_word' id='word_1_20' title='bbox 3715 689 3784 743; x_wconf 89' lang='lat' dir='ltr'>et</span> <span class='ocrx_word' id='word_1_21' title='bbox 3813 687 4028 742; x_wconf 76' lang='lat' dir='ltr'>tenta-</span> 
     </span>
    </p>
   </div>
   <div class='ocr_carea' id='block_1_4' title="bbox 922 777 2418 1847">
    <p class='ocr_par' dir='ltr' id='par_1_4' title="bbox 922 777 2418 1847">
     <span class='ocr_line' id='line_1_4' title="bbox 926 777 2418 864; baseline -0.001 -23"><span class='ocrx_word' id='word_1_22' title='bbox 926 799 1069 841; x_wconf 88' lang='lat' dir='ltr'>cum</span> <span class='ocrx_word' id='word_1_23' title='bbox 1106 781 1323 860; x_wconf 79' lang='lat' dir='ltr'>paucis</span> <span class='ocrx_word' id='word_1_24' title='bbox 1352 783 1429 844; x_wconf 93' lang='lat' dir='ltr'>ad</span> <span class='ocrx_word' id='word_1_25' title='bbox 1463 801 1739 864; x_wconf 86' lang='lat' dir='ltr'>pugnam</span> <span class='ocrx_word' id='word_1_26' title='bbox 1782 789 2003 844; x_wconf 90' lang='lat' dir='ltr'>contra</span> <span class='ocrx_word' id='word_1_27' title='bbox 2033 787 2289 842; x_wconf 87' lang='lat' dir='ltr'>centum</span> <span class='ocrx_word' id='word_1_28' title='bbox 2323 777 2418 840; x_wconf 88' lang='lat' dir='ltr'>vi-</span> 
     </span>
     <span class='ocr_line' id='line_1_5' title="bbox 928 878 2418 956; baseline -0.002 -18"><span class='ocrx_word' id='word_1_29' title='bbox 928 878 1089 956; x_wconf 88' lang='lat' dir='ltr'>ginti</span> <span class='ocrx_word' id='word_1_30' title='bbox 1131 880 1334 942; x_wconf 84' lang='lat' dir='ltr'>millia</span> <span class='ocrx_word' id='word_1_31' title='bbox 1366 881 1722 942; x_wconf 85' lang='lat' dir='ltr'>hominum.</span> <span class='ocrx_word' id='word_1_32' title='bbox 1764 883 1891 949; x_wconf 79' lang='lat' dir='ltr'>Qui</span> <span class='ocrx_word' id='word_1_33' title='bbox 1930 900 2105 939; x_wconf 82' lang='lat' dir='ltr'>nunc</span> <span class='ocrx_word' id='word_1_34' title='bbox 2133 879 2418 938; x_wconf 56' lang='lat' dir='ltr'>surremi-</span> 
     </span>
     <span class='ocr_line' id='line_1_6' title="bbox 928 975 2416 1060; baseline 0 -24"><span class='ocrx_word' id='word_1_35' title='bbox 928 980 1043 1037; x_wconf 85' lang='lat' dir='ltr'>stis</span> <span class='ocrx_word' id='word_1_36' title='bbox 1074 989 1298 1039; x_wconf 87' lang='lat' dir='ltr'>contra</span> <span class='ocrx_word' id='word_1_37' title='bbox 1336 983 1625 1049; x_wconf 83' lang='lat' dir='ltr'>domum,</span> <span class='ocrx_word' id='word_1_38' title='bbox 1648 979 1713 1040; x_wconf 87' lang='lat' dir='ltr'>id</span> <span class='ocrx_word' id='word_1_39' title='bbox 1744 987 1839 1040; x_wconf 88' lang='lat' dir='ltr'>est</span> <span class='ocrx_word' id='word_1_40' title='bbox 1870 987 2157 1060; x_wconf 81' lang='lat' dir='ltr'>posteros</span> <span class='ocrx_word' id='word_1_41' title='bbox 2191 995 2300 1039; x_wconf 90' lang='lat' dir='ltr'>seu</span> <span class='ocrx_word' id='word_1_42' title='bbox 2335 975 2416 1037; x_wconf 85' lang='lat' dir='ltr'>fi-</span> 
     </span>
     <span class='ocr_line' id='line_1_7' title="bbox 932 1075 2416 1156; baseline -0.001 -20"><span class='ocrx_word' id='word_1_43' title='bbox 932 1075 1072 1154; x_wconf 87' lang='lat' dir='ltr'>lios,</span> <span class='ocrx_word' id='word_1_44' title='bbox 1100 1080 1315 1155; x_wconf 82' lang='lat' dir='ltr'>patris</span> <span class='ocrx_word' id='word_1_45' title='bbox 1348 1080 1499 1148; x_wconf 87' lang='lat' dir='ltr'>mei,</span> <span class='ocrx_word' id='word_1_46' title='bbox 1529 1089 1587 1138; x_wconf 87' lang='lat' dir='ltr'>et</span> <span class='ocrx_word' id='word_1_47' title='bbox 1626 1080 2041 1156; x_wconf 81' lang='lat' dir='ltr'>interfecistis</span> <span class='ocrx_word' id='word_1_48' title='bbox 2072 1079 2245 1154; x_wconf 78' lang='lat' dir='ltr'>filios</span> <span class='ocrx_word' id='word_1_49' title='bbox 2275 1077 2416 1152; x_wconf 82' lang='lat' dir='ltr'>ejus</span> 
     </span>
     <span class='ocr_line' id='line_1_8' title="bbox 928 1173 2416 1256; baseline -0.001 -22"><span class='ocrx_word' id='word_1_50' title='bbox 928 1179 1342 1253; x_wconf 68' lang='lat' dir='ltr'>septuaffl&#39;nta</span> <span class='ocrx_word' id='word_1_51' title='bbox 1360 1179 1700 1246; x_wconf 61' lang='lat' dir='ltr'>viro-&lt;imno</span> <span class='ocrx_word' id='word_1_52' title='bbox 1726 1185 1933 1238; x_wconf 88' lang='lat' dir='ltr'>tamen</span> <span class='ocrx_word' id='word_1_53' title='bbox 1966 1173 2416 1256; x_wconf 87' lang='lat' dir='ltr'>excepto,quia</span> 
     </span>
     <span class='ocr_line' id='line_1_9' title="bbox 930 1273 2417 1356; baseline -0.001 -21"><span class='ocrx_word' id='word_1_54' title='bbox 930 1273 1253 1356; x_wconf 77' lang='lat' dir='ltr'><strong>Scriptura</strong></span> <span class='ocrx_word' id='word_1_55' title='bbox 1292 1275 1593 1337; x_wconf 81' lang='lat' dir='ltr'>minutias</span> <span class='ocrx_word' id='word_1_56' title='bbox 1634 1292 2042 1338; x_wconf 87' lang='lat' dir='ltr'>numerorum</span> <span class='ocrx_word' id='word_1_57' title='bbox 2076 1283 2138 1335; x_wconf 90' lang='lat' dir='ltr'>et</span> <span class='ocrx_word' id='word_1_58' title='bbox 2181 1282 2417 1353; x_wconf 91' lang='lat' dir='ltr'>tempo-</span> 
     </span>
     <span class='ocr_line' id='line_1_10' title="bbox 929 1382 2414 1456; baseline -0.003 -22"><span class='ocrx_word' id='word_1_59' title='bbox 929 1392 1068 1435; x_wconf 91' lang='lat' dir='ltr'>rum</span> <span class='ocrx_word' id='word_1_60' title='bbox 1103 1391 1228 1436; x_wconf 91' lang='lat' dir='ltr'>non</span> <span class='ocrx_word' id='word_1_61' title='bbox 1262 1382 1440 1437; x_wconf 91' lang='lat' dir='ltr'>curat</span> <span class='ocrx_word' id='word_1_62' title='bbox 1470 1393 1587 1436; x_wconf 89' lang='lat' dir='ltr'>nec</span> <span class='ocrx_word' id='word_1_63' title='bbox 1618 1382 1965 1456; x_wconf 88' lang='lat' dir='ltr'>computat,</span> <span class='ocrx_word' id='word_1_64' title='bbox 1984 1393 2177 1450; x_wconf 79' lang='lat' dir='ltr'>super</span> <span class='ocrx_word' id='word_1_65' title='bbox 2207 1391 2414 1431; x_wconf 82' lang='lat' dir='ltr'>unum</span> 
     </span>
     <span class='ocr_line' id='line_1_11' title="bbox 928 1469 2416 1555; baseline -0.001 -24"><span class='ocrx_word' id='word_1_66' title='bbox 928 1474 1233 1548; x_wconf 75' lang='lat' dir='ltr'><em>lapidem.</em></span> <span class='ocrx_word' id='word_1_67' title='bbox 1268 1473 1357 1535; x_wconf 84' lang='lat' dir='ltr'>Ex</span> <span class='ocrx_word' id='word_1_68' title='bbox 1396 1473 1515 1536; x_wconf 93' lang='lat' dir='ltr'>hoc</span> <span class='ocrx_word' id='word_1_69' title='bbox 1554 1473 1746 1536; x_wconf 91' lang='lat' dir='ltr'>etiam</span> <span class='ocrx_word' id='word_1_70' title='bbox 1790 1480 1983 1555; x_wconf 86' lang='lat' dir='ltr'>patet,</span> <span class='ocrx_word' id='word_1_71' title='bbox 2019 1470 2192 1553; x_wconf 87' lang='lat' dir='ltr'>quod</span> <span class='ocrx_word' id='word_1_72' title='bbox 2238 1469 2416 1550; x_wconf 88' lang='lat' dir='ltr'>adju-</span> 
     </span>
     <span class='ocr_line' id='line_1_12' title="bbox 930 1567 2415 1652; baseline -0.001 -22"><span class='ocrx_word' id='word_1_73' title='bbox 930 1578 1093 1633; x_wconf 86' lang='lat' dir='ltr'>tores</span> <span class='ocrx_word' id='word_1_74' title='bbox 1124 1569 1493 1634; x_wconf 80' lang='lat' dir='ltr'>Abimelech</span> <span class='ocrx_word' id='word_1_75' title='bbox 1528 1570 1787 1634; x_wconf 82' lang='lat' dir='ltr'>fuerunt</span> <span class='ocrx_word' id='word_1_76' title='bbox 1823 1590 1899 1633; x_wconf 88' lang='lat' dir='ltr'>ex</span> <span class='ocrx_word' id='word_1_77' title='bbox 1942 1569 2180 1652; x_wconf 93' lang='lat' dir='ltr'>populo</span> <span class='ocrx_word' id='word_1_78' title='bbox 2215 1567 2415 1631; x_wconf 89' lang='lat' dir='ltr'>Sichi-</span> 
     </span>
     <span class='ocr_line' id='line_1_13' title="bbox 926 1669 2416 1752; baseline -0.002 -23"><span class='ocrx_word' id='word_1_79' title='bbox 926 1687 1197 1746; x_wconf 90' lang='lat' dir='ltr'>morum,</span> <span class='ocrx_word' id='word_1_80' title='bbox 1217 1670 1327 1751; x_wconf 93' lang='lat' dir='ltr'>qui</span> <span class='ocrx_word' id='word_1_81' title='bbox 1349 1670 1659 1752; x_wconf 80' lang='lat' dir='ltr'>Ephrataei</span> <span class='ocrx_word' id='word_1_82' title='bbox 1684 1669 1711 1730; x_wconf 86' lang='lat' dir='ltr'>f</span> <span class='ocrx_word' id='word_1_83' title='bbox 1714 1678 1964 1732; x_wconf 90' lang='lat' dir='ltr'>uerunt.</span> <span class='ocrx_word' id='word_1_84' title='bbox 1982 1672 2067 1729; x_wconf 88' lang='lat' dir='ltr'>Et</span> <span class='ocrx_word' id='word_1_85' title='bbox 2086 1669 2416 1728; x_wconf 73' lang='lat' dir='ltr'>constitue?-</span> 
     </span>
     <span class='ocr_line' id='line_1_14' title="bbox 922 1768 2405 1847; baseline 0.001 -21"><span class='ocrx_word' id='word_1_86' title='bbox 922 1770 1038 1827; x_wconf 89' lang='lat' dir='ltr'>stis</span> <span class='ocrx_word' id='word_1_87' title='bbox 1068 1787 1277 1842; x_wconf 72' lang='lat' dir='ltr'>reqem</span> <span class='ocrx_word' id='word_1_88' title='bbox 1306 1771 1672 1829; x_wconf 76' lang='lat' dir='ltr'>Abimeleclz</span> <span class='ocrx_word' id='word_1_89' title='bbox 1703 1771 1923 1847; x_wconf 79' lang='lat' dir='ltr'>filium</span> <span class='ocrx_word' id='word_1_90' title='bbox 1954 1770 2214 1828; x_wconf 79' lang='lat' dir='ltr'>ancilloe</span> <span class='ocrx_word' id='word_1_91' title='bbox 2243 1768 2405 1842; x_wconf 82' lang='lat' dir='ltr'>ejus,</span> 
     </span>
    </p>
   </div>
   <div class='ocr_carea' id='block_1_5' title="bbox 2519 777 4028 1840">
    <p class='ocr_par' dir='ltr' id='par_1_5' title="bbox 2519 777 4028 1840">
     <span class='ocr_line' id='line_1_15' title="bbox 2526 777 4028 859; baseline 0 -21"><span class='ocrx_word' id='word_1_92' title='bbox 2526 778 2578 838; x_wconf 95' lang='lat' dir='ltr'>ri</span> <span class='ocrx_word' id='word_1_93' title='bbox 2618 798 2655 840; x_wconf 92' lang='lat' dir='ltr'>a</span> <span class='ocrx_word' id='word_1_94' title='bbox 2695 778 2972 859; x_wconf 85' lang='lat' dir='ltr'>pessimo</span> <span class='ocrx_word' id='word_1_95' title='bbox 3011 779 3320 854; x_wconf 80' lang='lat' dir='ltr'>daemone,</span> <span class='ocrx_word' id='word_1_96' title='bbox 3366 778 3494 842; x_wconf 92' lang='lat' dir='ltr'>imo</span> <span class='ocrx_word' id='word_1_97' title='bbox 3536 797 3573 839; x_wconf 91' lang='lat' dir='ltr'>a</span> <span class='ocrx_word' id='word_1_98' title='bbox 3621 777 3841 840; x_wconf 88' lang='lat' dir='ltr'>multis</span> <span class='ocrx_word' id='word_1_99' title='bbox 3889 779 4028 838; x_wconf 79' lang='lat' dir='ltr'>‹1ae-</span> 
     </span>
     <span class='ocr_line' id='line_1_16' title="bbox 2526 875 4026 958; baseline 0.001 -22"><span class='ocrx_word' id='word_1_100' title='bbox 2526 875 2824 939; x_wconf 89' lang='lat' dir='ltr'>monibus</span> <span class='ocrx_word' id='word_1_101' title='bbox 2869 876 2988 938; x_wconf 89' lang='lat' dir='ltr'>sub</span> <span class='ocrx_word' id='word_1_102' title='bbox 3039 895 3154 940; x_wconf 89' lang='lat' dir='ltr'>suo</span> <span class='ocrx_word' id='word_1_103' title='bbox 3199 876 3489 958; x_wconf 81' lang='lat' dir='ltr'>principe</span> <span class='ocrx_word' id='word_1_104' title='bbox 3529 876 3892 957; x_wconf 81' lang='lat' dir='ltr'>agentibus,</span> <span class='ocrx_word' id='word_1_105' title='bbox 3933 875 4026 937; x_wconf 86' lang='lat' dir='ltr'>ad</span> 
     </span>
     <span class='ocr_line' id='line_1_17' title="bbox 2524 972 4027 1055; baseline -0.001 -21"><span class='ocrx_word' id='word_1_106' title='bbox 2524 973 3024 1053; x_wconf 86' lang='lat' dir='ltr'>perturbandum</span> <span class='ocrx_word' id='word_1_107' title='bbox 3057 993 3129 1036; x_wconf 89' lang='lat' dir='ltr'>ac</span> <span class='ocrx_word' id='word_1_108' title='bbox 3161 973 3600 1055; x_wconf 89' lang='lat' dir='ltr'>dissipandum</span> <span class='ocrx_word' id='word_1_109' title='bbox 3647 993 3906 1055; x_wconf 88' lang='lat' dir='ltr'>pravam</span> <span class='ocrx_word' id='word_1_110' title='bbox 3941 972 4027 1033; x_wconf 90' lang='lat' dir='ltr'>il-</span> 
     </span>
     <span class='ocr_line' id='line_1_18' title="bbox 2527 1072 4022 1136; baseline -0.001 -2"><span class='ocrx_word' id='word_1_111' title='bbox 2527 1072 2730 1135; x_wconf 91' lang='lat' dir='ltr'>lorum</span> <span class='ocrx_word' id='word_1_112' title='bbox 2778 1073 3206 1136; x_wconf 79' lang='lat' dir='ltr'>concordiam.</span> <span class='ocrx_word' id='word_1_113' title='bbox 3241 1073 3624 1136; x_wconf 84' lang='lat' dir='ltr'>Perversitas</span> <span class='ocrx_word' id='word_1_114' title='bbox 3669 1082 3879 1135; x_wconf 89' lang='lat' dir='ltr'>tamen</span> <span class='ocrx_word' id='word_1_115' title='bbox 3913 1072 4022 1134; x_wconf 87' lang='lat' dir='ltr'>in-</span> 
     </span>
     <span class='ocr_line' id='line_1_19' title="bbox 2525 1171 4020 1248; baseline -0.001 -16"><span class='ocrx_word' id='word_1_116' title='bbox 2525 1171 2827 1233; x_wconf 91' lang='lat' dir='ltr'>tentionis</span> <span class='ocrx_word' id='word_1_117' title='bbox 2874 1171 3236 1234; x_wconf 83' lang='lat' dir='ltr'>daemonum</span> <span class='ocrx_word' id='word_1_118' title='bbox 3295 1171 3360 1232; x_wconf 90' lang='lat' dir='ltr'>in</span> <span class='ocrx_word' id='word_1_119' title='bbox 3412 1171 3682 1248; x_wconf 89' lang='lat' dir='ltr'>talibus,</span> <span class='ocrx_word' id='word_1_120' title='bbox 3737 1190 3866 1233; x_wconf 92' lang='lat' dir='ltr'>non</span> <span class='ocrx_word' id='word_1_121' title='bbox 3918 1179 4020 1233; x_wconf 56' lang='lat' dir='ltr'>est</span> 
     </span>
     <span class='ocr_line' id='line_1_20' title="bbox 2527 1269 4024 1352; baseline 0 -22"><span class='ocrx_word' id='word_1_122' title='bbox 2527 1270 2900 1351; x_wconf 79' lang='lat' dir='ltr'>imperative</span> <span class='ocrx_word' id='word_1_123' title='bbox 2943 1290 2980 1332; x_wconf 92' lang='lat' dir='ltr'>a</span> <span class='ocrx_word' id='word_1_124' title='bbox 3018 1270 3166 1346; x_wconf 90' lang='lat' dir='ltr'>Deo,</span> <span class='ocrx_word' id='word_1_125' title='bbox 3207 1269 3318 1351; x_wconf 89' lang='lat' dir='ltr'>qui</span> <span class='ocrx_word' id='word_1_126' title='bbox 3365 1289 3494 1332; x_wconf 88' lang='lat' dir='ltr'>non</span> <span class='ocrx_word' id='word_1_127' title='bbox 3531 1270 3714 1351; x_wconf 87' lang='lat' dir='ltr'>jubet</span> <span class='ocrx_word' id='word_1_128' title='bbox 3755 1278 4024 1352; x_wconf 77' lang='lat' dir='ltr'>peccata</span> 
     </span>
     <span class='ocr_line' id='line_1_21' title="bbox 2524 1369 4016 1446; baseline -0.002 -16"><span class='ocrx_word' id='word_1_129' title='bbox 2524 1369 2858 1430; x_wconf 72' lang='lat' dir='ltr'>committi.</span> <span class='ocrx_word' id='word_1_130' title='bbox 2919 1371 3044 1437; x_wconf 86' lang='lat' dir='ltr'>Qui</span> <span class='ocrx_word' id='word_1_131' title='bbox 3097 1379 3420 1446; x_wconf 84' lang='lat' dir='ltr'>coeperunt</span> <span class='ocrx_word' id='word_1_132' title='bbox 3469 1390 3617 1429; x_wconf 83' lang='lat' dir='ltr'>eum</span> <span class='ocrx_word' id='word_1_133' title='bbox 3671 1370 4016 1438; x_wconf 75' lang='lat' dir='ltr'>detestari,</span> 
     </span>
     <span class='ocr_line' id='line_1_22' title="bbox 2527 1466 4022 1548; baseline 0 -21"><span class='ocrx_word' id='word_1_134' title='bbox 2527 1475 2826 1548; x_wconf 77' lang='lat' dir='ltr'>tanquam</span> <span class='ocrx_word' id='word_1_135' title='bbox 2871 1466 3382 1530; x_wconf 89' lang='lat' dir='ltr'>crudelissimum</span> <span class='ocrx_word' id='word_1_136' title='bbox 3423 1466 3837 1542; x_wconf 78' lang='lat' dir='ltr'>fratricidam,</span> <span class='ocrx_word' id='word_1_137' title='bbox 3881 1486 4022 1528; x_wconf 90' lang='lat' dir='ltr'>am-</span> 
     </span>
     <span class='ocr_line' id='line_1_23' title="bbox 2525 1565 4022 1647; baseline -0.001 -20"><span class='ocrx_word' id='word_1_138' title='bbox 2525 1565 3140 1647; x_wconf 86' lang='lat' dir='ltr'>bitiosissimumque</span> <span class='ocrx_word' id='word_1_139' title='bbox 3182 1574 3546 1647; x_wconf 83' lang='lat' dir='ltr'>tyrannum,</span> <span class='ocrx_word' id='word_1_140' title='bbox 3579 1575 3638 1626; x_wconf 81' lang='lat' dir='ltr'>et</span> <span class='ocrx_word' id='word_1_141' title='bbox 3675 1570 3878 1626; x_wconf 80' lang='lat' dir='ltr'>scel-us</span> <span class='ocrx_word' id='word_1_142' title='bbox 3919 1569 4022 1626; x_wconf 83' lang='lat' dir='ltr'>in-</span> 
     </span>
     <span class='ocr_line' id='line_1_24' title="bbox 2526 1665 4013 1742; baseline 0 -20"><span class='ocrx_word' id='word_1_143' title='bbox 2526 1665 2916 1742; x_wconf 83' lang='lat' dir='ltr'>terfectionis</span> <span class='ocrx_word' id='word_1_144' title='bbox 2943 1666 3356 1740; x_wconf 73' lang='lat' dir='ltr'>septuayinta</span> <span class='ocrx_word' id='word_1_145' title='bbox 3383 1665 3674 1741; x_wconf 78' lang='lat' dir='ltr'>filiorum</span> <span class='ocrx_word' id='word_1_146' title='bbox 3691 1667 4013 1732; x_wconf 82' lang='lat' dir='ltr'>Jerobaal,</span> 
     </span>
     <span class='ocr_line' id='line_1_25' title="bbox 2519 1761 4016 1840; baseline 0.001 -19"><span class='ocrx_word' id='word_1_147' title='bbox 2519 1773 2579 1822; x_wconf 87' lang='lat' dir='ltr'>et</span> <span class='ocrx_word' id='word_1_148' title='bbox 2617 1766 2996 1840; x_wconf 78' lang='lat' dir='ltr'>effusionem</span> <span class='ocrx_word' id='word_1_149' title='bbox 3042 1764 3388 1839; x_wconf 69' lang='lat' dir='ltr'>sanquinis</span> <span class='ocrx_word' id='word_1_150' title='bbox 3431 1783 3674 1834; x_wconf 86' lang='lat' dir='ltr'>eorum,</span> <span class='ocrx_word' id='word_1_151' title='bbox 3710 1761 4016 1824; x_wconf 89' lang='lat' dir='ltr'>videlicet</span> 
     </span>
    </p>
   </div>
   <div class='ocr_carea' id='block_1_6' title="bbox 925 1861 4016 1946">
    <p class='ocr_par' dir='ltr' id='par_1_6' title="bbox 925 1861 4016 1946">
     <span class='ocr_line' id='line_1_26' title="bbox 925 1861 4016 1946; baseline -0.001 -19"><span class='ocrx_word' id='word_1_152' title='bbox 925 1864 1224 1929; x_wconf 89' lang='lat' dir='ltr'>videlicet</span> <span class='ocrx_word' id='word_1_153' title='bbox 1262 1867 1597 1942; x_wconf 90' lang='lat' dir='ltr'>Gedeonis,</span> <span class='ocrx_word' id='word_1_154' title='bbox 1629 1887 1697 1926; x_wconf 85' lang='lat' dir='ltr'>eo</span> <span class='ocrx_word' id='word_1_155' title='bbox 1742 1871 1913 1946; x_wconf 83' lang='lat' dir='ltr'>quod</span> <span class='ocrx_word' id='word_1_156' title='bbox 1958 1868 2171 1944; x_wconf 80' lang='lat' dir='ltr'>frater</span> <span class='ocrx_word' id='word_1_157' title='bbox 2212 1876 2412 1926; x_wconf 77' lang='lat' dir='ltr'>vester</span> <span class='ocrx_word' id='word_1_158' title='bbox 2447 1862 2492 1923; x_wconf 91' lang='lat' dir='ltr'><strong>B</strong></span> <span class='ocrx_word' id='word_1_159' title='bbox 2525 1861 2808 1925; x_wconf 82' lang='lat' dir='ltr'>filiorum</span> <span class='ocrx_word' id='word_1_160' title='bbox 2847 1861 3182 1938; x_wconf 81' lang='lat' dir='ltr'>GedeoniS,</span> <span class='ocrx_word' id='word_1_161' title='bbox 3216 1862 3532 1938; x_wconf 82' lang='lat' dir='ltr'>conferre,</span> <span class='ocrx_word' id='word_1_162' title='bbox 3563 1862 3629 1923; x_wconf 90' lang='lat' dir='ltr'>id</span> <span class='ocrx_word' id='word_1_163' title='bbox 3672 1871 3768 1925; x_wconf 86' lang='lat' dir='ltr'>est</span> <span class='ocrx_word' id='word_1_164' title='bbox 3819 1872 4016 1925; x_wconf 90' lang='lat' dir='ltr'>retor-</span> 
     </span>
    </p>
   </div>
   <div class='ocr_carea' id='block_1_7' title="bbox 920 1967 2412 3032">
    <p class='ocr_par' dir='ltr' id='par_1_7' title="bbox 920 1967 2412 3032">
     <span class='ocr_line' id='line_1_27' title="bbox 922 1967 2412 2044; baseline -0.002 -18"><span class='ocrx_word' id='word_1_165' title='bbox 922 1968 1029 2027; x_wconf 89' lang='lat' dir='ltr'>sit.</span> <span class='ocrx_word' id='word_1_166' title='bbox 1078 1968 1158 2026; x_wconf 86' lang='lat' dir='ltr'>Si</span> <span class='ocrx_word' id='word_1_167' title='bbox 1204 1985 1351 2042; x_wconf 74' lang='lat' dir='ltr'>erqo</span> <span class='ocrx_word' id='word_1_168' title='bbox 1400 1976 1562 2027; x_wconf 86' lang='lat' dir='ltr'>recte</span> <span class='ocrx_word' id='word_1_169' title='bbox 1608 1975 1668 2026; x_wconf 89' lang='lat' dir='ltr'>et</span> <span class='ocrx_word' id='word_1_170' title='bbox 1716 1968 1949 2044; x_wconf 81' lang='lat' dir='ltr'>absque</span> <span class='ocrx_word' id='word_1_171' title='bbox 1997 1967 2156 2026; x_wconf 85' lang='lat' dir='ltr'>vitio</span> <span class='ocrx_word' id='word_1_172' title='bbox 2195 1967 2412 2042; x_wconf 73' lang='lat' dir='ltr'>eyistis</span> 
     </span>
     <span class='ocr_line' id='line_1_28' title="bbox 924 2066 2410 2141; baseline -0.001 -17"><span class='ocrx_word' id='word_1_173' title='bbox 924 2085 1071 2124; x_wconf 83' lang='lat' dir='ltr'>cum</span> <span class='ocrx_word' id='word_1_174' title='bbox 1100 2067 1397 2126; x_wconf 86' lang='lat' dir='ltr'>Jerobaal</span> <span class='ocrx_word' id='word_1_175' title='bbox 1424 2075 1483 2125; x_wconf 90' lang='lat' dir='ltr'>et</span> <span class='ocrx_word' id='word_1_176' title='bbox 1512 2069 1698 2124; x_wconf 85' lang='lat' dir='ltr'>domo</span> <span class='ocrx_word' id='word_1_177' title='bbox 1728 2066 1893 2141; x_wconf 81' lang='lat' dir='ltr'>ejus,</span> <span class='ocrx_word' id='word_1_178' title='bbox 1924 2067 2112 2125; x_wconf 69' lang='lat' dir='ltr'>lioclie</span> <span class='ocrx_word' id='word_1_179' title='bbox 2142 2066 2410 2125; x_wconf 64' lang='lat' dir='ltr'>laetami-</span> 
     </span>
     <span class='ocr_line' id='line_1_29' title="bbox 925 2162 2410 2244; baseline 0 -21"><span class='ocrx_word' id='word_1_180' title='bbox 925 2165 998 2223; x_wconf 77' lang='lat' dir='ltr'>ni</span> <span class='ocrx_word' id='word_1_181' title='bbox 1035 2166 1109 2224; x_wconf 82' lang='lat' dir='ltr'>in</span> <span class='ocrx_word' id='word_1_182' title='bbox 1146 2166 1539 2233; x_wconf 71' lang='lat' dir='ltr'>Abimelech,</span> <span class='ocrx_word' id='word_1_183' title='bbox 1583 2164 1661 2226; x_wconf 92' lang='lat' dir='ltr'>de</span> <span class='ocrx_word' id='word_1_184' title='bbox 1706 2162 1846 2243; x_wconf 92' lang='lat' dir='ltr'>ejus</span> <span class='ocrx_word' id='word_1_185' title='bbox 1892 2162 2314 2244; x_wconf 78' lang='lat' dir='ltr'>promotione,</span> <span class='ocrx_word' id='word_1_186' title='bbox 2351 2173 2410 2223; x_wconf 86' lang='lat' dir='ltr'>et</span> 
     </span>
     <span class='ocr_line' id='line_1_30' title="bbox 924 2263 2410 2338; baseline 0 -18"><span class='ocrx_word' id='word_1_187' title='bbox 924 2263 1036 2322; x_wconf 85' lang='lat' dir='ltr'>ille</span> <span class='ocrx_word' id='word_1_188' title='bbox 1077 2267 1324 2324; x_wconf 71' lang='lat' dir='ltr'>latetur</span> <span class='ocrx_word' id='word_1_189' title='bbox 1366 2265 1435 2322; x_wconf 85' lang='lat' dir='ltr'>in</span> <span class='ocrx_word' id='word_1_190' title='bbox 1475 2263 1667 2322; x_wconf 80' lang='lat' dir='ltr'>vobis,</span> <span class='ocrx_word' id='word_1_191' title='bbox 1703 2264 1829 2322; x_wconf 82' lang='lat' dir='ltr'>Sin</span> <span class='ocrx_word' id='word_1_192' title='bbox 1868 2272 2083 2322; x_wconf 86' lang='lat' dir='ltr'>autem</span> <span class='ocrx_word' id='word_1_193' title='bbox 2114 2281 2410 2338; x_wconf 78' lang='lat' dir='ltr'>perverse</span> 
     </span>
     <span class='ocr_line' id='line_1_31' title="bbox 923 2359 2409 2438; baseline 0 -18"><span class='ocrx_word' id='word_1_194' title='bbox 923 2359 1141 2438; x_wconf 85' lang='lat' dir='ltr'>egistis</span> <span class='ocrx_word' id='word_1_195' title='bbox 1187 2360 1252 2421; x_wconf 88' lang='lat' dir='ltr'>in</span> <span class='ocrx_word' id='word_1_196' title='bbox 1297 2360 1418 2435; x_wconf 89' lang='lat' dir='ltr'>his,</span> <span class='ocrx_word' id='word_1_197' title='bbox 1461 2361 1833 2436; x_wconf 70' lang='lat' dir='ltr'>eqrediatur</span> <span class='ocrx_word' id='word_1_198' title='bbox 1872 2361 2045 2436; x_wconf 71' lang='lat' dir='ltr'>iynis</span> <span class='ocrx_word' id='word_1_199' title='bbox 2088 2381 2169 2419; x_wconf 68' lang='lat' dir='ltr'>etv</span> <span class='ocrx_word' id='word_1_200' title='bbox 2211 2381 2304 2430; x_wconf 88' lang='lat' dir='ltr'>eo,</span> <span class='ocrx_word' id='word_1_201' title='bbox 2349 2370 2409 2420; x_wconf 88' lang='lat' dir='ltr'>et</span> 
     </span>
     <span class='ocr_line' id='line_1_32' title="bbox 922 2459 2408 2536; baseline 0.001 -20"><span class='ocrx_word' id='word_1_202' title='bbox 922 2467 1255 2518; x_wconf 86' lang='lat' dir='ltr'>consumat</span> <span class='ocrx_word' id='word_1_203' title='bbox 1284 2459 1670 2518; x_wconf 74' lang='lat' dir='ltr'>habitatores</span> <span class='ocrx_word' id='word_1_204' title='bbox 1701 2459 1958 2518; x_wconf 77' lang='lat' dir='ltr'>Sicleem</span> <span class='ocrx_word' id='word_1_205' title='bbox 1996 2467 2055 2518; x_wconf 89' lang='lat' dir='ltr'>et</span> <span class='ocrx_word' id='word_1_206' title='bbox 2094 2461 2408 2536; x_wconf 80' lang='lat' dir='ltr'>oppidum</span> 
     </span>
     <span class='ocr_line' id='line_1_33' title="bbox 922 2558 2410 2634; baseline -0.001 -16"><span class='ocrx_word' id='word_1_207' title='bbox 922 2559 1136 2618; x_wconf 83' lang='lat' dir='ltr'>Melle.</span> <span class='ocrx_word' id='word_1_208' title='bbox 1182 2558 1701 2634; x_wconf 70' lang='lat' dir='ltr'>Eqrediaturque</span> <span class='ocrx_word' id='word_1_209' title='bbox 1753 2558 1923 2632; x_wconf 75' lang='lat' dir='ltr'>iynis</span> <span class='ocrx_word' id='word_1_210' title='bbox 1970 2560 2048 2616; x_wconf 82' lang='lat' dir='ltr'>de</span> <span class='ocrx_word' id='word_1_211' title='bbox 2089 2559 2252 2617; x_wconf 80' lang='lat' dir='ltr'>viris</span> <span class='ocrx_word' id='word_1_212' title='bbox 2305 2560 2410 2618; x_wconf 78' lang='lat' dir='ltr'>Si-</span> 
     </span>
     <span class='ocr_line' id='line_1_34' title="bbox 920 2655 2405 2730; baseline 0.001 -16"><span class='ocrx_word' id='word_1_213' title='bbox 920 2658 1097 2716; x_wconf 75' lang='lat' dir='ltr'>chem</span> <span class='ocrx_word' id='word_1_214' title='bbox 1138 2665 1197 2715; x_wconf 86' lang='lat' dir='ltr'>et</span> <span class='ocrx_word' id='word_1_215' title='bbox 1238 2658 1429 2716; x_wconf 88' lang='lat' dir='ltr'>Mello</span> <span class='ocrx_word' id='word_1_216' title='bbox 1475 2656 1730 2730; x_wconf 81' lang='lat' dir='ltr'>oppidO,</span> <span class='ocrx_word' id='word_1_217' title='bbox 1767 2663 1826 2713; x_wconf 86' lang='lat' dir='ltr'>et</span> <span class='ocrx_word' id='word_1_218' title='bbox 1869 2655 2124 2714; x_wconf 80' lang='lat' dir='ltr'>devoret</span> <span class='ocrx_word' id='word_1_219' title='bbox 2154 2658 2405 2716; x_wconf 81' lang='lat' dir='ltr'>Abime-</span> 
     </span>
     <span class='ocr_line' id='line_1_35' title="bbox 922 2750 2409 2835; baseline 0.003 -23"><span class='ocrx_word' id='word_1_220' title='bbox 922 2757 1076 2814; x_wconf 75' lang='lat' dir='ltr'>lech.</span> <span class='ocrx_word' id='word_1_221' title='bbox 1121 2753 1234 2815; x_wconf 89' lang='lat' dir='ltr'>Per</span> <span class='ocrx_word' id='word_1_222' title='bbox 1286 2753 1519 2831; x_wconf 86' lang='lat' dir='ltr'>ignem,</span> <span class='ocrx_word' id='word_1_223' title='bbox 1565 2750 1943 2830; x_wconf 82' lang='lat' dir='ltr'>intelligitur</span> <span class='ocrx_word' id='word_1_224' title='bbox 1992 2771 2409 2835; x_wconf 70' lang='lat' dir='ltr'>quaecumque</span> 
     </span>
     <span class='ocr_line' id='line_1_36' title="bbox 922 2849 2410 2935; baseline 0.002 -22"><span class='ocrx_word' id='word_1_225' title='bbox 922 2851 1173 2935; x_wconf 92' lang='lat' dir='ltr'>punitio</span> <span class='ocrx_word' id='word_1_226' title='bbox 1203 2871 1315 2914; x_wconf 89' lang='lat' dir='ltr'>seu</span> <span class='ocrx_word' id='word_1_227' title='bbox 1348 2849 1705 2931; x_wconf 86' lang='lat' dir='ltr'>persecutio</span> <span class='ocrx_word' id='word_1_228' title='bbox 1743 2849 1977 2928; x_wconf 80' lang='lat' dir='ltr'>gravis,</span> <span class='ocrx_word' id='word_1_229' title='bbox 2016 2850 2244 2931; x_wconf 89' lang='lat' dir='ltr'>Sicque</span> <span class='ocrx_word' id='word_1_230' title='bbox 2279 2872 2410 2916; x_wconf 87' lang='lat' dir='ltr'>ma-</span> 
     </span>
     <span class='ocr_line' id='line_1_37' title="bbox 922 2947 2408 3032; baseline 0.003 -22"><span class='ocrx_word' id='word_1_231' title='bbox 922 2949 1177 3012; x_wconf 86' lang='lat' dir='ltr'>ledictio</span> <span class='ocrx_word' id='word_1_232' title='bbox 1228 2949 1347 3010; x_wconf 87' lang='lat' dir='ltr'>ista</span> <span class='ocrx_word' id='word_1_233' title='bbox 1396 2955 1537 3029; x_wconf 90' lang='lat' dir='ltr'>post</span> <span class='ocrx_word' id='word_1_234' title='bbox 1590 2956 1714 3009; x_wconf 91' lang='lat' dir='ltr'>tres</span> <span class='ocrx_word' id='word_1_235' title='bbox 1761 2967 1963 3011; x_wconf 90' lang='lat' dir='ltr'>annos</span> <span class='ocrx_word' id='word_1_236' title='bbox 2013 2947 2131 3011; x_wconf 82' lang='lat' dir='ltr'>fuit</span> <span class='ocrx_word' id='word_1_237' title='bbox 2187 2950 2408 3032; x_wconf 90' lang='lat' dir='ltr'>imple-</span> 
     </span>
    </p>
   </div>
   <div class='ocr_carea' id='block_1_8' title="bbox 2518 1962 4015 3025">
    <p class='ocr_par' dir='ltr' id='par_1_8' title="bbox 2518 1962 4015 3025">
     <span class='ocr_line' id='line_1_38' title="bbox 2520 1962 4014 2041; baseline -0.001 -19"><span class='ocrx_word' id='word_1_238' title='bbox 2520 1979 2739 2041; x_wconf 86' lang='lat' dir='ltr'>quere,</span> <span class='ocrx_word' id='word_1_239' title='bbox 2777 1963 2846 2020; x_wconf 86' lang='lat' dir='ltr'>in</span> <span class='ocrx_word' id='word_1_240' title='bbox 2879 1962 3244 2021; x_wconf 64' lang='lat' dir='ltr'>Abimelech.</span> <span class='ocrx_word' id='word_1_241' title='bbox 3281 1962 3558 2037; x_wconf 83' lang='lat' dir='ltr'>fratrem</span> <span class='ocrx_word' id='word_1_242' title='bbox 3595 1982 3814 2031; x_wconf 85' lang='lat' dir='ltr'>suum,</span> <span class='ocrx_word' id='word_1_243' title='bbox 3843 1972 3907 2022; x_wconf 87' lang='lat' dir='ltr'>et</span> <span class='ocrx_word' id='word_1_244' title='bbox 3939 1964 4014 2021; x_wconf 80' lang='lat' dir='ltr'>in</span> 
     </span>
     <span class='ocr_line' id='line_1_39' title="bbox 2519 2060 4000 2140; baseline 0.001 -21"><span class='ocrx_word' id='word_1_245' title='bbox 2519 2071 2748 2121; x_wconf 89' lang='lat' dir='ltr'>ceteros</span> <span class='ocrx_word' id='word_1_246' title='bbox 2790 2060 3232 2120; x_wconf 74' lang='lat' dir='ltr'>Sieliimorum</span> <span class='ocrx_word' id='word_1_247' title='bbox 3277 2061 3633 2137; x_wconf 76' lang='lat' dir='ltr'>principes,</span> <span class='ocrx_word' id='word_1_248' title='bbox 3685 2063 3804 2140; x_wconf 78' lang='lat' dir='ltr'>qui</span> <span class='ocrx_word' id='word_1_249' title='bbox 3849 2081 4000 2120; x_wconf 80' lang='lat' dir='ltr'>eum</span> 
     </span>
     <span class='ocr_line' id='line_1_40' title="bbox 2519 2157 4015 2241; baseline 0.001 -22"><span class='ocrx_word' id='word_1_250' title='bbox 2519 2160 2931 2236; x_wconf 75' lang='lat' dir='ltr'>adjuverant.</span> <span class='ocrx_word' id='word_1_251' title='bbox 2949 2157 3254 2239; x_wconf 88' lang='lat' dir='ltr'>Superius</span> <span class='ocrx_word' id='word_1_252' title='bbox 3275 2159 3516 2221; x_wconf 89' lang='lat' dir='ltr'>dictum</span> <span class='ocrx_word' id='word_1_253' title='bbox 3539 2167 3656 2236; x_wconf 91' lang='lat' dir='ltr'>est,</span> <span class='ocrx_word' id='word_1_254' title='bbox 3671 2161 3842 2241; x_wconf 89' lang='lat' dir='ltr'>quod</span> <span class='ocrx_word' id='word_1_255' title='bbox 3865 2159 4015 2222; x_wconf 78' lang='lat' dir='ltr'>Abi-</span> 
     </span>
     <span class='ocr_line' id='line_1_41' title="bbox 2520 2256 4008 2340; baseline 0.001 -22"><span class='ocrx_word' id='word_1_256' title='bbox 2520 2257 2766 2320; x_wconf 91' lang='lat' dir='ltr'>melech</span> <span class='ocrx_word' id='word_1_257' title='bbox 2797 2257 3101 2320; x_wconf 88' lang='lat' dir='ltr'>conduxit</span> <span class='ocrx_word' id='word_1_258' title='bbox 3121 2256 3293 2320; x_wconf 85' lang='lat' dir='ltr'>viros</span> <span class='ocrx_word' id='word_1_259' title='bbox 3315 2275 3506 2338; x_wconf 89' lang='lat' dir='ltr'>vagos</span> <span class='ocrx_word' id='word_1_260' title='bbox 3537 2265 3602 2320; x_wconf 93' lang='lat' dir='ltr'>et</span> <span class='ocrx_word' id='word_1_261' title='bbox 3632 2258 3869 2340; x_wconf 58' lang='lat' dir='ltr'>inopes</span> <span class='ocrx_word' id='word_1_262' title='bbox 3893 2259 4008 2340; x_wconf 89' lang='lat' dir='ltr'>qui</span> 
     </span>
     <span class='ocr_line' id='line_1_42' title="bbox 2519 2355 4012 2436; baseline 0.001 -19"><span class='ocrx_word' id='word_1_263' title='bbox 2519 2375 2662 2417; x_wconf 90' lang='lat' dir='ltr'>eum</span> <span class='ocrx_word' id='word_1_264' title='bbox 2692 2356 2994 2436; x_wconf 89' lang='lat' dir='ltr'>juverunt</span> <span class='ocrx_word' id='word_1_265' title='bbox 3020 2355 3378 2436; x_wconf 88' lang='lat' dir='ltr'>:quomodo</span> <span class='ocrx_word' id='word_1_266' title='bbox 3400 2373 3550 2436; x_wconf 85' lang='lat' dir='ltr'>ergo</span> <span class='ocrx_word' id='word_1_267' title='bbox 3583 2375 3752 2420; x_wconf 89' lang='lat' dir='ltr'>nnnc</span> <span class='ocrx_word' id='word_1_268' title='bbox 3783 2357 4012 2420; x_wconf 90' lang='lat' dir='ltr'>dicun-</span> 
     </span>
     <span class='ocr_line' id='line_1_43' title="bbox 2518 2453 4008 2536; baseline 0.001 -22"><span class='ocrx_word' id='word_1_269' title='bbox 2518 2461 2622 2514; x_wconf 84' lang='lat' dir='ltr'>tur</span> <span class='ocrx_word' id='word_1_270' title='bbox 2643 2473 2786 2517; x_wconf 92' lang='lat' dir='ltr'>eum</span> <span class='ocrx_word' id='word_1_271' title='bbox 2819 2453 3062 2536; x_wconf 89' lang='lat' dir='ltr'>juvisse</span> <span class='ocrx_word' id='word_1_272' title='bbox 3093 2453 3415 2536; x_wconf 87' lang='lat' dir='ltr'>principes</span> <span class='ocrx_word' id='word_1_273' title='bbox 3437 2454 4008 2518; x_wconf 59' lang='lat' dir='ltr'>SichimorumtAd</span> 
     </span>
     <span class='ocr_line' id='line_1_44' title="bbox 2519 2551 4004 2633; baseline 0.001 -19"><span class='ocrx_word' id='word_1_274' title='bbox 2519 2552 2688 2632; x_wconf 90' lang='lat' dir='ltr'>quod</span> <span class='ocrx_word' id='word_1_275' title='bbox 2731 2552 3071 2614; x_wconf 91' lang='lat' dir='ltr'>dicendum</span> <span class='ocrx_word' id='word_1_276' title='bbox 3114 2551 3386 2628; x_wconf 86' lang='lat' dir='ltr'>videtur,</span> <span class='ocrx_word' id='word_1_277' title='bbox 3421 2553 3595 2633; x_wconf 90' lang='lat' dir='ltr'>quod</span> <span class='ocrx_word' id='word_1_278' title='bbox 3635 2552 4004 2616; x_wconf 85' lang='lat' dir='ltr'>Abimelech</span> 
     </span>
     <span class='ocr_line' id='line_1_45' title="bbox 2521 2649 4010 2732; baseline 0.002 -20"><span class='ocrx_word' id='word_1_279' title='bbox 2521 2651 2586 2712; x_wconf 92' lang='lat' dir='ltr'>in</span> <span class='ocrx_word' id='word_1_280' title='bbox 2616 2671 2830 2732; x_wconf 87' lang='lat' dir='ltr'>regem</span> <span class='ocrx_word' id='word_1_281' title='bbox 2865 2658 3215 2732; x_wconf 80' lang='lat' dir='ltr'>promotuS‚</span> <span class='ocrx_word' id='word_1_282' title='bbox 3253 2649 3394 2712; x_wconf 91' lang='lat' dir='ltr'>illos</span> <span class='ocrx_word' id='word_1_283' title='bbox 3425 2650 3827 2715; x_wconf 82' lang='lat' dir='ltr'>auxiliatores</span> <span class='ocrx_word' id='word_1_284' title='bbox 3855 2671 4010 2715; x_wconf 89' lang='lat' dir='ltr'>suos</span> 
     </span>
     <span class='ocr_line' id='line_1_46' title="bbox 2521 2749 4011 2832; baseline 0.001 -21"><span class='ocrx_word' id='word_1_285' title='bbox 2521 2751 2586 2811; x_wconf 94' lang='lat' dir='ltr'>in</span> <span class='ocrx_word' id='word_1_286' title='bbox 2618 2749 2858 2812; x_wconf 74' lang='lat' dir='ltr'>officiis</span> <span class='ocrx_word' id='word_1_287' title='bbox 2889 2749 3134 2830; x_wconf 86' lang='lat' dir='ltr'>magnis</span> <span class='ocrx_word' id='word_1_288' title='bbox 3157 2749 4011 2832; x_wconf 81' lang='lat' dir='ltr'>constituit.Posueruntque</span> 
     </span>
     <span class='ocr_line' id='line_1_47' title="bbox 2519 2850 4010 2912; baseline 0.003 -4"><span class='ocrx_word' id='word_1_289' title='bbox 2519 2851 2798 2910; x_wconf 81' lang='lat' dir='ltr'>insidias</span> <span class='ocrx_word' id='word_1_290' title='bbox 2818 2852 3162 2910; x_wconf 83' lang='lat' dir='ltr'>adversum</span> <span class='ocrx_word' id='word_1_291' title='bbox 3183 2850 3330 2909; x_wconf 85' lang='lat' dir='ltr'>eu’m</span> <span class='ocrx_word' id='word_1_292' title='bbox 3353 2851 3426 2908; x_wconf 87' lang='lat' dir='ltr'>in</span> <span class='ocrx_word' id='word_1_293' title='bbox 3445 2852 3813 2912; x_wconf 71' lang='lat' dir='ltr'>summitate</span> <span class='ocrx_word' id='word_1_294' title='bbox 3833 2872 4010 2912; x_wconf 89' lang='lat' dir='ltr'>mon—</span> 
     </span>
     <span class='ocr_line' id='line_1_48' title="bbox 2524 2949 4010 3025; baseline 0.002 -17"><span class='ocrx_word' id='word_1_295' title='bbox 2524 2950 2710 3008; x_wconf 87' lang='lat' dir='ltr'>tium.</span> <span class='ocrx_word' id='word_1_296' title='bbox 2731 2951 2811 3009; x_wconf 86' lang='lat' dir='ltr'>Et</span> <span class='ocrx_word' id='word_1_297' title='bbox 2833 2951 2994 3008; x_wconf 78' lang='lat' dir='ltr'>(lum</span> <span class='ocrx_word' id='word_1_298' title='bbox 3017 2949 3200 3007; x_wconf 82' lang='lat' dir='ltr'>itlius</span> <span class='ocrx_word' id='word_1_299' title='bbox 3215 2952 3746 3025; x_wconf 74' lang='lat' dir='ltr'>praestolarentur</span> <span class='ocrx_word' id='word_1_300' title='bbox 3765 2954 4010 3012; x_wconf 85' lang='lat' dir='ltr'>adven-</span> 
     </span>
    </p>
   </div>
   <div class='ocr_carea' id='block_1_9' title="bbox 923 3044 4002 3132">
    <p class='ocr_par' dir='ltr' id='par_1_9' title="bbox 923 3044 4002 3132">
     <span class='ocr_line' id='line_1_49' title="bbox 923 3044 4002 3132; baseline -0 -20"><span class='ocrx_word' id='word_1_301' title='bbox 923 3056 983 3111; x_wconf 81' lang='lat' dir='ltr'>ta</span> <span class='ocrx_word' id='word_1_302' title='bbox 1010 3068 1023 3112; x_wconf 90' lang='lat'>:</span> <span class='ocrx_word' id='word_1_303' title='bbox 1057 3047 1359 3130; x_wconf 88' lang='lat' dir='ltr'>quoniam</span> <span class='ocrx_word' id='word_1_304' title='bbox 1396 3045 1850 3109; x_wconf 86' lang='lat' dir='ltr'>rebellantibus</span> <span class='ocrx_word' id='word_1_305' title='bbox 1873 3047 2244 3125; x_wconf 80' lang='lat' dir='ltr'>sichimitis,</span> <span class='ocrx_word' id='word_1_306' title='bbox 2269 3051 2406 3132; x_wconf 91' lang='lat' dir='ltr'>ipse</span> <span class='ocrx_word' id='word_1_307' title='bbox 2438 3044 2482 3106; x_wconf 91' lang='lat' dir='ltr'>C</span> <span class='ocrx_word' id='word_1_308' title='bbox 2522 3056 2684 3116; x_wconf 75' lang='lat' dir='ltr'>tum,</span> <span class='ocrx_word' id='word_1_309' title='bbox 2715 3055 3030 3128; x_wconf 88' lang='lat' dir='ltr'>quatenus</span> <span class='ocrx_word' id='word_1_310' title='bbox 3060 3065 3203 3108; x_wconf 92' lang='lat' dir='ltr'>eum</span> <span class='ocrx_word' id='word_1_311' title='bbox 3240 3045 3584 3128; x_wconf 90' lang='lat' dir='ltr'>improvise</span> <span class='ocrx_word' id='word_1_312' title='bbox 3614 3048 4002 3128; x_wconf 89' lang='lat' dir='ltr'>occiderent,</span> 
     </span>
    </p>
   </div>
   <div class='ocr_carea' id='block_1_10' title="bbox 917 3146 2408 4212">
    <p class='ocr_par' dir='ltr' id='par_1_10' title="bbox 918 3146 2408 3620">
     <span class='ocr_line' id='line_1_50' title="bbox 919 3146 2406 3226; baseline 0.002 -17"><span class='ocrx_word' id='word_1_313' title='bbox 919 3148 1285 3211; x_wconf 88' lang='lat' dir='ltr'>Abimelech</span> <span class='ocrx_word' id='word_1_314' title='bbox 1317 3146 1549 3209; x_wconf 90' lang='lat' dir='ltr'>multos</span> <span class='ocrx_word' id='word_1_315' title='bbox 1570 3164 1789 3211; x_wconf 90' lang='lat' dir='ltr'>eorum</span> <span class='ocrx_word' id='word_1_316' title='bbox 1814 3146 1957 3226; x_wconf 85' lang='lat' dir='ltr'>igne</span> <span class='ocrx_word' id='word_1_317' title='bbox 1978 3148 2179 3210; x_wconf 90' lang='lat' dir='ltr'>occidi</span> <span class='ocrx_word' id='word_1_318' title='bbox 2193 3157 2232 3225; x_wconf 92' lang='lat' dir='ltr'>t,</span> <span class='ocrx_word' id='word_1_319' title='bbox 2249 3149 2406 3212; x_wconf 90' lang='lat' dir='ltr'>alios</span> 
     </span>
     <span class='ocr_line' id='line_1_51' title="bbox 918 3244 2408 3329; baseline 0 -20"><span class='ocrx_word' id='word_1_320' title='bbox 918 3246 1153 3327; x_wconf 89' lang='lat' dir='ltr'>gladio,</span> <span class='ocrx_word' id='word_1_321' title='bbox 1184 3246 1603 3328; x_wconf 87' lang='lat' dir='ltr'>protinusque</span> <span class='ocrx_word' id='word_1_322' title='bbox 1636 3244 1760 3307; x_wconf 82' lang='lat' dir='ltr'>suit</span> <span class='ocrx_word' id='word_1_323' title='bbox 1800 3255 2168 3327; x_wconf 90' lang='lat' dir='ltr'>peremptus</span> <span class='ocrx_word' id='word_1_324' title='bbox 2199 3247 2280 3309; x_wconf 93' lang='lat' dir='ltr'>ab</span> <span class='ocrx_word' id='word_1_325' title='bbox 2313 3248 2408 3329; x_wconf 92' lang='lat' dir='ltr'>ip-</span> 
     </span>
     <span class='ocr_line' id='line_1_52' title="bbox 920 3344 2402 3423; baseline -0.001 -16"><span class='ocrx_word' id='word_1_326' title='bbox 920 3346 1020 3407; x_wconf 87' lang='lat' dir='ltr'>siS.</span> <span class='ocrx_word' id='word_1_327' title='bbox 1065 3348 1214 3413; x_wconf 79' lang='lat' dir='ltr'>Quae</span> <span class='ocrx_word' id='word_1_328' title='bbox 1244 3365 1439 3423; x_wconf 85' lang='lat' dir='ltr'>quum</span> <span class='ocrx_word' id='word_1_329' title='bbox 1478 3345 1771 3414; x_wconf 76' lang='lat' dir='ltr'>dixisset,</span> <span class='ocrx_word' id='word_1_330' title='bbox 1806 3344 1985 3421; x_wconf 69' lang='lat' dir='ltr'>fuqit</span> <span class='ocrx_word' id='word_1_331' title='bbox 2023 3354 2084 3404; x_wconf 90' lang='lat' dir='ltr'>et</span> <span class='ocrx_word' id='word_1_332' title='bbox 2122 3347 2290 3405; x_wconf 85' lang='lat' dir='ltr'>abiit</span> <span class='ocrx_word' id='word_1_333' title='bbox 2331 3348 2402 3406; x_wconf 85' lang='lat' dir='ltr'>in</span> 
     </span>
     <span class='ocr_line' id='line_1_53' title="bbox 918 3442 2398 3522; baseline -0.001 -17"><span class='ocrx_word' id='word_1_334' title='bbox 918 3450 1114 3515; x_wconf 87' lang='lat' dir='ltr'>Bera,</span> <span class='ocrx_word' id='word_1_335' title='bbox 1155 3443 1595 3522; x_wconf 72' lang='lat' dir='ltr'>habitavitque</span> <span class='ocrx_word' id='word_1_336' title='bbox 1632 3442 1727 3501; x_wconf 85' lang='lat' dir='ltr'>ibi</span> <span class='ocrx_word' id='word_1_337' title='bbox 1768 3443 1841 3501; x_wconf 93' lang='lat' dir='ltr'>ob</span> <span class='ocrx_word' id='word_1_338' title='bbox 1874 3452 2110 3503; x_wconf 83' lang='lat' dir='ltr'>metum</span> <span class='ocrx_word' id='word_1_339' title='bbox 2140 3446 2398 3505; x_wconf 80' lang='lat' dir='ltr'>Abime-</span> 
     </span>
     <span class='ocr_line' id='line_1_54' title="bbox 918 3542 1467 3620; baseline -0.005 -17"><span class='ocrx_word' id='word_1_340' title='bbox 918 3544 1051 3604; x_wconf 78' lang='lat' dir='ltr'>lech</span> <span class='ocrx_word' id='word_1_341' title='bbox 1075 3544 1309 3620; x_wconf 81' lang='lat' dir='ltr'>fratris</span> <span class='ocrx_word' id='word_1_342' title='bbox 1338 3542 1467 3601; x_wconf 85' lang='lat' dir='ltr'>sui.</span> 
     </span>
    </p>

    <p class='ocr_par' dir='ltr' id='par_1_11' title="bbox 917 3636 2407 4212">
     <span class='ocr_line' id='line_1_55' title="bbox 1014 3636 2402 3718; baseline 0 -14"><span class='ocrx_word' id='word_1_343' title='bbox 1014 3642 1193 3704; x_wconf 90' lang='lat' dir='ltr'>Circa</span> <span class='ocrx_word' id='word_1_344' title='bbox 1241 3641 1373 3702; x_wconf 83' lang='lat' dir='ltr'>haec</span> <span class='ocrx_word' id='word_1_345' title='bbox 1406 3638 1609 3701; x_wconf 89' lang='lat' dir='ltr'>oritur</span> <span class='ocrx_word' id='word_1_346' title='bbox 1656 3636 1943 3718; x_wconf 84' lang='lat' dir='ltr'>quaestio.</span> <span class='ocrx_word' id='word_1_347' title='bbox 2000 3638 2248 3702; x_wconf 89' lang='lat' dir='ltr'>Dictum</span> <span class='ocrx_word' id='word_1_348' title='bbox 2304 3651 2402 3704; x_wconf 92' lang='lat' dir='ltr'>est</span> 
     </span>
     <span class='ocr_line' id='line_1_56' title="bbox 918 3734 2399 3821; baseline 0 -19"><span class='ocrx_word' id='word_1_349' title='bbox 918 3739 1111 3817; x_wconf 89' lang='lat' dir='ltr'>enim,</span> <span class='ocrx_word' id='word_1_350' title='bbox 1138 3739 1309 3821; x_wconf 91' lang='lat' dir='ltr'>quod</span> <span class='ocrx_word' id='word_1_351' title='bbox 1339 3745 1599 3819; x_wconf 89' lang='lat' dir='ltr'>propter</span> <span class='ocrx_word' id='word_1_352' title='bbox 1628 3743 1957 3817; x_wconf 88' lang='lat' dir='ltr'>peccatum</span> <span class='ocrx_word' id='word_1_353' title='bbox 1988 3734 2300 3801; x_wconf 88' lang='lat' dir='ltr'>Gedeonis</span> <span class='ocrx_word' id='word_1_354' title='bbox 2333 3741 2399 3802; x_wconf 88' lang='lat' dir='ltr'>in</span> 
     </span>
     <span class='ocr_line' id='line_1_57' title="bbox 918 3833 2402 3921; baseline 0.001 -20"><span class='ocrx_word' id='word_1_355' title='bbox 918 3858 1036 3901; x_wconf 91' lang='lat' dir='ltr'>usu</span> <span class='ocrx_word' id='word_1_356' title='bbox 1085 3837 1316 3921; x_wconf 88' lang='lat' dir='ltr'>ephod,</span> <span class='ocrx_word' id='word_1_357' title='bbox 1362 3835 1571 3897; x_wconf 90' lang='lat' dir='ltr'>deleta</span> <span class='ocrx_word' id='word_1_358' title='bbox 1620 3833 1702 3894; x_wconf 89' lang='lat' dir='ltr'>sit</span> <span class='ocrx_word' id='word_1_359' title='bbox 1740 3834 1966 3896; x_wconf 91' lang='lat' dir='ltr'>domus</span> <span class='ocrx_word' id='word_1_360' title='bbox 2006 3835 2147 3915; x_wconf 92' lang='lat' dir='ltr'>ejus</span> <span class='ocrx_word' id='word_1_361' title='bbox 2194 3856 2207 3899; x_wconf 93' lang='lat'><strong>:</strong></span> <span class='ocrx_word' id='word_1_362' title='bbox 2252 3856 2402 3917; x_wconf 86' lang='lat' dir='ltr'>ergo</span> 
     </span>
     <span class='ocr_line' id='line_1_58' title="bbox 917 3930 2407 4015; baseline 0.001 -17"><span class='ocrx_word' id='word_1_363' title='bbox 917 3936 1263 3999; x_wconf 76' lang='lat' dir='ltr'>Sichimitae</span> <span class='ocrx_word' id='word_1_364' title='bbox 1304 3934 1473 4015; x_wconf 88' lang='lat' dir='ltr'>juste</span> <span class='ocrx_word' id='word_1_365' title='bbox 1517 3931 1887 3994; x_wconf 90' lang='lat' dir='ltr'>occiderunt</span> <span class='ocrx_word' id='word_1_366' title='bbox 1928 3930 2099 3995; x_wconf 81' lang='lat' dir='ltr'>filios</span> <span class='ocrx_word' id='word_1_367' title='bbox 2144 3935 2308 4014; x_wconf 87' lang='lat' dir='ltr'>ejus,</span> <span class='ocrx_word' id='word_1_368' title='bbox 2344 3946 2407 3999; x_wconf 86' lang='lat' dir='ltr'>et</span> 
     </span>
     <span class='ocr_line' id='line_1_59' title="bbox 917 4030 2403 4113; baseline -0.002 -16"><span class='ocrx_word' id='word_1_369' title='bbox 917 4043 1097 4097; x_wconf 86' lang='lat' dir='ltr'>erant</span> <span class='ocrx_word' id='word_1_370' title='bbox 1130 4035 1195 4096; x_wconf 89' lang='lat' dir='ltr'>in</span> <span class='ocrx_word' id='word_1_371' title='bbox 1235 4033 1357 4096; x_wconf 89' lang='lat' dir='ltr'>hoc</span> <span class='ocrx_word' id='word_1_372' title='bbox 1407 4031 1903 4092; x_wconf 86' lang='lat' dir='ltr'>instrumentum</span> <span class='ocrx_word' id='word_1_373' title='bbox 1946 4030 2181 4093; x_wconf 82' lang='lat' dir='ltr'>divinae</span> <span class='ocrx_word' id='word_1_374' title='bbox 2220 4033 2403 4113; x_wconf 90' lang='lat' dir='ltr'>justi-</span> 
     </span>
     <span class='ocr_line' id='line_1_60' title="bbox 920 4126 2403 4212; baseline 0 -20"><span class='ocrx_word' id='word_1_375' title='bbox 920 4133 1043 4194; x_wconf 85' lang='lat' dir='ltr'>tiae.</span> <span class='ocrx_word' id='word_1_376' title='bbox 1078 4130 1537 4212; x_wconf 89' lang='lat' dir='ltr'>Respondetur,</span> <span class='ocrx_word' id='word_1_377' title='bbox 1579 4126 1751 4208; x_wconf 90' lang='lat' dir='ltr'>quod</span> <span class='ocrx_word' id='word_1_378' title='bbox 1790 4127 2081 4207; x_wconf 88' lang='lat' dir='ltr'>quamvis</span> <span class='ocrx_word' id='word_1_379' title='bbox 2116 4130 2278 4191; x_wconf 91' lang='lat' dir='ltr'>Deus</span> <span class='ocrx_word' id='word_1_380' title='bbox 2307 4131 2403 4212; x_wconf 90' lang='lat' dir='ltr'>ju-</span> 
     </span>
    </p>
   </div>
   <div class='ocr_carea' id='block_1_11' title="bbox 2515 3144 4008 4212">
    <p class='ocr_par' dir='ltr' id='par_1_12' title="bbox 2516 3144 4008 3719">
     <span class='ocr_line' id='line_1_61' title="bbox 2518 3144 4005 3229; baseline 0.003 -22"><span class='ocrx_word' id='word_1_381' title='bbox 2518 3146 2669 3228; x_wconf 90' lang='lat' dir='ltr'>quia</span> <span class='ocrx_word' id='word_1_382' title='bbox 2707 3154 2770 3207; x_wconf 91' lang='lat' dir='ltr'>et</span> <span class='ocrx_word' id='word_1_383' title='bbox 2815 3144 3081 3207; x_wconf 87' lang='lat' dir='ltr'>insidias</span> <span class='ocrx_word' id='word_1_384' title='bbox 3119 3146 3422 3208; x_wconf 87' lang='lat' dir='ltr'>adversus</span> <span class='ocrx_word' id='word_1_385' title='bbox 3462 3164 3606 3207; x_wconf 91' lang='lat' dir='ltr'>eum</span> <span class='ocrx_word' id='word_1_386' title='bbox 3653 3159 4005 3229; x_wconf 87' lang='lat' dir='ltr'>posuerunt</span> 
     </span>
     <span class='ocr_line' id='line_1_62' title="bbox 2520 3244 4008 3322; baseline 0.001 -16"><span class='ocrx_word' id='word_1_387' title='bbox 2520 3245 2584 3306; x_wconf 88' lang='lat' dir='ltr'>in</span> <span class='ocrx_word' id='word_1_388' title='bbox 2631 3244 2944 3308; x_wconf 86' lang='lat' dir='ltr'>montium</span> <span class='ocrx_word' id='word_1_389' title='bbox 2991 3245 3377 3322; x_wconf 85' lang='lat' dir='ltr'>summitate,</span> <span class='ocrx_word' id='word_1_390' title='bbox 3409 3248 3780 3307; x_wconf 67' lang='lat' dir='ltr'>exercebant</span> <span class='ocrx_word' id='word_1_391' title='bbox 3813 3251 4008 3307; x_wconf 80' lang='lat' dir='ltr'>latro-</span> 
     </span>
     <span class='ocr_line' id='line_1_63' title="bbox 2516 3347 4006 3422; baseline 0.003 -19"><span class='ocrx_word' id='word_1_392' title='bbox 2516 3347 2722 3414; x_wconf 73' lang='lat' dir='ltr'>cinia,</span> <span class='ocrx_word' id='word_1_393' title='bbox 2751 3354 3005 3421; x_wconf 69' lang='lat' dir='ltr'>aqentes</span> <span class='ocrx_word' id='word_1_394' title='bbox 3025 3347 3288 3421; x_wconf 63' lang='lat' dir='ltr'>praedas</span> <span class='ocrx_word' id='word_1_395' title='bbox 3324 3347 3404 3403; x_wconf 86' lang='lat' dir='ltr'>de</span> <span class='ocrx_word' id='word_1_396' title='bbox 3435 3348 4006 3422; x_wconf 79' lang='lat' dir='ltr'>prcetereuntibus,</span> 
     </span>
     <span class='ocr_line' id='line_1_64' title="bbox 2516 3442 3998 3524; baseline 0.001 -19"><span class='ocrx_word' id='word_1_397' title='bbox 2516 3461 2678 3523; x_wconf 87' lang='lat' dir='ltr'>quos</span> <span class='ocrx_word' id='word_1_398' title='bbox 2729 3442 3166 3524; x_wconf 86' lang='lat' dir='ltr'>spoliaverunt</span> <span class='ocrx_word' id='word_1_399' title='bbox 3209 3450 3319 3503; x_wconf 86' lang='lat' dir='ltr'>aut</span> <span class='ocrx_word' id='word_1_400' title='bbox 3367 3442 3556 3504; x_wconf 86' lang='lat' dir='ltr'>etiam</span> <span class='ocrx_word' id='word_1_401' title='bbox 3603 3442 3998 3521; x_wconf 87' lang='lat' dir='ltr'>occiderunt,</span> 
     </span>
     <span class='ocr_line' id='line_1_65' title="bbox 2519 3541 3998 3624; baseline 0.003 -22"><span class='ocrx_word' id='word_1_402' title='bbox 2519 3542 2868 3624; x_wconf 84' lang='lat' dir='ltr'>praesertim</span> <span class='ocrx_word' id='word_1_403' title='bbox 2917 3542 2971 3603; x_wconf 91' lang='lat' dir='ltr'>si</span> <span class='ocrx_word' id='word_1_404' title='bbox 3023 3548 3203 3603; x_wconf 85' lang='lat' dir='ltr'>erant</span> <span class='ocrx_word' id='word_1_405' title='bbox 3251 3541 3329 3603; x_wconf 94' lang='lat' dir='ltr'>de</span> <span class='ocrx_word' id='word_1_406' title='bbox 3375 3548 3554 3623; x_wconf 86' lang='lat' dir='ltr'>parte</span> <span class='ocrx_word' id='word_1_407' title='bbox 3601 3541 3998 3607; x_wconf 87' lang='lat' dir='ltr'>Abimelech.</span> 
     </span>
     <span class='ocr_line' id='line_1_66' title="bbox 2519 3642 3570 3719; baseline -0.002 -15"><span class='ocrx_word' id='word_1_408' title='bbox 2519 3644 3039 3719; x_wconf 79' lang='lat' dir='ltr'>Nuntiat-umque</span> <span class='ocrx_word' id='word_1_409' title='bbox 3067 3649 3157 3700; x_wconf 88' lang='lat' dir='ltr'>est</span> <span class='ocrx_word' id='word_1_410' title='bbox 3187 3642 3570 3702; x_wconf 75' lang='lat' dir='ltr'>Abimelech,</span> 
     </span>
    </p>

    <p class='ocr_par' dir='ltr' id='par_1_13' title="bbox 2515 3741 4004 4212">
     <span class='ocr_line' id='line_1_67' title="bbox 2615 3741 4004 3821; baseline 0.005 -23"><span class='ocrx_word' id='word_1_411' title='bbox 2615 3742 2796 3800; x_wconf 84' lang='lat' dir='ltr'>Venit</span> <span class='ocrx_word' id='word_1_412' title='bbox 2825 3749 3040 3799; x_wconf 89' lang='lat' dir='ltr'>autem</span> <span class='ocrx_word' id='word_1_413' title='bbox 3074 3741 3239 3799; x_wconf 83' lang='lat' dir='ltr'>Gaal</span> <span class='ocrx_word' id='word_1_414' title='bbox 3267 3741 3452 3815; x_wconf 80' lang='lat' dir='ltr'>filius</span> <span class='ocrx_word' id='word_1_415' title='bbox 3483 3741 3648 3801; x_wconf 81' lang='lat' dir='ltr'>obed</span> <span class='ocrx_word' id='word_1_416' title='bbox 3683 3762 3832 3803; x_wconf 84' lang='lat' dir='ltr'>cum</span> <span class='ocrx_word' id='word_1_417' title='bbox 3863 3744 4004 3821; x_wconf 77' lang='lat' dir='ltr'>fra-</span> 
     </span>
     <span class='ocr_line' id='line_1_68' title="bbox 2519 3835 3997 3918; baseline 0.005 -22"><span class='ocrx_word' id='word_1_418' title='bbox 2519 3839 2722 3897; x_wconf 86' lang='lat' dir='ltr'>tribus</span> <span class='ocrx_word' id='word_1_419' title='bbox 2762 3838 2924 3905; x_wconf 87' lang='lat' dir='ltr'>suis,</span> <span class='ocrx_word' id='word_1_420' title='bbox 2951 3846 3011 3896; x_wconf 87' lang='lat' dir='ltr'>et</span> <span class='ocrx_word' id='word_1_421' title='bbox 3059 3836 3388 3903; x_wconf 81' lang='lat' dir='ltr'>transivit,</span> <span class='ocrx_word' id='word_1_422' title='bbox 3421 3835 3484 3897; x_wconf 87' lang='lat' dir='ltr'>id</span> <span class='ocrx_word' id='word_1_423' title='bbox 3529 3845 3624 3899; x_wconf 84' lang='lat' dir='ltr'>est</span> <span class='ocrx_word' id='word_1_424' title='bbox 3673 3838 3997 3918; x_wconf 85' lang='lat' dir='ltr'>ingressus</span> 
     </span>
     <span class='ocr_line' id='line_1_69' title="bbox 2515 3933 3994 4011; baseline 0.004 -15"><span class='ocrx_word' id='word_1_425' title='bbox 2515 3942 2632 4011; x_wconf 89' lang='lat' dir='ltr'>est,</span> <span class='ocrx_word' id='word_1_426' title='bbox 2666 3936 3052 4002; x_wconf 65' lang='lat' dir='ltr'>Sic-leimam,</span> <span class='ocrx_word' id='word_1_427' title='bbox 3085 3933 3330 3995; x_wconf 90' lang='lat' dir='ltr'>scilicet</span> <span class='ocrx_word' id='word_1_428' title='bbox 3373 3934 3764 3999; x_wconf 77' lang='lat' dir='ltr'>territorium</span> <span class='ocrx_word' id='word_1_429' title='bbox 3812 3937 3994 4002; x_wconf 90' lang='lat' dir='ltr'>illud.</span> 
     </span>
     <span class='ocr_line' id='line_1_70' title="bbox 2515 4034 4002 4111; baseline 0.004 -17"><span class='ocrx_word' id='word_1_430' title='bbox 2515 4038 2621 4095; x_wconf 77' lang='lat' dir='ltr'>Ad</span> <span class='ocrx_word' id='word_1_431' title='bbox 2661 4036 2846 4111; x_wconf 80' lang='lat' dir='ltr'>cujus</span> <span class='ocrx_word' id='word_1_432' title='bbox 2883 4037 3233 4093; x_wconf 75' lang='lat' dir='ltr'>adventum</span> <span class='ocrx_word' id='word_1_433' title='bbox 3273 4036 3489 4103; x_wconf 77' lang='lat' dir='ltr'>erecti,</span> <span class='ocrx_word' id='word_1_434' title='bbox 3521 4034 3583 4096; x_wconf 89' lang='lat' dir='ltr'>id</span> <span class='ocrx_word' id='word_1_435' title='bbox 3625 4044 3722 4097; x_wconf 89' lang='lat' dir='ltr'>est</span> <span class='ocrx_word' id='word_1_436' title='bbox 3760 4037 4002 4100; x_wconf 82' lang='lat' dir='ltr'>anima-</span> 
     </span>
     <span class='ocr_line' id='line_1_71' title="bbox 2516 4131 4000 4212; baseline 0.003 -20"><span class='ocrx_word' id='word_1_437' title='bbox 2516 4132 2561 4192; x_wconf 89' lang='lat' dir='ltr'>ti</span> <span class='ocrx_word' id='word_1_438' title='bbox 2603 4141 2666 4195; x_wconf 85' lang='lat' dir='ltr'>et</span> <span class='ocrx_word' id='word_1_439' title='bbox 2707 4131 3006 4206; x_wconf 87' lang='lat' dir='ltr'>roborati,</span> <span class='ocrx_word' id='word_1_440' title='bbox 3041 4134 3427 4191; x_wconf 76' lang='lat' dir='ltr'>habitatores</span> <span class='ocrx_word' id='word_1_441' title='bbox 3455 4135 3738 4204; x_wconf 76' lang='lat' dir='ltr'>Sickem,</span> <span class='ocrx_word' id='word_1_442' title='bbox 3765 4140 4000 4212; x_wconf 64' lang='lat' dir='ltr'>emessa·</span> 
     </span>
    </p>
   </div>
   <div class='ocr_carea' id='block_1_12' title="bbox 919 4224 3996 4313">
    <p class='ocr_par' dir='ltr' id='par_1_14' title="bbox 919 4224 3996 4313">
     <span class='ocr_line' id='line_1_72' title="bbox 919 4224 3996 4313; baseline 0.002 -21"><span class='ocrx_word' id='word_1_443' title='bbox 919 4239 1016 4292; x_wconf 83' lang='lat' dir='ltr'>sto</span> <span class='ocrx_word' id='word_1_444' title='bbox 1056 4228 1299 4311; x_wconf 87' lang='lat' dir='ltr'>judicio</span> <span class='ocrx_word' id='word_1_445' title='bbox 1339 4225 1629 4307; x_wconf 83' lang='lat' dir='ltr'>permisit</span> <span class='ocrx_word' id='word_1_446' title='bbox 1669 4225 1788 4286; x_wconf 88' lang='lat' dir='ltr'>hoc</span> <span class='ocrx_word' id='word_1_447' title='bbox 1831 4224 1998 4303; x_wconf 82' lang='lat' dir='ltr'>sieri,</span> <span class='ocrx_word' id='word_1_448' title='bbox 2050 4227 2396 4293; x_wconf 81' lang='lat' dir='ltr'>Sichimitae</span> <span class='ocrx_word' id='word_1_449' title='bbox 2437 4229 2482 4291; x_wconf 88' lang='lat' dir='ltr'>D</span> <span class='ocrx_word' id='word_1_450' title='bbox 2511 4241 2664 4291; x_wconf 81' lang='lat' dir='ltr'>sunt</span> <span class='ocrx_word' id='word_1_451' title='bbox 2713 4234 2782 4291; x_wconf 85' lang='lat' dir='ltr'>in</span> <span class='ocrx_word' id='word_1_452' title='bbox 2829 4248 3038 4306; x_wconf 71' lang='lat' dir='ltr'>ayt-08,</span> <span class='ocrx_word' id='word_1_453' title='bbox 3085 4238 3402 4290; x_wconf 82' lang='lat' dir='ltr'>vastantes</span> <span class='ocrx_word' id='word_1_454' title='bbox 3455 4232 3696 4301; x_wconf 80' lang='lat' dir='ltr'>vineas,</span> <span class='ocrx_word' id='word_1_455' title='bbox 3724 4251 3868 4313; x_wconf 80' lang='lat' dir='ltr'>quae</span> <span class='ocrx_word' id='word_1_456' title='bbox 3915 4234 3996 4297; x_wconf 80' lang='lat' dir='ltr'>ad</span> 
     </span>
    </p>
   </div>
   <div class='ocr_carea' id='block_1_13' title="bbox 902 4321 2403 5393">
    <p class='ocr_par' dir='ltr' id='par_1_15' title="bbox 902 4321 2403 5393">
     <span class='ocr_line' id='line_1_73' title="bbox 918 4321 2398 4404; baseline 0 -15"><span class='ocrx_word' id='word_1_457' title='bbox 918 4336 1129 4389; x_wconf 87' lang='lat' dir='ltr'>tamen</span> <span class='ocrx_word' id='word_1_458' title='bbox 1170 4344 1246 4387; x_wconf 81' lang='lat' dir='ltr'>ex</span> <span class='ocrx_word' id='word_1_459' title='bbox 1278 4322 1493 4404; x_wconf 90' lang='lat' dir='ltr'>impiis</span> <span class='ocrx_word' id='word_1_460' title='bbox 1534 4321 1743 4383; x_wconf 88' lang='lat' dir='ltr'>causis</span> <span class='ocrx_word' id='word_1_461' title='bbox 1772 4322 1849 4384; x_wconf 91' lang='lat' dir='ltr'>ad</span> <span class='ocrx_word' id='word_1_462' title='bbox 1882 4323 2001 4386; x_wconf 90' lang='lat' dir='ltr'>hoc</span> <span class='ocrx_word' id='word_1_463' title='bbox 2037 4323 2398 4389; x_wconf 81' lang='lat' dir='ltr'>faciendum</span> 
     </span>
     <span class='ocr_line' id='line_1_74' title="bbox 916 4417 2403 4501; baseline -0.001 -14"><span class='ocrx_word' id='word_1_464' title='bbox 916 4433 1065 4487; x_wconf 88' lang='lat' dir='ltr'>sunt</span> <span class='ocrx_word' id='word_1_465' title='bbox 1096 4422 1285 4497; x_wconf 82' lang='lat' dir='ltr'>moti3</span> <span class='ocrx_word' id='word_1_466' title='bbox 1322 4440 1436 4484; x_wconf 91' lang='lat' dir='ltr'>nec</span> <span class='ocrx_word' id='word_1_467' title='bbox 1470 4420 1591 4501; x_wconf 91' lang='lat' dir='ltr'>ipsi</span> <span class='ocrx_word' id='word_1_468' title='bbox 1624 4417 1885 4482; x_wconf 78' lang='lat' dir='ltr'>suerunt</span> <span class='ocrx_word' id='word_1_469' title='bbox 1913 4441 1950 4484; x_wconf 89' lang='lat' dir='ltr'>a</span> <span class='ocrx_word' id='word_1_470' title='bbox 1979 4421 2271 4487; x_wconf 89' lang='lat' dir='ltr'>Gedeone</span> <span class='ocrx_word' id='word_1_471' title='bbox 2304 4425 2403 4487; x_wconf 91' lang='lat' dir='ltr'>in-</span> 
     </span>
     <span class='ocr_line' id='line_1_75' title="bbox 914 4516 2401 4604; baseline 0.001 -19"><span class='ocrx_word' id='word_1_472' title='bbox 914 4522 1148 4604; x_wconf 81' lang='lat' dir='ltr'>juriam</span> <span class='ocrx_word' id='word_1_473' title='bbox 1178 4518 1497 4603; x_wconf 89' lang='lat' dir='ltr'>passi,sed</span> <span class='ocrx_word' id='word_1_474' title='bbox 1522 4516 1835 4580; x_wconf 80' lang='lat' dir='ltr'>beneficia</span> <span class='ocrx_word' id='word_1_475' title='bbox 1867 4520 2065 4582; x_wconf 88' lang='lat' dir='ltr'>multa</span> <span class='ocrx_word' id='word_1_476' title='bbox 2088 4530 2151 4584; x_wconf 89' lang='lat' dir='ltr'>ct</span> <span class='ocrx_word' id='word_1_477' title='bbox 2172 4540 2401 4603; x_wconf 86' lang='lat' dir='ltr'>magna</span> 
     </span>
     <span class='ocr_line' id='line_1_76' title="bbox 915 4615 2313 4696; baseline 0 -13"><span class='ocrx_word' id='word_1_478' title='bbox 915 4620 1144 4696; x_wconf 87' lang='lat' dir='ltr'>sortiti,</span> <span class='ocrx_word' id='word_1_479' title='bbox 1182 4620 1324 4680; x_wconf 91' lang='lat' dir='ltr'>ideo</span> <span class='ocrx_word' id='word_1_480' title='bbox 1355 4615 1767 4695; x_wconf 84' lang='lat' dir='ltr'>ingratissimi</span> <span class='ocrx_word' id='word_1_481' title='bbox 1801 4616 1858 4679; x_wconf 90' lang='lat' dir='ltr'>ei</span> <span class='ocrx_word' id='word_1_482' title='bbox 1890 4616 2109 4682; x_wconf 80' lang='lat' dir='ltr'>effecti</span> <span class='ocrx_word' id='word_1_483' title='bbox 2144 4630 2313 4683; x_wconf 91' lang='lat' dir='ltr'>sunt.</span> 
     </span>
     <span class='ocr_line' id='line_1_77' title="bbox 994 4716 2400 4795; baseline -0.001 -13"><span class='ocrx_word' id='word_1_484' title='bbox 994 4719 1315 4795; x_wconf 71' lang='lat' dir='ltr'>Reqnavit</span> <span class='ocrx_word' id='word_1_485' title='bbox 1346 4718 1566 4795; x_wconf 82' lang='lat' dir='ltr'>itaque</span> <span class='ocrx_word' id='word_1_486' title='bbox 1586 4716 1947 4777; x_wconf 75' lang='lat' dir='ltr'>Abimelecli</span> <span class='ocrx_word' id='word_1_487' title='bbox 1973 4738 2167 4795; x_wconf 80' lang='lat' dir='ltr'>super</span> <span class='ocrx_word' id='word_1_488' title='bbox 2195 4723 2400 4781; x_wconf 86' lang='lat' dir='ltr'>Israel</span> 
     </span>
     <span class='ocr_line' id='line_1_78' title="bbox 917 4813 2400 4894; baseline 0 -15"><span class='ocrx_word' id='word_1_489' title='bbox 917 4821 1119 4879; x_wconf 80' lang='lat' dir='ltr'>tribus</span> <span class='ocrx_word' id='word_1_490' title='bbox 1152 4817 1369 4877; x_wconf 88' lang='lat' dir='ltr'>annis.</span> <span class='ocrx_word' id='word_1_491' title='bbox 1404 4813 1711 4892; x_wconf 85' lang='lat' dir='ltr'>Misitque</span> <span class='ocrx_word' id='word_1_492' title='bbox 1744 4816 2061 4875; x_wconf 82' lang='lat' dir='ltr'>Dominus</span> <span class='ocrx_word' id='word_1_493' title='bbox 2088 4819 2400 4894; x_wconf 81' lang='lat' dir='ltr'>spi-ritum</span> 
     </span>
     <span class='ocr_line' id='line_1_79' title="bbox 902 4914 2398 4995; baseline 0 -18"><span class='ocrx_word' id='word_1_494' title='bbox 902 4920 1259 4995; x_wconf 86' lang='lat' dir='ltr'>pessimum</span> <span class='ocrx_word' id='word_1_495' title='bbox 1304 4916 1472 4973; x_wconf 70' lang='lat' dir='ltr'>inter</span> <span class='ocrx_word' id='word_1_496' title='bbox 1501 4914 1861 4972; x_wconf 74' lang='lat' dir='ltr'>Abimelcch</span> <span class='ocrx_word' id='word_1_497' title='bbox 1908 4923 1967 4973; x_wconf 90' lang='lat' dir='ltr'>et</span> <span class='ocrx_word' id='word_1_498' title='bbox 2007 4916 2398 4977; x_wconf 81' lang='lat' dir='ltr'>habitatores</span> 
     </span>
     <span class='ocr_line' id='line_1_80' title="bbox 910 5009 2398 5089; baseline -0.001 -12"><span class='ocrx_word' id='word_1_499' title='bbox 910 5018 1187 5078; x_wconf 77' lang='lat' dir='ltr'>Sicleem.</span> <span class='ocrx_word' id='word_1_500' title='bbox 1222 5010 1579 5075; x_wconf 90' lang='lat' dir='ltr'>Secundum</span> <span class='ocrx_word' id='word_1_501' title='bbox 1614 5009 2062 5089; x_wconf 86' lang='lat' dir='ltr'>Augustinum,</span> <span class='ocrx_word' id='word_1_502' title='bbox 2099 5012 2269 5075; x_wconf 91' lang='lat' dir='ltr'>istud</span> <span class='ocrx_word' id='word_1_503' title='bbox 2307 5014 2398 5075; x_wconf 92' lang='lat' dir='ltr'>in-</span> 
     </span>
     <span class='ocr_line' id='line_1_81' title="bbox 912 5108 2396 5195; baseline -0.001 -18"><span class='ocrx_word' id='word_1_504' title='bbox 912 5113 1111 5194; x_wconf 85' lang='lat' dir='ltr'>telligi</span> <span class='ocrx_word' id='word_1_505' title='bbox 1144 5118 1352 5195; x_wconf 89' lang='lat' dir='ltr'>potest</span> <span class='ocrx_word' id='word_1_506' title='bbox 1384 5108 1619 5171; x_wconf 80' lang='lat' dir='ltr'>factum</span> <span class='ocrx_word' id='word_1_507' title='bbox 1652 5127 1688 5169; x_wconf 88' lang='lat' dir='ltr'>a</span> <span class='ocrx_word' id='word_1_508' title='bbox 1718 5108 1984 5171; x_wconf 89' lang='lat' dir='ltr'>Domino</span> <span class='ocrx_word' id='word_1_509' title='bbox 2016 5112 2396 5191; x_wconf 88' lang='lat' dir='ltr'>permissive</span> 
     </span>
     <span class='ocr_line' id='line_1_82' title="bbox 908 5206 2394 5295; baseline -0.005 -20"><span class='ocrx_word' id='word_1_510' title='bbox 908 5222 971 5275; x_wconf 87' lang='lat' dir='ltr'>et</span> <span class='ocrx_word' id='word_1_511' title='bbox 1010 5210 1408 5295; x_wconf 90' lang='lat' dir='ltr'>imperative,</span> <span class='ocrx_word' id='word_1_512' title='bbox 1458 5214 1525 5268; x_wconf 87' lang='lat' dir='ltr'>ut</span> <span class='ocrx_word' id='word_1_513' title='bbox 1576 5206 1658 5267; x_wconf 86' lang='lat' dir='ltr'>sit</span> <span class='ocrx_word' id='word_1_514' title='bbox 1706 5224 1950 5283; x_wconf 90' lang='lat' dir='ltr'>SensuS,</span> <span class='ocrx_word' id='word_1_515' title='bbox 2006 5210 2178 5289; x_wconf 89' lang='lat' dir='ltr'>quod</span> <span class='ocrx_word' id='word_1_516' title='bbox 2237 5211 2394 5274; x_wconf 81' lang='lat' dir='ltr'>Deus</span> 
     </span>
     <span class='ocr_line' id='line_1_83' title="bbox 905 5304 2395 5393; baseline -0.003 -19"><span class='ocrx_word' id='word_1_517' title='bbox 905 5312 1076 5393; x_wconf 85' lang='lat' dir='ltr'>justo</span> <span class='ocrx_word' id='word_1_518' title='bbox 1118 5308 1359 5391; x_wconf 89' lang='lat' dir='ltr'>judicio</span> <span class='ocrx_word' id='word_1_519' title='bbox 1403 5304 1605 5370; x_wconf 91' lang='lat' dir='ltr'>voluit</span> <span class='ocrx_word' id='word_1_520' title='bbox 1653 5312 1717 5367; x_wconf 87' lang='lat' dir='ltr'>et</span> <span class='ocrx_word' id='word_1_521' title='bbox 1766 5305 2055 5387; x_wconf 88' lang='lat' dir='ltr'>permisit</span> <span class='ocrx_word' id='word_1_522' title='bbox 2103 5308 2395 5372; x_wconf 89' lang='lat' dir='ltr'>Sichimi-</span> 
     </span>
    </p>
   </div>
   <div class='ocr_carea' id='block_1_14' title="bbox 2505 4326 3998 5390">
    <p class='ocr_par' dir='ltr' id='par_1_16' title="bbox 2505 4326 3998 5390">
     <span class='ocr_line' id='line_1_84' title="bbox 2512 4326 3998 4411; baseline 0.002 -20"><span class='ocrx_word' id='word_1_523' title='bbox 2512 4328 2880 4391; x_wconf 80' lang='lat' dir='ltr'>Abimelech</span> <span class='ocrx_word' id='word_1_524' title='bbox 2900 4328 3002 4390; x_wconf 84' lang='lat' dir='ltr'>vel</span> <span class='ocrx_word' id='word_1_525' title='bbox 3025 4327 3164 4409; x_wconf 89' lang='lat' dir='ltr'>ejus</span> <span class='ocrx_word' id='word_1_526' title='bbox 3183 4326 3552 4391; x_wconf 85' lang='lat' dir='ltr'>auxiliarios</span> <span class='ocrx_word' id='word_1_527' title='bbox 3573 4330 3998 4411; x_wconf 86' lang='lat' dir='ltr'>pertinebant,</span> 
     </span>
     <span class='ocr_line' id='line_1_85' title="bbox 2511 4425 3995 4506; baseline 0.003 -19"><span class='ocrx_word' id='word_1_528' title='bbox 2511 4448 2794 4506; x_wconf 84' lang='lat' dir='ltr'>uvasque</span> <span class='ocrx_word' id='word_1_529' title='bbox 2843 4425 3172 4488; x_wconf 83' lang='lat' dir='ltr'>vinearum</span> <span class='ocrx_word' id='word_1_530' title='bbox 3231 4425 3486 4487; x_wconf 80' lang='lat' dir='ltr'>illarum</span> <span class='ocrx_word' id='word_1_531' title='bbox 3541 4432 3876 4501; x_wconf 81' lang='lat' dir='ltr'>calcantes,</span> <span class='ocrx_word' id='word_1_532' title='bbox 3929 4431 3995 4492; x_wconf 87' lang='lat' dir='ltr'>in</span> 
     </span>
     <span class='ocr_line' id='line_1_86' title="bbox 2510 4522 3998 4607; baseline 0.003 -21"><span class='ocrx_word' id='word_1_533' title='bbox 2510 4525 3020 4607; x_wconf 88' lang='lat' dir='ltr'>aspernationem</span> <span class='ocrx_word' id='word_1_534' title='bbox 3066 4522 3435 4586; x_wconf 88' lang='lat' dir='ltr'>Abimelech</span> <span class='ocrx_word' id='word_1_535' title='bbox 3466 4546 3480 4599; x_wconf 78' lang='lat'>3</span> <span class='ocrx_word' id='word_1_536' title='bbox 3511 4536 3570 4585; x_wconf 79' lang='lat' dir='ltr'>et</span> <span class='ocrx_word' id='word_1_537' title='bbox 3610 4527 3804 4602; x_wconf 78' lang='lat' dir='ltr'>factis</span> <span class='ocrx_word' id='word_1_538' title='bbox 3851 4548 3998 4590; x_wconf 81' lang='lat' dir='ltr'>ean-</span> 
     </span>
     <span class='ocr_line' id='line_1_87' title="bbox 2513 4622 3998 4700; baseline 0.003 -16"><span class='ocrx_word' id='word_1_539' title='bbox 2513 4627 2794 4685; x_wconf 80' lang='lat' dir='ltr'>tantium</span> <span class='ocrx_word' id='word_1_540' title='bbox 2815 4625 3045 4691; x_wconf 77' lang='lat' dir='ltr'>choris,</span> <span class='ocrx_word' id='word_1_541' title='bbox 3063 4622 3128 4683; x_wconf 91' lang='lat' dir='ltr'>id</span> <span class='ocrx_word' id='word_1_542' title='bbox 3148 4630 3244 4684; x_wconf 82' lang='lat' dir='ltr'>est</span> <span class='ocrx_word' id='word_1_543' title='bbox 3263 4622 3536 4699; x_wconf 83' lang='lat' dir='ltr'>choreis,</span> <span class='ocrx_word' id='word_1_544' title='bbox 3558 4625 3829 4700; x_wconf 68' lang='lat' dir='ltr'>inqressi</span> <span class='ocrx_word' id='word_1_545' title='bbox 3843 4638 3998 4689; x_wconf 85' lang='lat' dir='ltr'>sunt</span> 
     </span>
     <span class='ocr_line' id='line_1_88' title="bbox 2509 4722 3995 4799; baseline 0.003 -18"><span class='ocrx_word' id='word_1_546' title='bbox 2509 4724 2747 4799; x_wconf 82' lang='lat' dir='ltr'>fanum</span> <span class='ocrx_word' id='word_1_547' title='bbox 2785 4723 2893 4781; x_wconf 79' lang='lat' dir='ltr'>clei</span> <span class='ocrx_word' id='word_1_548' title='bbox 2929 4723 3062 4789; x_wconf 78' lang='lat' dir='ltr'>sui,</span> <span class='ocrx_word' id='word_1_549' title='bbox 3093 4730 3151 4780; x_wconf 90' lang='lat' dir='ltr'>et</span> <span class='ocrx_word' id='word_1_550' title='bbox 3195 4722 3363 4780; x_wconf 85' lang='lat' dir='ltr'>inter</span> <span class='ocrx_word' id='word_1_551' title='bbox 3401 4725 3623 4797; x_wconf 81' lang='lat' dir='ltr'>epulas</span> <span class='ocrx_word' id='word_1_552' title='bbox 3663 4732 3722 4781; x_wconf 90' lang='lat' dir='ltr'>et</span> <span class='ocrx_word' id='word_1_553' title='bbox 3759 4729 3995 4799; x_wconf 81' lang='lat' dir='ltr'>pocula</span> 
     </span>
     <span class='ocr_line' id='line_1_89' title="bbox 2511 4819 3996 4887; baseline 0.002 -8"><span class='ocrx_word' id='word_1_554' title='bbox 2511 4821 2974 4879; x_wconf 82' lang='lat' dir='ltr'>maledicebant</span> <span class='ocrx_word' id='word_1_555' title='bbox 3023 4819 3411 4887; x_wconf 80' lang='lat' dir='ltr'>Abimelech,</span> <span class='ocrx_word' id='word_1_556' title='bbox 3461 4822 3779 4880; x_wconf 86' lang='lat' dir='ltr'>clamante</span> <span class='ocrx_word' id='word_1_557' title='bbox 3831 4824 3996 4882; x_wconf 79' lang='lat' dir='ltr'>Gaal</span> 
     </span>
     <span class='ocr_line' id='line_1_90' title="bbox 2507 4916 3992 5001; baseline 0.005 -26"><span class='ocrx_word' id='word_1_558' title='bbox 2507 4920 2647 4995; x_wconf 79' lang='lat' dir='ltr'>filio</span> <span class='ocrx_word' id='word_1_559' title='bbox 2679 4920 2871 4985; x_wconf 82' lang='lat' dir='ltr'>Obed,</span> <span class='ocrx_word' id='word_1_560' title='bbox 2901 4917 3040 4979; x_wconf 91' lang='lat' dir='ltr'>viro</span> <span class='ocrx_word' id='word_1_561' title='bbox 3080 4924 3340 4997; x_wconf 88' lang='lat' dir='ltr'>potente</span> <span class='ocrx_word' id='word_1_562' title='bbox 3379 4923 3443 4977; x_wconf 90' lang='lat' dir='ltr'>et</span> <span class='ocrx_word' id='word_1_563' title='bbox 3485 4916 3846 4994; x_wconf 81' lang='lat' dir='ltr'>ambitioSO‚</span> <span class='ocrx_word' id='word_1_564' title='bbox 3880 4920 3992 5001; x_wconf 90' lang='lat' dir='ltr'>qui</span> 
     </span>
     <span class='ocr_line' id='line_1_91' title="bbox 2507 5013 3994 5099; baseline 0.001 -21"><span class='ocrx_word' id='word_1_565' title='bbox 2507 5014 2823 5097; x_wconf 87' lang='lat' dir='ltr'>cupiebat,</span> <span class='ocrx_word' id='word_1_566' title='bbox 2859 5016 3069 5078; x_wconf 89' lang='lat' dir='ltr'>occiso</span> <span class='ocrx_word' id='word_1_567' title='bbox 3098 5013 3492 5091; x_wconf 90' lang='lat' dir='ltr'>Abimelech,</span> <span class='ocrx_word' id='word_1_568' title='bbox 3517 5016 3858 5097; x_wconf 81' lang='lat' dir='ltr'>praesidere</span> <span class='ocrx_word' id='word_1_569' title='bbox 3887 5037 3994 5099; x_wconf 92' lang='lat' dir='ltr'>po-</span> 
     </span>
     <span class='ocr_line' id='line_1_92' title="bbox 2507 5112 3990 5196; baseline 0.003 -22"><span class='ocrx_word' id='word_1_570' title='bbox 2507 5112 2660 5194; x_wconf 91' lang='lat' dir='ltr'>pulo</span> <span class='ocrx_word' id='word_1_571' title='bbox 2699 5112 2795 5174; x_wconf 87' lang='lat' dir='ltr'>illi</span> <span class='ocrx_word' id='word_1_572' title='bbox 2832 5130 2845 5174; x_wconf 89' lang='lat'>:</span> <span class='ocrx_word' id='word_1_573' title='bbox 2889 5116 3043 5181; x_wconf 85' lang='lat' dir='ltr'>Quis</span> <span class='ocrx_word' id='word_1_574' title='bbox 3085 5122 3175 5173; x_wconf 88' lang='lat' dir='ltr'>est</span> <span class='ocrx_word' id='word_1_575' title='bbox 3218 5114 3338 5173; x_wconf 86' lang='lat' dir='ltr'>iste</span> <span class='ocrx_word' id='word_1_576' title='bbox 3363 5116 3726 5175; x_wconf 78' lang='lat' dir='ltr'>Abimelech</span> <span class='ocrx_word' id='word_1_577' title='bbox 3749 5118 3780 5175; x_wconf 69' lang='grc' dir='ltr'>,ἓ</span> <span class='ocrx_word' id='word_1_578' title='bbox 3807 5116 3990 5196; x_wconf 82' lang='lat' dir='ltr'>quasi</span> 
     </span>
     <span class='ocr_line' id='line_1_93' title="bbox 2505 5211 3992 5295; baseline 0.003 -21"><span class='ocrx_word' id='word_1_579' title='bbox 2505 5211 2870 5288; x_wconf 86' lang='lat' dir='ltr'>dicat,Vilis</span> <span class='ocrx_word' id='word_1_580' title='bbox 2901 5220 2964 5273; x_wconf 87' lang='lat' dir='ltr'>et</span> <span class='ocrx_word' id='word_1_581' title='bbox 2992 5212 3228 5293; x_wconf 89' lang='lat' dir='ltr'>impius</span> <span class='ocrx_word' id='word_1_582' title='bbox 3259 5219 3378 5287; x_wconf 90' lang='lat' dir='ltr'>est,</span> <span class='ocrx_word' id='word_1_583' title='bbox 3411 5219 3474 5273; x_wconf 90' lang='lat' dir='ltr'>et</span> <span class='ocrx_word' id='word_1_584' title='bbox 3505 5211 3689 5274; x_wconf 89' lang='lat' dir='ltr'>nobis</span> <span class='ocrx_word' id='word_1_585' title='bbox 3721 5232 3992 5295; x_wconf 84' lang='lat' dir='ltr'>praeesse</span> 
     </span>
     <span class='ocr_line' id='line_1_94' title="bbox 2505 5311 3992 5390; baseline 0 -17"><span class='ocrx_word' id='word_1_586' title='bbox 2505 5311 2827 5389; x_wconf 75' lang='lat' dir='ltr'>indignus·</span> <span class='ocrx_word' id='word_1_587' title='bbox 2849 5314 2934 5372; x_wconf 88' lang='lat' dir='ltr'>Et</span> <span class='ocrx_word' id='word_1_588' title='bbox 2953 5332 3095 5390; x_wconf 82' lang='lat' dir='ltr'>quoe</span> <span class='ocrx_word' id='word_1_589' title='bbox 3119 5320 3211 5371; x_wconf 90' lang='lat' dir='ltr'>est</span> <span class='ocrx_word' id='word_1_590' title='bbox 3231 5312 3516 5380; x_wconf 70' lang='lat' dir='ltr'>Siclzem,</span> <span class='ocrx_word' id='word_1_591' title='bbox 3534 5320 3606 5371; x_wconf 84' lang='lat' dir='ltr'>ut</span> <span class='ocrx_word' id='word_1_592' title='bbox 3631 5314 3992 5373; x_wconf 82' lang='lat' dir='ltr'>serviamus</span> 
     </span>
    </p>
   </div>
  </div>
 </body>
</html>
