4359 6250
1030 499 1377 545 ENARRATIO
1422 501 1483 545 IN
1525 502 1661 546 CAP.
1709 502 1860 548 XXX!
1903 505 2060 550 LIBRI
2102 506 2271 553 1³thss
2314 509 2536 556 REGUM.
2583 530 2662 540 —-
2704 513 2845 559 ΛΒΤ.
2895 514 2950 559 L!

3405 499 3526 565 419

422 662 765 740 acerbitaS‚
780 670 1011 744 proelii
1040 691 1293 731 versum
1325 673 1511 732 estin
1543 675 1711 733 Saul
1742 694 1763 733 .·
1794 693 1921 737 non
1954 675 2001 738 A
2036 681 2174 737 rael
2203 680 2320 758 qui
2347 691 2534 741 erant
2567 691 2748 744 trans
2780 688 3042 755 vallem,
3070 705 3214 767 quae
3243 695 3377 750 erat
3403 688 3526 751 cir-

422 759 635 822 solum
670 762 735 824 in
767 765 909 845 ejus
940 785 1302 848 personam,
1324 770 1434 832 sed
1467 769 1532 832 in
1568 769 1741 835 filios
1772 791 1925 853 quo-

420 876 551 937 quc
600 859 805 942 ipsius
855 872 919 926 ct
968 883 1185 927 servos
1234 875 1427 948 atquc
1475 869 1855 932 domesticos
1905 887 1918 931 ε

420 956 579 1036 quia
629 961 997 1043 specialiter
1047 983 1263 1026 secum
1315 974 1495 1031 erant
1543 966 1917 1049 culpabileS,

416 1053 694 1118 Jonatha
723 1065 938 1122 tamen
969 1071 1251 1144 excepte,
1269 1063 1381 1144 qui
1408 1066 1701 1145 quamvis
1730 1065 1927 1129 fuerit

417 1153 655 1234 justuS,
692 1157 772 1219 ab
813 1158 1029 1242 impiis
1071 1169 1282 1224 tamen
1326 1163 1530 1226 occidi
1576 1163 1921 1245 permissus

418 1261 517 1314 est
544 1254 613 1334 in
642 1275 903 1319 suorum
931 1259 1377 1340 purgationem
1399 1261 1919 1342 quotidianorum

416 1354 891 1432 peccaminum,
934 1365 999 1419 et
1047 1376 1163 1439 pro
1213 1357 1540 1421 felicitatis
1589 1380 1718 1423 suae
1764 1380 1919 1441 aug-

416 1458 664 1514 mento.
708 1456 797 1514 Et
842 1458 1163 1517 consecuti
1204 1467 1357 1518 sunt
1399 1479 1551 1518 eum·
1594 1458 1740 1521 Saul
1786 1462 1921 1520 viri

410 1551 783 1628 saqittarii,
812 1563 873 1613 et
913 1557 1293 1616 vulneratus
1334 1565 1424 1616 est
1455 1559 1851 1617 vehementer
1877 1579 1919 1618 a

410 1652 807 1726 sagittariis.
839 1653 1157 1731 Dixitque
1187 1656 1357 1714 Saul
1390 1657 1477 1714 ad
1516 1657 1917 1732 armi-aerum

408 1768 611 1809 suum
641 1771 665 1809 .·
694 1768 887 1831 quem
935 1751 1037 1832 (ut
1086 1750 1287 1814 refert
1333 1751 1781 1833 Hieronymus)
1822 1752 1917 1814 di-

2034 792 2109 835 ca
2136 775 2472 840 Jordanem
2514 781 2888 861 campestris
2921 790 2984 845 et
3010 783 3268 863 grandis
3304 801 3318 846 :
3353 785 3522 848 unde

2034 879 2096 932 et
2137 871 2202 932 in
2249 873 2456 954 primo
2498 875 2661 939 libro
2700 877 3225 961 Paralipomenon
3266 881 3516 961 legitur,

2032 967 2233 1041 Quum
2267 971 2579 1035 vidissent
2617 974 2742 1036 filii
2785 975 2972 1040 Israel
3005 978 3116 1059 qui
3148 978 3523 1046 habitabant
3552 995 3753 1048 lnam,
3775 1000 3815 1043 7.

2034 1066 2100 1129 in
2145 1071 2645 1150 campestribus3
2685 1084 2747 1135 et
2792 1085 2972 1136 trans
3013 1080 3390 1148 Iordanem,
3424 1087 3522 1141 ut-

2031 1174 2179 1247 pote
2227 1168 2429 1230 tribus
2473 1171 2693 1234 Ruben
2737 1180 2800 1236 et
2828 1172 2982 1251 Gad,
3006 1179 3177 1254 quod
3203 1178 3521 1254 fuqissent

2031 1268 2165 1325 viri
2196 1270 2537 1340 Israelitoe,
2559 1281 2620 1331 et
2649 1276 2820 1351 quod
2849 1285 3144 1335 mortuus
3171 1286 3323 1336 essct
3351 1279 3522 1338 Saul

2027 1375 2087 1425 et
2120 1375 2242 1425 tres
2262 1369 2398 1443 filii
2414 1370 2576 1446 ejus,
2601 1372 3004 1450 reliquerunt
3022 1375 3313 1436 civitates
3339 1396 3514 1449 sua-5³,

2026 1473 2085 1521 et
2107 1465 2764 1542 fuyemnt.Quoniam
2801 1476 2968 1532 terra
2987 1489 3206 1533 eorum
3228 1471 3354 1534 fuit
3384 1491 3519 1554 pro-

2026 1560 2332 1642 pinquior
2359 1562 2717 1642 Philistaeis,
2757 1567 2900 1630 ideo
2933 1569 3282 1632 timuerunt
3312 1571 3517 1652 primo

2028 1659 2259 1722 vastari
2300 1661 2380 1722 ab
2421 1661 2600 1744 ipsiS.
2645 1667 3086 1748 Veneruntque
3118 1670 3512 1742 Philistiim,

2024 1767 2083 1817 et
2113 1760 2572 1822 habitaverunt
2603 1764 2718 1824 ibi.

410 1854 571 1908 cunt
598 1847 847 1912 Hebraei
878 1849 1082 1914 fuisse
1112 1851 1283 1932 Doeg
1320 1851 1688 1928 Idumaeum,
1720 1871 1912 1933 quem
1950 1855 1997 1916 B
2104 1860 2308 1918 Facta
2345 1869 2562 1921 autem
2601 1863 2708 1921 die
2747 1867 2982 1932 altera,
3015 1876 3328 1926 venerunt
3357 1869 3513 1929 Plzi-

90 1966 377 2021 lRe9.11‚3.
410 1945 611 2008 etiam
645 1945 861 2010 ferunt
897 1948 1099 2013 fuisse
1130 1951 1373 2013 socium
1406 1950 1575 2028 Saul,
1612 1951 1763 2012 dum
1796 1950 1915 2014 ivit

408 2065 703 2128 quaerere
722 2048 935 2110 asi‘nas
950 2066 965 2110 z
980 2051 1289 2127 Evayina
1302 2052 1607 2127 ,cladi-um
1638 2061 1837 2122 tuum,
1852 2060 1912 2112 et

396 2158 672 2224 percute
698 2169 823 2218 me,
854 2169 933 2208 ne
964 2149 1131 2227 forte
1166 2151 1431 2209 veniant
1467 2151 1911 2210 incircumcisi

410 2249 551 2316 isti,
582 2257 645 2306 et
674 2249 1078 2324 interficiant
1108 2269 1207 2308 me
1234 2256 1437 2310 morte
1465 2249 1903 2329 opprobriosa,

406 2345 761 2405 illudentes
784 2348 954 2407 mihi
981 2355 1317 2428 antequam
1350 2364 1453 2408 me
1485 2345 1909 2410 occidant.Ta-

404 2442 539 2504 lem
568 2451 783 2506 autem
822 2444 1186 2509 illusionem
1228 2442 1742 2526 ignominiosam,
1776 2461 1909 2504 ma-

396 2543 509 2622 gis
544 2542 893 2606 abhorrent
931 2553 1255 2624 magnates
1286 2553 1349 2608 ct
1376 2542 1674 2619 animosi,
1709 2560 1903 2623 quam

402 2643 615 2724 ipsam
648 2652 940 2707 mortem.
976 2643 1077 2706 Sic
1117 2644 1353 2706 etenim
1394 2643 1581 2706 subdi
1622 2641 1903 2705 hostium

400 2742 749 2818 voluntati,
783 2742 1232 2823 gravissimum
1278 2743 1369 2806 eis
1410 2753 1527 2805 cst.
1563 2746 1649 2804 E't
1688 2743 1903 2802 noluit

396 2845 694 2920 armiyer
712 2845 868 2919 ejus.
886 2841 1083 2923 Cujus
1112 2841 1521 2924 subjungitur
1549 2841 1709 2905 ratio
1736 2857 1750 2902 :
1784 2845 1902 2900 Fu-

392 2951 549 3002 erat
582 2945 760 3002 enim
799 2944 1007 3002 nimio
1054 2951 1289 3002 terrore
1323 2944 1735 3018 perterrituS,
1769 2958 1898 3002 non

2025 1956 2284 2026 listiim,
2315 1967 2389 2017 ut
2415 1961 2852 2037 exspoliarent
2882 1964 3268 2040 interfectos·
3293 1965 3379 2025 Et
3409 1967 3512 2026 in-

2024 2065 2336 2116 venerunt
2364 2059 2534 2117 Saul
2572 2067 2632 2117 et
2672 2068 2794 2119 tres
2835 2062 3007 2136 filios
3048 2062 3188 2138 ejus
3216 2063 3509 2139 jacentes

2020 2153 2092 2210 in
2144 2163 2353 2214 monte
2405 2157 2646 2216 Gelboe.
2702 2160 2787 2218 Et
2823 2161 3267 2235 praeciderunt
3315 2172 3508 2238 caput

2018 2254 2208 2322 Saul,
2241 2262 2299 2313 et
2327 2255 2852 2331 exspoliaverunt
2867 2277 3028 2318 ‚eum
3056 2259 3261 2318 armis
3292 2279 3314 2318 .·
3344 2267 3414 2320 ut
3445 2268 3508 2321 et

2018 2357 2270 2412 mortuo
2319 2351 2736 2415 contumelias
2788 2353 3162 2433 irrogarent,
3207 2363 3271 2418 et
3317 2375 3504 2418 suum

2015 2456 2406 2512 ostentarent
2460 2451 2856 2534 triumphum
2895 2476 2910 2527 ;
2958 2463 3018 2514 et
3067 2456 3382 2516 miserunt
3431 2459 3503 2517 in

2017 2556 2256 2608 terram
2299 2550 2810 2612 Philistinorum
2846 2571 2968 2628 per
3008 2555 3357 2614 circuitum
3401 2573 3505 2616 ca-

2014 2653 2129 2725 put
2160 2646 2500 2724 abscisum,
2527 2647 2654 2710 imo
2683 2657 2747 2711 et
2775 2649 2986 2730 capita
3014 2649 3301 2714 filiorum
3335 2653 3496 2732 ejuS,

2013 2752 2083 2805 ut
2111 2745 2399 2825 Magister
2428 2747 2495 2808 in
2525 2746 2808 2809 historiis
2836 2749 3014 2826 dicit,
3041 2760 3113 2812 ut
3141 2753 3502 2814 annuntia-

2011 2853 2193 2904 retur
2233 2845 2303 2904 in
2346 2849 2575 2924 templo
2615 2845 2714 2908 vel
2762 2845 2828 2908 in
2871 2849 3127 2930 templis
3171 2851 3498 2912 idolorum

2008 2945 2169 3002 etin
2202 2944 2488 3020 populis,
2522 2943 2600 3004 ad
2646 2943 2962 3008 idolorum
3007 2945 3313 3010 honorem
3356 2947 3499 3029 qui-

392 3040 614 3102 solum
657 3059 735 3102 ex
779 3039 1287 3102 consideratione
1330 3039 1553 3101 mortis
1600 3038 1722 3100 sibi
1764 3038 1897 3119 jam
1935 3041 1978 3105 C
2010 3040 2128 3102 bus
2162 3047 2396 3103 tantam
2428 3041 2903 3125 adscripserunt
2931 3043 3287 3122 victoriam,
3323 3053 3387 3107 et
3425 3054 3497 3107 ut

392 3139 825 3215 imminentiS,
863 3138 975 3201 sed
1012 3138 1203 3201 etiam
1242 3139 1544 3220 quoniam
1585 3138 1757 3201 Sauli
1800 3157 1899 3199 su-

390 3238 739 3321 pervivere
781 3236 1141 3313 verebatur,
1177 3256 1259 3300 ne
1303 3236 1369 3298 in
1421 3255 1649 3299 manus
1699 3236 1894 3301 David

388 3345 748 3401 corrueret.
792 3337 1073 3416 Itemque
1124 3355 1199 3398 ex
1246 3336 1753 3400 consideratione
1804 3355 1897 3399 re-

384 3437 523 3517 giae
564 3435 894 3517 dignitatis
946 3434 1145 3516 ipsius
1190 3434 1359 3511 Saul,
1395 3434 1777 3497 abhorrebat
1826 3435 1893 3496 in

388 3556 551 3599 eum
582 3537 923 3599 extendere
950 3553 1235 3596 manum.

476 3636 797 3713 Arripuit
831 3636 1045 3713 itaque
1066 3635 1235 3693 Saul
1257 3634 1561 3709 ,atad-ium
1592 3652 1811 3702 suum,
1834 3641 1892 3692 et

386 3735 608 3793 irruit
636 3752 831 3808 super
856 3752 1026 3792 eum.
1046 3730 1122 3791 Et
1150 3737 1222 3791 ut
1252 3729 1317 3789 in
1352 3728 1737 3792 Scholastica
1771 3730 1894 3793 fer-

389 3842 503 3895 tur
535 3831 823 3907 historia,
859 3830 925 3890 in
971 3838 1215 3892 tantum
1254 3827 1574 3891 defecerat
1613 3827 1884 3907 viribuS,

382 3931 574 4014 quod
598 3949 667 3992 se
689 3927 1201 3991 transverberare
1227 3928 1539 4009 nequivit.
1559 3928 1885 4009 Siquidem

384 4051 427 4093 a
460 4027 812 4108 sagittariis
843 4027 969 4089 fuit
995 4026 1272 4106 graviter
1294 4026 1685 4090 vulneratus
1711 4032 1893 4097 Quod

382 4148 603 4207 quum
636 4129 895 4187 vidisset
914 4126 1200 4201 armiyer
1217 4126 1377 4202 ejus,
1404 4127 1699 4187 videlicet
1720 4132 1891 4207 quod

2008 3139 2228 3221 populi
2272 3139 2397 3202 diis
2441 3140 2573 3202 suis
2620 3141 3134 3221 regratiarentur.
3167 3145 3254 3204 Et
3275 3164 3500 3222 posue·

2006 3248 2164 3299 runt
2207 3260 2396 3299 arma
2437 3239 2576 3317 ejus
2623 3243 2694 3301 in
2741 3244 2968 3318 tempto
3000 3243 3305 3302 Astaroth
3338 3263 3362 3307 ,·
3390 3241 3494 3305 cui

2006 3354 2181 3397 arma
2211 3335 2322 3397 illa
2351 3356 2753 3401 consecrasse
2784 3339 3153 3415 creduntur,
3188 3342 3494 3421 quemad-

2004 3436 2263 3497 modum
2293 3435 2490 3499 David
2521 3455 2696 3499 arma
2722 3436 2972 3500 Goliath
3001 3456 3153 3501 vero
3185 3439 3330 3501 Deo.
3350 3442 3493 3501 Cor·
3535 3447 3782 3506 lssewvu.

1998 3552 2122 3609 pus
2148 3553 2295 3592 vero
2323 3535 2463 3610 ejus
2490 3538 2960 3613 suspenderunt
2991 3538 3064 3597 in
3095 3558 3282 3599 muro
3306 3540 3492 3600 Beth·
3519 3516 3589 3557 ⁵4'

2002 3650 2146 3703 san,
2210 3650 2352 3711 qua>
2407 3640 2541 3693 erat
2598 3632 2822 3695 civitas
2878 3633 3360 3698 Philistinorum
3397 3638 3488 3699 .in

2002 3728 2290 3791 confinio
2323 3749 2435 3793 seu
2463 3729 2753 3792 terminis
2781 3732 2994 3795 lsrael.
3017 3732 3174 3796 Hinc
3205 3734 3271 3796 in
3301 3754 3487 3799 muro

2002 3827 2181 3889 urbis
2229 3828 2425 3905 illius,
2459 3828 2641 3909 quasi
2690 3828 2756 3890 in
2803 3839 3149 3912 conspectu
3198 3831 3490 3897 Hebraeo-

2002 3945 2165 4003 rum,
2200 3926 2268 3988 in
2310 3934 2740 4008 contemptum
2791 3927 3100 4010 ipsorum,
3137 3932 3491 4013 suspende—

2002 4034 2151 4087 runt
2178 4044 2410 4107 corpus
2443 4024 2588 4087 Saul
2617 4034 2680 4087 et
2710 4025 2994 4089 filiorum
3027 4046 3287 4091 suorum
3307 4031 3490 4093 cada-

2000 4142 2168 4200 vera,
2182 4132 2254 4185 ut
2282 4122 2382 4188 ins
2387 4142 2454 4185 ra
2482 4122 3242 4189 innuitur.Verumtamen
3262 4126 3487 4191 Glossa

380 4235 695 4287 mortuus
732 4233 886 4284 esset
914 4227 1105 4294 Saul,
1141 4225 1343 4283 irruit
1383 4225 1582 4283 etiam
1623 4227 1755 4301 ipse
1790 4246 1891 4285 su·
1926 4220 1971 4280 D
2000 4241 2192 4304 super
2219 4222 2742 4305 Paralipomenon
2773 4222 2863 4285 ait
2896 4240 2909 4284 ε
2945 4223 3188 4288 Hebraei
3229 4227 3488 4291 tradunt
3519 4248 3779 4299 maman.

371 4346 511 4405 per
524 4324 831 4400 qladium
847 4343 1061 4394 suum,
1086 4331 1145 4381 et
1176 4332 1467 4382 mortuus
1486 4332 1576 4382 est
1605 4343 1751 4384 cum
1780 4344 1848 4383 eo
1866 4345 1889 4384 .·

378 4423 553 4506 quia
588 4424 685 4501 (ut
724 4420 813 4483 ait
843 4418 1091 4499 Glossa)
1124 4419 1329 4482 noluit
1366 4419 1629 4483 subesse
1665 4422 1884 4499 David,

377 4540 589 4604 quem
640 4527 903 4584 noverat
951 4526 1381 4598 regnaturum,
1435 4518 1619 4600 cujus
1668 4520 1887 4599 gloriae

378 4617 743 4695 invidebat,
782 4615 1122 4697 timuitque
1151 4616 1314 4679 male
1350 4617 1601 4679 tractari
1635 4620 1715 4681 ab
1748 4620 1881 4697 illo,

378 4719 563 4782 sieut
591 4716 965 4799 promeruit.
1000 4718 1298 4776 Mortuus
1326 4726 1415 4776 est
1442 4736 1590 4794 erqo
1620 4721 1788 4779 Saul
1828 4730 1887 4780 et

380 4829 523 4879 tres
563 4817 697 4891 filii
734 4815 897 4891 ejus.
930 4812 1085 4875 Nam
1130 4820 1417 4893 quartuS,
1459 4814 1757 4879 videlicet
1804 4817 1887 4879 ls-

376 4913 641 4989 boseth,
678 4910 851 4975 domi
896 4909 1222 4986 remansit,
1263 4910 1415 4991 quia
1458 4930 1577 4975 nec
1625 4912 1885 4978 bellico-

374 5032 499 5077 sus
542 5019 697 5087 erat,
732 5027 942 5090 neque
981 5008 1447 5088 magnanimus
1487 5013 1570 5072 E't
1600 5016 1885 5090 armiyer

372 5114 603 5180 illius,
632 5120 693 5171 ct
722 5110 1018 5169 universi
1049 5094 1185 5167 viri
1212 5110 1352 5186 ejus
1390 5112 1462 5169 in
1501 5112 1610 5169 die
1642 5112 1787 5181 itta,
1820 5111 1881 5174 id

372 5219 483 5275 est
515 5208 733 5272 cuncti
764 5206 1099 5270 domestici
1138 5206 1283 5269 Saul
1330 5226 1545 5270 secum
1586 5217 1742 5272 tunc
1782 5230 1885 5272 ex-

372 5310 709 5383 sistentes,
736 5308 1015 5383 pariter.
1055 5308 1347 5366 Videntes
1376 5316 1591 5369 autem
1623 5309 1759 5367 viri
1787 5311 1881 5369 Is-

2003 4320 2268 4382 Bethsan
2300 4320 2512 4384 vocari
2543 4321 2804 4384 domum
2836 4322 3072 4402 Dagon,
3106 4344 3248 4406 quae
3293 4325 3489 4389 inter-

1998 4428 2284 4499 pretatur
2327 4420 2552 4482 domus
2594 4419 2992 4499 dormientiS,
3029 4420 3250 4503 ibique
3294 4434 3488 4507 caput

1999 4518 2145 4580 Saul
2186 4538 2324 4580 esse
2361 4538 2765 4600 suspensum.
2799 4519 2940 4583 Alia
2971 4530 3068 4583 est
3097 4521 3270 4584 enim
3303 4523 3487 4585 Beth·
3526 4546 3662 4589 ,ιωιω
3679 4560 3776 4596 xv...

1998 4635 2109 4678 san
2144 4615 2210 4678 in
2243 4616 2404 4680 libro
2432 4617 2620 4680 Josue
2657 4627 2720 4680 et
2750 4618 3065 4697 Judicum,
3101 4639 3247 4701 quae
3292 4621 3486 4685 inter·
3513 4610 3656 4721 ‘'gfff''
3669 4608 3780 4713 ³3:5⁸⁴·

1997 4723 2280 4798 pretatur
2299 4716 2520 4778 domus
2547 4716 2926 4779 securitatis.
2942 4717 3143 4799 Caput
3161 4738 3313 4782 vero
3336 4719 3480 4783 Saul

1996 4822 2346 4895 posuerunt
2384 4812 2451 4875 in
2492 4814 2728 4896 templo
2774 4814 3008 4894 Dagon,
3048 4823 3118 4877 ut
3162 4816 3228 4877 in
3274 4817 3482 4898 primo
3511 4838 3775 4891 wau-‚ma

1996 4911 2160 4975 libro
2191 4912 2713 4994 Paralipomenon
2755 4912 3076 4976 scribitur.

2075 5014 2258 5080 Quod
2285 5032 2488 5092 quum
2518 5012 2851 5073 audissent
2879 5014 3266 5074 habitatores
3297 5018 3483 5076 ,labes

1999 5112 2278 5180 Galaad,
2299 5110 2361 5171 id
2384 5117 2484 5172 est
2513 5108 2688 5172 urbis
2717 5108 2810 5171 sic
2841 5109 3182 5174 nominatae
3218 5112 3284 5174 in
3315 5122 3484 5176 terra

1991 5208 2220 5271 Galaad
2261 5217 2435 5271 trans
2473 5208 2832 5286 Iordanem,
2863 5228 3280 5290 qua-cumque
3321 5214 3483 5290 fece-

1992 5318 2145 5369 rant
2176 5308 2548 5371 Phitistiim
2581 5309 2772 5376 Saul,
2801 5319 3228 5371 surreoeerunt
3267 5330 3482 5373 omnes
