4359 6250
127 1873 364 1916 ⁴Venustus

129 1940 184 1978 20
205 1943 252 1980 el
267 1951 368 1993 seq.

161 2658 274 2702 lbid.
289 2674 372 2702 xxv

131 2724 173 2762 7.

1291 503 1637 551 mannum
1679 503 1919 550 m-CAP.
1966 502 2028 548 lv
2066 502 2267 550 tosus.
2313 523 2391 533 —
2434 504 2577 550 ΛΒΤ.
2625 505 2709 550 vll

3460 483 3539 546 25

447 686 584 740 erat
615 676 952 754 exercituS,
979 684 1042 740 et
1072 695 1154 739 ne
1185 676 1540 740 sacerdotes
1571 681 1948 756 cogerentur
1973 672 2025 735 A
2055 693 2248 755 super
2276 674 2477 757 ripam
2512 684 2574 738 et
2619 661 2851 738 terram
2903 676 3133 739 siccam
3186 673 3534 751 venissent,

449 776 644 838 nimis
676 777 786 839 diu
820 785 988 839 stare
1021 775 1086 838 in
1120 774 1320 839 fundo
1361 776 1672 840 Jordanis.
1709 779 1947 844 Quum-

445 897 570 956 que
622 878 1000 938 transissent
1048 896 1281 947 omnes,
1327 884 1555 958 praeter
1605 874 1942 957 portitores

443 994 640 1051 arcae,
694 977 1005 1036 transivit
1050 984 1110 1035 et
1159 995 1313 1035 arca
1362 975 1654 1046 Domini,
1707 971 1770 1035 id
1821 980 1936 1049 est,

445 1081 775 1154 portantes
807 1092 945 1149 eam
985 1073 1275 1136 exierunt
1310 1081 1452 1156 post
1485 1073 1644 1135 alios
1675 1091 1820 1134 cum
1851 1091 1942 1134 ar-

443 1190 517 1232 ca
549 1171 629 1234 de
663 1170 864 1233 fundo
891 1170 1206 1248 Iordanis,
1241 1179 1312 1233 ut
1342 1170 1511 1233 infra
1543 1168 1796 1252 plenius
1847 1188 1940 1232 re-

443 1269 701 1332 citatur.
738 1273 1110 1332 Sacerdotes
1138 1291 1388 1350 quoque
1407 1273 1760 1348 peryebant
1790 1279 1940 1330 ante

437 1373 782 1445 populu-m.
809 1368 961 1430 Nam
997 1376 1333 1450 postquam
1367 1367 1656 1430 exierunt
1687 1367 1765 1428 de
1798 1365 1938 1430 fun-

442 1467 526 1529 do
556 1466 870 1545 Iordanis,
906 1466 1216 1550 populum
1259 1475 1737 1549 praecesserunt,
1773 1465 1940 1529 sicut

441 1573 505 1627 et
534 1574 684 1628 ante
716 1565 1046 1629 introitum
1082 1566 1146 1628 in
1190 1565 1548 1629 Jordanem.
1585 1567 1750 1626 Filii
1790 1585 1939 1644 quo-

441 1683 566 1742 que
594 1667 818 1726 Ruben
854 1675 914 1726 et
950 1667 1119 1735 aad,
1147 1675 1208 1725 et
1239 1666 1528 1725 dimidia
1562 1665 1766 1724 tribus
1799 1666 1937 1724 Μα-

443 1783 649 1834 nasse,
702 1765 948 1824 armati
999 1765 1439 1840 praecedebant
1484 1764 1657 1839 filios
1705 1765 1932 1833 Israel,

441 1970 546 2020 rat
575 1963 670 2020 eis
701 1963 974 2038 Ascyses,
1006 1967 1076 2021 ut
1109 1959 1174 2021 in
1211 1958 1814 2042 Numerisbabetur.
1853 1964 1936 2022 Et

439 2060 886 2137 quadraqinta
923 2069 1370 2136 puynatorum
1415 2060 1630 2119 millia
1659 2079 1774 2136 per
1807 2071 1937 2120 tur-

438 2177 582 2216 mas
608 2167 670 2217 et
697 2177 929 2217 cuneos
961 2159 1338 2218 incedebant
1359 2177 1482 2234 per
1503 2161 1712 2235 plana
1745 2168 1936 2238 atque

437 2258 826 2334 campestria
859 2258 1039 2316 urbis
1067 2257 1341 2317 Jerielzo.
1375 2255 1510 2318 Non
1557 2263 1651 2319 est
1702 2255 1934 2319 intelli-

435 2354 741 2434 gendum,
775 2355 950 2436 quod
983 2352 1106 2416 filii
1141 2355 1362 2416 Ruben
1395 2363 1457 2418 et
1503 2355 1655 2431 Gad‚
1689 2375 1764 2418 ac
1807 2375 1934 2418 me-

435 2454 542 2515 dia
591 2452 797 2516 tribus
840 2452 1122 2514 Manasse
1167 2470 1294 2515 non
1337 2451 1576 2516 fuerint
1617 2453 1740 2516 nisi
1784 2474 1935 2536 qua-

435 2551 732 2632 draginta
779 2550 987 2613 millia
1023 2569 1038 2612 ε
1075 2550 1204 2613 imo
1247 2551 1366 2614 soli
1409 2549 1533 2612 filii
1583 2551 1826 2628 Ruben,
1865 2553 1928 2615 in

375 2675 404 2710 ι,
435 2649 719 2712 secunda
779 2649 1220 2712 numeratione
1277 2657 1460 2712 erant
1515 2651 1933 2731 quadraginta

433 2748 560 2811 tria
603 2747 809 2810 millia
853 2747 1243 2830 septingenti
1289 2748 1569 2828 triginta,
1603 2758 1672 2811 ut
1716 2748 1782 2812 in
1813 2750 1932 2812 Nu-

431 2847 628 2910 meris
680 2846 986 2911 vicesimo
1038 2855 1212 2910 sexto
1258 2847 1550 2911 habetur.
1585 2848 1694 2910 Est
1738 2848 1930 2929 igitur

427 2965 680 3022 sensu3‚
714 2946 886 3027 quod
919 2945 997 3008 de
1027 2947 1313 3008 omnium
1361 2946 1616 3010 illorum
1663 2967 1926 3011 numero

2051 793 2318 835 reversoe
2366 785 2519 836 sunt
2559 796 2744 855 aquae
2788 779 2859 836 in
2912 780 3167 836 alveum
3214 795 3432 844 suum,
3480 783 3538 834 et

2051 876 2341 948 fluebant
2385 876 2553 934 sicut
2592 885 2743 936 ante
2789 885 3271 944 consueverant,
3307 872 3370 934 id
3416 880 3534 949 est,

2049 971 2252 1034 moles
2294 972 2407 1034 illa
2454 992 2760 1054 aquarum
2815 973 3008 1055 coepit
3038 973 3441 1048 descendere,
3476 979 3539 1034 et

2052 1088 2167 1150 per
2202 1068 2474 1132 fundum
2508 1091 2694 1134 suum
2727 1071 2999 1134 naturali
3031 1071 3219 1134 modo
3250 1071 3539 1134 decurre-

2049 1185 2136 1229 re.
2189 1171 2482 1247 Populus
2527 1180 2743 1231 autem
2793 1172 3081 1230 ascendit
3128 1174 3207 1229 de
3250 1172 3537 1230 ,Iordane

2045 1268 2295 1328 decima
2324 1269 2432 1328 die
2465 1271 2699 1330 mensis
2720 1271 2957 1345 primi,
2989 1267 3287 1331 videlicet
3333 1267 3535 1329 Martii

2047 1384 2160 1427 seu
2203 1365 2460 1446 Aprilis,
2496 1367 2608 1448 qui
2659 1376 2754 1428 est
2803 1367 3048 1449 primus
3096 1366 3337 1429 mensis
3384 1367 3535 1429 anni

2043 1464 2212 1546 apud
2243 1465 2555 1542 HebraeOS,
2576 1475 2647 1528 ut
2682 1466 2839 1529 alibi
2870 1465 3123 1548 plenius
3153 1466 3393 1528 dictum
3416 1473 3532 1528 est.

2045 1565 2130 1624 Et
2171 1567 2612 1625 castrametati
2657 1575 2810 1626 sunt
2851 1568 2923 1626 in
2971 1567 3289 1642 Galqalis,
3330 1563 3394 1626 id
3439 1571 3535 1626 est

2044 1661 2112 1722 in
2153 1660 2293 1724 loco
2333 1663 2423 1725 sic
2463 1663 2633 1725 dicto
2670 1680 2683 1725 :
2728 1663 2839 1745 qui
2891 1673 3102 1726 tamen
3156 1663 3347 1745 paulo
3391 1672 3536 1745 post

2047 1761 2132 1824 ita
2173 1770 2434 1825 vocatus
2473 1770 2590 1839 est,
2626 1771 2698 1824 ut
2737 1762 2908 1825 infra
2946 1762 3212 1826 dicetur.
3250 1762 3341 1824 lbi
3382 1780 3534 1844 ergo

371 1889 381 1917 t
441 1859 634 1923 etiam
666 1862 940 1924 Iordane
967 1861 1098 1942 jam
1129 1860 1416 1936 transito,
1440 1863 1608 1921 sieut
1627 1881 1937 1939 proeeepe-
1971 1860 2016 1920 B
2042 1860 2335 1942 proximo
2376 1880 2639 1942 vespere
2681 1861 2963 1924 fixerunt
3004 1861 3273 1924 tentoria
3311 1871 3535 1922 eontra

2042 1961 2419 2020 orientalem
2440 1966 2703 2038 plassam
2733 1963 2913 2022 urbis
2931 1962 3198 2022 Jericho.
3221 1961 3330 2022 Est.
3358 1959 3530 2023 enim

2043 2057 2221 2120 locus
2272 2057 2381 2121 ille
2429 2059 2593 2122 inter
2636 2060 2885 2123 Jericho
2932 2069 2995 2122 et
3035 2060 3393 2136 Jordanem‚
3443 2059 3533 2121 di-

2042 2165 2215 2218 stans
2246 2176 2283 2218 a
2310 2157 2560 2220 Jericho
2592 2177 2703 2239 per
2734 2158 2936 2220 stadia
2968 2160 3209 2233 decem,
3234 2166 3307 2220 ct
3344 2157 3532 2239 quin-

2040 2254 2347 2336 quaginta
2377 2254 2597 2317 stadiis
2623 2275 2658 2317 a
2686 2256 2980 2332 Jordan-2,
3007 2266 3076 2317 ut
3108 2256 3173 2318 in
3197 2255 3532 2320 Scholasti-

2040 2372 2113 2416 ca
2145 2352 2347 2416 fertur
2398 2353 2684 2418 historia.
2718 2354 2782 2416 In
2836 2355 3059 2418 eodem
3105 2373 3360 2437 quoque
3392 2355 3531 2418 loco

2039 2459 2392 2533 posuerunt
2440 2461 2589 2516 tunc
2633 2453 2969 2516 duodecim
3012 2453 3257 2535 lapides
3295 2457 3375 2518 de
3403 2455 3531 2517 Jor-

2039 2548 2203 2610 dane
2242 2546 2547 2611 sublatos

2118 2646 2265 2720 Quae
2288 2655 2641 2728 sequuntur
2664 2647 2728 2708 in
2751 2656 2946 2726 textu,
2963 2648 3335 2730 planissima
3356 2658 3523 2712 sunt.

2037 2745 2104 2807 In
2138 2744 2373 2826 quibus
2405 2745 2590 2808 docet
2622 2765 2737 2809 nos
2771 2746 3115 2828 Scriptura,
3159 2749 3332 2830 quod
3365 2748 3527 2811 Deus

2037 2842 2191 2906 fecit
2219 2842 2539 2906 mirabilia
2571 2844 2681 2906 illa
2712 2845 2778 2906 in
2807 2846 3077 2909 Jordane
3109 2855 3298 2929 atque
3323 2847 3385 2909 in
3408 2868 3533 2911 ma-

2037 2943 2090 3004 ri
2126 2942 2358 3020 Rubro,
2395 2962 2523 3007 non
2554 2943 2759 3006 solum
2803 2953 3063 3027 propter
3106 2944 3280 3009 filios
3311 2947 3522 3024 Israel,

427 3053 521 3108 tot
553 3043 761 3107 millia
793 3052 1219 3127 pugnatorum
1241 3045 1590 3128 pergebant
1619 3066 1733 3130 per
1763 3067 1926 3110 cam-
1954 3042 1998 3105 C
2036 3041 2145 3104 sed
2181 3042 2332 3106 item
2363 3050 2432 3104 ut
2464 3041 2749 3106 universi
2782 3043 3168 3108 habitatores
3212 3055 3393 3109 terrae
3422 3049 3527 3109 ad-

425 3144 669 3226 pcstria
712 3142 964 3207 Jericho
1003 3144 1084 3206 ad
1125 3143 1568 3207 incutiendum
1606 3146 1925 3209 Jerichon-
2035 3142 2283 3206 discant
2344 3141 2755 3206 fortissimam
2818 3164 3075 3207 manum
3129 3146 3403 3225 Domini,
3460 3148 3523 3210 id

424 3242 580 3304 'tinis
613 3260 938 3324 pavorem.
2035 3250 2130 3305 est
2169 3243 2701 3325 omnipotentiam
2736 3244 2870 3322 Dei,
2904 3264 2980 3307 ex
3025 3248 3523 3327 supernaturali-

503 3342 588 3403 In
621 3343 739 3401 illo
769 3342 878 3401 die
909 3344 1360 3418 maqnifleavit
1388 3345 1708 3404 Dominus
1734 3348 1924 3405 Josue
2033 3342 2153 3404 bus
2185 3342 2325 3424 ejus
2356 3342 2723 3421 effectibuS,
2759 3352 2821 3406 et
2852 3343 3117 3407 timeant
3147 3366 3315 3408 eum.

420 3460 642 3500 coram
681 3441 865 3499 omni
899 3441 1129 3510 Israel,
1175 3449 1246 3499 ut
1287 3442 1583 3502 timerent
1618 3463 1768 3503 eum
1803 3446 1921 3504 sie-
2109 3442 2293 3503 Juxta
2313 3441 2710 3524 spiritualem
2735 3443 3379 3528 intelligentiam,per
3400 3448 3519 3512 hoc
3590 3468 3755 3512 Sensus

421 3548 496 3598 ut
523 3538 887 3598 timuerunt
907 3540 1173 3612 Moyse-n
1202 3541 1360 3599 dum
1395 3541 1610 3600 adhue
1643 3543 1920 3603 viveret:
2029 3540 2201 3620 quod
2240 3540 2426 3603 Josue
2476 3549 2617 3622 post
2663 3542 2999 3604 transitum
3039 3544 3326 3607 Jordanis
3363 3564 3521 3627 prae-
3546 3532 3797 3587 ⁸⁹⁵¹'³²¹¹⁸¹⁵⁸·

421 3635 486 3697 id
517 3642 635 3712 cst,
672 3653 790 3717 per
821 3634 1142 3698 mirabilia
1176 3635 1288 3698 illa
1320 3636 1488 3700 facta
1521 3636 1587 3698 in
1622 3638 1913 3717 Jordane,
2029 3637 2201 3719 cepit
2230 3638 2309 3700 dc
2341 3637 2542 3701 fundo
2571 3640 2863 3703 Iordanis
2894 3641 3229 3705 duodecim
3275 3642 3516 3726 lapides

417 3734 598 3814 juxta
639 3732 1238 3814 praenuntiationem
1275 3733 1476 3816 ipsius
1512 3735 1719 3814 Josue,
1753 3737 1917 3800 Deus
2029 3735 2189 3811 tolli,
2228 3744 2291 3798 et
2322 3735 2486 3799 inter
2518 3737 2693 3800 filios
2724 3738 2911 3801 Israel
2953 3740 3267 3817 collocari,
3305 3742 3519 3823 prael’i-

419 3827 574 3891 fecit
606 3828 818 3911 ipsum
851 3829 1038 3892 Josue
1059 3829 1496 3893 honorabilem
1535 3850 1606 3894 ac
1638 3841 1919 3896 metucn·
2025 3835 2395 3914 gurabatur,
2426 3838 2596 3916 quod
2640 3844 2780 3919 post
2812 3838 3197 3921 Baptismum
3246 3840 3517 3904 debeant

415 3928 594 4004 dum,
621 3936 925 4009 tanquam
961 3928 1068 3991 Dei
1099 3928 1374 3991 amicum
1401 3938 1464 3992 et
1493 3948 1744 3993 servum
1777 3932 1915 4013 ejus
2026 3930 2271 4014 praelati
2304 3940 2366 3995 et
2397 3933 2841 4015 praedicatore-s
2874 3935 3051 3999 verbi
3082 3937 3214 4012 Dei,
3242 3938 3516 4020 baptiza-

415 4034 768 4107 potentem,
803 4033 1118 4107 quatenus
1169 4026 1291 4089 filii
1334 4027 1521 4090 Israel
1553 4028 1611 4091 ei
1644 4049 1790 4092 cum
1838 4030 1916 4093 fi·
2023 4031 2105 4093 tis
2147 4050 2505 4114 proponere
2550 4034 2840 4116 exempla
2877 4044 2940 4099 et
2980 4036 3361 4100 documenta
3402 4036 3515 4099 fir-

417 4123 552 4185 liali
602 4123 837 4187 timore
887 4124 1221 4187 obedirent
1274 4145 1288 4189 :
1345 4126 1586 4189 subditi
1639 4148 1913 4210 namque
2023 4130 2312 4193 missima
2354 4132 2690 4196 duodecim
2735 4134 3204 4216 Apostolorum,
3253 4156 3395 4217 quae
3446 4136 3511 4199 in

413 4222 652 4285 debent
685 4222 1081 4304 superiorem
1105 4242 1290 4286 suum
1325 4223 1564 4302 timere,
1591 4226 1793 4307 magis
1831 4236 1912 4289 ta-
1943 4222 1993 4285 D
2020 4228 2230 4292 medio
2261 4229 2683 4293 Ecclesiarum
2729 4241 2876 4293 sunt
2906 4237 3360 4297 conservanda.
3394 4235 3515 4297 Un-

409 4340 559 4383 men
613 4320 926 4401 diligere3
961 4322 1072 4383 sed
1127 4322 1318 4385 timor
1366 4321 1588 4386 filialis
1641 4325 1911 4389 includit
2019 4328 2098 4390 de
2147 4328 2215 4389 in
2265 4328 2525 4391 Actibus
2576 4329 2775 4392 fertur
2824 4332 3293 4413 Apostolorum,
3336 4336 3508 4416 quod

408 4419 1190 4501 dilectionem.Dioeitque
1223 4424 1312 4482 ad
1349 4443 1522 4493 eum,
1539 4432 1690 4504 puta
1709 4425 1787 4486 ad
1815 4425 1911 4487 Jo-
2016 4425 2247 4488 Paulus
2304 4435 2368 4489 et
2423 4427 2737 4491 Barnabas
2797 4429 3148 4493 docuerunt
3194 4431 3507 4496 Ecclesias

408 4536 522 4581 sue
546 4538 562 4581 ε
589 4520 884 4595 Proecipe
909 4522 1344 4581 sacerdotibus
1373 4523 1491 4600 qui
1513 4532 1782 4600 portant
1807 4544 1910 4583 ar·
2017 4526 2304 4605 gentium
2356 4544 2608 4588 servare
2656 4536 2972 4611 praecepta
3021 4537 3084 4592 ct
3136 4530 3505 4595 traditiones
3536 4552 3798 4605 Ace.xv,4t.

404 4638 551 4677 cam
579 4617 848 4693 foederis
867 4618 1161 4688 Domini,
1188 4628 1260 4679 ut
1289 4624 1641 4681 ascendant
1670 4624 1748 4681 de
1771 4626 1909 4683 Jor-
2017 4622 2463 4704 Apostolorum
2516 4632 2579 4687 et
2628 4625 2975 4689 seniorum.
3030 4628 3190 4710 Ipsis
3247 4647 3505 4712 quoque

405 4718 605 4784 dane,
639 4713 705 4776 id
735 4723 854 4791 est,
888 4714 970 4777 de
1001 4714 1142 4778 loco
1174 4729 1300 4797 quo
1331 4726 1524 4795 stant,
1561 4727 1908 4799 sequantur
2017 4722 2352 4785 duodecim
2385 4722 2706 4805 Apostolis
2743 4725 2936 4805 jussit
2973 4726 3281 4804 ChristuS,
3319 4738 3390 4792 ut
3426 4730 3506 4792 de-

406 4811 716 4894 populum
761 4811 893 4891 jam
943 4830 1270 4892 egressum
1322 4833 1525 4896 usque
1573 4816 1652 4878 ad
1702 4817 1905 4899 ripam
2011 4819 2283 4884 Jordane
2318 4819 2613 4883 tollere-nt
2642 4822 2975 4885 duodecim
3008 4823 3274 4907 lapideS,
3297 4826 3502 4904 idest,

404 4928 520 4991 per
560 4928 754 4991 quam
801 4910 984 4992 plebs
1031 4912 1322 4973 ascendit
1356 4930 1371 4974 :
1406 4931 1550 4994 quae
1600 4914 1738 4997 ripa
1783 4914 1907 4978 fuit
2015 4918 2093 4980 de
2143 4918 2325 4981 libris
2375 4920 2711 4984 duodecim
2760 4922 3239 5004 Prophetarum,
3283 4927 3382 4991 vel
3425 4929 3503 4991 de

401 5008 592 5071 altior
622 5008 824 5071 fundo
854 5008 1168 5085 Iordanis,
1195 5009 1432 5074 idcirco
1465 5014 1782 5077 tendendo
1824 5016 1902 5078 ad
2015 5018 2303 5100 quinque
2354 5019 2535 5081 libris
2586 5020 2833 5103 MoysiS,
2884 5030 2947 5084 et
2996 5032 3270 5103 quatuor
3321 5025 3503 5089 libris

399 5128 565 5185 eam,
601 5109 1056 5172 ascendebant.
1094 5113 1429 5191 Quumque
1479 5117 1904 5177 ascendissent
2012 5115 2466 5198 Prophetarum
2506 5118 2843 5199 majorum,
2879 5139 2952 5182 ac
2994 5120 3195 5182 tribus
3228 5122 3504 5188 Salomo-

389 5216 728 5285 portantes
775 5227 995 5268 arcam
1040 5209 1304 5285 foederis
1353 5213 1642 5284 Domini,
1689 5224 1747 5274 et
1789 5217 1905 5274 sie-
2015 5215 2114 5276 nis
2147 5216 2609 5293 voluminibuS,
2644 5218 3005 5299 acciperent
3042 5228 3189 5301 apta
3222 5222 3503 5286 testimo-

397 5326 544 5366 cam
601 5308 880 5366 humum
939 5310 1189 5367 calcare
1235 5310 1588 5385 acepissent,
1652 5310 1713 5372 id
1779 5320 1896 5387 est,
2013 5312 2119 5375 nia
2176 5333 2250 5376 ac
2310 5314 2630 5378 doctrinas
2691 5334 2807 5397 pro
2865 5318 3225 5381 eruditione
3275 5322 3497 5403 populi
