4359 6250
919 472 1038 537 644

1488 487 1836 545 ENARRATlo
1879 488 1940 531 ΙΝ
1985 486 2120 532 ὓΔΡ.
2168 484 2276 530 vul
2312 482 2472 529 LIBRI
2510 483 2710 529 'rt-:mn
2750 483 2974 531 amun.
3018 502 3099 513 ·—·
3140 482 3283 528 Am.
3328 481 3439 527 xm

647 678 893 729 Numam.
919 660 1143 738 braeOS,
1170 670 1241 723 ut
1269 668 1440 741 patet
1471 660 1534 721 in
1566 659 1872 735 Levitico,
1898 666 1962 721 et
1989 657 2154 720 libro
2186 657 2409 718 Nume-
2438 653 2489 715 A
2517 654 2836 731 scribitur,
2862 655 3028 718 sicut
3056 654 3411 717 sacerdotes
3432 659 3871 735 praeceperunt
3890 650 4002 711 Le-

629 744 744 855 }kff‘
763 754 892 855 εἷς
920 777 1158 835 rorum,
1183 760 1422 821 etitem
1454 758 1521 820 in
1543 756 2050 821 Deuteronomio.
2071 755 2191 817 Sed
2212 754 2408 835 objici

633 846 785 927 nmis.
835 846 1148 938 ''potest,
1182 857 1354 937 quod
1398 856 1465 918 in
1517 854 1652 918 fine
1697 854 1855 917 sexti
1900 853 2166 935 capituli
2216 852 2409 933 hujus

645 965 891 1023 uincam.
924 954 1071 1016 libri
1089 955 1220 1036 Jam
1239 955 1479 1017 dictum
1513 962 1647 1017 est:
1674 954 1857 1015 Anno
1887 961 2114 1033 quarto
2145 949 2413 1013 fundata

630 1031 698 1083 ³⁷¹
724 1032 790 1074 ³⁸·
922 1061 1018 1115 est
1058 1054 1284 1116 domus
1311 1052 1587 1129 Domini,
1620 1060 1684 1115 et
1721 1052 1787 1113 in
1829 1070 1997 1114 anno
2049 1049 2407 1125 undecimo,

919 1170 1138 1215 mense
1167 1152 1279 1214 Bul
1307 1152 1475 1233 (ipse
1518 1159 1615 1214 est
1646 1150 1884 1214 mensis
1923 1150 2235 1229 octavus),
2271 1167 2413 1229 per-

919 1247 1088 1313 fecta
1117 1259 1214 1313 est
1253 1251 1479 1313 domus
1525 1251 1591 1311 in
1623 1249 1798 1312 omni
1843 1267 2036 1331 opere
2067 1266 2206 1325 suo,
2240 1255 2304 1309 et
2342 1247 2407 1307 in

917 1348 1235 1412 universis
1267 1349 1672 1411 utensilibus.
1697 1348 1832 1411 Non
1863 1355 2074 1410 autem
2107 1354 2203 1408 est
2235 1345 2411 1407 dedi-

918 1456 1080 1523 cata,
1106 1448 1231 1510 nisi
1254 1448 1432 1529 prius
1463 1446 1767 1530 perfecta.
1793 1447 1928 1510 Non
1959 1464 2109 1525 ergo
2141 1444 2207 1506 in
2239 1463 2411 1507 men-

919 1564 986 1607 se
1017 1546 1310 1627 septimo,
1344 1547 1454 1609 sed
1503 1554 1726 1610 octavo
1759 1543 1927 1608 facta
1959 1552 2106 1606 sunt
2137 1543 2280 1605 ista.
2314 1542 2406 1604 Ad

917 1643 1039 1706 hoc
1070 1644 1137 1705 in
1167 1644 1452 1707 historiis
1482 1644 1822 1726 respondet
1849 1642 2138 1723 Magister
2163 1641 2411 1703 :Potest

2518 754 2693 817 vitis,

2600 858 2737 915 Rea:
2756 864 2973 915 autem
2994 857 3400 923 Salomon,et
3420 854 3629 913 omnis
3652 851 4001 911 multitudo

2516 955 2722 1013 Israel
2738 973 2881 1031 quoe
2911 962 3289 1013 convenerat
3318 954 3405 1012 ad
3427 972 3601 1021 eum,
3616 950 4007 1027 yradieban-

2522 1059 2629 1119 tuf
2648 1070 2795 1111 cum
2816 1053 2929 1111 illo
2950 1060 3099 1112 ante
3129 1070 3377 1120 arcam,
3392 1050 3471 1111 ad
3495 1048 3601 1111 Dei
3624 1057 3690 1111 et
3710 1066 3873 1109 arcae
3902 1046 4007 1107 ho·

2520 1166 2739 1210 norem
2766 1148 3123 1229 :siquidem
3145 1166 3273 1211 non
3294 1148 3499 1211 solum
3530 1154 3792 1229 propter
3822 1162 4005 1207 vene-

2520 1244 2883 1309 rabiliorem
2934 1246 3154 1328 templi
3192 1246 3680 1321 dedicationem,
3704 1244 3817 1307 sed
3860 1244 4005 1304 item

2518 1344 2599 1408 ob
2619 1346 3157 1409 honorabiliorem
3178 1365 3339 1409 arcae
3360 1344 3888 1427 deportationem,
3906 1360 4005 1424 po-

2520 1445 2709 1527 pulus
2742 1446 2768 1507 f
2771 1447 2865 1507 uit
2890 1454 3298 1510 convocatus,
3320 1450 3402 1509 Et
3422 1446 3848 1507 immolabant
3868 1462 4003 1503 oves

2516 1555 2575 1605 ec
2625 1548 2834 1615 boves,
2874 1565 2988 1627 per
3036 1564 3263 1607 manus
3310 1545 3729 1607 sacerdotum.
3782 1541 4003 1616 Quam-

2516 1643 2615 1707 vis
2664 1652 2876 1707 autem
2906 1663 3095 1725 capra
3134 1653 3198 1707 et
3237 1643 3453 1706 hircus
3480 1650 3663 1705 erant
3702 1639 4001 1703 animalia

918 1742 1046 1805 dici
1079 1743 1388 1825 templum
1419 1742 1486 1805 in
1519 1742 1875 1825 Septembri
1905 1742 2409 1817 dedicatum,re-
2519 1742 2931 1805 immolaticia
2978 1743 3157 1824 juxta
3214 1743 3441 1822 legem,
3474 1750 3547 1803 ut
3594 1741 3661 1802 in
3720 1739 3997 1803 Levitico
4048 1758 4236 1801 Lam.

917 1858 996 1920 ge
1025 1842 1439 1919 accelerante,
1463 1850 1526 1904 et
1553 1842 1850 1905 eumdem
1883 1849 2026 1923 post
2057 1838 2279 1921 templi
2302 1839 2408 1900 de·
2443 1838 2490 1899 B
2518 1850 2709 1922 patet,
2745 1840 2937 1903 boves
2968 1849 3030 1903 et
3058 1859 3211 1904 oves
3248 1848 3428 1903 erant
3468 1838 3793 1903 sacrificia
3830 1836 3998 1920 puri-

917 1940 1298 2004 dicationem
1360 1939 1590 2004 fecisse
1649 1939 1950 2002 utensilia
1999 1938 2216 2020 aliqua
2264 1956 2407 2018 quae

917 2038 1180 2101 deerant
1230 2058 1448 2103 mense
1502 2039 1775 2120 septimo
1823 2056 1838 2100 ε
1892 2038 2112 2119 sicque
2167 2046 2408 2098 utrum-

915 2155 1040 2218 que
1069 2144 1166 2199 est
1194 2155 1436 2214 verum,
1461 2136 1632 2218 quod
1666 2136 1910 2200 scilicet
1932 2145 2155 2199 octavo
2188 2152 2408 2197 mense

914 2235 1200 2316 perfecta
1226 2243 1324 2298 est
1351 2235 1578 2298 domus
1611 2235 1677 2298 in
1707 2235 1884 2297 omni
1913 2254 2106 2316 opere
2136 2242 2200 2296 et
2232 2243 2409 2295 uten-

913 2332 1162 2410 silibuS,
1208 2341 1271 2397 et
1321 2342 1532 2395 tamen
1581 2334 1854 2415 septimo
1899 2350 2118 2395 mense
2168 2331 2253 2393 sit
2303 2332 2409 2394 dc-

916 2432 1146 2495 dicata.

1015 2532 1459 2611 Veneruntque
1499 2533 1717 2591 cuncti
1747 2550 1922 2591 senes
1961 2534 2042 2591 de
2079 2532 2307 2601 Israel,
2348 2539 2407 2589 et

920 2632 1211 2690 tulerunt
1245 2632 1595 2689 sacerdotes
1625 2648 1868 2689 arcam.
1894 2628 1958 2690 In
1991 2628 2408 2691 Numerorum

918 2725 1084 2789 libro
1120 2727 1506 2802 continetur,
1539 2726 1708 2808 quod
1744 2727 2046 2789 Dominus
2078 2726 2272 2809 jussit
2314 2745 2411 2787 ar-

916 2842 1054 2886 cam
1077 2824 1314 2905 portari
1345 2822 1628 2885 humeris
1661 2822 2043 2899 Levitarum,
2067 2830 2255 2904 prout
2284 2822 2410 2903 ple-

651 2932 888 2990 ttneqm.
916 2921 1061 2983 nius
1091 2921 1335 2984 dictum
1364 2928 1461 2983 est
1505 2940 1700 3003 supra
1729 2920 1794 2983 in
1826 2921 2225 3003 expositione
2256 2920 2405 2982 libri

623 2736 761 2781 Num.
773 2740 889 2789 νηῷ.

2515 1958 2646 2018 ora,
2672 1950 2736 2003 et
2767 1960 2842 2002 ex
2873 1940 2965 2003 eis
3008 1940 3475 2004 immolationes
3516 1937 3996 2021 principaliores

2515 2037 2777 2115 fiebant,
2803 2048 3021 2121 utpote
3050 2040 3511 2114 holocaustum,
3536 2045 3597 2100 et
3626 2038 3783 2119 juge
3812 2035 3997 2099 sacri-

4024 1826 4093 1869 ιιι,1
4102 1826 4239 1871 tamn,

4022 1888 4097 1926 eie.

4058 2054 4157 2097 md.
4170 2070 4192 2097 ι,
4206 2060 4235 2097 ὲ

4022 2132 4073 2158 ιιι.
4102 2121 4133 2163 ί,
4158 2123 4187 2159 6.
4208 2122 4233 2161 ῖς

2515 2137 2761 2214 ficium,
2782 2146 2846 2200 et
2874 2157 3077 2218 agnus
3097 2136 3431 2219 paschaliS.
3454 2139 3705 2216 Absque
3730 2137 3997 2198 oestima-
4020 2180 4234 2226 &mm

2516 2239 2685 2297 tione
2701 2248 2761 2298 ec
2792 2257 3056 2298 numero
3077 2255 3100 2298 .·
3121 2238 3293 2317 quod
3323 2235 3729 2317 hyperbolice
3758 2234 3995 2297 dictum

2512 2343 2629 2411 est,
2653 2336 2731 2397 ad
2754 2334 3209 2397 insinuandum
3231 2353 3523 2415 magnam
3544 2333 3729 2398 valde
3748 2332 3993 2415 copiam

2512 2434 2886 2497 animalium
2916 2434 3299 2497 oblatorum.

2593 2535 2679 2594 Et
2712 2536 3076 2595 intulerunt
3112 2536 3461 2594 sacerdotes
3488 2553 3711 2593 arcam
3738 2533 3997 2609 faederis

2513 2634 2783 2693 Domini
2812 2635 2885 2691 in
2928 2636 3135 2693 locum
3168 2652 3385 2704 suum,
3418 2630 3717 2695 videlicet
3744 2633 3823 2691 in
3858 2650 3997 2689 ora-

2512 2734 2734 2791 culum
2768 2732 3012 2807 templi,
3047 2730 3110 2791 id
3152 2738 3247 2793 cst
3285 2730 3353 2792 in
3390 2730 3735 2793 secundam
3776 2726 3995 2790 interi-

2514 2842 2686 2887 orem
2726 2832 2790 2886 et
2828 2824 3205 2887 sanctiorem
3256 2824 3478 2905 templi
3516 2832 3789 2905 partem.
3822 2822 3993 2885 Unde

2514 2921 2924 3004 subjungitur
2944 2939 2958 2983 :
2978 2924 3051 2982 in
3073 2926 3390 2985 Sanctum
3415 2932 3789 2983 sanctorum
3804 2943 3827 2981 .·
3848 2919 3997 3001 quia

916 3019 1200 3083 secundi.
1236 3019 1414 3082 Unde
1457 3028 1520 3082 et
1569 3020 1848 3082 secundo
1877 3019 2403 3101 Paralipomenon
2437 3022 2483 3088 C
2514 3020 2606 3083 sic
2634 3020 2978 3083 vocabatur
3017 3039 3162 3102 pars
3193 3020 3326 3097 illa,
3363 3020 3669 3101 quoniam
3708 3027 3889 3082 erant
3928 3018 3994 3079 in

625 3132 659 3176 ιι
677 3133 886 3184 Parsa.
916 3118 1348 3201 conscriptum
1391 3127 1488 3182 est
1519 3137 1532 3180 :
1566 3118 1982 3183 Portaverunt
2025 3118 2259 3182 Levitae
2308 3137 2405 3180 ar-

914 3237 1078 3281 cam.
1111 3216 1436 3291 Quomodo
1465 3235 1614 3298 ergo
1645 3237 1816 3279 nunc
1849 3217 2071 3294 fertur,
2105 3217 2277 3300 quod
2310 3237 2405 3279 sa—

915 3316 1200 3380 cerdotes
1249 3335 1390 3379 eam
1437 3315 1875 3398 portaverint?
1912 3316 2006 3378 Ad
2055 3317 2225 3398 quod
2274 3315 2403 3378 dici

915 3421 1142 3498 potest,
1177 3415 1348 3497 quod
1379 3415 1736 3478 sacerdotes
1766 3415 2136 3478 direxerunt
2155 3414 2404 3478 Levitas

916 3513 984 3575 in
1012 3532 1177 3577 arcae
1196 3513 1577 3596 portatione,
1603 3513 2114 3595 adstiteruntque
2135 3514 2263 3588 eis;
2292 3533 2403 3576 seu

916 3621 1176 3694 propter
1215 3611 1634 3676 reverentiam
1679 3611 2073 3694 ampliorem,
2106 3611 2408 3675 exhibue-

917 3719 1068 3773 runt
1087 3710 1256 3774 circa
1276 3710 1777 3792 deportationem
1799 3710 2193 3792 obsequium.
2207 3709 2409 3784 Quan-

918 3809 1129 3890 doque
1171 3809 1362 3872 etiam
1403 3809 1759 3873 sacerdotes
1798 3828 2010 3872 arcam
2041 3809 2403 3891 portabant,

641 3922 776 3966 ame
789 3926 891 3974 m‚³;
921 3908 1086 3971 sicut
1114 3909 1181 3971 in
1213 3906 1484 3970 transitu
1514 3926 1626 3988 per
1644 3907 1999 3984 Jordanem,
2023 3917 2086 3970 et
2119 3907 2184 3969 in
2212 3909 2409 3971 circu-

626 3999 683 4038 ”“’
705 3989 746 4028 ⁶·
921 4006 1015 4068 itu
1032 4007 1302 4084 Jericho,
1326 4014 1514 4088 prout
1539 4005 1606 4067 in
1628 4005 1794 4068 libro
1811 4007 1998 4068 Josue
2020 4006 2306 4069 habetur.
2326 4011 2409 4068 Et

911 4114 1340 4182 portaverunt
1379 4125 1596 4165 arcam
1629 4106 1899 4166 Domini
1939 4115 1998 4166 ec
2039 4108 2410 4166 tabernacu-

2514 3139 2589 3182 ea
2632 3119 3059 3183 sacratissima
3098 3119 3411 3201 quaedam,
3447 3128 3669 3202 utpote
3708 3139 3875 3196 arca,
3912 3127 3997 3180 ta-

2514 3219 2679 3281 bulae
2730 3219 3110 3296 testamenti,
3145 3219 3323 3300 virga
3353 3219 3582 3296 Aaron,
3617 3238 3783 3281 urna
3810 3237 3996 3281 aurea

2512 3318 2849 3381 continens
2882 3336 3136 3394 manna,
3159 3317 3499 3382 Cherubim
3524 3317 3767 3399 gloriae,
3792 3317 3999 3400 propi-

2515 3416 2859 3494 tiatorium,
2892 3416 2972 3478 de
3017 3435 3149 3498 quo
3198 3417 3622 3499 procedebant
3660 3417 3879 3480 divina
3908 3436 4000 3479 re-

2516 3533 2769 3596 sponsa,
2800 3523 3065 3596 eratque
3094 3515 3274 3578 sedes
3308 3515 3433 3592 Dei,
3458 3515 3570 3596 qui
3604 3515 3671 3577 in
3702 3514 3817 3577 illa
3846 3524 4015 3576 tem--

2516 3611 2605 3694 pli
2628 3621 2805 3694 parte
2826 3612 3187 3694 specialiter
3207 3612 3593 3677 morabatur.
3614 3615 3847 3674 Subter
3864 3617 4001 3674 alas

2520 3713 2882 3772 Cherubim.
2917 3713 3259 3792 Siquidem
3302 3713 3643 3771 Cherubim
3682 3715 4001 3790 evpamie-

2519 3812 2670 3870 banc
2700 3814 2839 3871 alas
2866 3831 3017 3871 suas
3045 3829 3240 3887 super
3267 3812 3473 3870 locu-m
3502 3829 3692 3882 arcoe,
3716 3820 3777 3870 et
3796 3820 4003 3887 prote*

2511 3911 2745 3985 qebanc
2772 3929 3022 3977 arcam,
3048 3918 3108 3968 et
3140 3918 3333 3968 vectes
3360 3911 3631 3985 desuper
3660 3929 3683 3968 .·
3712 3927 3861 3970 nam
3890 3907 4003 3970 alae

2520 4007 2647 4070 illae
2705 4025 2915 4069 arcam
2963 4006 3358 4087 operiebant,
3412 4006 3576 4069 sicut
3621 4007 3689 4069 in
3744 4007 3999 4070 litterali

2520 4105 2936 4186 praecedentis
2966 4105 3233 4186 capituli
3270 4104 3667 4186 expositione
3698 4104 3995 4169 innotuit.

925 4207 1062 4264 lum
1088 4206 1375 4281 foederis,
1414 4203 1480 4265 id
1509 4211 1606 4265 est
1645 4203 2123 4266 tabernaculum
2154 4203 2403 4284 MoysiS,
2440 4207 2489 4268 D
2518 4203 2751 4266 Verum
2783 4202 2882 4264 his
2924 4201 3121 4284 objici
3164 4211 3373 4286 potest
3414 4202 3575 4266 illud
3604 4203 3892 4285 Apostoli
3922 4204 3997 4265 ad

921 4301 1094 4382 quod
1123 4309 1259 4363 erat
1278 4319 1422 4363 cum
1443 4319 1591 4363 arca
1609 4301 1675 4362 in
1700 4299 1964 4382 praefato
1993 4301 2406 4364 tabernaculo

922 4418 960 4461 a
987 4399 1183 4462 David
1215 4406 1598 4462 constructo.
1635 4395 2407 4483 Tabernaculum'quippe

922 4506 1168 4580 poterat
1187 4497 1452 4561 dissolvi
1473 4522 1487 4572 3
1512 4505 1576 4560 et
1603 4498 2008 4576 dissolutum,
2036 4499 2406 4580 portabatur

681 4611 894 4660 Numan,
922 4616 1036 4679 per
1084 4605 1294 4679 partes
1327 4616 1364 4658 a
1412 4596 1568 4658 filiis
1595 4596 1859 4673 Gcrson,
1893 4605 1963 4658 ut
2010 4597 2076 4658 in
2108 4597 2409 4660 Numero-

629 4677 710 4780 ξεῖ
738 4688 794 4724 '⁷'
823 4675 892 4724 ²⁵⁸
923 4714 1064 4758 rum
1108 4695 1272 4757 libro
1313 4693 1566 4775 legitur.
1604 4698 1688 4757 Et
1717 4698 1938 4756 omnia
1976 4717 2124 4756 vasa
2151 4706 2409 4756 sanctu-

919 4795 1080 4863 arii,
1111 4793 1173 4855 id
1205 4801 1302 4856 est
1331 4812 1510 4856 sacra
1537 4812 1686 4856 vasa
1715 4793 1836 4855 sub
1867 4792 2072 4874 Moyse
2124 4793 2311 4870 facta,
2346 4803 2409 4857 et

920 4911 1061 4975 quae
1089 4892 1287 4956 David
1316 4891 1664 4967 addiderat,
1697 4913 1840 4971 quae
1880 4903 2065 4952 erant
2095 4895 2168 4951 in
2206 4896 2409 4954 taber-

921 4994 1153 5052 naculo
1195 4989 1420 5071 Moysis
1459 5009 1571 5051 seu
1621 4989 1818 5052 David
1871 4989 2036 5068 regis
2075 5009 2279 5071 usque
2328 4992 2406 5054 ad

923 5098 1172 5171 tempus
1221 5089 1429 5164 istud3
1461 5099 1520 5149 ec
1548 5090 1838 5165 ferebant
1866 5110 1944 5149 ea
1971 5093 2321 5151 sacerdotes
2348 5101 2409 5152 et

925 5191 1165 5251 Levita»
1192 5208 1215 5248 .·
1245 5188 1399 5270 quia
1441 5188 1519 5249 ad
1553 5187 1722 5250 filios
1762 5187 1954 5250 Caath
1990 5188 2299 5269 pertinuit
2336 5209 2409 5252 ea

641 5247 895 5300 :wasnau
925 5296 1196 5369 portare,
1233 5296 1300 5348 uf
1331 5286 1732 5368 ppaeanegato
1769 5287 2187 5350 Numerorum
2239 5288 2404 5351 libro

629 5324 689 5361 tv,
709 5313 773 5354 ¹⁵.

2518 4301 2809 4364 Hebraeos
2860 4319 2873 4362 :
2922 4301 2989 4362 ln
3037 4300 3236 4384 priori
3285 4301 3695 4364 tabernaculo
3756 4321 4000 4384 semper

2518 4400 2870 4462 introibant
2916 4402 3314 4475 sacerdotes3
3356 4401 3423 4462 in
3466 4402 3748 4464 secundo
3792 4409 3995 4463 autem

2518 4499 2713 4562 semel
2746 4498 2812 4560 in
2834 4516 3003 4561 anno
3024 4497 3198 4561 solus
3218 4497 3529 4580 pontifex.
3564 4499 3629 4560 Si
3658 4515 3809 4576 ergo
3832 4497 3999 4560 solus

2516 4597 2809 4679 pontifex
2858 4597 3119 4660 intravit
3166 4596 3395 4660 Sancta
3436 4605 3999 4677 sanctorum‚quo-

2518 4697 2706 4761 modo
2738 4697 3093 4760 sacerdotes
3132 4695 3285 4758 illuc
3316 4715 3525 4759 arcam
3559 4695 3735 4758 licite
3775 4695 3999 4757 intule-

2519 4799 2710 4857 runt?
2746 4795 2880 4858 Dici
2912 4803 3137 4877 potest,
3181 4795 3353 4876 quod
3382 4793 3557 4857 solus
3586 4793 3875 4875 pontifex
3914 4794 4000 4855 in-

2520 4894 2710 4958 travit
2740 4893 2968 4956 Sancta
2996 4901 3358 4956 sanctorum
3388 4893 3464 4955 ad
3486 4891 3918 4968 offerendum,
3939 4902 3999 4956 et

2517 4993 2638 5056 hoc
2663 4991 3033 5072 regulariter
3061 5001 3345 5074 tempore
3376 4991 3729 5074 praestituto
3756 5015 3772 5066 ς
3806 5011 3998 5054 sacer-

2517 5091 2693 5154 dotes
2726 5108 2875 5152 vero
2918 5090 2997 5152 ad
3028 5089 3484 5154 involvendum
3512 5107 3609 5164 ea,
3640 5097 3707 5151 et
3733 5088 3813 5151 ad
3842 5087 3997 5152 effe-

2519 5189 2808 5264 rendum,
2843 5197 3033 5270 atque
3061 5188 3138 5250 ad
3178 5188 3454 5250 dandum
3500 5187 3789 5251 involuta
3826 5187 3996 5249 Levi-

2517 5287 2620 5364 tis,
2655 5288 2767 5368 qui
2798 5307 2873 5350 ca
2909 5286 3185 5368 propriis
3226 5286 3507 5350 humeris
3544 5295 3993 5369 portaverunt3

4022 2246 4081 2291 ³⁸:
4098 2259 4155 2289 u.
4164 2248 4197 2287 3.

4034 3133 4149 3176 Hebr.
4161 3142 4227 3173 zu.
4271 3102 4272 3109 ἵ

4022 3199 4059 3240 5.

4044 4319 4135 4363 [διὰ
4148 4321 4173 4356 ·3.
4182 4318 4208 4355 ⁹.

4034 5105 4203 5148 ,Vsu-12⁴*

4022 5173 4076 5212 15.
