4359 6250
1183 513 1532 560 mammo
1574 513 1636 559 m
1678 514 1814 561 cAP.
1861 514 1947 559 vu
1985 514 2259 561 summm.
2304 532 2385 543 —
2427 514 2568 559 ΛΒΤ.
2614 512 2725 561 ΧΙῙῙ

389 690 500 745 tur
533 683 734 747 fuisse
763 683 1060 747 minister
1089 684 1231 765 ejus
1270 684 1649 766 praecipuuS,
1683 685 1887 747 audax
1917 684 1966 747 A
1999 684 2337 747 admodum
2374 684 2542 747 servi
2562 684 2903 748 Pharaonis
2935 684 3184 747 somnia
3212 683 3361 746 talia
3382 684 3489 747 ha·
3542 705 3779 756 cenans-

387 791 458 845 et
502 782 730 846 fortior
775 782 1023 845 ceteris,
1062 786 1144 844 Ec
1171 804 1374 863 quum
1402 785 1694 844 audieris
1725 786 1888 863 quid

387 885 752 961 loquantur
771 880 1146 958 Madianitae,
1169 891 1322 943 tunc
1349 884 1889 960 confortabuntur

387 1001 628 1041 manus
668 991 822 1051 tuce,
853 980 918 1042 id
963 989 1061 1043 est
1105 980 1404 1062 potentiae
1449 989 1572 1043 tuae
1614 980 1889 1063 operati-

383 1098 506 1155 vae,
545 1078 675 1141 imo
709 1087 780 1141 tu
821 1079 979 1161 ipse,
1013 1079 1164 1160 quia
1208 1098 1322 1161 per
1367 1089 1610 1161 partem
1656 1080 1886 1141 intelli-

383 1178 563 1256 gitur
597 1186 833 1254 totum3
861 1178 1431 1260 exprimunturque
1459 1198 1708 1256 manua,
1734 1178 1887 1260 quia

385 1285 543 1338 sunt
582 1276 906 1359 praecipua
953 1295 1188 1357 organa
1232 1277 1580 1359 operandi3
1617 1288 1678 1337 et
1714 1298 1887 1337 secu-

383 1376 531 1435 rior
557 1378 648 1435 ad
675 1378 952 1436 hostium
995 1386 1208 1435 castra
1235 1378 1589 1436 descendes

471 1476 811 1534 Descendit
853 1476 1068 1553 itaque
1105 1475 1178 1535 in
1212 1484 1466 1551 partem
1503 1484 1882 1545 castrorum,

381 1573 501 1631 ubi
527 1581 718 1633 erant
737 1582 1141 1632 armatorum
1171 1572 1522 1649 vi92·liae,id
1557 1581 1653 1635 est
1681 1580 1886 1634 custo-

381 1671 500 1733 des
521 1670 812 1752 deputati
843 1671 922 1732 ad
945 1670 1356 1750 vigilandum.
1373 1674 1646 1731 Bladian
1669 1681 1886 1731 autem

379 1780 442 1828 et
463 1772 758 1840 Amalec,
779 1780 839 1829 et
863 1789 1079 1830 omnes
1103 1771 1444 1830 orientales
1465 1772 1723 1849 populi,
1743 1769 1885 1845 fusi

3372 494 3487 558 153

1996 783 2276 847 buerunt
2323 783 2390 845 in
2435 802 2708 847 carcere.
2758 783 2845 845 Ex
2895 782 3181 863 angelica
3228 800 3485 864 quoque

2001 881 2485 958 illuminatione,
2508 881 2894 945 revelatione
2926 880 3379 957 interna,alius
3411 881 3487 942 il-

1999 980 2060 1043 le
2091 980 2405 1043 intellexit
2445 981 2677 1043 somnii
2718 1000 2999 1043 sensum.
3034 980 3485 1061 Hujuscemodi

1999 1080 2237 1151 etenim
2289 1079 2567 1143 visiones
2616 1088 2680 1143 et
2728 1079 3283 1161 interpretationes
3342 1099 3484 1162 spe-

1999 1186 2173 1241 ctant
2204 1179 2283 1240 ad
2314 1179 2481 1241 dona
2509 1178 2727 1259 gratiae
2756 1178 2951 1258 gratis
2991 1178 3151 1241 datae
3178 1196 3191 1240 :
3228 1186 3487 1260 propter

1997 1278 2167 1358 quod
2212 1277 2397 1340 bonis
2438 1285 2501 1339 et
2540 1276 2724 1338 malis
2765 1295 3135 1340 communes
3170 1286 3359 1351 sunt3
3396 1277 3489 1339 in-

1999 1376 2247 1439 terdum
2296 1394 2551 1457 quoque
2600 1375 2787 1437 malis
2845 1376 3214 1439 hominibus
3263 1393 3487 1440 conce-

1997 1474 2236 1535 duntur
2266 1478 2525 1556 propter
2554 1473 2755 1537 bonos
2796 1482 2906 1537 aut
2946 1483 3205 1557 propter
3242 1474 3483 1537 bonum

1996 1590 2354 1635 commune.

2076 1673 2160 1731 Et
2210 1692 2498 1731 reversus
2540 1682 2629 1732 est
2672 1675 2759 1731 ad
2800 1682 3011 1733 eastra
3040 1676 3273 1743 Israel,
3300 1682 3359 1733 et
3386 1675 3484 1733 ait

1997 1770 2296 1831 trecentis
2327 1769 2518 1831 viris:
2540 1772 2835 1847 Sumite,
2860 1773 3134 1832 tradidit
3161 1772 3335 1831 enim
3363 1774 3485 1832 Do-

362 1870 680 1945 jacebant
711 1870 784 1928 in
817 1871 1006 1939 valle,
1045 1878 1115 1929 ut
1155 1872 1548 1929 locustarum
1592 1869 1883 1929 multitu·
1917 1869 1962 1930 B
1995 1870 2217 1929 minus
2259 1871 2331 1927 in
2378 1890 2613 1929 manus
2651 1879 2899 1929 nostras
2937 1880 3149 1930 eastra
3180 1872 3478 1931 Madia-n.

377 1969 747 2039 domamus
765 1978 978 2028 autem
1001 1968 1504 2027 innumerabiles
1523 1977 1698 2026 erant
1716 1968 1884 2027 sieut

377 2086 590 2125 arena
621 2086 766 2145 quoe
805 2067 878 2125 in
921 2067 1135 2125 littore
1179 2066 1382 2125 maris
1411 2066 1607 2143 jacet.
1646 2068 1884 2134 Quum-

377 2184 506 2244 que
531 2166 804 2224 venisset
829 2166 1105 2232 Gedeon,
1127 2182 1330 2223 narra
1341 2165 1428 2224 vit
1457 2164 1701 2243 aliquis
1726 2183 1884 2222 som-

377 2266 578 2325 nium
625 2264 934 2341 proximo
981 2282 1122 2333 suc,
1170 2273 1230 2323 et
1279 2265 1351 2324 in
1401 2266 1574 2324 hunc
1620 2266 1882 2323 modum

378 2365 704 2441 referebat
732 2383 756 2421 .·
795 2363 1148 2422 Videbatur
1185 2363 1354 2423 mihi
1381 2363 1570 2441 quasi
1597 2362 1884 2421 subcine-

375 2462 592 2521 ricius
615 2462 818 2539 panis
844 2480 926 2520 ex
953 2462 1214 2531 hordeO,
1243 2458 1308 2521 id
1340 2468 1436 2522 est
1465 2459 1878 2536 hordeaceuS,

375 2560 582 2633 volvi,
607 2558 730 2621 hoc
761 2566 858 2621 est
889 2557 1156 2634 moveri,
1174 2568 1234 2619 et
1261 2560 1334 2618 in
1364 2568 1576 2619 castra
1607 2559 1882 2619 Madian

373 2660 780 2719 descendere.
801 2661 1138 2737 Quumque
1150 2659 1542 2734 pervenisset
1571 2659 1659 2717 ad
1690 2658 1883 2716 taber-

373 2760 724 2826 naculum,
742 2755 804 2817 id
827 2763 925 2818 est
947 2756 1027 2817 ad
1058 2755 1352 2832 tentoria,
1363 2757 1680 2833 percussit
1709 2756 1882 2815 illud

370 2866 574 2935 atque
601 2857 943 2925 subvertit,
961 2865 1022 2915 et
1053 2865 1239 2915 terrae
1267 2856 1576 2933 funditus
1603 2874 1884 2933 cooequa-

373 2956 502 3023 vit,
535 2952 602 3015 id
647 2961 765 3030 est,
801 2952 1180 3015 exsistentes
1226 2952 1292 3014 in
1338 2951 1430 3015 eis
1476 2951 1730 3015 occidit.
1764 2956 1882 3014 Re-

1992 1966 2325 2030 Probabile
2347 1986 2602 2049 quoquc
2624 1969 2920 2049 est-,quod
2954 1968 3169 2030 retulit
3200 1968 3291 2030 eis
3322 1986 3485 2030 som-

1995 2064 2171 2126 nium
2208 2066 2366 2127 illud
2398 2074 2461 2127 et
2489 2066 2949 2147 expositionem
2972 2066 3484 2148 ejusdem.Divi-

1991 2166 2197 2243 sitque
2220 2174 2417 2225 trecen
2424 2175 2513 2225 tos
2532 2168 2703 2225 viros
2724 2168 2795 2225 in
2820 2175 2942 2225 tres
2954 2175 3185 2242 partes,
3203 2163 3485 2228 faciendo

1993 2280 2070 2325 ex
2099 2262 2191 2325 eis
2225 2270 2351 2325 tres
2385 2271 2623 2325 turmas
2650 2263 2731 2326 ab
2763 2262 3039 2327 invicem
3060 2271 3483 2344 congruenter

1992 2360 2325 2424 distantes,
2360 2364 2447 2423 Et
2490 2364 2669 2423 dedit
2714 2365 2897 2423 tubas
2938 2364 3013 2421 in
3052 2364 3350 2423 manibus
3390 2384 3484 2423 eo-

1993 2481 2168 2530 rum,
2200 2460 2264 2523 id
2298 2468 2396 2523 est
2438 2461 2785 2543 unicuique
2824 2460 2964 2525 viro
3002 2459 3221 2523 tubam
3263 2480 3477 2539 unam,

1994 2562 2377 2639 taqenasque
2408 2580 2643 2620 vacuas
2673 2569 2826 2642 potu
2860 2579 2971 2622 seu
3001 2579 3189 2641 aqua,
3224 2578 3352 2625 non
3392 2569 3485 2623 ta-

1993 2676 2140 2719 men
2191 2657 2450 2740 penitus
2496 2677 2749 2735 vacuaS,
2792 2677 2991 2740 quum
3042 2658 3375 2737 subdatur,
3407 2680 3483 2720 ac

1996 2759 2323 2833 lampades
2349 2759 2421 2817 in
2454 2759 2661 2817 medio
2683 2762 3064 2834 layenarum
3081 2777 3103 2819 .·
3126 2757 3483 2837 intelligen-

1993 2855 2074 2917 do
2124 2874 2239 2936 per
2290 2854 2637 2937 lampadeS,
2696 2855 2937 2919 faculas
2997 2857 3291 2919 ardentes
3339 2874 3481 2936 quae

1992 2960 2172 3015 erant
2204 2952 2295 3014 sic
2328 2952 2592 3016 inclusae
2630 2953 2893 3035 lageniS,
2928 2955 3098 3037 quod
3146 2972 3273 3017 non
3318 2954 3483 3018 luce-

368 3054 644 3130 spondit
696 3054 750 3111 is
797 3054 909 3111 cui
957 3054 1332 3130 loquebatur
1365 3072 1388 3110 .·
1433 3052 1582 3113 Non
1630 3061 1720 3110 est
1767 3052 1882 3110 hoc
1911 3054 1956 3117 G
1992 3050 2147 3114 bant
2177 3051 2579 3128 exteriuS,ne
2611 3052 3023 3116 advenientes
3048 3054 3476 3117 ostenderent.

369 3153 573 3212 aliud
620 3155 758 3213 nisi
799 3154 1069 3229 ,eladius
1124 3154 1458 3221 Gedeonis,
1504 3151 1568 3212 id
1619 3159 1736 3226 est,
1788 3149 1880 3211 nil

369 3248 556 3311 aliud
600 3269 717 3331 per
759 3258 939 3312 tuum
971 3249 1294 3312 somnium
1327 3249 1718 3329 designatur,
1753 3247 1877 3309 nisi

367 3346 620 3409 occisio
669 3346 1027 3409 Madianitis
1077 3345 1434 3426 infligenda
1484 3365 1596 3428 per
1643 3344 1880 3408 Gedeo-

368 3465 552 3510 nem.
607 3449 916 3508 Tradidit
963 3450 1140 3508 enim
1189 3449 1504 3507 Dominus
1553 3448 1624 3506 in
1673 3467 1876 3506 manu

365 3548 518 3623 ejus
547 3548 830 3608 Madian
861 3557 922 3606 et
951 3547 1173 3608 omnia
1203 3554 1413 3606 castra
1452 3546 1612 3621 ejus.
1648 3543 1876 3607 Secun-

369 3647 530 3708 dum
581 3645 952 3726 Josephum‚
1003 3644 1103 3706 vir
1153 3643 1272 3706 iste
1321 3662 1645 3726 exponens
1705 3662 1875 3707 som-

369 3744 582 3820 nium,
615 3743 780 3806 dixit
816 3761 830 3805 :
865 3742 1006 3806 Vile
1047 3751 1144 3806 est
1181 3743 1492 3807 hordeum
1535 3741 1700 3806 inter
1740 3760 1880 3823 gra-

371 3862 481 3920 na,
517 3851 584 3905 et
629 3841 906 3924 populus
947 3841 1136 3904 Israel
1179 3841 1345 3904 inter
1376 3850 1594 3922 gentes
1627 3841 1878 3904 videtur

365 3941 692 4023 abJectuS.
726 3940 935 4021 Atque
978 3940 1046 4001 in
1088 3940 1278 4004 lsrael
1319 3939 1467 4002 vilis
1501 3948 1598 4002 est
1634 3939 1878 4002 familia

365 4040 716 4104 Gedeonis.
752 4040 887 4103 Non
935 4047 1030 4102 est
1074 4040 1196 4102 hoc
1239 4039 1415 4101 aliud
1460 4039 1584 4101 nisi
1625 4038 1876 4120 gladius

367 4140 536 4221 ejus.
575 4139 795 4220 ltaque
839 4139 1225 4202 hordeaceus
1271 4139 1480 4220 paniS,
1515 4137 1627 4218 qui
1666 4147 1762 4200 est
1801 4157 1876 4201 ex

1991 3151 2318 3214 Habebant
2347 3159 2557 3214 autem
2595 3151 2775 3214 tubas
2813 3151 2877 3212 in
2912 3152 3187 3229 dextera,
3224 3152 3480 3232 lagenas

1991 3268 2137 3312 cum
2182 3249 2585 3332 lampadibus
2629 3250 2695 3311 in
2742 3251 3021 3312 sinistra.
3057 3253 3143 3311 Et
3177 3252 3355 3312 dioeit
3393 3257 3482 3312 ad

1989 3369 2089 3408 eos
2111 3366 2134 3409 .·
2167 3352 2349 3417 Quod
2378 3371 2477 3408 me
2504 3350 2713 3427 facere
2759 3351 3075 3418 videritis,
3105 3352 3220 3410 hoc
3256 3351 3474 3427 facite.

1992 3447 2170 3509 Servi
2202 3447 2372 3510 enim
2407 3455 2469 3511 et
2498 3447 2737 3510 milites
2770 3447 3125 3530 principem
3163 3468 3347 3510 suum
3390 3469 3478 3512 se-

1990 3545 2100 3626 qui
2145 3553 2209 3607 et
2246 3544 2305 3608 ei
2350 3565 2417 3608 sc
2455 3546 2876 3622 conformare,
2911 3546 3481 3629 obtemperareque

1989 3643 2245 3706 debent.
2295 3629 2643 3720 Inqrediar
2686 3655 2939 3723 partem
2991 3657 3372 3717 castrorum,
3420 3658 3480 3709 et

1991 3747 2164 3822 quod
2192 3744 2423 3820 fecem,
2453 3746 2811 3805 sectamini.
2845 3748 3113 3814 Quando
3137 3764 3479 3823 personue-

1989 3845 2080 3902 rit
2114 3845 2265 3902 tuba
2296 3845 2367 3902 in
2399 3863 2598 3903 manu
2630 3864 2794 3913 mea,
2815 3864 2917 3902 vos
2945 3864 3192 3922 quoque
3215 3865 3336 3923 per
3352 3847 3479 3904 cir-

1987 3943 2238 4001 cuitum
2266 3952 2623 4002 castrorum
2653 3945 3030 4020 clanqe'te,et
3050 3947 3477 4004 conclamate:

1988 4043 2263 4102 Domino
2292 4051 2351 4101 et
2386 4043 2685 4102 Gedeoni.

2068 4143 2523 4220 Inqressusque
2550 4150 2640 4200 est
2672 4143 2945 4210 Gedeon,
2965 4152 3025 4202 et
3060 4144 3322 4203 trecenti
3344 4145 3479 4203 viri

365 4237 646 4301 materia
690 4256 805 4299 sua
847 4245 911 4300 et
957 4236 1162 4300 forma
1202 4237 1372 4312 vilia,
1407 4235 1764 4300 Gedeonem
1798 4237 1876 4299 si·
1903 4246 1953 4308 D
1989 4241 2060 4298 in
2095 4248 2353 4315 partem
2395 4249 2779 4309 castrorum,
2812 4241 3273 4318 incipientibus
3312 4244 3479 4318 viqi-

363 4336 624 4418 gnavit‚
643 4335 758 4418 qui
791 4336 1194 4417 reputatione
1225 4335 1729 4412 Madianitarum,
1752 4335 1876 4398 fuit

366 4435 624 4498 nullius
648 4434 959 4498 momenti
979 4443 1044 4498 et
1068 4435 1326 4499 natione
1346 4434 1876 4503 decliviS.Quum-

366 4555 498 4614 que
525 4535 817 4593 audisset
843 4536 1092 4593 Gedeon
1121 4535 1448 4593 somnium
1476 4544 1536 4594 et
1567 4536 1876 4610 interpre-

369 4635 688 4694 tationem
717 4632 887 4710 ejus,
915 4633 1216 4692 adoravit
1245 4631 1606 4708 Dominum,
1640 4630 1875 4711 gratias

365 4748 574 4811 agens
603 4730 686 4792 de
718 4739 846 4791 tam
879 4730 1156 4811 gratiosa
1186 4730 1284 4791 sui
1316 4729 1782 4793 confortatione
1812 4738 1876 4793 ct

363 4829 872 4892 assecuratione.
915 4827 1352 4892 consideravit
1400 4828 1659 4910 quippe,
1703 4830 1873 4909 quod

367 4927 698 4990 somnium
736 4925 897 4988 illud
929 4935 991 4988 et
1021 4925 1334 5008 expositio
1359 4926 1500 5008 ejus
1533 4945 1660 4989 non
1693 4935 1876 4990 erant

370 5024 648 5089 fortuita
689 5045 898 5107 neque
942 5025 1182 5102 inania,
1231 5026 1342 5089 sed
1386 5025 1699 5090 divinitus
1749 5026 1876 5087 dis-

369 5133 667 5206 pensata,
717 5123 872 5206 quia
914 5143 1029 5206 per
1069 5124 1421 5204 angelicam
1469 5124 1874 5186 administra-

367 5223 618 5286 tionem
674 5220 842 5284 facta
892 5220 1015 5284 fuit
1061 5222 1342 5286 ostensio
1388 5221 1500 5285 illa
1542 5223 1873 5286 somnialis

368 5341 489 5404 per
531 5319 946 5401 imaginarias
989 5320 1226 5385 formas
1267 5321 1334 5383 in
1375 5339 1622 5400 somno,
1658 5340 1875 5403 quem-

1989 4338 2099 4396 tiis
2137 4339 2340 4397 noetis
2382 4339 2635 4406 medice,
2664 4338 2817 4418 quia
2868 4347 3019 4400 tunc
3066 4338 3295 4402 fortius
3340 4341 3479 4402 dor-

1988 4434 2269 4496 mierunt
2299 4435 2533 4512 hosteS,
2569 4435 2919 4517 praesertim
2952 4437 3103 4518 quia
3144 4437 3234 4499 nil
3278 4439 3479 4522 suspi-

1987 4533 2295 4595 cabantur
2319 4533 2859 4597 adversi.Gedeon
2890 4545 3101 4598 autem
3134 4545 3197 4599 et
3224 4537 3344 4599 viri
3377 4538 3474 4600 sui

1987 4630 2369 4693 introierunt
2400 4649 2513 4712 per
2544 4650 2768 4712 gyrum
2801 4642 3175 4711 castrorum,
3212 4654 3324 4716 per
3356 4636 3477 4699 tria

1988 4730 2146 4805 loca,
2184 4729 2532 4792 secundum
2562 4730 2733 4810 quod
2766 4740 2947 4794 erant
2979 4732 3045 4793 in
3078 4741 3202 4795 tres
3238 4752 3476 4797 cuneos

1986 4829 2287 4911 separati.
2320 4831 2407 4890 Et
2437 4831 2803 4890 custodibus
2832 4830 3310 4912 Madianitarum
3340 4855 3477 4894 sus-

1985 4930 2203 4989 citatis
2240 4945 2315 4989 ex
2349 4927 2774 4990 Israelitarum
2816 4930 3115 5005 adventu,
3148 4943 3477 5010 caeperunt

1986 5028 2273 5087 buccinis
2313 5046 2539 5087 canere
2561 5027 2583 5048 *
2612 5037 2673 5088 et
2714 5030 2883 5088 inter
2910 5049 2975 5088 se
3017 5033 3277 5106 layenas
3311 5052 3477 5092 com-

1978 5130 2264 5203 plodere,
2301 5125 2363 5186 id
2405 5134 2501 5187 est
2537 5134 2958 5206 repercutere.
2997 5132 3333 5208 Quumque
3354 5150 3475 5206 per

1978 5245 2223 5302 yyrum
2272 5234 2631 5285 castrorum
2680 5227 2753 5284 in
2808 5228 3011 5286 tribus
3054 5239 3475 5304 personarent

1987 5325 2162 5394 locis,
2209 5333 2268 5382 et
2314 5323 2611 5400 hydriam
2647 5321 2708 5384 id
2760 5333 2857 5386 est
2908 5322 3188 5404 lagenaS,
3239 5335 3475 5388 terreas

3516 772 3581 814 19.

3532 5055 3549 5074 ''
3562 5053 3772 5109 clanqm
