4359 6250
991 510 1336 556 ENARRA’l'IO
1381 512 1441 555 m
1483 511 1620 555 cAP.
1671 512 1752 555 vu
1795 510 1951 556 unm
1992 512 2190 556 Tssn'rn
2234 512 2456 559 REGUM.
2502 533 2582 543 --
2622 514 2763 561 ΛΒΤ.
2812 514 2875 561 xl
3355 492 3462 555 63]

377 676 657 740 circuitu
707 678 991 761 capitelli
1041 678 1305 741 secundi
1350 678 1565 760 :quod
1616 686 1874 741 vocatur
1906 678 1956 739 Α
1987 676 2093 741 bct
2135 679 2432 761 capitello
2486 680 2686 751 fuisse
2722 684 2997 747 ducenta
3044 683 3477 763 malogranata

377 777 761 853 secundum,
797 784 1086 859 respectu
1131 776 1358 859 capitis
1403 776 1736 851 columnae,
1771 776 1874 839 cui

377 874 862 956 superpositum
912 884 1047 938 erat
1092 892 1105 937 :
1141 875 1313 957 quod
1356 876 1613 956 quidem
1659 885 1870 958 caput,

377 981 648 1036 vocatur
692 974 798 1037 hic
839 974 1307 1056 quodammodo
1348 974 1738 1056 capitellum,
1783 993 1878 1036 re-

379 1080 608 1153 spectu
659 1073 900 1156 stipitis
950 1073 1286 1137 columnae.
1325 1110 1406 1119 --
1452 1074 1682 1136 lterum
1729 1081 1878 1136 ante

378 1170 520 1235 haec
551 1171 778 1235 scribit
812 1190 828 1233 ε
862 1172 1084 1254 Capita
1113 1171 1552 1234 columnarum
1585 1171 1873 1249 istarum,

380 1270 450 1331 in
483 1280 666 1352 parte
691 1270 1008 1353 superiori
1050 1269 1587 1333 dilatabantur-ad
1619 1271 1876 1333 modum

378 1368 570 1431 floris
612 1369 756 1447 lilii,
792 1378 855 1432 et
895 1368 1194 1451 capitella
1241 1367 1640 1451 ponebantur
1688 1389 1878 1451 super

377 1468 670 1550 stipitem
702 1469 886 1550 quasi
919 1469 986 1531 in
1017 1469 1227 1533 medio
1255 1468 1645 1532 dilatationis
1679 1469 1874 1545 illius,

378 1576 447 1630 et
481 1566 753 1631 inferior
782 1588 930 1649 pars
970 1567 1252 1650 capitelli
1293 1568 1627 1649 aptabatur
1673 1568 1876 1649 stipiti

379 1666 505 1743 illi,
531 1676 596 1729 et
628 1675 773 1749 post
793 1667 1071 1748 aliquam
1096 1666 1515 1730 elevationem
1547 1674 1681 1729 erat
1710 1664 1881 1748 quat-

377 1766 528 1828 dam
562 1765 852 1829 dilatatio
886 1766 952 1827 in
985 1765 1260 1829 circuitu
1286 1765 1568 1847 capitelli
1609 1785 1723 1847 per
1751 1784 1880 1829 mo-

1986 777 2314 840 dumtaxat
2342 797 2356 842 :
2384 787 2448 841 et
2475 779 2566 842 sic
2596 798 2710 861 per
2738 782 3045 844 ducentos
3067 780 3323 843 ordines
3354 799 3479 842 ma-

1988 874 2483 955 logranatorum,
2539 877 2957 960 intelligenda
3013 878 3309 943 videntur
3364 880 3481 941 du-

1987 982 2174 1037 centa
2206 976 2640 1057 malogranata
2687 977 3004 1041 linealiter
3034 978 3179 1055 sita,
3227 977 3480 1041 ordina-

1987 1083 2178 1156 teque
2209 1075 2417 1156 posita
2437 1095 2549 1158 per
2568 1076 2849 1159 capitelli
2872 1076 3209 1140 circuitum
3232 1076 3298 1139 in
3321 1076 3479 1139 locis

1987 1172 2259 1237 duobus,
2294 1174 2577 1255 Denique
2609 1174 2676 1236 in
2704 1175 2975 1238 Ieremia
3004 1176 3311 1258 scriptum
3344 1183 3473 1239 cst:

1987 1272 2267 1335 Fuerunt
2296 1273 2727 1353 malogranata
2758 1274 3106 1355 nonaginta
3134 1281 3198 1337 et
3236 1294 3345 1337 sex
3373 1275 3477 1336 de·-
3501 1298 3594 1341 lor.
3612 1299 3765 1347 muza.

1989 1370 2373 1452 pendentia;
2408 1390 2528 1436 nec
2570 1371 2814 1454 aliquid
2845 1372 3081 1435 dicitur
3108 1371 3195 1433 ibi
3228 1373 3307 1435 de
3348 1388 3476 1433 ma-

1987 1469 2333 1551 logranatis
2354 1470 2772 1552 superpositis
2804 1478 2867 1533 et
2895 1470 3121 1535 erectis
3144 1489 3334 1552 super
3364 1469 3475 1533 illa

1987 1568 2352 1652 pendentia.
2376 1568 2607 1631 Iterum
2632 1569 2938 1651 scriptum
2960 1577 3055 1631 est
3076 1570 3355 1632 secundo
3374 1569 3475 1631 Pa·
3530 1586 3564 1629 11
3583 1587 3692 1630 Par.
3710 1602 3767 1639 w,

1989 1667 2427 1749 ralipomenon
2456 1684 2469 1727 ε
2494 1666 2915 1746 Malogranata
2934 1685 3189 1749 quoque
3209 1669 3475 1749 quadra·
3504 1650 3771 1707 ¹³·⁰¹·¹‘Y¹’⁸'

1986 1766 2166 1846 ginta
2196 1772 2259 1827 et
2289 1764 2591 1828 retiacula
2620 1766 2767 1841 duo,
2804 1766 2893 1827 ita
2933 1774 3003 1827 ut
3043 1765 3179 1828 bini
3218 1765 3473 1830 ordines
3500 1725 3771 1833 3339..

380 1865 542 1927 dum
571 1865 906 1946 cujusdam
937 1865 1162 1929 circuli
1193 1864 1558 1939 eminentiS‚
1593 1872 1656 1927 et
1687 1884 1878 1946 super
1916 1863 1961 1924 B
1987 1865 2564 1944 malogranatorum
2598 1863 2865 1942 singulis
2906 1863 3229 1927 retiaculis
3256 1864 3477 1946 junge-

380 1963 700 2027 circulum
751 1963 935 2027 illum
981 1971 1162 2026 erant
1203 1972 1460 2026 centum
1496 1963 1880 2042 malograna—

381 2071 470 2139 ta,
497 2068 562 2124 et
591 2061 712 2124 sub
743 2063 966 2125 eodem
997 2070 1178 2124 erant
1220 2060 1484 2125 totidem
1517 2062 1880 2143 dependen-

384 2162 496 2223 tia.
531 2160 609 2221 Et
638 2179 830 2242 super
861 2160 1174 2223 circulum
1207 2160 1400 2223 istum
1433 2168 1496 2223 et
1515 2178 1709 2242 super
1739 2160 1878 2241 ejus

380 2260 852 2339 malogranata,
905 2267 1040 2322 erat
1085 2258 1377 2340 quaedam
1421 2259 1694 2322 elevatio
1741 2259 1880 2321 stri-

381 2358 572 2433 ctior,
593 2376 800 2438 usque
827 2356 1012 2439 quasi
1051 2376 1252 2440 prope
1282 2357 1563 2420 medium
1604 2357 1882 2421 altitudi-

383 2456 489 2519 nis
519 2454 827 2538 capitelli,
849 2464 912 2518 et
940 2453 1345 2519 dividebatur
1376 2455 1442 2517 in
1463 2464 1707 2537 septem
1739 2473 1882 2537 por-

383 2556 593 2618 tiones
644 2573 760 2617 seu
796 2562 1008 2635 partes
1056 2572 1170 2635 per
1218 2552 1630 2617 intermedias
1679 2553 1880 2617 lineas

379 2673 498 2717 seu
530 2652 804 2717 circulos
834 2652 1124 2734 gracileS‚
1149 2659 1212 2715 et
1240 2652 1544 2734 quaelibet
1572 2672 1719 2734 pars
1749 2661 1882 2716 erat

381 2750 713 2835 perforata
743 2750 812 2812 in
855 2751 1126 2815 circuitu
1159 2750 1481 2814 subtiliter
1530 2751 1878 2814 secundum

383 2852 598 2915 varias
631 2850 894 2930 figuraS,
931 2850 1097 2915 sicut
1127 2850 1272 2913 fieri
1306 2850 1466 2913 solet
1499 2850 1564 2912 in
1597 2850 1778 2913 ostiis
1801 2851 1884 2913 la-

385 2960 713 3014 ternarum
749 2968 1096 3024 aerearum3
1134 2956 1197 3013 et
1235 2948 1540 3032 quoniam
1587 2950 1884 3031 capitella

1988 1972 2224 2027 rentur.
2245 1962 2423 2025 Circa
2444 1962 2614 2043 quod
2635 1962 2897 2043 quidam
2919 1962 3143 2028 dicunt
3162 1962 3477 2044 exposito-

1987 2081 2088 2124 res
2106 2062 2266 2125 :Duo
2286 2068 2466 2123 erant
2488 2060 2576 2122 ibi
2608 2061 2862 2123 ordines
2884 2061 3479 2142 malogranatorum,

1989 2159 2138 2223 etin
2164 2159 2456 2241 quolibet
2484 2160 2707 2223 ordine
2737 2168 2993 2222 centum
3016 2159 3473 2241 malogranata,

1989 2269 2052 2323 et
2075 2260 2161 2321 ita
2184 2261 2455 2322 ducenta
2476 2258 2540 2321 in
2563 2258 2807 2322 duobus
2825 2258 3175 2322 ordinibus
3192 2258 3479 2340 Denique

1991 2353 2056 2415 in
2087 2353 2209 2415 isto
2240 2352 2520 2435 capitulo
2551 2353 2719 2415 infra
2758 2352 3335 2433 malogranatorum
3366 2371 3482 2415 nu-

1991 2471 2203 2515 merus
2235 2452 2417 2533 quasi
2452 2451 2794 2514 summarie
2833 2451 3087 2515 videtur
3116 2470 3473 2533 expressuS,

1989 2571 2189 2634 quum
2221 2550 2455 2614 dicitur
2476 2568 2489 2613 :
2509 2548 3039 2633 Et'malogranata
3056 2550 3481 2631 quadringen-
3506 2578 3617 2609 vm.
3633 2566 3703 2607 42.

1993 2659 2054 2713 ta
2085 2650 2150 2712 in
2184 2651 2431 2713 duobus
2461 2649 2785 2713 retiaculis
2814 2673 2829 2723 3
2865 2668 2984 2712 nec
3023 2649 3262 2712 alicubi
3298 2648 3481 2731 ponit

1991 2749 2338 2831 Scriptura,
2384 2749 2555 2830 quod
2596 2747 2836 2811 fuerint
2882 2748 2948 2810 in
2992 2748 3309 2811 columnis
3349 2748 3479 2811 illis

1991 2849 2425 2930 malogranata
2481 2846 2867 2928 octingenta.
2921 2847 3230 2910 Praeterea
3278 2856 3481 2911 extra-

1992 2966 2182 3011 neum
2215 2966 2356 3011 esse
2391 2946 2664 3024 videtur,
2700 2954 2769 3008 ut
2815 2965 2929 3028 per
2973 2945 3343 3028 capitellum
3388 2966 3482 3009 se-

383 3058 448 3112 et
489 3049 806 3113 columnae
845 3056 1028 3111 erant
1066 3046 1335 3111 interius
1375 3067 1689 3126 concavae,
1741 3048 1881 3112 ideo
1917 3044 1961 3108 C
1991 3047 2297 3125 cundum,
2342 3044 2733 3126 intelligatur
2773 3053 2965 3128 caput
3008 3044 3344 3126 utriusque
3386 3062 3481 3108 co-

386 3148 608 3211 lumen
641 3146 958 3210 transiens
989 3165 1102 3228 per
1135 3146 1244 3209 illa
1277 3145 1592 3210 foramina
1618 3147 1884 3210 circum-

383 3263 648 3327 quaque
676 3244 1052 3308 ostendebat
1084 3244 1628 3327 pulchritudinem
1670 3245 1882 3326 operis

383 3344 588 3406 illius,
607 3343 684 3405 Et
705 3362 897 3425 super
927 3343 1082 3406 istas
1103 3351 1345 3425 septem
1379 3343 1726 3425 portioneS,
1740 3362 1884 3425 quae

385 3444 454 3506 in
489 3444 704 3506 littera
726 3451 1035 3506 vocantur
1078 3442 1384 3506 retiacula
1421 3450 1484 3505 et
1512 3449 1772 3519 catenae,
1808 3460 1882 3504 eo

384 3543 562 3625 quod
595 3542 662 3603 in
705 3540 950 3604 retibus
989 3548 1052 3603 et
1091 3541 1333 3604 catenis
1373 3540 1526 3602 talia
1568 3539 1886 3602 foramina

385 3650 450 3705 et
498 3639 938 3704 intricationes
983 3647 1314 3721 apparent,
1348 3647 1482 3701 erat
1519 3656 1716 3720 prope
1760 3657 1885 3700 me-

385 3739 570 3802 dium
599 3737 882 3820 capitelli
903 3737 1031 3799 alia
1059 3737 1346 3799 dilatatio
1367 3736 1718 3812 circulariS‚
1736 3755 1888 3818 prae·

385 3839 576 3902 dictae
607 3835 966 3899 dilatationi
998 3835 1262 3898 omnino
1292 3835 1646 3898 consimilis
1673 3853 1686 3896 :
1712 3843 1774 3897 et
1795 3834 1885 3896 ibi

387 3944 574 4000 erant
603 3943 861 3998 centum
891 3934 1326 4015 malogranata
1363 3933 1786 4015 superposita,
1822 3939 1886 3996 et

387 4043 650 4100 centum
680 4033 1032 4116 supposita,
1069 4040 1132 4096 et
1160 4033 1433 4115 desuper
1463 4040 1705 4114 septem
1744 4049 1886 4114 por-

388 4137 600 4198 tiones
632 4132 951 4196 distinctae
982 4151 1056 4194 ac
1085 4130 1444 4214 perforatae,
1470 4131 1635 4194 sicut
1663 4129 1886 4213 praefa-

1993 3149 2249 3223 lumnae,
2288 3164 2399 3228 per
2431 3151 2787 3228 respectum
2820 3145 2900 3208 ad
2930 3153 3123 3227 caput
3164 3144 3481 3208 columnae

1991 3246 2095 3308 cui
2127 3245 2599 3327 superpositum
2622 3251 2755 3306 erat
2774 3261 2787 3306 ε
2807 3243 2961 3326 quia
2985 3244 3052 3307 in
3078 3251 3207 3307 toto
3232 3243 3355 3307 isto
3384 3263 3482 3306 ca-

1993 3345 2197 3427 pitulo
2227 3352 2291 3407 et
2320 3343 2387 3406 in
2418 3342 2966 3425 Paralipomenon,
3002 3343 3287 3425 loquitur
3318 3342 3483 3406 Scri-

1993 3453 2179 3526 ptura
2228 3443 2308 3505 de
2342 3441 2659 3524 capitibus
2697 3449 2758 3505 et
2798 3442 3115 3524 capitellis
3160 3442 3482 3505 columna-

1992 3561 2134 3604 rum
2166 3541 2431 3602 istarum
2474 3540 2794 3617 distincte,
2832 3550 3132 3623 tanquam
3172 3540 3250 3602 de
3291 3539 3481 3604 rebus

1995 3639 2287 3702 diversis,
2332 3637 2643 3718 AmpliuS,
2692 3638 2883 3719 paulo
2925 3647 3073 3700 ante
3114 3637 3249 3700 haec
3288 3636 3481 3700 verba

1993 3738 2261 3801 habetur
2298 3735 2362 3796 in
2395 3734 2625 3812 littera,
2652 3735 2887 3798 Eodem
2910 3736 3097 3797 modo
3127 3733 3282 3798 fecit
3310 3733 3483 3818 capi·
3508 3766 3624 3799 vm.
3642 3755 3707 3797 ιε.

1995 3835 2144 3898 tello
2175 3833 2453 3896 secundo
2474 3849 2489 3894 ε
2508 3841 2571 3894 et
2601 3832 2691 3894 ibi
2710 3831 3079 3914 capitellum
3111 3834 3481 3909 secundum,

1993 3952 2108 4017 pro
2138 3932 2435 4015 capitello
2456 3932 2732 3994 sumitur
2758 3930 3043 4014 speciali.
3068 3930 3191 3994 Ista
3212 3931 3482 4013 inquisi-

1990 4033 2120 4097 tive
2151 4032 2282 4093 sint
2309 4039 2495 4093 tacta.

2070 4129 2379 4192 Praeterea
2418 4126 2743 4208 quaeritur,
2778 4125 3055 4207 qualiter
3098 4125 3166 4188 in
3213 4125 3485 4189 Jeremia

389 4243 510 4308 tae3
543 4233 655 4296 sed
685 4239 870 4294 erant
900 4229 1270 4308 strictioreS,
1295 4229 1596 4311 quoniam
1629 4228 1887 4311 capitel-
1917 4231 1966 4293 D
1993 4228 2292 4291 dicantur
2332 4225 2529 4288 fuisse
2568 4223 2999 4304 malogranata
3040 4225 3391 4306 nonaginta
3421 4234 3483 4288 et
3508 4243 3683 4294 seam,
3704 4244 3771 4286 22.

389 4335 526 4396 lum
575 4331 640 4393 in
677 4330 1090 4402 ¹ascendendo
1138 4328 1659 4409 restringebatur,
1712 4336 1774 4390 et
1817 4329 1884 4390 in

388 4431 762 4494 summitate
793 4428 1074 4511 capitelli
1117 4434 1251 4491 erat
1280 4446 1442 4510 opus
1482 4426 1690 4490 simile
1723 4426 1881 4503 lilio,

387 4531 548 4614 quia
576 4528 876 4594 videlicet
905 4527 1116 4608 figura
1145 4527 1268 4589 lilii
1300 4525 1422 4588 suit
1457 4526 1543 4588 ibi
1579 4526 1888 4608 impressa

390 4651 505 4694 seu
537 4629 809 4710 sculpta.

473 4729 616 4792 Haec
647 4728 830 4809 Lyra.
864 4725 1094 4789 Contra
1125 4725 1311 4806 cujus
1341 4722 1539 4787 verba
1565 4723 1759 4806 objici
1784 4741 1888 4805 po-

390 4835 542 4904 test,
566 4825 720 4909 quia
749 4845 824 4888 ex
855 4824 947 4888 eis
978 4823 1268 4899 habetur,
1304 4823 1475 4903 quod
1503 4822 1568 4884 in
1601 4821 1889 4905 quolibet

391 4924 840 5007 capitellorum
876 4922 1134 4985 illorum
1165 4920 1428 4984 fuerunt
1456 4920 1890 5001 malogranata

391 5021 864 5106 quadringenta
911 5037 924 5082 ε
972 5021 1156 5102 cujus
1199 5018 1589 5082 contrarium
1629 5025 1892 5100 apparet

393 5142 474 5186 ex
517 5140 615 5197 ec,
652 5119 820 5201 quod
867 5118 1146 5182 secundo
1175 5117 1702 5200 Paralipomenon
1743 5115 1894 5179 dici-

137 5233 364 5287 nrm-au.
399 5230 528 5297 tur,
570 5219 995 5299 Malogranata
1040 5224 1297 5279 centum
1341 5215 1514 5292 fecit,
1548 5234 1692 5297 quae
1734 5223 1894 5278 cate-

115 5299 172 5340 ¹6.

399 5318 578 5382 nulis
608 5315 1012 5400 interposuit.
1046 5315 1224 5378 Unde
1254 5314 1555 5378 videntur
1586 5315 1652 5376 in
1691 5313 1896 5395 quoli-

1993 4345 2123 4402 scx,
2172 4344 2372 4406 quum
2432 4322 2497 4384 in
2546 4321 3072 4405 Paralipomenon
3118 4331 3483 4385 asserantur
3536 4349 3775 4399 affirm,

1994 4432 2251 4488 centum
2285 4421 2506 4484 fuisse.
2543 4421 2636 4483 Ad
2666 4421 2787 4484 hoc
2816 4421 3017 4502 aliqui
3048 4420 3482 4502 dicunt,quod
3514 4415 3578 4456 ¹⁶·

1993 4523 2283 4604 quaedam
2307 4520 2739 4600 malogranata
2758 4527 3043 4600 tempore
3061 4518 3347 4582 Jeremiae
3368 4517 3487 4582 for-

1996 4639 2109 4684 san
2139 4621 2271 4702 jam
2304 4617 2699 4681 deciderunt.
2725 4616 2848 4679 Alii
2878 4617 3124 4693 dicunt,
3146 4616 3319 4699 quod
3341 4634 3488 4697 qua·

1997 4729 2138 4782 tuor
2184 4717 2638 4796 malogranata,
2686 4735 2829 4797 quae
2873 4715 3176 4778 Jeremias
3224 4713 3483 4792 omittit,

1998 4815 2504 4898 ingredientibus
2526 4815 2841 4896 porticum
2874 4833 3001 4877 non
3032 4821 3485 4896 apparuerunt:

1997 4915 2303 4999 quoniam
2344 4914 2660 4979 columnae
2700 4921 3010 4976 steterunt
3054 4913 3233 4994 juxta
3274 4931 3493 4976 muros

2000 5016 2283 5099 porticus
2316 5015 2466 5078 hinc
2498 5015 2669 5090 inde,
2707 5013 2926 5093 sicque
2955 5011 3258 5094 capitella
3290 5010 3495 5094 parie-

2003 5115 2174 5177 tibus
2222 5113 2655 5195 jungebantur
2703 5130 2716 5173 :
2766 5118 3023 5193 proptor
3070 5110 3241 5192 quod
3291 5109 3493 5174 videri

2004 5233 2130 5277 non
2164 5219 2458 5295 poterant
2488 5211 2775 5292 quaedam
2822 5209 3277 5288 malogranata,
3326 5209 3497 5271 unde

2004 5331 2121 5375 nec
2141 5311 2585 5392 exprimuntur
2605 5307 2684 5370 ab
2703 5307 2995 5370 Ieremia.
3011 5308 3182 5371 Hanc
3202 5307 3495 5369 ultimam
