4359 6250
113 3172 216 3228 δερ.
235 3188 294 3223 vt,
311 3176 351 3217 ί.

143 4650 214 4692 Ρε.
228 4665 282 4701 w,
295 4654 335 4695 7.

153 5240 222 5285 Pe.
237 5258 367 5295 um,

125 5306 202 5347 3·5.

903 521 1252 568 ENARRATIO
1295 521 1356 566 lx
1400 520 1535 566 CAP.
1584 521 1709 566 xvn
1754 521 1911 566 LIBRI
1955 519 2208 580 sacuam
2250 520 2472 564 REGUM.
2518 539 2598 548 —-
2640 521 2780 564 All'l'.
2827 520 2975 564 xxv1

3366 502 3485 570 535

377 694 576 760 Quod
603 695 724 753 das
753 696 1148 755 consilium?
1178 697 1262 755 Ee
1298 695 1476 755 dimit
1511 694 1757 752 Chusai
1797 695 1884 752 ad
1915 690 1966 752 A
1996 690 2225 753 Renuit
2270 691 2581 753 consolari
2625 691 2839 752 anima
2883 711 3061 767 mea3
3097 710 3339 754 memor
3388 690 3482 754 fui

372 792 674 852 Absalon
706 813 729 851 .·
765 794 911 854 Non
941 803 1032 852 est
1069 794 1304 852 bonu-m
1348 792 1468 854 hoo
1513 793 1881 860 consilium,

373 893 562 967 quod
591 891 773 950 dedit
802 893 1185 968 Achitoplecl
1217 893 1338 950 hac
1371 893 1527 951 vice.
1551 888 1751 986 ⁸Quasi
1791 888 1886 950 di-

374 993 488 1048 cat
527 1004 542 1047 z
578 985 878 1060 Quamvis
919 987 1002 1050 sit
1033 988 1334 1071 prudenS,
1369 996 1434 1051 et
1462 986 1886 1050 communiter

375 1082 706 1147 bonorum
754 1087 934 1149 dator
983 1087 1415 1163 consiliorum,
1461 1095 1670 1148 tamen
1721 1075 1886 1148 sicut

375 1182 744 1246 humanum
766 1192 872 1257 est,
882 1203 999 1266 pro
1020 1203 1190 1248 nune
1205 1203 1338 1246 non
1361 1184 1524 1248 bene
1545 1182 1879 1247 consuluit.

471 1285 562 1344 Et
589 1303 819 1344 rursus
849 1285 1082 1344 intulit
1117 1285 1357 1345 Chusai
1387 1304 1409 1343 .·
1448 1287 1542 1344 Tu
1579 1285 1748 1344 nosti
1771 1301 1887 1359 pa-

379 1390 554 1448 trem,
587 1391 773 1444 tuum
801 1391 862 1442 et
901 1384 1074 1442 viros
1117 1383 1234 1461 qui
1270 1401 1416 1442 cum
1455 1401 1525 1441 eo
1551 1389 1728 1451 sunt,
1759 1401 1886 1440 esse

378 1480 780 1556 fortissimos
803 1497 1032 1560 :reges
1081 1498 1359 1560 namque
1409 1478 1646 1561 praeliis
1703 1496 1887 1541 occu—

379 1577 548 1660 pati,
583 1578 792 1641 solent
822 1597 1038 1642 seeum
1069 1577 1304 1640 habere
1335 1577 1722 1640 Strenuiores
1757 1575 1889 1638 bel—

381 1677 856 1759 licosioresque
896 1677 1109 1752 viros;
1151 1686 1212 1737 et
1254 1696 1479 1737 amaro
1512 1677 1755 1746 animo,
1793 1673 1888 1736 in-

380 1775 731 1855 dignantes
781 1795 850 1838 se
905 1775 994 1838 ita
1049 1775 1346 1857 expulsos
1367 1783 1496 1850 „et
1543 1792 1618 1836 ex
1678 1772 1886 1835 cordis

1995 789 2125 865 Dei,
2161 797 2225 851 et
2253 789 2603 852 delectatus
2636 809 2799 865 sum,
2825 798 2887 852 et
2908 788 3283 852 exercitatus
3314 809 3479 866 sum,

1995 897 2058 952 et
2106 886 2344 950 defecit
2392 887 2656 968 spiritus
2705 907 2905 950 meus,
2960 886 3483 970 Anticipaverunt

1995 985 2249 1066 vigilias
2279 984 2447 1048 oculi
2488 985 2637 1048 mei.
2670 986 2747 1048 Et
2782 1003 2795 1050 :
2830 985 3158 1049 Meditatus
3198 1005 3338 1048 sum
3372 1004 3483 1050 no·
3511 1013 3773 1070 p„.,m,‚7‚

1995 1095 2093 1148 cte
2122 1104 2267 1150 cum
2299 1085 2490 1148 corde
2521 1103 2682 1160 meo,
2718 1094 2782 1146 et
2810 1084 3221 1162 exercitabar,
3256 1093 3321 1148 et
3348 1103 3484 1148 seo-

1994 1183 2223 1266 pebam
2254 1183 2551 1265 spiritum
2580 1203 2815 1245 meum.
2840 1186 2926 1245 Et
2952 1203 3155 1264 quum
3184 1185 3483 1244 ceciderit

1994 1303 2166 1344 unus
2196 1285 2465 1363 quilibet
2499 1285 2569 1342 in
2591 1284 2950 1360 principie,
2982 1283 3047 1345 id
3077 1291 3173 1345 est
3201 1282 3486 1363 quicum-

1995 1401 2122 1463 que
2161 1401 2395 1463 parvus
2440 1381 2540 1445 vel
2586 1397 2852 1462 magnus
2896 1381 3142 1444 occisus
3184 1379 3378 1444 fuerit
3419 1381 3486 1442 in

1996 1480 2134 1544 acie
2167 1480 2256 1542 tui
2288 1479 2623 1556 exercituS,
2648 1480 2749 1541 vel
2783 1479 2849 1540 in
2879 1479 3136 1542 exordio
3168 1479 3347 1559 regni
3370 1479 3487 1556 tui,

1996 1581 2222 1640 audiet
2244 1581 2630 1659 quicumque
2651 1581 2962 1649 audierit,
2979 1588 3039 1639 et
3058 1579 3225 1639 dicet
3246 1596 3269 1638 .·
3289 1581 3491 1640 Facta

1995 1688 2085 1738 est
2107 1682 2311 1755 playa
2356 1679 2429 1737 irc
2450 1681 2693 1755 populo
2736 1679 2853 1757 qui
2892 1679 3269 1755 sequebatur
3297 1679 3492 1737 Absa-

2001 1781 2130 1848 lon,
2155 1775 2221 1837 id
2252 1783 2368 1852 est,
2389 1775 2710 1838 modicum
2735 1773 3131 1856 reputabitur
3160 1793 3487 1855 magnum,

381 1874 856 1937 amaricatione
894 1882 1147 1957 paratos
1178 1873 1257 1935 ad
1299 1872 1708 1955 pugnandum
1750 1871 1888 1934 sine
1925 1871 1971 1932 B
1999 1883 2063 1939 et
2112 1874 2351 1937 malum
2395 1874 2518 1937 tale
2568 1873 3068 1954 exaggerabitur.
3103 1876 3189 1934 E't
3214 1876 3493 1951 fortissi-

383 1971 770 2050 formidine,
807 1976 1012 2034 veluti
1039 1975 1098 2032 si
1129 1993 1283 2033 ursa
1315 1973 1520 2049 raptis
1551 1973 1785 2031 catulis
1815 1973 1888 2030 iu

379 2077 568 2134 saltu
588 2076 838 2135 saeviat.
871 2071 1028 2134 Ursa
1058 2089 1335 2152 namque
1365 2069 1630 2153 perditis
1661 2068 1889 2132 catulis

382 2171 527 2234 suis
559 2191 708 2234 cum
739 2169 1068 2234 ferocitate
1107 2177 1171 2232 et
1213 2185 1486 2232 moerore
1523 2167 1892 2249 circumspi-

383 2271 502 2347 cit,
543 2280 607 2334 et
650 2288 843 2352 quem
891 2268 1101 2350 primo
1144 2267 1397 2344 viderit,
1432 2266 1780 2330 saevissime
1829 2273 1893 2329 et

385 2365 942 2451 impetuosissime
984 2384 1131 2429 mox
1175 2364 1438 2440 invadit,
1486 2372 1716 2447 putans
1766 2363 1890 2427 sibi

383 2469 472 2532 ab
507 2467 622 2530 illo
651 2465 898 2530 catulos
930 2484 1080 2529 suos
1109 2484 1248 2528 esse
1269 2464 1646 2528 subtractos.
1676 2463 1890 2546 Itaque

385 2566 640 2630 ratione
673 2563 1070 2628 fortitudinis
1101 2563 1297 2627 David
1337 2571 1400 2625 et
1429 2582 1758 2626 servorum
1800 2562 1891 2644 ip-

385 2666 550 2742 sius»,
584 2683 718 2727 non
756 2662 1014 2746 expedit
1061 2680 1251 2742 agere
1298 2661 1463 2724 sicut
1509 2660 1888 2742 Achitophel

383 2763 694 2828 consulit.
729 2763 806 2824 Et
837 2761 958 2825 hoc
988 2760 1218 2824 Chusai
1251 2769 1716 2840 consequenter
1747 2778 1890 2841 pro-

385 2863 502 2926 bat
533 2862 660 2925 alia
681 2861 948 2937 ratione,
967 2859 1265 2923 videlicet
1285 2878 1361 2922 ex
1381 2857 1890 2922 consideratione

385 2959 752 3043 prudentiae
781 2968 846 3022 et
875 2957 1284 3041 experientiae
1309 2956 1500 3020 David
1535 2956 1722 3038 regiS,
1748 2975 1890 3038 quae

1999 1994 2142 2035 mus
2191 1976 2460 2054 quisque
2506 1975 2693 2049 cujus
2738 1993 2845 2032 cor
2891 1981 2981 2032 est
3028 1974 3219 2052 quasi
3264 1973 3485 2044 leonia,

1991 2093 2236 2150 pavore
2262 2075 2562 2133 solvetur.
2599 2073 2739 2133 Scit
2776 2072 2952 2132 enim
2980 2072 3191 2131 omnis
3210 2074 3491 2148 populus

1998 2174 2230 2240 Israel,
2260 2172 2493 2248 fortem
2526 2191 2652 2230 esse
2684 2180 2941 2249 patrem
2982 2179 3195 2240 tuum,
3223 2179 3283 2230 et
3311 2171 3492 2230 robu-

1998 2281 2120 2332 stos
2151 2291 2366 2331 omnes
2396 2272 2514 2350 qui
2543 2289 2691 2330 cum
2721 2289 2789 2329 eo
2818 2278 2992 2330 sunt.

2080 2367 2321 2431 Deinde
2382 2367 2715 2450 reprobato
2765 2365 3141 2449 Achitophel
3190 2365 3489 2442 consilio,

2000 2467 2108 2529 dat
2139 2465 2373 2528 Chusai
2406 2483 2593 2530 suum
2625 2465 2991 2528 consilium.
3026 2467 3157 2528 Sed
3184 2467 3299 2526 hoc
3325 2465 3495 2526 mihi

2001 2567 2260 2626 videtur
2288 2574 2537 2625 rectum
2574 2583 2701 2623 esse
2742 2565 3111 2624 consilium.
3150 2564 3492 2640 Congreye-

2003 2675 2110 2726 tur
2147 2667 2236 2724 ad
2275 2674 2332 2724 te
2380 2665 2724 2724 universus
2752 2665 3036 2740 populus
3083 2663 3292 2722 Israel
3338 2660 3491 2724 resl-

1999 2763 2184 2838 duuS‚
2219 2759 2331 2842 qui
2363 2779 2533 2826 nunc
2564 2778 2693 2823 non
2724 2767 2822 2823 est
2847 2767 3081 2836 tecum,
3106 2776 3314 2840 neque
3343 2777 3489 2822 cum

1999 2860 2218 2937 David,
2243 2882 2283 2920 a
2313 2863 2462 2922 Dan
2496 2879 2691 2939 usque
2718 2860 3047 2928 Bersabee,
3069 2859 3260 2938 quasi
3288 2877 3491 2917 arena

2001 2961 2205 3020 maris
2246 2959 2768 3028 innumerabili3‚
2800 2966 2859 3017 et
2906 2965 2977 3017 tu
3005 2958 3133 3016 eris
3177 2957 3249 3031 in
3282 2956 3490 3016 medio

385 3062 540 3144 plus
569 3060 787 3124 valent
815 3060 882 3121 in
913 3057 1102 3121 bellis
1132 3077 1324 3140 quam
1359 3055 1688 3133 fortitudo,
1711 3056 1890 3138 juxta
1925 3055 1969 3119 C
1998 3078 2243 3129 eorum,
2278 3064 2580 3139 tanquam
2613 3064 2805 3139 caput
2833 3063 2897 3118 et
2927 3054 3227 3138 princeps
3258 3073 3333 3116 ae
3363 3052 3491 3116 for-

385 3161 552 3224 illud
583 3158 924 3242 Sapientiae
949 3176 962 3220 :
987 3156 1205 3220 Melior
1231 3165 1328 3219 est
1357 3155 1670 3238 sapientia
1697 3174 1888 3237 quam

385 3260 580 3335 vire&
603 3268 668 3321 et
687 3258 786 3321 vir
805 3258 1087 3341 prudens
1108 3274 1302 3337 quam
1327 3253 1533 3318 fortis,
1559 3258 1684 3315 Sed
1702 3265 1762 3316 et
1773 3248 1890 3332 pa'-

387 3370 488 3421 ter
522 3369 671 3420 tuus
703 3359 811 3417 vir
840 3359 1106 3417 bellator
1132 3365 1248 3425 est,
1272 3353 1337 3416 id
1366 3362 1462 3416 est
1491 3361 1790 3434 expertus
1821 3352 1886 3414 in

383 3456 644 3521 bellicis
677 3455 888 3532 reim,
916 3475 1029 3516 nec
1056 3454 1420 3514 morabitur
1437 3474 1584 3513 cum
1605 3455 1887 3529 populo:

385 3558 456 3619 id
486 3564 608 3631 est,
645 3554 724 3617 ad
755 3553 1243 3636 praeeavendum
1291 3550 1669 3633 periculum,
1705 3558 1768 3613 et
1808 3568 1890 3611 ne

387 3656 681 3718 tradatur
719 3652 802 3715 ab
841 3650 1082 3733 aliquo,
1116 3650 1196 3712 ad
1237 3648 1579 3713 secretiora
1619 3667 1889 3729 quaeque

389 3752 729 3834 confugiet
760 3752 900 3815 loca
926 3750 995 3811 in
1020 3757 1204 3813 noete
1227 3749 1366 3811 ista.
1389 3752 1692 3810 Forsitan
1715 3767 1891 3808 nunc

393 3856 618 3915 latitat
651 3854 725 3911 in
755 3851 986 3929 fove-2⁶8,
1017 3859 1134 3911 aut
1176 3850 1248 3909 in
1280 3866 1408 3907 uno
1439 3868 1563 3927 quo
1613 3847 1890 3906 voluerit

389 3958 546 4017 loco,
583 3950 762 4025 Quod
809 3950 910 4027 (ut
953 3947 1260 4026 creditur)
1297 3945 1488 4007 etiam
1540 3944 1682 4007 ideo
1732 3942 1890 4006 dixit

387 4049 648 4125 Chusai,
693 4046 998 4129 quoniam
1044 4044 1239 4109 David
1279 4043 1536 4125 quando
1579 4040 1703 4103 fuit
1743 4060 1889 4105 cum

389 4150 562 4225 aliis,
599 4143 996 4227 temporibus
1027 4140 1355 4205 nocturnis
1403 4140 1469 4202 in
1502 4141 1751 4203 deserto
1781 4148 1892 4201 aut

1999 3177 2103 3219 ma
2151 3156 2471 3231 audaciae3
2505 3166 2564 3217 et
2612 3158 2941 3217 irruemus
2986 3173 3179 3232 super
3218 3172 3367 3215 eum
3416 3155 3489 3214 in

1999 3276 2400 3336 quocumque
2448 3259 2579 3315 loco
2622 3258 2923 3315 inventus
2962 3254 3190 3333 fuerit.
3240 3252 3491 3316 Connu-

2001 3362 2202 3416 merat
2232 3371 2301 3415 se
2340 3352 2483 3414 aliis
2514 3351 2759 3414 Chusai·
2790 3351 2931 3428 iste,
2968 3359 3040 3413 ut
3080 3350 3373 3414 videatur
3414 3368 3491 3413 ex

1999 3452 2191 3514 corde
2221 3470 2359 3513 esse
2390 3469 2535 3514 cum
2566 3448 2902 3526 Absalone,
2928 3457 2992 3512 et
3018 3448 3143 3511 sibi
3171 3450 3486 3512 credatur.

1999 3554 2084 3613 Et
2103 3552 2463 3627 operiemus
2491 3570 2639 3609 eum
2656 3550 2825 3609 sicut
2846 3568 2947 3608 ros
2976 3551 3200 3609 cadere
3218 3552 3371 3608 solet
3388 3568 3491 3607 su-

1993 3668 2114 3726 per
2159 3658 2421 3718 terram,
2454 3656 2513 3707 et
2554 3666 2685 3707 nou
2737 3648 3173 3723 relinquemus
3208 3648 3289 3705 de
3327 3646 3493 3706 viris

1999 3749 2116 3827 qui
2143 3766 2292 3806 cum
2322 3766 2389 3805 eo
2427 3755 2600 3817 sunt,
2633 3766 2713 3806 ue
2754 3764 2961 3804 unum
2990 3744 3273 3823 quidem.
3309 3746 3491 3811 Quod

1997 3848 2058 3905 si
2079 3846 2297 3905 urbem
2316 3846 2611 3922 aliquam
2633 3843 2839 3921 fucrit
2858 3844 3206 3918 inyressuS,
3221 3842 3492 3900 circum-

1997 3945 2178 4004 dabit
2229 3943 2438 4002 omuis
2486 3944 2693 4003 Israel
2733 3940 2990 3999 civitati
3028 3939 3135 3998 illi
3179 3938 3391 4014 fumea,
3424 3936 3487 3998 id

1999 4050 2096 4106 est
2127 4040 2457 4105 machinas
2496 4037 2837 4121 quaslibet.
2873 4037 2981 4099 Est
3023 4044 3232 4099 tamen
3262 4036 3492 4118 hyper-

2001 4140 2211 4204 bolica
2254 4137 2813 4220 metaphoriceque
2852 4134 3109 4199 locuti0.
3152 4134 3306 4197 Nam
3346 4134 3493 4196 sub-

391 4268 566 4323 rure,
608 4243 944 4309 consuevit
991 4260 1184 4304 causa
1229 4240 1558 4316 orationiS‚
1611 4247 1891 4303 contem·
1921 4238 1972 4301 D
2001 4240 2175 4302 ditur
2210 4257 2223 4301 :
2258 4248 2317 4299 et
2364 4238 2689 4299 trahemus
2728 4256 2873 4297 eam
2903 4236 2975 4295 in
3024 4243 3389 4303 torrentem,
3420 4244 3493 4294 ut

392 4344 702 4430 plationis
732 4350 796 4405 et
814 4339 1326 4421 compunctionis
1349 4358 1417 4401 se
1446 4338 1782 4401 absentare
1810 4338 1889 4399 ad

393 4454 678 4525 tempuS,
701 4449 894 4521 atque
925 4439 992 4501 in
1024 4437 1156 4500 suis
1187 4436 1473 4500 latibulis
1490 4436 1618 4499 Deo
1641 4454 1886 4497 vacare.

396 4540 460 4603 Si
509 4539 686 4603 enim
729 4536 906 4601 domi
955 4536 1084 4615 egit
1133 4535 1200 4597 in
1250 4535 1434 4612 lecto,
1468 4533 1637 4615 quod
1686 4532 1776 4595 ait
1825 4532 1891 4594 in

392 4637 668 4710 Psalmo,
693 4634 941 4699 Lavabo
974 4652 1087 4715 per
1107 4633 1388 4713 singulas
1411 4640 1627 4695 noctes
1657 4630 1891 4693 lectum

393 4756 636 4813 meum,
673 4732 954 4797 lacrimis
997 4732 1157 4795 meis
1190 4738 1456 4794 stratum
1489 4748 1700 4793 meum
1737 4728 1892 4809 riga-

395 4837 478 4900 bo
515 4854 533 4897 :
575 4853 710 4897 non·
747 4831 1001 4894 videtur
1043 4829 1434 4909 ambiguum,
1479 4828 1636 4909 quin
1681 4827 1748 4889 in
1787 4828 1894 4890 d&

395 4934 588 4999 sertis
631 4940 694 4995 et
735 4929 982 5012 campis
1021 4928 1331 4991 exsistens
1377 4927 1439 4989 id
1487 4927 1707 5006 egerit.
1745 4927 1894 4989 Erat

395 5034 571 5099 enim
602 5039 775 5094 totus
807 5028 1121 5103 interum,
1145 5036 1208 5089 et
1229 5026 1294 5087 in
1327 5025 1739 5088 sensibilibus
1764 5025 1891 5088 illis

395 5128 851 5196 devotionibus
874 5124 1449 5199 exercitatissimuS‚
1466 5131 1527 5186 et
1551 5123 1576 5185 f
1579 5124 1703 5187 ecit
1722 5125 1891 5206 quod

393 5225 633 5291 cecinit
678 5242 693 5287 ε
739 5224 806 5286 In
857 5222 962 5285 die
1012 5220 1444 5284 >tribulationis
1493 5240 1650 5283 meae
1696 5222 1893 5284 Deum

397 5320 1047 5407 exquisivi‚manibus
1079 5319 1238 5383 meis
1271 5327 1454 5382 nocte
1485 5328 1706 5382 contra
1725 5339 1888 5382 eum.

2002 4359 2130 4399 nori
2159 4338 2526 4414 reperiatur
2546 4354 2659 4393 nec
2686 4337 2973 4396 calculus
3002 4334 3263 4412 quidem
3290 4353 3373 4392 coe
3390 4352 3489 4404 ea,

2001 4436 2065 4499 id
2086 4443 2203 4512 est,
2231 4433 2519 4496 funditus
2550 4450 2687 4495 eam
2718 4432 3139 4508 destruemu5‚
3160 4430 3325 4493 sicut
3345 4450 3490 4493 cum

2002 4533 2255 4597 chordis
2306 4531 2576 4593 trahitur
2626 4550 2724 4592 res
2772 4528 3028 4592 mobilis
3077 4530 3372 4593 deorsum
3424 4529 3491 4591 in

2004 4641 2256 4695 terram.
2299 4629 2661 4693 Secundum
2696 4628 2943 4709 Lyram,
2980 4627 3045 4689 in
3084 4626 3345 4691 Hebraeo
3383 4627 3493 4690 ha-

2001 4731 2203 4807 betur,
2219 4726 2650 4792 circumdabit
2677 4726 2889 4789 omnis
2920 4726 3106 4789 lsrael
3126 4724 3370 4789 civitati
3393 4725 3489 4788 illi

2003 4828 2362 4903 societateS,
2414 4826 2477 4889 id
2538 4835 2635 4888 est
2676 4825 2843 4888 acies
2886 4833 3271 4888 armatorum
3311 4849 3325 4899 ς
3378 4826 3489 4889 sed

2001 4925 2203 4989 Rabbi
2232 4924 2459 4987 Paulus
2488 4924 2665 5000 dicit,
2700 4923 2766 4985 in
2794 4923 3055 4987 Hebraeo
3094 4923 3351 5006 proprie
3382 4923 3491 4985 ha-

2004 5024 2162 5101 beri,
2187 5024 2415 5086 FuneS.
2439 5024 2671 5086 Forsan
2703 5022 2897 5084 dictio
2928 5019 3039 5083 illa
3066 5020 3367 5084 Hebraiea
3396 5031 3493 5085 est

2005 5123 2349 5205 aequivoca.

2083 5222 2397 5299 Dixitque
2426 5221 2707 5281 Absalon
2737 5228 2795 5279 et
2838 5239 3052 5278 omnes
3080 5220 3214 5279 viri
3241 5221 3492 5279 Israel:

2007 5319 2246 5381 Melius
2271 5327 2361 5378 cst
2381 5317 2725 5378 consilium
2745 5318 2985 5377 Chusai
3003 5318 3219 5378 Araclt
3228 5318 3333 5377 itoe
3352 5338 3494 5377 con-
