4359 6250
939 489 1058 555 692
1500 507 1846 554 amanum
1889 508 1950 552 m
1993 507 2130 552 mr.
2175 505 2259 551 xv
2300 506 2458 552 unm
2498 507 2697 552 'maru
2738 508 2964 557 uacua.
3006 529 3088 542 --
3126 508 3269 555 aar.
3314 508 3469 554 xxm

939 689 1278 755 arqentum
1322 688 1384 739 et
1422 700 1663 740 aurum
1705 688 1766 739 et
1809 699 1984 738 vasa.
2018 677 2146 740 Hoc
2194 676 2429 740 intelli-
2456 674 2510 739 A
2536 683 2715 740 dedic
2754 683 2927 740 illud
2956 682 3030 742 in
3072 702 3306 744 manus
3340 700 3671 741 servorum
3710 697 3979 738 suorum
3998 700 4027 746 ,-

934 777 1213 856 gendum
1245 777 1496 840 videtur
1533 776 1647 852 sic,
1679 776 1846 857 quod
1879 783 2058 858 pater
2099 777 2238 856 ejus
2270 775 2429 838 Abia
2536 788 2595 838 et
2621 780 2798 840 misit
2821 783 2909 840 ad
2927 782 3243 840 Benadad
3261 781 3481 856 filium
3508 779 3857 840 Tabremon
3886 775 4025 852 filii

937 875 1198 938 sortitus
1227 875 1558 957 praefatam
1589 873 1943 951 victoriam,
1976 875 2149 938 vovit
2182 875 2309 938 Deo
2339 873 2431 937 of·
2538 878 2811 946 Hezion,
2832 898 3040 954 reycm
3062 880 3305 955 Syrioe,
3324 879 3443 957 qui
3460 877 3789 936 habitabat
3810 875 3883 932 in
3904 875 4027 932 Da-

939 973 1107 1037 ferre
1135 982 1468 1056 argentum
1507 983 1572 1038 et
1613 993 1837 1037 aurum
1881 992 2160 1055 vasaque
2198 973 2430 1056 pretio-
2540 994 2772 1044 masco,
2800 977 3019 1036 dicens
3048 995 3072 1037 .·
3104 979 3337 1037 Foedus
3378 985 3468 1035 est
3508 976 3681 1035 inter
3712 993 3810 1033 me
3850 982 3911 1032 et
3942 981 4021 1040 te,

937 1091 1028 1148 sa,
1063 1073 1172 1135 sed
1203 1072 1394 1155 paulo
1423 1081 1570 1155 post
1601 1073 1681 1135 ad
1720 1071 2148 1136 idololatriam
2187 1071 2424 1154 lapsuS,
2540 1072 2607 1133 id
2652 1081 2768 1148 est,
2825 1074 2904 1136 de
2950 1082 3161 1137 cetero
3210 1074 3294 1135 sit
3338 1072 3505 1136 inter
3562 1090 3679 1135 nos
3725 1069 4025 1133 amicitiae

937 1189 1066 1234 non
1091 1171 1487 1254 adimplevit.
1516 1170 1640 1234 Asa
1661 1190 1812 1235 vero
1843 1171 2060 1233 intulit
2081 1189 2156 1233 ea
2186 1170 2252 1232 in
2277 1178 2431 1233 tem·
2539 1179 2834 1252 pactum;
2868 1172 2968 1237 vel
3000 1191 3221 1235 sensus
3252 1180 3368 1250 est,
3409 1172 3580 1253 quod
3613 1179 3677 1234 et
3716 1177 3865 1232 ante
3890 1171 4021 1250 jam

938 1269 1216 1350 plum,et
1236 1269 1502 1332 Domino
1529 1269 1864 1352 deputavit
1893 1270 1971 1331 ad
2002 1288 2191 1331 usum
2221 1269 2429 1332 cultus
2542 1268 2705 1344 fuit3
2743 1280 2803 1331 et
2833 1273 3005 1331 inter
3022 1280 3280 1348 patrem
3322 1291 3535 1332 meum
3576 1279 3637 1330 et
3668 1279 3857 1330 tuum
3904 1265 4028 1328 fuit

939 1367 1165 1429 divini.
1199 1367 1278 1429 At
1315 1385 1467 1432 vero
1504 1368 1673 1449 quod
1726 1367 1968 1431 dictum
2018 1375 2134 1444 est,
2169 1367 2432 1430 Excelsa
2540 1365 2772 1445 foedus,
2824 1367 2887 1430 id
2944 1376 3041 1431 est
3097 1366 3554 1433 confoederatio
3614 1367 3831 1449 pacis;
3884 1367 4023 1426 ideo

942 1484 1070 1530 non
1115 1466 1401 1543 abstulit,
1447 1467 1707 1548 quidam
1752 1475 2076 1549 exponunt
2113 1468 2193 1529 de
2239 1465 2426 1544 faniS,
2542 1469 2694 1526 misi
2725 1468 2843 1528 tibi
2872 1487 3165 1539 munera,
3200 1478 3541 1545 argentum
3568 1476 3628 1527 et
3662 1485 3937 1533 aurum,
3966 1473 4025 1524 et

669 1577 1084 1648 1113e0.11,quae
1116 1567 1410 1630 Salomon
1455 1565 1610 1630 fecit
1639 1567 1828 1630 idolis
1873 1587 2128 1629 suarum
2160 1585 2429 1629 uxorum
2534 1576 2677 1644 peto
2720 1577 2789 1628 ut
2830 1569 3049 1628 venias
3084 1577 3144 1629 et
3188 1569 3457 1628 irritum
3492 1567 3731 1642 facias,
3768 1565 3889 1628 boc
3930 1572 4025 1625 est

647 1643 750 1694 ⁷⁰⁸·
945 1666 1010 1728 in
1058 1673 1274 1730 monte
1301 1665 1552 1743 Oliveti,
1581 1673 1644 1729 et
1671 1665 1848 1728 alibi.
1882 1665 2003 1729 Sed
2033 1664 2299 1747 praefata
2328 1684 2433 1728 ex·
2537 1683 2786 1727 cassum
2846 1673 2909 1728 et
2966 1665 3293 1743 violatum,
3346 1667 3559 1743 foedus
3610 1667 3784 1743 quod
3840 1665 4027 1724 habes

943 1765 1176 1847 positio
1224 1763 1435 1828 verior
1480 1773 1602 1842 est,
1647 1765 1974 1845 textuique
2021 1764 2425 1841 concordior,
2538 1783 2685 1824 cum
2724 1768 2937 1826 Baasa
2974 1785 3117 1843 reye
3155 1768 3382 1836 Israel,
3422 1773 3481 1824 et
3527 1765 3781 1824 recedat
3816 1783 3861 1822 a
3904 1782 4020 1821 me.

937 1865 1090 1947 quia
1121 1864 1186 1927 in
1236 1863 1405 1928 fanis
1449 1864 1578 1927 illis
1618 1863 1744 1927 filii
1775 1864 1963 1928 lsrael
2011 1883 2138 1928 non
2184 1862 2429 1928 sacrifi·
2464 1861 2512 1924 B
2540 1860 2601 1924 Si
2640 1861 2847 1926 foedus
2888 1862 3121 1926 initum
3156 1863 3321 1925 inter
3354 1879 3565 1942 regem
3596 1861 3782 1924 illum
3830 1858 4023 1940 Syriae

936 1971 1242 2028 caverunt
1270 1964 1416 2041 Deo,
1451 1963 1563 2045 qui
1614 1962 1978 2044 frequenter
2017 1963 2314 2042 leguntur
2359 1963 2425 2024 in
2537 1978 2877 2044 regemque
2904 1961 3115 2038 lsrael,
3152 1960 3273 2023 fuit
3312 1961 3379 2023 in
3420 1979 3489 2022 se
3529 1960 3871 2022 honestum
3914 1965 4025 2020 aut

937 2062 1202 2125 excelsis
1251 2061 1580 2125 obtulisse.
1613 2061 1700 2124 De
1735 2061 1999 2124 excelsis
2043 2081 2301 2143 quoque
2347 2059 2426 2123 fit
2538 2059 2805 2138 licitum,
2842 2061 3093 2125 videtur
3131 2060 3253 2122 Asa
3294 2077 3609 2142 peccasse,
3644 2057 3921 2139 petendo
3955 2065 4023 2117 ut

685 2167 904 2223 ineant,
938 2161 1179 2223 mentio
1209 2179 1421 2241 supra,
1459 2159 1524 2222 in
1556 2159 1786 2242 primo,
1811 2159 2111 2235 secund0,
2136 2179 2209 2223 ac
2241 2160 2427 2223 tertio
2536 2167 2888 2223 cassaretur
2922 2177 2935 2220 :
2970 2158 3126 2240 quia
3155 2167 3225 2221 ut
3252 2157 3340 2222 ait
3369 2156 3782 2238 Augustinus,
3820 2153 4025 2217 rideli-

643 2230 908 2344 {},L‚¹2¹5¹;²‘²1‘{i
939 2259 1142 2335 libris,
1163 2276 1278 2340 pro
1309 2267 1594 2340 tempore
1613 2259 1784 2338 quod
1813 2257 2305 2322 aedil'icationem
2338 2258 2430 2321 fa-
2536 2265 2630 2319 tas
2668 2259 2860 2320 ctiam
2895 2258 3062 2320 inter
3102 2257 3395 2320 infideles
3430 2263 3525 2319 est
3562 2254 4019 2328 conservanda,

641 2356 908 2461 &affl-2⁴·
940 2375 1166 2420 norum
1200 2355 1553 2419 Salomonis
1586 2356 1928 2436 praecessit.
2534 2364 2595 2420 et
2646 2355 2885 2420 foedera
2934 2357 3109 2439 pacis
3148 2375 3294 2420 cum
3344 2355 3473 2418 illis
3518 2354 3703 2432 inita,
3740 2361 3889 2416 sunt
3934 2361 4023 2414 te-

715 2449 726 2462 ’
1018 2459 1272 2517 Bellum
1310 2465 1527 2516 autem
1562 2464 1703 2515 erat
1743 2457 1917 2515 inter
1942 2457 2076 2516 Asa
2117 2465 2178 2516 et
2210 2460 2425 2518 Baasa
2536 2456 2766 2519 nenda.

936 2573 1146 2632 reyem
1174 2556 1402 2624 Israel,
1428 2553 1506 2616 de
1527 2571 1656 2634 quo
1679 2550 1847 2613 infra
1873 2560 1969 2614 est
1991 2552 2253 2629 mentio,
2272 2574 2426 2614 cun-
2614 2556 3029 2634 Aequiescens
3076 2556 3393 2616 Benadad
3440 2555 3578 2629 regi
3628 2553 3790 2621 Asa,
3840 2551 4014 2610 misit

931 2653 1050 2712 ctis
1077 2653 1302 2713 diebus
1329 2650 1826 2732 eorum,quibus
1857 2651 2093 2732 pariter
2127 2669 2425 2731 regnave·
2526 2655 2855 2731 principes
2897 2655 3215 2714 emercitus
3250 2653 3359 2713 sui
3398 2654 3470 2711 in
3512 2652 3807 2711 civitates
3850 2652 4018 2711 Isra-

931 2759 1102 2826 runt‚
1141 2750 1262 2812 hoc
1294 2757 1390 2812 est
1417 2749 1795 2832 opportunis
1827 2749 2074 2812 diebus,
2101 2749 2221 2814 Sed
2244 2751 2420 2817 obvi·
2530 2755 2609 2822 et,
2646 2761 2707 2812 et
2745 2761 3200 2830 percusserunt
3225 2753 3426 2820 Aion,
3452 2759 3514 2810 et
3541 2752 3714 2820 Dan,
3748 2759 3811 2808 et
3838 2751 4017 2809 Abel-

931 2867 1037 2911 are
1067 2848 1318 2911 videtur
1347 2847 1505 2910 illud
1542 2847 1802 2910 secundi
1835 2846 2361 2930 Paralipomenon
2398 2868 2413 2912 ε
2528 2853 2793 2910 domum
2822 2853 3125 2920 Maacha,
3147 2859 3205 2910 et
3233 2851 3607 2911 universam
3640 2849 4015 2916 Cenneroth,

653 2955 900 3010 near-,xm
932 2945 1485 3027 RegnavitAsa,in
1515 2945 1700 3027 cujus
1728 2945 1956 3008 diebus
1974 2945 2223 3027 quievit
2250 2955 2419 3010 terra
2529 2969 2780 3010 omnem
2821 2951 3062 3011 scilicet
3112 2959 3353 3010 terram
3402 2948 3783 3026 Nephtlzali.
3838 2949 4013 3015 Quod

639 3022 792 3074 ¹³⁵'⁶‘
930 3045 1148 3108 decem
1197 3045 1422 3118 annis;
1475 3052 1538 3107 et
1587 3044 1875 3125 regnavit
1925 3043 1990 3104 in
2043 3063 2219 3128 pace,
2269 3046 2420 3128 quia
2455 3038 2499 3101 C
2530 3068 2734 3127 quum
2764 3047 4015 3124 audissetBaasa,intermisitaedifican’

928 3144 1184 3225 quietus
1213 3152 1368 3219 erat,
1401 3152 1464 3205 et
1495 3143 1672 3205 nulla
1704 3143 2094 3225 temporibus
2124 3145 2265 3225 ejus
2297 3145 2423 3209 bel·
2528 3150 2766 3218 Rama,
2793 3158 2853 3209 et
2883 3168 3167 3208 reversus
3196 3157 3283 3208 est
3324 3149 3393 3206 in
3433 3148 3689 3207 Thersa.
3720 3149 3865 3207 Rea·
3898 3166 4013 3204 au-

929 3243 991 3304 la
1037 3250 1460 3318 surrexerant,
1495 3260 1714 3324 pacem
1763 3241 2028 3304 Domino
2079 3242 2415 3323 largiente.
2528 3257 2653 3307 tem
2672 3250 2805 3308 Asa
2835 3248 3147 3308 nuntium
3176 3248 3356 3307 misit
3374 3248 3447 3305 in
3468 3265 3719 3305 omnem
3738 3247 4003 3313 Iudam,

929 3342 1047 3405 Sed
1078 3342 1156 3404 ad
1187 3342 1306 3405 hoc
1337 3341 1571 3404 ibidem
1606 3341 1937 3422 responsio
1967 3342 2114 3405 data
2145 3352 2265 3405 est.
2301 3348 2421 3406 As·
2527 3344 2591 3406 id
2620 3353 2717 3407 est
2746 3345 2827 3407 ad
2854 3352 3058 3407 totum
3089 3344 3398 3426 populum
3439 3343 3617 3423 regni
3656 3342 3779 3419 sui,
3814 3342 4004 3405 etiam

927 3443 1143 3501 cendit
1172 3460 1419 3520 quoque
1437 3444 1660 3501 Baasa
1687 3461 1804 3499 rem
1826 3443 2032 3501 Israel
2053 3443 2126 3503 in
2143 3444 2414 3517 Iudam,
2526 3445 2604 3506 ad
2637 3443 2989 3525 Benjamin‚
3024 3446 3241 3505 dicens
3272 3464 3295 3503 .·
3328 3444 3527 3506 Nemo
3555 3443 3643 3502 sit
3670 3451 4007 3502 eoecusatus

929 3539 995 3601 id
1026 3546 1122 3601 est
1162 3539 1229 3599 in
1262 3546 1494 3601 terram
1539 3537 1718 3619 regni
1762 3538 1940 3615 luda,
1974 3549 2032 3600 et
2062 3543 2419 3619 aedificavit
2528 3542 2746 3605 venire
2793 3542 2870 3603 ad
2930 3561 3053 3617 me,
3108 3540 3235 3602 nisi
3284 3559 3475 3623 quem
3528 3538 4007 3621 impossibilitas

927 3640 1162 3700 Rama.
1188 3636 1362 3700 Sicut
1390 3636 1454 3697 in
1485 3635 1668 3698 libris
1686 3636 1874 3699 Josue
1901 3656 1974 3700 ac
2000 3637 2291 3700 Judicum
2316 3659 2421 3722 pa·
2527 3650 2805 3703 excusat.
2843 3643 2927 3702 Et
2968 3644 3253 3701 tulerunt
3292 3641 3537 3717 lapides
3570 3642 3651 3699 de
3686 3642 3925 3707 Rama,
3951 3648 4008 3698 et

643 3738 897 3811 Joeuexvgu,
929 3744 1038 3813 tet,
1073 3736 1265 3798 Rama
1303 3734 1426 3797 fuit
1474 3734 1698 3798 civitas
1740 3734 1804 3795 in
1839 3735 2008 3797 tribu
2039 3736 2369 3817 Benjamin
2400 3764 2414 3815 ς
2530 3742 2710 3816 liqna
2752 3740 2920 3817 ejus,
2958 3741 3188 3819 quibus
3216 3740 3651 3814 (edificaverat
3682 3741 3919 3807 Baasa,
3949 3747 4007 3795 et

633 3801 899 3915 {f1²‚1³3⁸‘‚‘¹⁸⁶'
930 3843 994 3898 et
1037 3834 1299 3917 quidam
1339 3834 1582 3909 dicunt,
1614 3834 1786 3914 quod
1831 3834 2104 3895 sumitur
2149 3836 2255 3899 hic
2302 3855 2417 3918 pro
2525 3840 2849 3899 exstruxit
2867 3841 2947 3898 de
2966 3839 3057 3896 eis
3074 3857 3191 3895 rex
3209 3838 3369 3905 Asa,
3394 3838 3611 3897 Gabaa
3630 3838 4002 3913 Beniamin,

929 3932 1239 3996 fortalitio
1283 3949 1534 4012 magno,
1571 3932 1740 4012 quod
1785 3932 1954 3995 circa
1992 3933 2301 4014 oppidum
2346 3934 2420 3996 il·
2523 3946 2582 3996 et
2616 3938 2912 4013 Maspha,
2956 3934 3020 3996 id
3065 3941 3162 3996 est
3204 3933 3510 4015 oppidum
3556 3934 3648 3996 sic
3690 3943 4002 4011 vocatum,

931 4032 1036 4094 lud
1069 4030 1440 4094 construxit.
1473 4029 1792 4093 Interdum
1823 4048 2079 4111 quoque
2099 4030 2294 4093 Rama
2323 4042 2420 4095 est
2524 4052 2597 4095 ea
2656 4032 3050 4096 meliorando
3098 4040 3207 4095 aut
3257 4032 3322 4094 in
3371 4030 3463 4094 eis
3512 4029 3817 4095 fortalitia
3864 4052 4006 4097 con-

929 4148 1160 4192 nomen
1189 4146 1548 4203 commune,
1585 4126 2037 4208 significatque
2069 4129 2411 4207 excelsum,
2525 4132 2848 4194 struendo.

661 4230 828 4275 ⁸⁰1⁰*-
851 4246 894 4284 1¹-
928 4228 1094 4289 sicut
1123 4226 1190 4288 in
1229 4224 1574 4307 Evangelio
1608 4243 1622 4286 :
1656 4225 1789 4288 Vox
1841 4224 1906 4287 in
1957 4225 2149 4288 Rama
2200 4228 2417 4291 audita
2446 4231 2495 4293 D
2602 4232 2879 4310 Reliqua
2902 4240 3117 4291 autem
3144 4231 3437 4291 omnium
3456 4249 3823 4290 sermonum
3852 4232 3997 4301 Asa,

637 4296 702 4337 ’θ’
927 4334 1044 4391 est.
1080 4328 1157 4388 Ut
1187 4345 1313 4385 non
1341 4334 1548 4401 posset
1577 4326 1906 4404 quispiam
1933 4328 2153 4401 eyredi
2181 4331 2281 4387 vel
2312 4329 2416 4388 in·
2520 4338 2580 4389 et
2630 4330 2946 4389 universae
2994 4330 3413 4408 fortitudines
3457 4328 3620 4404 ejus,
3670 4337 3731 4388 et
3778 4338 3997 4389 cuncta

918 4427 1112 4503 yredi
1137 4428 1217 4485 de
1238 4432 1429 4500 parte
1457 4422 1592 4482 Asa
1619 4424 1787 4499 reyis
1813 4425 2013 4493 stada,
2039 4423 2158 4486 hoc
2190 4432 2306 4501 est,
2342 4433 2413 4486 ut
2521 4446 2663 4505 quoe
2691 4427 2872 4503 fecit,
2893 4436 2951 4486 et
2972 4427 3262 4485 civitates
3290 4445 3450 4505 quas
3478 4428 3825 4497 exstruxit,
3852 4446 4000 4487 non-

922 4525 1134 4606 ipsum
1174 4522 1298 4583 Asa
1335 4539 1407 4582 ac
1451 4518 1758 4601 populum
1806 4520 1946 4601 ejus
1997 4530 2289 4599 arctaret,
2337 4542 2411 4586 ac
2519 4545 2599 4585 ne
2650 4527 2784 4585 lioec
2824 4526 3068 4601 scripta
3112 4534 3265 4584 sunt
3322 4526 3395 4583 in
3444 4526 3603 4584 libro
3656 4526 3991 4585 Verborum

919 4620 1258 4703 impediret
1281 4637 1317 4680 a
1348 4617 1551 4680 libero
1580 4617 1752 4679 exitu
1775 4618 1854 4680 de
1877 4626 2042 4682 terra
2073 4639 2189 4681 sua
2209 4622 2286 4683 ad
2320 4620 2411 4684 lo—
2517 4624 2775 4681 dierum
2827 4642 3051 4699 reyum
3084 4624 3263 4683 Juda
3296 4624 3327 4682 ?
3376 4620 3442 4683 ln
3498 4622 3778 4685 seeundo
3821 4622 3991 4685 Para-
4275 4690 4276 4703 χ

913 4738 988 4782 ca
1020 4718 1147 4781 alia
1174 4724 1552 4799 opportuna,
1589 4716 1811 4779 saltem
1844 4736 1919 4779 ex
1965 4717 2076 4781 illa
2106 4727 2309 4800 parte,
2346 4729 2408 4783 et
2518 4718 2885 4802 lipomenon
2934 4720 3134 4783 multa
3172 4719 3487 4799 magnalia
3539 4720 3617 4783 de
3667 4720 3809 4802 ipso
3858 4729 3995 4783 sunt
4036 4746 4235 4789 upa-,m
4274 4704 4276 4766 ἵ

912 4838 950 4881 a
981 4836 1273 4903 regressu
1315 4816 1392 4878 ad
1437 4814 1696 4897 propria
1730 4833 1744 4878 ε
1778 4816 1931 4897 quia
1979 4817 2044 4877 in
2096 4817 2407 4883 fortalitio
2516 4818 2773 4901 scripta,
2835 4826 2897 4882 et
2946 4817 3037 4880 ibi
3082 4818 3387 4900 exposita.
3439 4820 3886 4881 Verumtamen
3926 4821 3988 4879 in
4022 4824 4173 4853 ³¹⁰·

909 4917 1116 4981 voluit
1164 4932 1400 4998 ponere
1423 4913 1785 4977 bellatores
1834 4915 1911 4976 ad
1965 4914 2404 4979 infestandum
2518 4926 2790 4994 tempore
2814 4920 3151 4978 senectutis
3186 4918 3398 4977 doluit
3428 4920 3620 4995 pedes
3660 4918 3991 4981 vehemen-
4272 4954 4274 4977 ÷

910 5016 1030 5093 hoc
1062 5015 1252 5078 modo
1283 5031 1548 5093 regnum
1578 5012 1758 5074 Juda.
2514 5014 2779 5091 tissime,
2814 5022 2877 5077 et
2906 5014 3154 5090 merito,
3178 5014 3333 5096 quia
3361 5014 3429 5076 in
3460 5016 3801 5097 compedes
3830 5016 3989 5079 misit
4272 4982 4274 5100 ᾖ

997 5119 1243 5178 Tollens
1281 5114 1501 5191 itaque
1545 5114 1680 5171 Asa
1719 5132 1904 5171 omne
1951 5123 2293 5189 amentum
2345 5125 2404 5175 et
2514 5113 2909 5195 Prophetam,
2945 5135 2981 5176 a
3011 5132 3138 5194 quo
3170 5112 3376 5175 fuerat
3407 5113 3530 5176 Deo
3572 5113 3841 5195 jubente
3866 5134 3993 5178 cor-

907 5228 1172 5284 aurum,
1206 5214 1378 5292 quod
1407 5220 1801 5269 remanserat
1845 5211 1918 5270 in
1953 5213 2268 5272 thesauris
2298 5216 2402 5272 do·
2513 5220 2752 5293 reptuS‚
2777 5220 2839 5273 ct
2868 5211 2955 5273 ita
2983 5211 3049 5273 in
3080 5211 3377 5293 praesenti
3408 5219 3505 5273 est
3532 5211 3991 5294 castigatus&

907 5332 1054 5375 mus
1089 5312 1379 5379 Domini,
1399 5318 1459 5369 et
1492 5310 1560 5367 in
1583 5310 1900 5369 thesauris
1919 5312 2146 5370 domus
2181 5312 2402 5388 reyioe,
2510 5312 2821 5371 dormivit
2850 5331 2997 5371 cum
3010 5312 3311 5388 patribus
3338 5313 3503 5377 suis,
3520 5320 3582 5369 et
3600 5315 3887 5388 sepultus
3905 5320 3989 5370 est
