4359 6250
604 799 732 843 Rom.
750 812 791 850 x,
813 801 854 840 2.

590 2375 754 2481 'ISBeffl
767 2391 851 2429 xix,

882 497 1000 559 372

1421 510 1767 557 manuario
1810 510 1871 555 IN
1914 510 2048 554 CAI’.
2096 507 2182 554 XX
2223 507 2382 553 unm
2422 506 2592 552 Pnun
2633 505 2858 552 REGUH.
2903 525 2982 534 —-
3023 503 3167 550 ΛΒΤ.
3210 501 3424 549 xxxvu

882 683 1199 747 Christum
1238 682 1691 763 affligendum,
1745 681 1855 762 qui
1906 689 2115 742 tamen
2164 677 2370 741 zelum
2399 681 2448 744 Α
2478 685 2782 752 vaterem,
2807 685 2870 738 et
2891 674 3198 757 Spiritum
3227 674 3524 738 Sanctum
3551 670 3757 735 sortiti
3785 677 3958 746 sunt,

884 782 1223 863 quemdam
1258 781 1367 844 Dei
1399 799 1470 843 ac
1501 779 1657 860 legis
1688 779 2067 854 habuerunt,
2102 777 2211 839 scd
2245 795 2372 839 non

884 881 1235 944 secundum
1286 878 1617 942 scientiam
1668 894 1681 939 :
1730 877 1859 940 imo
1900 895 2171 958 quorum
2222 893 2376 937 non-

882 979 1045 1043 nulli
1075 988 1295 1062 postea
1330 997 1479 1042 vere
1508 975 1801 1040 conversi
1849 975 2108 1038 fuerunt
2138 974 2218 1036 ad
2250 972 2376 1036 Sal·

2479 775 2712 859 quibus
2768 781 2914 836 ante
2971 774 3331 856 passionem
3393 789 3572 832 suam
3623 768 3888 831 asseruit
3939 785 3956 830 :

2479 873 2682 947 Quum
2731 871 3158 935 exaltaveritis
3195 870 3424 933 Filium
3459 866 3760 943 hominiS,
3811 875 3964 928 tune
4003 881 4264 924 sna-..m

2481 971 2693 1035 scietis
2725 971 2878 1053 quia
2905 989 3023 1051 ego
3055 989 3219 1033 sum.

1857 1398 2504 1488 ARTICULUS
2590 1397 2996 1483 XXXVII

1342 1679 1655 1725 Exposrrlo
1707 1675 1982 1723 CAPITULI
2033 1673 2297 1720 vtcsssnn
2343 1673 2356 1716 :
2405 1673 2581 1716 FUGIT
2634 1671 2836 1716 AUTEu
2888 1669 3074 1715 DAvu)
3125 1669 3204 1714 DE
3254 1669 3506 1714 NAm'rfl.

1016 1962 1171 2024 UNC
1220 1959 1541 2034 recitatur,
1589 1957 1863 2040 qualiter
1911 1955 2108 2018 David
2158 1954 2226 2015 in
2277 1961 2370 2016 tot
2407 1951 2453 2012 B
2479 1960 2640 2019 sciat
2659 1961 2774 2018 hoc
2790 1960 3124 2029 Ionatha3‚
3151 1978 3230 2018 ne
3248 1958 3415 2034 forte
3437 1959 3749 2018 tristetur.
3773 1959 3974 2026 Quin-

1035 2057 1555 2123 tribulationibus
1575 2057 1707 2118 suis
1731 2055 2025 2118 habuerit
2049 2052 2366 2132 refugium

878 2162 957 2223 ad
992 2159 1441 2223 fidelissimum
1486 2175 1666 2218 suum
1711 2155 1987 2218 amicum
2029 2152 2364 2216 Jonathan.

880 2261 1080 2336 Fuqit
1110 2267 1326 2318 autem
1356 2257 1575 2318 David
1600 2259 1679 2315 de
1710 2254 1973 2324 Naioth,
2006 2272 2147 2332 quoe
2174 2261 2264 2310 esc
2297 2253 2368 2310 in

880 2363 1113 2426 Rama,
1144 2356 1206 2417 id
1247 2363 1345 2418 est
1384 2351 1707 2428 Ramatha‚
1742 2358 1813 2412 ut
1852 2348 2233 2432 praecedenti
2272 2367 2369 2410 ar-

880 2454 1077 2518 ticulo
1106 2455 1347 2516 dictum
1378 2460 1493 2528 est,
1531 2453 1906 2529 veniensque
1936 2448 2014 2510 ad
2048 2447 2279 2522 locum,
2300 2446 2365 2507 in

878 2573 1006 2636 quo
1048 2561 1287 2616 secrete
1329 2549 1562 2632 reperit
1608 2547 1944 2622 Ionathan,
1982 2551 2229 2607 loeutus
2276 2555 2366 2606 est

874 2674 1085 2714 coram
1123 2653 1403 2714 Ionatha
1436 2669 1458 2708 .·
1490 2649 1664 2717 Quid
1695 2649 1823 2723 feei
1844 2649 1873 2706 2
1908 2645 2123 2726 Itaque
2168 2663 2365 2725 angu-

873 2750 1061 2813 stiam
1090 2749 1298 2812 cordis
1336 2747 1431 2808 sui
1474 2745 1815 2828 querulose
1856 2743 2151 2826 exposuit
2177 2743 2364 2806 Jona-

874 2848 1018 2924 thae,
1072 2855 1143 2908 ut
1190 2846 1370 2908 dolor
1419 2843 1685 2906 interior
1733 2861 1846 2924 per
1895 2842 2089 2905 verba
2136 2859 2366 2923 evapo-

874 2965 1043 3022 ranS,
1079 2943 1497 3022 mitigaretur,
1531 2949 1721 3021 atque
1758 2948 1827 3002 ut
1860 2939 2362 3003 consolationem

872 3041 1339 3122 consiliumque
1368 3060 1405 3102 a
1432 3039 1701 3101 Jonatha
1730 3038 2077 3100 sortiretur.
2103 3041 2257 3106 Quae
2276 3046 2365 3097 est

2480 2057 2632 2128 im0‚
2663 2057 2828 2115 vivit
2859 2057 3204 2125 Dominum
3245 2065 3304 2115 ec
3337 2057 3500 2115 vivit
3547 2057 3778 2116 anima
3829 2066 3972 2125 tua,

2479 2156 2638 2233 quia
2685 2173 2814 2214 uno
2857 2163 3112 2215 tantum
3139 2157 3243 2232 (ut
3293 2156 3388 2214 ita
3434 2155 3685 2231 dicam)
3722 2157 3969 2230 gyradu,

2477 2271 2585 2328 eqo
2613 2271 2906 2330 morsque
2933 2253 3326 2322 dividimur,
3363 2250 3426 2312 id
3458 2259 3575 2327 est,
3601 2250 3792 2314 morti
3823 2271 3964 2313 sum

2477 2349 2826 2430 proximuS,
2865 2356 2953 2411 tot
2983 2349 3410 2412 circumdatus
3440 2348 3686 2430 laqueis
3718 2349 3962 2426 mortis,

2477 2455 2538 2510 ct
2569 2446 2673 2510 vix
2706 2447 2988 2509 lanceam
3022 2447 3220 2528 patris
3245 2446 3336 2508 tui
3359 2447 3554 2523 evasi,
3581 2447 3966 2510 satellitibus
3995 2460 4262 2515 meam,

3997 2527 4036 2565 u
4057 2539 4180 2572 3111.
4201 2531 4263 2568 1·.·.

2476 2563 2732 2626 quoque
2763 2554 2826 2607 et
2857 2545 3328 2627 apparitoribus
3359 2545 3498 2627 ejus
3539 2545 3632 2606 fui
3663 2545 3960 2608 vallatus.
3995 2589 4062 2634 „-
4083 2591 4152 2636 ¹⁴,
4171 2592 4238 2630 Α

2479 2643 2783 2725 Loquitur
2813 2651 3022 2705 autem
3045 2644 3123 2706 de
3152 2653 3357 2706 morte
3386 2643 3569 2725 quasi
3592 2643 3672 2706 de
3702 2662 3770 2706 re
3800 2643 3968 2726 posi-

2478 2741 2626 2818 tiva,
2661 2761 2860 2822 quum
2893 2749 3103 2805 tamen
3137 2759 3265 2805 non
3297 2741 3381 2803 sit
3411 2741 3534 2803 nisi
3566 2742 3840 2823 privatio
3869 2743 3966 2804 vi-

2478 2848 2555 2902 tae
2581 2857 2594 2900 :
2621 2839 2745 2902 nisi
2777 2859 2890 2922 per
2921 2849 3184 2902 mortem
3210 2839 3607 2920 intelligatur
3635 2849 3700 2903 et
3729 2841 3970 2923 praevia

2477 2956 2665 3020 poena
2696 2948 2964 3002 mortem
2998 2940 3328 3002 inducens.

2555 3039 2642 3098 Ec
2680 3040 2777 3098 ait
2813 3041 3126 3101 Jonackas
3165 3041 3252 3099 ad
3293 3038 3514 3098 David
3544 3058 3568 3097 .·
3607 3040 3970 3107 Quodcum-

874 3142 1195 3221 iniquitas
1225 3162 1387 3212 mea,
1410 3150 1469 3200 et
1499 3142 1670 3218 quod
1694 3148 2025 3216 peecatum
2048 3157 2259 3197 meum
2292 3138 2364 3196 in
2402 3138 2444 3200 C
2476 3158 2598 3217 que
2625 3140 2876 3199 dimeric
2905 3140 3074 3198 mihi
3104 3139 3331 3199 anima
3375 3147 3512 3207 tua,
3539 3139 3792 3215 faciam
3825 3140 3967 3199 tibi.

872 3338 1163 3401 Creditur
1200 3346 1434 3412 autem,
1481 3335 1653 3417 quod
1698 3334 1997 3398 Ionathas
2048 3334 2368 3413 ignoravit

874 3444 1116 3519 patrem
1140 3455 1324 3497 suum
1347 3435 1625 3498 voluisse
1647 3433 1934 3497 occidere
1957 3432 2173 3509 David,
2202 3440 2368 3513 post-

872 3554 1064 3617 quam
1093 3534 1332 3615 juravit
1368 3533 1540 3614 quod
1574 3550 1700 3594 non
1731 3530 2149 3607 occideretur,
2178 3538 2368 3612 prout

872 3632 1255 3715 praecedenti
1289 3631 1489 3693 fertur
1519 3629 1823 3711 capitulo,
1860 3629 1949 3691 ita
1979 3630 2151 3710 quod
2180 3629 2366 3690 Jona-

872 3731 1011 3793 thas
1046 3730 1301 3793 interim
1337 3729 1461 3790 fuit
1489 3728 1741 3791 absens.
1765 3727 1913 3790 Ideo
1931 3727 2127 3789 David
2162 3746 2368 3789 rever-

872 3848 941 3892 so
964 3828 1333 3904 insinuavit,
1350 3828 1503 3909 quid
1527 3826 1783 3888 interim
1806 3844 1843 3887 a
1865 3825 2011 3888 Saul
2034 3826 2361 3887 sustinuit.

876 3929 1023 3999 Qui,
1070 3926 1316 3989 scilicet
1362 3924 1685 3999 Jonathas,
1732 3924 1908 3983 dimit
1951 3925 2013 3982 ei
2044 3944 2066 3981 .·
2102 3925 2286 3984 Absit
2326 3945 2366 3983 a

877 4034 952 4086 te.
991 4027 1137 4089 Non
1178 4026 1496 4095 morieris,
1531 4022 1596 4084 id
1639 4030 1756 4095 est,
1787 4024 1971 4102 ‘pater
2013 4042 2194 4084 meus
2237 4040 2364 4084 non

796 4148 801 4152 ·
875 4123 1121 4185 occidet
1160 4130 1242 4184 te.
1280 4124 1499 4201 Neque
1542 4122 1719 4180 enim
1749 4121 1945 4195 faciet
1972 4130 2159 4196 pater
2190 4142 2366 4181 meus

867 4224 1121 4297 qrande
1149 4222 1511 4299 quidquam
1544 4222 1641 4277 vel
1662 4238 1972 4294 parvum,
2010 4220 2142 4278 nisi
2180 4222 2366 4295 prius

864 3251 1123 3319 patrem
1147 3240 1525 3318 tuum,quia
1544 3240 1778 3317 quoerit
1799 3238 2093 3296 animam
2118 3241 2366 3297 meam?
2476 3238 2667 3296 Dixit
2713 3246 2930 3297 autem
2978 3238 3198 3297 David
3247 3239 3335 3297 ad
3379 3238 3710 3297 Jonachan
3747 3256 3771 3295 .·
3815 3238 3974 3297 Ecce

2475 3337 2759 3394 calendoe
2786 3344 2940 3395 sunt
2967 3336 3272 3406 crastino,
3298 3333 3361 3396 id
3385 3342 3500 3410 est,
3529 3352 3668 3395 cras
3701 3333 3824 3395 erit
3853 3332 3976 3394 ini-

2479 3431 2638 3493 tium
2683 3432 2944 3509 mensiS‚
2977 3442 3036 3492 et
3079 3451 3189 3508 eqo
3229 3452 3313 3491 ea>
3345 3452 3516 3492 more
3557 3435 3772 3492 sedere
3807 3436 3974 3491 soleo

2462 3530 2668 3607 jamia
2701 3549 2908 3607 reyem
2943 3534 3031 3591 ad
3071 3533 3471 3601 vescendum,
3511 3539 3816 3611 tanquam
3860 3546 3971 3609 ge·—

2481 3646 2592 3690 ner
2624 3628 2848 3709 ipsiuS,
2883 3636 2945 3690 et
2983 3628 3050 3690 in
3091 3628 3195 3690 tali
3245 3627 3590 3691 festivitate
3622 3626 3970 3709 praecipue.

2477 3728 2749 3787 Dimitte
2777 3746 2924 3803 erqo
2955 3748 3076 3797 me,
3096 3737 3170 3787 ut
3199 3730 3550 3787 abscondar
3577 3729 3650 3787 in
3681 3746 3840 3804 ayro
3869 3748 3976 3787 us-

2476 3846 2597 3903 que
2639 3828 2728 3884 ad
2771 3844 3098 3903 vesperam
3137 3826 3276 3884 diei
3327 3828 3553 3894 cer-tice,
3596 3833 3667 3887 ut
3711 3824 3972 3887 interim

2477 3922 2854 3985 certificeris
2889 3922 3042 4003 quid
3091 3930 3268 4004 pater
3315 3932 3458 3985 tuus
3498 3922 3848 4004 praetendat
3889 3924 3972 3985 de

2477 4038 2600 4083 me.
2636 4024 2718 4082 Si
2753 4023 3116 4097 respiciem,
3152 4022 3215 4083 id
3251 4030 3348 4083 est
3377 4020 3732 4084 absentiam
3764 4038 3971 4084 meam

2477 4119 2912 4195 consideranS,
2936 4122 3306 4200 requisierit
3335 4140 3435 4180 me
3459 4130 3650 4198 pater
3685 4130 3850 4187 tuus,
3882 4140 3974 4180 re-

2476 4220 2809 4293 spondebis
2839 4220 2901 4277 ei
2932 4239 2956 4277 .·
2987 4220 3266 4296 Royavt'l
3299 4240 3395 4278 me
3437 4219 3681 4290 David,
3727 4228 3800 4277 ul
3847 4221 3972 4277 iret

876 4319 1267 4377 indicaverit
1312 4318 1499 4377 milei.
1547 4315 1675 4377 Hoc
1718 4313 1842 4376 suit
1880 4314 2145 4377 verbum
2182 4316 2368 4379 bonae
2400 4323 2449 4383 D
2477 4318 2768 4376 celeriter
2811 4319 2884 4377 in
2923 4318 3319 4383 Bethlehem,
3351 4318 3510 4396 quia
3551 4319 3835 4377 victimae
3879 4337 3976 4377 so-

877 4412 1153 4477 fiduciae.
1175 4417 1249 4476 H
1246 4434 1370 4474 eme
1388 4434 1533 4491 erqo
1554 4415 1785 4473 celavit
1806 4434 1847 4473 a
1868 4433 1968 4472 me
1981 4424 2171 4490 pater
2192 4435 2366 4475 meus

2483 4417 2696 4473 lennes
2757 4416 2851 4473 ibi
2907 4424 3060 4475 sunt
3119 4416 3442 4475 universis
3499 4416 3974 4475 contribulibus

638 4546 656 4566 .
682 4556 847 4600 nequa·
874 4532 1226 4573 sermonem
1259 4513 1740 4571 tantummodo?
1766 4513 1984 4590 Neque
2014 4514 2364 4573 enim*erit
2473 4514 2633 4573 sui-3.
2669 4513 2748 4573 Si
2777 4514 3048 4583 dixerit,
3083 4516 3280 4583 Bene,
3302 4532 3446 4590 pax
3473 4515 3600 4572 erit
3628 4533 3807 4572 servo
3837 4522 3966 4573 tuo,

582 4622 715 4664 quam

876 4612 1072 4671 istud.
1110 4614 1193 4671 Et
1221 4611 1487 4687 juravit
1533 4630 1798 4669 rursum
1843 4610 2085 4678 David,
2127 4609 2190 4671 id
2241 4619 2357 4685 est,

872 4707 1171 4770 Ionathas
1203 4707 1431 4770 iterum
1470 4706 1708 4787 juravit
1753 4705 1875 4787 ipsi
1924 4706 2141 4783 David,
2192 4710 2358 4788 quod

876 4823 1003 4867 non
1048 4806 1461 4881 occideretur,
1504 4804 1848 4866 dummodo
1892 4811 2108 4884 posset
2149 4805 2358 4886 ipsum

871 4902 1237 4965 defendere.
1290 4902 1401 4965 Vel
1453 4903 1578 4964 Deo
1640 4900 1991 4983 inspirante
2042 4902 2356 4966 intellexit

871 5001 1066 5065 David
1115 5019 1241 5064 non
1282 5020 1421 5062 esse
1458 4999 1878 5062 occidendum
1924 5018 1961 5061 a
2002 5000 2210 5076 Saule,
2246 5002 2357 5063 sed

871 5118 1311 5162 successurum
1358 5098 1416 5161 ci
1464 5098 1529 5159 in
1568 5116 1783 5178 regno.
1827 5102 1904 5159 Ec
1948 5100 2085 5167 ille,
2114 5099 2358 5163 scilicet

871 5196 1089 5273 David,
1122 5198 1217 5257 ait
1249 5218 1271 5256 .·
1294 5198 1431 5257 Scit
1454 5198 1738 5273 profecto
1762 5206 1953 5274 paler
1984 5207 2158 5265 mua,
2188 5201 2359 5277 quod

870 5296 1098 5355 inveni
1120 5296 1410 5372 qratiam
1434 5296 1505 5353 in
1527 5297 1728 5354 oeulis
1754 5297 1907 5365 tui-s,
1927 5305 1985 5355 et
2016 5298 2360 5359 ‹lieetsNe-

2475 4610 2555 4670 St·
2583 4618 2802 4670 autem
2831 4612 3040 4690 fuerit
3072 4613 3307 4680 irata-9,
3327 4613 3482 4671 scito
3511 4612 3674 4690 quia
3701 4615 3972 4688 comple-

2477 4716 2540 4766 ια
2581 4716 2671 4766 est
2717 4710 2974 4768 malitia
3018 4710 3183 4786 eJ'uS,
3215 4706 3278 4769 id
3315 4694 3432 4784 est,
3465 4707 3638 4788 quod
3671 4707 3968 4771 absolute

2471 4814 2530 4867 et
2565 4804 2881 4868 malitiose
2911 4806 3266 4869 decreverit
3295 4824 3396 4869 me
3417 4805 3756 4869 trucidare.
3777 4805 3964 4869 Elici—

2469 4912 2573 4965 tur
2601 4922 2676 4965 ex
2716 4904 2838 4980 his,
2875 4905 3043 4985 quod
3086 4905 3283 4967 Judaei
3326 4904 3556 4968 festum
3596 4905 3960 4969 Neomeniae

2469 5020 2580 5064 seu
2610 5001 3028 5064 Calendarum
3067 5002 3546 5066 celebraverunt
3591 5003 3792 5066 tribus
3821 5003 3960 5067 die-

2467 5099 2587 5161 bus
2623 5116 2637 5160 :
2670 5101 2840 5181 quod
2875 5107 3086 5164 tamen
3119 5120 3244 5163 non
3290 5101 3652 5164 habuerunt
3683 5120 3760 5164 ex
3790 5100 3952 5182 lege,

2467 5216 2610 5279 quae-
2655 5216 2783 5260 non
2820 5199 3010 5279 jussit
3053 5199 3210 5261 illud
3259 5200 3384 5261 nisi
3429 5218 3556 5261 una
3595 5199 3702 5263 die
3745 5220 3961 5263 serva-

2471 5295 2546 5372 ri,
2584 5295 2694 5357 scd
2744 5314 2820 5358 ex
2869 5304 3120 5379 patrum
3163 5315 3420 5360 suorum
3463 5296 3803 5361 traditione
3847 5306 3962 5361 aut

4055 5230 4198 5273 13⁹...

3993 5306 4140 5342 xxm,
4163 5299 4178 5335 1
4191 5300 4226 5336 ί.
