4359 6250
75 788 156 828 Nu
163 802 220 829 m.
239 803 348 837 xxv,

57 856 130 894 ts.
143 858 156 892 l
169 860 212 895 s:
225 866 347 897 saxi,

57 919 122 955 113.

113 2366 293 2408 lauh.

63 2444 174 2473 nnn.
189 2433 262 2472 ³3.

72 4502 174 4542 4..

89 5135 224 5175 June
237 5147 258 5174 t

1177 501 1524 547 amanum
1567 502 1626 545 m
1670 502 1806 547 mr.
1855 500 1983 546 xxn
2026 502 2227 548 Josus.
2274 522 2353 531 --
2395 504 2537 551 Aur.
2584 505 2713 551 xxx
3404 496 3485 557 95

427 708 437 715 ·
465 676 574 734 An
599 694 844 751 parum
893 677 1069 735 vobis
1108 684 1224 743 est,
1265 678 1438 754 quod
1459 675 1765 751 peccastis
1813 675 1884 732 in
1915 670 1966 733 A
1987 678 2399 750 possessionis
2438 688 2677 747 vescroe,
2722 677 2786 738 id
2816 686 2912 739 est
2944 677 3272 759 indignam
3304 689 3373 743 ut
3416 682 3481 743 in

384 775 824 849 Beelpheyor?
851 773 1176 835 adorando
1209 772 1450 834 idolum
1485 772 1751 851 Phogor,
1773 790 1884 833 seu

381 871 782 933 comedendo
827 873 906 933 de
949 872 1294 934 immolatis
1345 871 1578 945 eidem,
1630 870 1886 951 quando

379 969 463 1030 ad
503 970 978 1049 suggestionem
1019 970 1293 1047 Balaam,
1331 970 1510 1031 Balac
1557 988 1666 1031 rex
1709 968 1886 1029 misit

384 1066 558 1129 filias
589 1068 860 1144 Madian,
894 1088 1038 1149 quae
1072 1068 1244 1132 filios
1277 1067 1465 1130 Israel
1499 1069 1577 1129 ad
1612 1067 1886 1129 fornica-

382 1164 626 1228 tionem
663 1166 836 1229 illam
879 1166 1303 1249 spiritualem,
1345 1166 1646 1229 videlicet
1685 1165 1886 1228 idolo-

383 1264 662 1342 latriam,
697 1274 760 1328 et
791 1266 983 1329 etiam
1015 1265 1334 1329 carnalem
1361 1272 1780 1346 provocarent
1811 1283 1883 1328 ac

383 1364 733 1427 traherent.
777 1368 865 1426 Ec
919 1386 1114 1443 usque
1165 1367 1232 1425 in
1277 1373 1658 1441 praesencem
1707 1365 1882 1423 diem

379 1468 644 1523 macula
683 1464 885 1538 liujus
922 1465 1200 1532 sceleri-3,
1236 1462 1300 1523 id
1345 1470 1442 1524 est
1482 1461 1776 1523 diffamia
1822 1468 1882 1522 et

379 1560 770 1641 vituperatio
801 1561 1116 1642 quaedam,
1153 1579 1228 1622 ex
1259 1568 1437 1621 tanto
1468 1560 1706 1622 scelere
1737 1578 1884 1623 con-

377 1667 638 1733 secutas,
659 1661 728 1719 in
757 1661 925 1719 vobis
949 1669 1311 1737 permanet.
1337 1658 1637 1733 Quamvis
1668 1666 1880 1720 autem

375 1756 628 1819 crimen
671 1758 830 1819 illud
861 1757 998 1819 -fuit
1027 1776 1368 1821 commune
1407 1766 1472 1820 et
1499 1758 1646 1820 aliis
1689 1758 1884 1819 tribu-

1993 790 2068 832 ea
2109 781 2450 853 poneretur
2492 774 2969 837 tabernaculum
3004 776 3253 839 Domini
3298 787 3360 839 ct
3398 780 3485 841 al-

1995 876 2147 945 tare,
2188 878 2445 951 propter
2477 871 2869 933 idololatrias
2904 881 2967 935 et
2998 872 3155 935 alias
3194 874 3483 957 impieta-

1995 973 2088 1027 tes
2111 966 2197 1027 ibi
2228 976 2376 1031 ante
2407 969 2801 1045 commissaS‚
2837 978 2900 1033 et
2930 970 3075 1034 ideo
3097 982 3273 1035 extra
3304 974 3481 1037 illam

1991 1065 2070 1126 ad
2111 1064 2643 1147 ripam-Jordanis
2674 1069 3119 1132 construxistis
3166 1071 3384 1150 altare,
3421 1074 3487 1135 in

1992 1181 2119 1242 quo
2179 1172 2482 1245 tanquam
2540 1165 2721 1228 vobis
2780 1166 3073 1230 viciniori
3133 1189 3325 1251 quam
3392 1181 3489 1235 est

1991 1261 2188 1323 altare
2229 1262 2477 1325 Domini
2512 1264 2703 1326 situm
2733 1266 2811 1327 ad
2843 1267 3077 1329 ostium
3113 1269 3483 1334 tabernacu-

1994 1359 2060 1435 li,
2095 1360 2335 1423 hostias
2374 1360 2689 1439 offeratis,
2724 1364 2905 1444 quasi
2947 1368 3250 1430 attaediati
3286 1388 3486 1434 remo-

1993 1459 2118 1521 tius
2152 1460 2245 1522 ire
2276 1462 2354 1523 ad
2391 1459 2890 1538 immolandum;
2944 1468 3213 1527 transite
3246 1473 3334 1530 ad
3367 1481 3485 1531 ter-

1991 1580 2156 1630 ram,
2197 1561 2262 1619 in
2296 1580 2425 1640 qua
2459 1562 2945 1623 tabernaculum
2984 1568 3257 1627 Domini
3295 1579 3485 1640 est,et

1991 1659 2279 1719 habitate
2321 1661 2489 1719 incer
2534 1680 2645 1719 nos
2676 1681 2699 1719 .·
2730 1659 2883 1741 quia
2926 1662 3137 1743 potius
3182 1666 3479 1729 volumus

1991 1755 2170 1819 vobis
2224 1765 2450 1818 terram
2499 1766 2778 1819 nostram
2824 1759 3131 1839 dividere,
3168 1783 3361 1845 quam
3416 1776 3485 1828 ut

377 1854 526 1930 buS,
553 1855 822 1918 Phineos
854 1864 1065 1918 tamen
1087 1864 1154 1918 et
1182 1857 1280 1917 sui
1315 1876 1485 1919 nunc
1517 1856 1882 1939 specialiter
1909 1849 1956 1910 Β
1990 1872 2128 1915 eam
2173 1854 2293 1918 soli
2338 1854 2666 1932 habenteS‚
2703 1874 2963 1937 peccare
3008 1879 3119 1923 vos
3160 1863 3485 1943 permitta-

379 1953 706 2036 imputant
735 1954 895 2016 illud
930 1954 1028 2015 his
1055 1954 1538 2037 tribubuS‚quia
1573 1954 1882 2038 putabant

377 2071 494 2115 eos
525 2072 698 2115 nunc
731 2071 950 2115 rursus
991 2053 1202 2115 simile
1245 2052 1492 2115 facinus
1531 2053 1883 2117 commisis-

379 2169 474 2214 se.
525 2150 788 2233 Propter
830 2152 1001 2233 quod
1055 2151 1214 2213 illud
1261 2152 1734 2233 quodammodo
1785 2170 1884 2214 re-

381 2250 576 2326 diret,
612 2259 676 2312 et
719 2251 800 2312 de
837 2268 1004 2313 novo
1047 2248 1491 2332 imputaretur,
1525 2252 1878 2313 secundum

381 2350 560 2431 quod
611 2348 678 2411 in
729 2349 1074 2430 Evangelio
1123 2349 1338 2412 debita
1384 2349 1646 2412 dimissa
1704 2368 1882 2432 repe-

383 2457 612 2510 tuntur
639 2468 678 2511 a
709 2466 894 2511 servo
937 2467 1235 2528 nequam,
1268 2447 1381 2530 qui
1423 2466 1730 2513 conservo
1766 2468 1879 2512 suo

381 2548 596 2610 noluit
645 2546 956 2610 misereri.
1001 2546 1453 2609 Verumtamen
1501 2546 1590 2623 hi,
1644 2548 1880 2628 quibus

380 2646 654 2708 Phinees
684 2654 748 2707 et
777 2646 876 2707 sui
920 2646 1041 2707 ista
1073 2644 1268 2709 locuti
1299 2654 1464 2720 sunt,
1509 2663 1634 2707 non
1668 2645 1882 2709 viden-

379 2753 488 2805 tur
527 2743 768 2806 crimen
803 2743 961 2806 illud
997 2744 1060 2805 in
1105 2743 1498 2826 Beelphegor
1531 2743 1882 2806 commisis-

377 2862 469 2918 se,
523 2842 634 2905 sed
684 2842 896 2924 potius
946 2851 1155 2923 patres
1207 2852 1316 2904 aut
1367 2842 1717 2925 propinqui
1766 2860 1879 2905 seu

375 2948 716 3003 consortes
759 2958 978 3002 eorum
1015 2960 1029 3003 :
1069 2940 1197 3003 imo
1241 2948 1304 3003 et
1346 2941 1458 3022 qui
1512 2941 1670 3003 illud
1720 2940 1881 3003 fece-

373 3239 732 3301 secundam
785 3237 1008 3319 populi
1051 3237 1379 3300 Israelitici
1431 3238 1883 3301 dinumeratio-

375 3356 558 3413 nem,
597 3337 664 3398 in
703 3355 832 3419 qua
863 3337 970 3398 isti
1015 3336 1273 3399 fuerunt
1313 3338 1776 3412 connumerati,
1814 3346 1885 3398 ut

374 3437 449 3499 in
503 3436 796 3499 Numeris
847 3435 1252 3498 describitur.
1304 3435 1612 3498 Dicuntur
1665 3444 1874 3498 tamen

373 3553 684 3617 peccasse
713 3533 779 3594 in
806 3533 1194 3614 Beelphegor
1224 3551 1300 3595 eo
1331 3533 1543 3609 modo,
1579 3552 1707 3614 quo
1741 3552 1884 3616 pec-

371 3641 598 3696 catum
647 3631 1010 3712 aliquorum
1061 3630 1174 3692 toti
1228 3631 1514 3693 societati
1559 3640 1668 3694 aut
1713 3651 1884 3695 com-

373 3730 686 3792 munitati
737 3729 902 3792 solet.
947 3729 1246 3792 adscribi.
1285 3732 1608 3810 Multique
1653 3734 1732 3791 de
1771 3751 1884 3808 po-

365 3833 542 3907 pulo
581 3839 993 3897 corruerunt,
1040 3828 1106 3890 id
1156 3837 1274 3904 est,
1331 3837 1592 3910 propter
1640 3829 1883 3893 crimen

377 3927 550 3988 illud
584 3926 904 3990 interfecti
936 3934 1106 3988 sunt.
1143 3927 1324 3989 Circa
1357 3928 1527 4008 quod
1559 3927 1761 4010 aliqui
1794 3931 1884 3992 di-

373 4035 568 4102 cunt,
600 4025 772 4107 quod
817 4025 1004 4086 multi
1048 4034 1307 4107 propter
1353 4035 1684 4107 peccatum
1736 4047 1886 4110 pau-

375 4144 613 4190 corum
635 4134 1027 4188 corruerunt
1045 4125 1132 4186 Ex
1155 4143 1284 4205 quo
1305 4134 1696 4205 sequeretur,
1713 4127 1884 4207 quod

1991 1972 2152 2013 muS.
2190 1953 2333 2015 Ideo
2366 1953 2657 2016 subditur
2684 1974 2697 2019 :
2735 1966 2991 2020 tantum
3022 1970 3093 2021 uc
3124 1982 3165 2021 a
3195 1965 3477 2025 Domino

1990 2062 2050 2112 ct
2079 2076 2120 2113 a
2153 2062 2365 2113 nostro
2394 2056 2706 2115 consortio
2738 2077 2867 2117 non
2906 2062 3238 2131 recedatis,
3271 2066 3483 2142 oedifi'-

1992 2161 2128 2211 caco
2168 2153 2371 2211 altari
2401 2162 2640 2228 praeter
2678 2157 2887 2213 altare
2920 2159 3189 2217 Domini
3218 2163 3341 2220 Dei.
3388 2184 3485 2221 ve-

1991 2251 2115 2309 stri
2142 2270 2164 2311 .·
2200 2248 2263 2311 id
2311 2258 2429 2326 est,
2471 2249 2591 2311 hoc
2634 2250 2839 2313 solum
2880 2260 3173 2334 optamus
3224 2266 3287 2319 et
3329 2260 3485 2341 peti-

1994 2366 2156 2423 muS,
2210 2355 2403 2428 atque
2463 2348 2583 2410 sub
2644 2348 2761 2410 hac
2820 2351 3187 2417 conditione
3252 2365 3481 2421 terram

1996 2453 2275 2507 nostram
2299 2444 2479 2509 vobis
2509 2447 2981 2511 communicare
3005 2453 3207 2530 parati
3242 2474 3479 2535 sumuS,

1996 2545 2281 2606 utDeum
2316 2562 2441 2606 non
2473 2541 2544 2606 of
2548 2542 2847 2621 fendatiS,
2867 2566 2981 2609 nec
3014 2558 3291 2613 nostram
3325 2574 3488 2618 com-

1995 2642 2365 2705 munionem
2398 2643 2463 2704 in
2486 2643 2595 2706 Dei
2618 2644 2797 2706 cultu
2816 2645 3292 2729 derelinquatis,
3310 2657 3483 2735 quod

1997 2750 2059 2804 et
2110 2742 2291 2805 nobis
2336 2750 2503 2805 esset
2547 2742 2847 2807 nocivum
2886 2764 2899 2807 :
2944 2749 3113 2826 quod
3166 2760 3339 2831 patet
3385 2772 3486 2817 ex-

1997 2840 2209 2921 emplo
2238 2842 2412 2921 quod
2442 2842 2750 2921 sequitur.
2788 2845 3017 2905 Nonne
3044 2850 3272 2909 Ackan
3302 2854 3486 2928 filius

1997 2942 2181 3010 Zare,
2210 2941 2529 3016 praeteriit
2560 2943 2945 3003 mandatum
2976 2946 3268 3021 Domini,
3307 2970 3489 3014 usur-

233 3068 287 3095 η
325 3086 340 3103 ,
377 3048 560 3115 runt,
594 3058 740 3102 mox
787 3038 1051 3102 fuerunt
1092 3040 1310 3117 occisi,
1343 3048 1415 3101 ut
1457 3040 1877 3103 Numerorum
1919 3047 1964 3112 C
1996 3038 2207 3119 pando
2265 3039 2343 3099 de
2400 3037 2806 3100 anathemate
2853 3040 3135 3121 Iericho,
3185 3058 3244 3107 et
3290 3070 3486 3128 super

275 3119 340 3165 ¹²·
377 3139 552 3202 liber
581 3139 795 3201 habet.
833 3138 952 3202 Sed
989 3147 1054 3202 et
1085 3139 1328 3201 crimen
1361 3138 1520 3202 illud
1555 3140 1882 3221 praecessit

1993 3159 2241 3200 omnem
2266 3143 2585 3216 populum
2608 3142 2814 3200 Israel
2844 3140 2950 3199 ira
2980 3144 3120 3218 ejus
3141 3148 3489 3212 incubuit?

1991 3236 2144 3317 quia
2188 3237 2253 3298 in
2293 3238 2602 3301 ultionem
2648 3237 2823 3300 illius
2871 3237 3175 3304 facinoris
3219 3247 3484 3326 quidam

1994 3334 2255 3396 fuerunt
2284 3335 2497 3413 occisi,
2520 3336 2735 3418 plures
2770 3335 2998 3417 fugati,
3024 3347 3087 3402 et
3118 3359 3341 3407 omnes
3365 3355 3491 3409 tur-

1993 3431 2145 3494 bati.
2181 3437 2267 3494 Ec
2297 3437 2409 3495 ille
2437 3436 2653 3497 Achan
2684 3446 2824 3496 erat
2854 3458 3028 3499 unus
3056 3443 3263 3514 lionw,
3288 3455 3481 3523 atque

1991 3534 2249 3593 utinam
2267 3537 2438 3592 solus
2450 3536 2745 3610 periisset
2768 3538 2841 3596 in
2859 3542 3087 3598 scelere
3107 3561 3243 3612 su0‚
3270 3541 3335 3604 id
3358 3554 3475 3622 est,

1991 3639 2300 3712 quantum
2353 3631 2421 3692 in
2476 3630 2659 3693 nobis
2714 3641 2832 3710 est,
2883 3636 3065 3700 valde
3112 3648 3481 3721 optaremus

1994 3730 2164 3810 quod
2215 3730 2353 3811 ipse
2401 3728 2573 3792 solus
2625 3728 2856 3792 fuisset
2902 3734 3149 3797 occisus
3200 3759 3314 3820 pro
3365 3762 3481 3806 suo

1997 3828 2300 3891 facinore.
2335 3829 2503 3890 Istud
2537 3847 2729 3909 supra
2769 3829 3024 3911 plenius
3062 3835 3379 3917 recitatur,
3416 3851 3479 3905 et
3535 3859 3669 3904 Josue
3686 3875 3755 3905 vu.

1996 3927 2087 3988 ibi
2118 3925 2475 4008 expositum
2507 3934 2623 3988 est.

2074 4024 2313 4087 Deinde
2342 4023 2725 4086 describitur
2751 4025 3208 4092 Rubenitarum
3241 4041 3305 4096 et
3330 4041 3482 4101 soci.

1995 4142 2174 4187 orum
2199 4141 2419 4185 corum
2442 4122 2840 4186 rationabilis
2861 4127 3197 4192 excusatio.
3212 4134 3483 4208 Respon-

381 4243 521 4288 non
553 4223 760 4287 solum
791 4223 903 4304 qui
935 4223 1175 4286 crimen
1207 4223 1368 4285 illud
1403 4223 1882 4303 commiserunt,
1919 4227 1968 4288 D
1995 4225 2355 4301 dea-unaque
2390 4222 2526 4297 filii
2554 4223 2775 4283 Ruben
2818 4234 2878 4284 et
2922 4227 3065 4286 Gad
3093 4237 3152 4287 et
3180 4231 3482 4294 dimidiae

379 4324 502 4387 sed
541 4323 692 4386 item
723 4322 838 4404 qui
867 4329 1352 4401 consenserunt,
1377 4330 1484 4383 aut
1518 4341 1644 4385 non
1679 4323 1890 4387 debite

95 4436 340 4530 agane.
379 4421 788 4498 restiterunt,
827 4419 1087 4482 fuerunt
1125 4419 1342 4482 occisi.
1368 4420 1521 4482 Nam
1555 4429 1618 4482 ct
1652 4421 1892 4503 princi-

377 4541 507 4605 pes
534 4519 696 4602 jussi
731 4518 994 4582 fuerunt
1023 4519 1353 4600 suspendi,
1379 4527 1442 4581 et
1472 4519 1704 4601 viginti
1735 4540 1894 4602 qua·

377 4632 542 4683 tuor
581 4617 786 4680 millia
825 4618 905 4679 de
945 4617 1184 4699 populo
1223 4617 1615 4680 ceciderunt.
1667 4622 1752 4682 Et
1785 4641 1890 4681 vos

375 4717 582 4778 hodie
621 4715 1060 4794 dereliquistis
1102 4716 1480 4785 Dominum,
1522 4725 1582 4774 ec
1623 4736 1792 4786 cras,
1825 4715 1888 4778 id

377 4823 484 4878 est
517 4813 650 4876 cito
681 4821 825 4894 post
855 4813 1013 4888 haec,
1039 4815 1111 4872 in
1138 4815 1514 4873 universum
1545 4817 1752 4875 Israel
1785 4817 1890 4876 ira

373 4917 536 4992 ejus
579 4913 914 4981 desoeviet,-
937 4911 1001 4973 id
1051 4920 1170 4988 est,
1202 4930 1426 4975 omncs
1470 4912 1814 4993 puniemur
1851 4933 1888 4976 a

379 5010 665 5076 Domino
726 5029 842 5093 pro
892 5019 1102 5073 vestro
1157 5029 1440 5073 excessu.
1495 5010 1705 5088 Porr0,
1761 5032 1889 5094 qua

268 5147 315 5176 ιι.
378 5110 694 5192 aequitate
745 5109 864 5173 hoc
917 5108 1061 5171 fieri
1109 5117 1347 5191 posset,
1402 5129 1593 5190 supra
1641 5110 1886 5174 diffuse

377 5209 754 5294 expositum
787 5217 902 5271 est.

473 5311 662 5379 Quod
677 5310 738 5368 si
759 5311 1013 5386 putatis
1041 5309 1452 5368 immundam
1480 5329 1608 5368 esse
1643 5319 1880 5370 terram

2000 4321 2203 4381 tribus
2234 4323 2555 4390 Manasse,
2578 4322 2991 4398 principibus
3022 4328 3362 4403 legationis
3395 4334 3489 4392 Is..

1997 4423 2134 4480 rael
2173 4441 2196 4479 .·
2232 4420 2649 4480 Fortissimus
2690 4423 3008 4482 Dominus
3058 4427 3231 4486 Deus
3279 4433 3489 4493 Israel

1999 4521 2130 4595 ipse
2173 4519 2376 4588 novit,
2412 4517 2477 4579 id
2522 4525 2639 4594 est,
2682 4518 2803 4580 scit
2844 4538 2993 4581 vera
3037 4539 3175 4585 esse
3220 4544 3360 4606 quae
3395 4530 3490 4591 di-

1999 4616 2225 4692 cimus,
2274 4627 2333 4676 et
2378 4620 2582 4677 Israel
2628 4618 2831 4676 simul
2874 4619 3225 4696 intelligat,
3257 4624 3320 4686 id
3365 4636 3484 4705 est,

2001 4715 2273 4797 populus
2321 4714 2509 4778 lsrael
2559 4713 2671 4796 qui
2719 4734 2833 4778 vos
2886 4715 3091 4794 misit,
3146 4738 3221 4781 ex
3270 4734 3487 4788 nostra

2002 4813 2415 4894 responsione
2446 4813 2776 4877 veritatem
2820 4826 3183 4895 cognoscat.
3216 4822 3298 4880 Si
3320 4843 3488 4899 prce·

2001 4914 2421 4973 varic-ationis
2442 4915 2686 4983 anim0,
2706 4912 2769 4974 id
2791 4921 2887 4974 est
2910 4915 3237 4993 proposito
3259 4937 3370 4981 seu
3393 4921 3491 4983 in-

1999 5010 2283 5073 tentione
2318 5010 2785 5088 idololatrandi,
2825 5014 2939 5072 Ιιοο
2976 5015 3207 5085 altare,
3241 5017 3318 5079 de
3357 5037 3487 5099 quo

1998 5110 2241 5172 mentio
2281 5117 2393 5186 est,
2432 5111 2935 5181 construxi-mus,
2988 5131 3118 5171 non
3167 5119 3485 5179 custodiat

1995 5230 2107 5270 nos
2136 5210 2457 5271 Dominus
2494 5206 2575 5269 ab
2617 5207 3057 5270 invisibilibus
3103 5217 3166 5271 et
3209 5210 3484 5277 visibili-

1993 5309 2112 5370 bus
2143 5306 2577 5384 hostibus‚sed
2602 5308 2841 5383 puniat
2872 5309 2943 5368 in
2970 5312 3479 5386 praesenci.1stud
