4359 6250
1209 505 1558 552 ssN-ARRATIO
1601 507 1662 551 ΙΝ
1705 504 1840 549 CAP.
1889 502 1973 548 vu
2011 502 2213 549 Josuss.
2261 522 2342 532 --
2382 504 2525 549 ART.
2571 503 2681 548 xm

3411 489 3489 552 47

387 673 611 737 niores
641 676 710 737 in
751 675 1012 758 populo,
1047 676 1198 738 dum
1245 675 1623 740 inferiorum
1671 685 1733 738 et
1778 695 1892 758 pu-
1922 673 1972 735 A
2004 675 2439 757 losophorum,
2473 673 2585 756 qui
2622 682 2771 737 sunt
2813 674 2891 738 de
2931 674 3187 737 civitate
3214 674 3487 752 Jericho,

387 772 688 836 sillorum
733 783 927 855 atque
973 773 1328 856 vulgarium
1376 783 1633 856 peccata
1677 783 1740 838 et
1787 775 1895 838 de-

389 869 851 934 formationem
880 881 1258 952 agnoscunt,
1288 872 1524 936 debent
1557 874 1895 937 vehemen-

389 969 646 1034 tissime
674 970 1061 1047 contristari,
1089 970 1270 1048 flere,
1298 990 1493 1054 seque
1524 991 1735 1035 coram
1769 972 1894 1035 Deo

391 1089 545 1132 cum
585 1071 765 1133 omni
809 1072 1307 1153 compunctione
1353 1081 1770 1154 prosternere,
1805 1080 1896 1134 at-

389 1188 526 1250 que
576 1169 1016 1233 indesinenter
1066 1189 1182 1252 pro
1231 1170 1427 1252 lapsis
1478 1179 1540 1233 et
1583 1170 1770 1233 vietis
1813 1169 1894 1232 ab

392 1267 838 1330 invisibilibus
871 1268 1166 1331 hostibus
1197 1269 1566 1351 deprecari3
1604 1268 1893 1350 proprias

393 1385 660 1447 quoque
706 1366 999 1430 scindere
1053 1376 1284 1444 vesteS,
1340 1368 1405 1429 id
1463 1376 1580 1444 est,
1636 1366 1894 1449 propria

391 1483 595 1546 opera
625 1465 977 1547 increpare,
998 1474 1059 1528 et
1092 1464 1461 1542 formidare,
1481 1466 1651 1546 quod
1684 1485 1760 1528 ex
1781 1483 1894 1527 sua

395 1563 791 1644 negligentia
823 1571 1014 1644 atque
1047 1565 1378 1628 demeritis
1412 1564 1509 1626 illi
1542 1564 1632 1626 ita
1661 1563 1893 1644 dejecti

391 1662 549 1724 sint.
577 1661 820 1725 Debent
848 1663 1038 1724 etiam
1071 1681 1218 1726 suas
1250 1662 1540 1726 scindere
1572 1672 1800 1740 vesteS,
1827 1662 1890 1725 id

389 1769 515 1836 est,
550 1779 666 1822 sua
695 1780 963 1842 corpora
994 1781 1110 1843 pro
1144 1761 1400 1824 illorum
1436 1761 1893 1824 reconciliatio-

2004 773 2067 835 id
2100 782 2197 836 est
2227 774 2307 835 de
2337 773 2598 849 mundo,
2618 773 2819 836 multa
2850 782 2946 836 est
2977 772 3405 856 pulchritudO.
3429 774 3492 836 Si

2004 890 2154 954 ergo
2187 871 2513 934 inveneris
2544 874 2714 954 apud
2746 872 3163 954 philosophos
3194 892 3495 955 perversa

2005 971 2322 1052 dogmata,
2351 971 2659 1037 luculenti
2690 971 3003 1035 sermonis
3031 971 3493 1034 assertionibus

2005 1069 2320 1150 decorata,
2354 1092 2546 1136 aurea
2576 1071 2795 1151 lingua
2825 1088 2936 1132 seu
2969 1069 3185 1148 regula
3222 1078 3347 1144 est3
3382 1070 3490 1132 sed

2006 1166 2148 1232 vide
2178 1188 2260 1232 ne
2291 1179 2351 1234 te
2380 1170 2656 1252 decipiat
2686 1167 3000 1232 sermonis
3019 1167 3196 1231 aurei
3218 1167 3493 1249 pulchri-

2005 1267 2180 1330 tudo.
2199 1268 2261 1331 Si
2283 1277 2533 1351 poetam
2568 1268 2797 1346 legeris
2828 1265 3170 1330 modulatis
3200 1265 3492 1329 versibus

2004 1373 2195 1447 atque
2243 1367 2623 1448 praefulgido
2672 1365 2953 1430 carmine
3002 1367 3153 1428 deos
3213 1365 3490 1446 deasque

2007 1473 2321 1529 texentem
2352 1486 2465 1530 seu
2496 1465 2985 1542 describentem,
3020 1464 3166 1528 vide
3208 1483 3288 1527 ne
3329 1464 3493 1527 dele-

2003 1563 2195 1626 cteris
2216 1564 2597 1646 eloquentiae
2620 1563 3272 1646 suavitate‚quoniam
3301 1583 3493 1626 aurea

2004 1662 2223 1744 lingua
2264 1672 2377 1726 est.
2414 1664 2477 1726 Si
2517 1663 2690 1727 enim
2730 1663 3064 1726 sustuleris
3103 1671 3166 1726 et
3204 1663 3495 1745 posueris

2002 1781 2142 1824 eam
2195 1762 2261 1824 in
2308 1763 2718 1827 tabernaculo
2763 1771 2893 1840 tuo,
2941 1763 2994 1824 si
3042 1763 3106 1824 in
3151 1781 3260 1825 cor
3312 1771 3487 1824 tuum

391 1877 500 1936 ne,
534 1859 956 1924 conversione
987 1867 1052 1922 et
1082 1859 1286 1923 salute
1317 1860 1649 1940 castigare,
1686 1879 1894 1923 mace·
1921 1867 1966 1929 Β
2003 1859 2432 1924 introduxeris
2462 1880 2575 1943 per
2604 1879 2987 1924 consensum
3028 1879 3173 1942 quae
3201 1880 3493 1924 asserun-

391 1976 538 2020 rare
557 1966 622 2020 et
646 1957 924 2037 flagellis
943 1966 1236 2021 atterere.
1257 1958 1496 2040 Nempe
1527 1959 1581 2020 si
1610 1959 1798 2022 Josue
1831 1967 1894 2022 et

391 2056 684 2119 seniores
719 2056 906 2119 lsrael
957 2064 1051 2118 tot
1097 2065 1162 2119 et
1214 2065 1386 2119 tanta
1427 2057 1716 2120 fecerunt
1748 2075 1892 2139 pro-

391 2164 539 2236 pter
569 2154 985 2237 temporalem
1009 2154 1225 2234 fugam
1245 2164 1306 2218 et
1331 2155 1655 2220 laesionem
1679 2175 1715 2218 a
1743 2156 1890 2220 visi-

393 2252 640 2315 bilibus
667 2251 974 2316 inimicis:
999 2262 1242 2334 quanto
1268 2254 1471 2335 magis
1499 2254 1620 2316 ista
1650 2255 1892 2334 agenda

391 2360 547 2413 sunt
579 2360 840 2433 propter
877 2351 1171 2414 fidelium
1208 2350 1425 2432 fugam
1468 2360 1532 2415 et
1564 2352 1889 2416 laesionem

388 2450 475 2512 ab
506 2448 945 2514 invisibilibus
975 2451 1396 2514 atrocissimis
1440 2450 1734 2513 aemulis‘i

474 2548 804 2624 Praeterea‚
823 2567 1022 2630 quum
1047 2549 1346 2630 praelatus
1364 2549 1644 2631 aliquem
1667 2567 1892 2630 cogno-

389 2646 560 2708 verit
589 2647 958 2724 excessisse,
996 2647 1165 2710 dicat
1208 2648 1267 2711 ei
1309 2649 1477 2729 quod
1515 2648 1704 2711 Josue
1731 2646 1892 2710 dixit

387 2746 472 2808 ad
522 2745 742 2809 Achan
779 2763 794 2808 ε
829 2749 972 2808 Fili
1018 2750 1134 2816 mi,
1176 2750 1263 2808 da
1300 2749 1584 2824 yloriam
1631 2751 1788 2818 Dee,
1831 2757 1891 2807 et

387 2849 698 2921 confitere
735 2854 930 2925 acque
971 2847 1196 2906 indica
1237 2847 1405 2906 mihi
1443 2848 1606 2926 quid
1638 2847 1886 2924 feceris,

386 2943 656 3025 Oportet
687 2943 859 3006 enim
903 2942 969 3004 in
1009 2945 1452 3006 sacramentali
1484 2943 1891 3007 confessione

2000 1967 2103 2020 'tur
2133 1959 2214 2021 ab
2246 1959 2396 2037 illis,
2430 1959 2667 2041 polluis
2698 1959 3043 2022 Ecclesiam
3075 1960 3207 2022 Dei.
3243 1960 3370 2022 Hoc
3404 1959 3491 2022 fe-

2000 2056 2087 2120 cit
2118 2056 2345 2120 infelix
2365 2058 2739 2120 Valentinus
2762 2067 2824 2120 et
2844 2057 3171 2135 BasilideS,
3196 2057 3317 2120 hoc
3339 2057 3494 2122 fecit

2001 2165 2064 2220 et
2109 2157 2382 2219 Marcion
2424 2156 2759 2220 haereticus
2795 2175 2808 2218 ε
2848 2155 3042 2218 furati
3090 2165 3238 2218 sunt
3280 2155 3434 2219 istas
3467 2159 3491 2183 *

1999 2274 2226 2320 aureas
2268 2254 2517 2336 linguas
2562 2256 2640 2318 de
2678 2255 2947 2332 Jericho,
2984 2263 3047 2318 et
3076 2255 3493 2338 philosopho-

2003 2373 2142 2414 rum
2190 2363 2390 2416 sectas
2440 2372 2570 2417 non
2621 2362 2823 2418 rectas
2874 2354 2940 2415 in
2984 2354 3331 2418 Ecclesiam
3382 2355 3491 2420 Dei

2003 2450 2405 2516 introducere
2444 2460 2507 2515 et
2549 2472 2803 2516 omnem
2850 2452 3157 2535 populum
3199 2453 3489 2534 polluere

2002 2558 2152 2612 sunt
2181 2550 2406 2614 conati.
2425 2550 2542 2614 Sed
2568 2569 2683 2614 nos
2715 2552 3206 2633 praecedentium
3239 2561 3489 2634 patrum

2002 2667 2345 2730 sequamur
2367 2649 2751 2730 exemplum,
2769 2657 2831 2712 et
2852 2649 3229 2731 abjiciamus
3250 2650 3491 2714 malum

2003 2748 2082 2810 de
2113 2747 2299 2810 nobis
2337 2765 2350 2809 :
2390 2767 2535 2810 nam
2575 2756 2639 2810 et
2681 2747 2745 2810 in
2780 2748 3012 2811 nostris
3041 2749 3493 2830 disputationi-

2001 2845 2121 2908 bus
2165 2846 2362 2909 moris
2398 2853 2497 2910 est
2534 2846 2767 2924 dicere,
2802 2847 2955 2927 qnia
2994 2847 3313 2910 Christum
3360 2865 3491 2910 non

2001 2964 2233 3027 purum
2266 2944 2589 3008 bominem
2623 2945 2917 3022 dicimuS,
2938 2947 3046 3008 sed
3068 2946 3265 3008 Deum
3297 2955 3360 3008 et
3390 2945 3494 3009 ho-

387 3059 852 3121 recognoscere
881 3040 1171 3122 culpam3
1207 3040 1275 3102 in
1307 3041 1602 3105 exteriori
1635 3061 1892 3125 quoque
1923 3047 1966 3109 C
2003 3043 2240 3106 minem
2272 3042 2679 3106 confitemur.
2699 3044 2839 3106 Haec
2869 3042 3189 3125 Origenes.
3215 3045 3329 3108 Per
3359 3045 3493 3127 pal-

390 3139 558 3217 foro,
593 3139 651 3202 si
681 3140 844 3203 ratio
873 3139 1090 3221 exigit,
1125 3138 1313 3203 fateri
1345 3142 1656 3218 eamdem,
1694 3160 1894 3222 quan-

388 3239 476 3301 do
519 3238 824 3301 videlicet
863 3238 1126 3319 publica
1167 3246 1284 3315 est,
1333 3239 1434 3301 vel
1479 3239 1736 3321 publice
1779 3259 1893 3321 pu-

389 3337 656 3400 nienda.
692 3338 807 3404 Per
854 3338 974 3400 hoe
1025 3356 1196 3413 vere,
1250 3339 1421 3417 quod
1469 3339 1655 3401 Josue
1705 3338 1886 3414 dixit,

389 3436 515 3498 Fili
547 3436 663 3512 mi,
698 3443 872 3518 patet
908 3454 1100 3517 quam
1141 3435 1471 3499 caritative
1511 3444 1574 3499 ct
1611 3455 1894 3519 compas-

390 3536 554 3611 sive,
611 3552 742 3597 non
791 3554 867 3597 ex
916 3534 1012 3597 ira
1059 3544 1169 3596 aut
1207 3534 1376 3611 odio,
1424 3534 1777 3617 increpatio
1827 3545 1892 3600 et

389 3633 753 3697 exhortatio
803 3632 948 3695 fieri
998 3632 1247 3696 debeat.
1295 3634 1384 3695 Ex
1433 3635 1661 3697 eodem
1709 3636 1894 3699 doce-

390 3750 562 3807 mur,
616 3732 791 3813 quod
840 3729 1116 3813 propriae
1164 3731 1370 3813 culpae
1409 3732 1755 3811 confessio,
1810 3734 1894 3797 sit

391 3830 502 3893 Dei
539 3828 978 3903 laudat.io.Qui
1009 3828 1182 3891 enim
1215 3848 1283 3892 se
1314 3849 1610 3912 peccasse
1643 3832 1889 3909 fatetur,

391 3930 594 3991 Deum
621 3947 762 3991 esse
788 3929 1031 4009 justum
1053 3936 1116 3990 et
1137 3936 1444 4005 sanctum,
1467 3938 1686 3992 eontra
1707 3932 1892 4013 cujus

392 4029 768 4091 mandatum
813 4027 1059 4109 aliquid
1105 4028 1235 4108 egit
1281 4036 1390 4091 aut
1433 4029 1670 4107 omisit,
1707 4038 1895 4093 testa-

389 4136 522 4189 tur.
577 4126 896 4208 AmpliuS,
949 4126 1114 4188 sicut
1161 4127 1378 4189 Achan
1435 4146 1579 4190 mox
1633 4128 1895 4192 humili-

2005 3144 2161 3205 lium
2204 3151 2417 3206 autem
2458 3142 2825 3207 coccineum
2864 3143 3048 3207 valde
3086 3143 3349 3222 bonum,
3384 3164 3490 3227 po-

2004 3250 2126 3304 test
2155 3241 2427 3321 intelligi
2451 3240 2771 3304 saecularis
2790 3250 3047 3305 ornatus
3072 3242 3363 3319 exterior,
3380 3262 3492 3305 seu

1999 3348 2342 3422 apparatus
2374 3340 2773 3422 pompaticus
2815 3359 2852 3402 a
2894 3340 3259 3403 carnalibus
3291 3341 3493 3406 homi-

2004 3439 2194 3501 nibus
2226 3448 2576 3521 reputatuS.
2610 3439 2787 3503 Unde
2820 3440 3105 3521 loquitur
3142 3440 3333 3503 isaias
3378 3458 3394 3502 ε
3428 3442 3489 3505 Si

2005 3536 2244 3600 fuerint
2274 3546 2531 3619 peccata
2560 3544 2769 3600 vestra
2798 3536 2981 3619 quasi
3014 3538 3363 3602 coccinum.
3391 3539 3493 3601 At-

2001 3655 2126 3717 que
2155 3636 2223 3697 in
2256 3635 2631 3719 Apocalypsi
2667 3655 2680 3699 :
2717 3635 2860 3698 Vidi
2894 3636 3227 3700 mulierem
3270 3639 3493 3702 seden-

2005 3744 2130 3798 tem
2176 3754 2369 3816 super
2410 3734 2679 3797 bestiam
2724 3736 3111 3799 coccineam.
3147 3736 3261 3799 Per
3302 3737 3493 3801 siclos

2005 3852 2154 3897 vero
2185 3833 2737 3915 argenteOS,copia
2768 3836 3108 3898 mundanae
3137 3836 3494 3918 prudentiae

2003 3941 2065 3995 et
2099 3931 2268 3993 nitor
2304 3931 2685 4013 eloquentiae
2731 3932 3166 4013 designantur.
3212 3935 3353 3998 Haec
3400 3935 3495 3997 fu-

2007 4039 2178 4092 ratur
2228 4030 2306 4093 de
2354 4029 2624 4107 Jericho,
2674 4030 2786 4111 qui
2828 4039 2973 4112 post
3009 4032 3493 4096 conversionem

2006 4147 2182 4191 suam
2219 4148 2437 4190 rursus
2468 4128 2833 4191 saecularem
2865 4138 2927 4192 et
2956 4132 3276 4193 carnalem
3299 4132 3494 4195 vitam

395 4234 492 4288 ter
518 4224 868 4306 acquievit,
893 4233 958 4286 et
988 4243 1174 4286 suum
1209 4223 1458 4287 facinus
1490 4226 1790 4290 distincte
1819 4248 1893 4291 ac
1924 4231 1973 4292 D
2005 4226 2295 4303 assumit,
2344 4234 2405 4289 et
2456 4244 2531 4287 ex
2579 4226 2857 4289 humana
2915 4227 3254 4310 prudentia
3301 4237 3495 4309 atque

393 4323 730 4387 evidenter
759 4320 1046 4404 aperuit;
1081 4322 1174 4384 sic
1203 4323 1477 4404 quilibet
1511 4343 1678 4401 reuS,
1711 4345 1748 4387 a
1779 4344 1893 4389 suo

393 4422 728 4504 superiore
775 4420 992 4502 jussus
1052 4420 1190 4483 sive
1247 4421 1632 4499 admonituS‚
1687 4422 1896 4488 facere

393 4520 618 4583 debet:
638 4519 769 4582 imo
799 4518 1414 4601 periculosissimum
1445 4529 1542 4582 est
1571 4522 1894 4603 propriam

391 4619 654 4701 culpam
676 4636 925 4699 negare,
945 4627 1053 4680 aut
1074 4617 1346 4681 nimium
1366 4628 1724 4697 extenuare,
1747 4640 1898 4703 prae-

393 4718 618 4781 sertim
648 4736 851 4799 quum
880 4724 946 4779 et
975 4735 1120 4780 reus
1153 4736 1268 4799 pro
1299 4736 1414 4780 suo
1445 4717 1714 4781 crimine
1738 4720 1898 4783 occi-

396 4818 664 4891 dendus,
692 4823 910 4897 peccet
942 4815 1308 4891 mortaliter,
1330 4817 1588 4896 quando
1619 4836 1654 4878 a
1682 4818 1896 4899 judice

394 4914 658 4997 jubetur
689 4914 850 4977 illud
893 4913 1325 4990 manifestare,
1361 4933 1477 4977 nec
1520 4916 1891 4997 acquiescit.

499 5014 652 5075 Vidi
711 5015 887 5073 inter
941 5016 1150 5091 spolia
1193 5016 1482 5091 pallium
1533 5016 1897 5077 coccineum

397 5116 591 5174 valde
620 5114 886 5181 bonum,
917 5119 1038 5175 etc.
1074 5112 1255 5174 Circa
1285 5112 1405 5175 hoc
1440 5112 1530 5174 ait
1567 5113 1790 5176 Glossa
1821 5134 1895 5177 ex

396 5212 672 5294 Origene
706 5230 720 5274 :
757 5212 824 5273 In
855 5210 1258 5276 sermonibus
1303 5213 1624 5276 rhetorum
1667 5222 1730 5277 et
1762 5214 1897 5295 pbi-

2007 4324 2306 4389 facundia
2348 4344 2415 4386 se
2456 4325 2722 4387 extollit.
2772 4325 2939 4389 Talis
2985 4327 3052 4389 in
3094 4325 3260 4390 valle
3288 4326 3495 4392 Achor

2007 4422 2347 4505 lapidatur,
2384 4422 2448 4485 id
2495 4431 2607 4499 est,
2646 4422 2711 4486 in
2753 4423 3149 4488 bassitudine
3194 4445 3322 4489 suae
3369 4434 3494 4488 tur-

2004 4521 2309 4585 bulentiae
2352 4522 2629 4604 propriis
2676 4522 2925 4585 actibus
2974 4524 3153 4586 duris
3194 4526 3495 4607 opprimi-

2007 4628 2132 4696 tur,
2173 4638 2247 4683 ac
2290 4619 2746 4685 diabolicarum
2794 4624 3214 4686 tentationum
3260 4625 3495 4706 ponde-

2007 4718 2186 4780 ribus
2236 4718 2609 4781 trucidatur.
2645 4718 2801 4801 Non,
2831 4738 2979 4800 crgo
3029 4720 3377 4803 gloriemur
3428 4721 3492 4783 in

2009 4816 2285 4891 talibus;
2320 4818 2428 4879 sed
2476 4817 2542 4878 in
2592 4817 2710 4880 hoc
2756 4818 3197 4899 unusquisque
3239 4838 3307 4881 se
3346 4840 3495 4902 pru-

2008 4915 2261 4977 dentem
2306 4923 2485 4997 putet
2534 4924 2597 4979 et
2636 4916 3063 4998 eloquentem,
3100 4917 3153 4977 si
3199 4918 3491 4999 proprias

2006 5012 2542 5090 defectuositateS,
2590 5014 2810 5095 culpas
2850 5023 2913 5077 et
2951 5015 3343 5077 calamitates
3383 5016 3496 5079 hu-

2007 5111 2245 5174 militer
2294 5120 2723 5191 recognoscat,
2771 5113 2940 5175 clare
2987 5114 3393 5193 confiteatur,
3430 5123 3495 5178 et

2006 5210 2322 5291 condigne
2352 5210 2666 5272 emendet.

3562 2171 3579 2190 ‘
3610 2172 3683 2214 isti

3536 3455 3602 3500 1⁸.
3620 3470 3648 3508 ι,
3668 3458 3735 3499 18.

3541 3654 3680 3709 Αροο.
3694 3668 3787 3706 xvn,
