4359 6250
1096 482 1445 530 mammo
1488 483 1555 528 IN·
1592 482 1727 529 cu.
1774 481 1883 530 111
1922 482 2194 530 sunium«.
2242 503 2322 514 —
2361 485 2504 531 Am.
2550 486 2724 532 xxxn

3333 469 3453 532 209

348 653 554 714 Juda.
587 651 886 716 Poterant
910 672 1189 735 namque
1219 653 1362 716 aliis
1393 653 1710 730 tribubuS,
1741 671 1852 734 po-
1883 649 1936 716 A
1966 658 2336 717 introduoeit
2389 659 2461 718 in
2519 661 2783 718 domum
2821 661 3037 736 patris
3086 657 3215 719 sui.
3272 659 3453 726 Quod

352 749 680 814 tissimum
726 751 922 815 tribui
963 753 1143 829 Juda,
1177 761 1482 835 tanquam
1534 752 1733 833 regali
1768 771 1849 815 -ac

352 848 683 926 nobiliori,
716 850 1274 914 matrimonialiter
1305 851 1555 928 sociari,
1590 852 1747 932 quia
1774 870 1850 913 ex

352 946 477 1010 hoc
502 965 633 1010 non
662 949 1049 1030 sequebatur
1080 950 1501 1014 hereditatum
1528 948 1846 1013 confusio.

354 1047 515 1113 Quoe
562 1049 833 1128 reliquit
877 1069 1049 1121 eum,
1081 1059 1141 1110 et
1188 1070 1445 1110 reversa
1488 1059 1578 1109 est
1626 1049 1700 1108 in
1740 1052 1853 1110 do-

350 1163 541 1206 mum
570 1149 789 1224 patris
816 1150 925 1208 sui
952 1150 1027 1208 in
1058 1149 1455 1218 Bethlehem,
1486 1149 1853 1225 mansitque

352 1247 541 1321 apud
585 1265 735 1307 eum
782 1257 1063 1326 quatuor
1105 1249 1452 1308 mensibus.
1491 1245 1851 1308 Secundum

351 1342 609 1424 Lyram,
638 1342 705 1405 in
736 1343 999 1408 Hebraeo
1029 1344 1319 1420 habetur,
1352 1343 1501 1418 Quae
1532 1342 1844 1406 fornicata

352 1448 455 1502 est
481 1460 678 1523 super
706 1461 853 1504 eum
879 1459 893 1503 ε
918 1442 985 1504 in
1019 1461 1149 1525 quo
1178 1442 1353 1523 tangi
1381 1443 1633 1506 videtur
1661 1459 1853 1504 causa

352 1557 489 1601 suae
518 1541 897 1604 recessionis
928 1561 965 1604 a
993 1541 1243 1616 marito,
1264 1540 1377 1622 qui
1399 1559 1539 1603 eam
1568 1540 1650 1604 ob
1672 1558 1853 1602 suam

356 1636 855 1704 fornicationem
902 1640 1115 1721 ejecit.
1164 1639 1277 1702 Vel
1338 1639 1497 1722 ipsa,
1552 1639 1689 1702 viro
1738 1656 1853 1700 suo

356 1736 717 1816 ignorante,
769 1738 929 1801 abiit
976 1757 1123 1801 cum
1172 1738 1483 1800 adultero.
1526 1737 1855 1799 Verumta-

1960 774 2163 833 quum
2203 757 2487 816 audisset
2527 776 2698 816 socer
2734 757 2896 834 ejus,
2935 775 3205 835 eumque
3249 757 3448 816 vidis-

1961 862 2073 922 set,
2091 855 2371 913 occurrit
2399 855 2462 913 ei
2491 858 2694 924 loetus,
2711 863 2771 914 ec
2797 857 3208 930 amplexatus
3237 863 3327 913 est
3349 855 3450 913 ho-

1964 952 2228 1012 minem.
2245 954 2615 1032 Man-sitque
2635 972 2858 1030 qener,
2876 960 3029 1034 puta
3056 951 3304 1014 Levites
3327 970 3450 1013 ma-

1964 1047 2123 1110 ritus
2175 1048 2331 1112 filiae
2379 1049 2502 1112 viri
2552 1050 2631 1112 ad
2674 1069 2864 1131 quem
2909 1050 3106 1127 venit,
3143 1053 3216 1111 in
3261 1054 3446 1111 domo

1960 1149 2160 1208 soceri
2201 1149 2406 1209 tribus
2447 1150 2693 1221 diebuS,
2726 1152 3052 1210 comedens
3095 1167 3245 1208 eum
3286 1168 3354 1208 eo
3391 1157 3452 1208 et

1964 1246 2176 1306 bibens
2206 1248 2660 1327 familiariter.
2693 1249 2815 1308 Die
2854 1257 3070 1308 autem
3107 1256 3340 1326 quarto
3371 1249 3451 1306 de

1958 1353 2162 1413 nocte,
2197 1343 2262 1405 id
2299 1353 2397 1408 est
2427 1344 2610 1407 valde
2641 1363 2846 1421 mane,
2871 1363 3280 1423 consumens,
3303 1363 3453 1422 pro-

1960 1444 2167 1520 ficisci
2209 1446 2436 1516 voluit,
2471 1443 2538 1506 id
2573 1453 2691 1520 est,
2725 1443 2932 1506 redire
2977 1462 3124 1506 cum
3173 1443 3449 1524 conjuge

1964 1559 2099 1602 sua.
2139 1543 2335 1610 Quem
2389 1545 2594 1603 tenuit
2642 1563 2835 1614 socer,
2876 1552 2935 1602 et
2977 1545 3075 1603 ait
3123 1545 3214 1603 ad
3260 1562 3452 1603 eum:

1968 1641 2171 1701 Gusca
2192 1643 2386 1717 prius
2417 1644 2803 1720 pauoeillum
2835 1643 3056 1718 panis,
3092 1640 3157 1702 id
3201 1649 3298 1702 est
3335 1640 3452 1702 ali-

1963 1737 2118 1818 quid
2149 1738 2302 1815 cibi,
2330 1747 2452 1802 etc.

354 1853 505 1897 men
536 1837 728 1899 credo
768 1836 1222 1918 Hieronymum
1255 1835 1657 1899 transtulisse
1688 1834 1855 1897 sicut
1887 1841 1933 1902 B
2045 1839 2478 1917 Sum-emitque
2496 1841 2852 1898 adolescens
2871 1837 2976 1899 die
3005 1837 3251 1918 quinta,
3271 1848 3331 1899 ec
3362 1858 3454 1898 ve-

356 1933 423 1995 in
454 1934 719 1998 Hebraeo
758 1935 1051 2011 habetur,
1084 1943 1147 1997 et
1175 1935 1347 2016 quod
1382 1933 1547 1996 forte
1579 1933 1846 1998 verbum

356 2031 518 2095 illud
558 2033 895 2096 Hebraeum
932 2033 1018 2095 sit
1059 2033 1138 2095 ad
1181 2041 1529 2114 utrumque
1571 2031 1852 2114 aequivo-

354 2151 547 2207 cum;
582 2140 649 2194 et
689 2131 901 2213 aptius
943 2150 1085 2194 esse
1128 2131 1505 2194 translatum
1552 2130 1673 2193 hoc
1710 2129 1852 2193 loco

356 2230 423 2290 in
454 2229 579 2292 hoc
610 2229 901 2306 verbum,
926 2230 1229 2311 Reliquit,
1254 2249 1450 2311 quam
1488 2228 1860 2291 transferre-

356 2336 463 2390 tur
506 2327 575 2389 in
618 2327 954 2391 Fornicata
996 2336 1113 2390 est.
1136 2327 1305 2410 ‘Nam
1350 2327 1541 2410 paulo
1580 2335 1725 2409 post
1763 2345 1859 2388 se-

354 2427 581 2509 quitur
616 2445 632 2489 t
665 2431 1063 2507 Secutusque
1097 2437 1186 2487 cst
1223 2448 1365 2488 eam
1402 2429 1509 2487 vir
1540 2447 1719 2498 suus,
1755 2445 1859 2486 vo-

356 2529 497 2587 lens
539 2527 603 2585 ei
646 2527 1063 2586 reconciliari
1100 2534 1292 2604 atque
1336 2526 1649 2585 blandiri.
1682 2522 1858 2597 Quod

1968 1937 2067 1994 nit
2096 1944 2322 1996 contra
2347 1937 2558 2007 Jebus,
2592 1955 2736 2015 quoe
2757 1939 2957 1995 altero
2985 1937 3248 1997 nomine
3277 1957 3454 1996 voca·-

1966 2034 2157 2093 batur
2166 2036 2552 2102 Jerusalem,
2566 2036 2808 2094 ducens
2825 2053 3038 2095 secum
3058 2036 3219 2094 duos
3239 2036 3453 2095 asinos
3505 2065 3510 2070 ·

1965 2140 2220 2192 onustos
2255 2140 2315 2191 et
2349 2132 2796 2192 concubinam.
2830 2131 2919 2194 Ex
2964 2132 3085 2194 hoe
3127 2131 3454 2196 evidenter

1966 2227 2240 2304 elicitur,
2273 2230 2445 2310 quod
2485 2229 2846 2293 concubina
2874 2230 2942 2291 in
2974 2229 3318 2312 Scripturis
3349 2250 3456 2294 ve-

1971 2326 2117 2389 teris
2168 2327 2553 2390 Testamenti
2614 2327 2936 2391 interdum
2996 2346 3112 2410 pro
3165 2329 3454 2410 legitima

1968 2443 2161 2488 uxore
2204 2425 2535 2508 accipitur,
2567 2426 2722 2507 quia
2760 2425 2893 2489 haec
2931 2426 3162 2488 mulier
3189 2428 3320 2509 jam
3351 2427 3454 2490 bis

1967 2531 2189 2586 vocata
2219 2533 2314 2586 est
2343 2543 2500 2586 uxor
2530 2523 2652 2585 viri
2685 2523 2892 2586 istius.
2914 2524 3144 2606 Sicque
3177 2524 3244 2586 in
3265 2525 3456 2588 Gene-

356 2623 507 2700 viri,
559 2622 866 2686 uxoribus
914 2623 1047 2684 suis
1098 2623 1425 2700 adulteriS,
1476 2641 1603 2686 non
1652 2621 1859 2684 solent
1967 2622 2020 2683 si
2059 2623 2206 2684 Bala
2239 2631 2303 2684 et
2337 2623 2570 2704 Zelpha
2604 2622 2923 2685 interdum
2962 2632 3272 2687 vocantur
3307 2643 3481 2688 uxo-·
3521 2647 3744 2697 aenan,

356 2740 689 2803 peragere,
724 2721 1021 2802 quamvis
1070 2721 1390 2783 interdum
1436 2721 1515 2782 ad
1560 2739 1857 2800 magnam
1967 2740 2087 2798 reS‚
2142 2720 2486 2803 aliquando
2543 2721 2918 2784 concubinae
2979 2722 3178 2803 ipsius
3235 2722 3448 2787 Jacob.
3480 2711 3745 2815 {ffflm‘

356 2821 636 2883 aliorum
686 2819 1057 2882 instantiam
1108 2819 1425 2901 recipiant
1472 2838 1577 2882 eas
1628 2819 1705 2880 ad
1755 2837 1860 2882 ve-
1964 2824 2238 2900 Jamque
2267 2824 2545 2882 aderant
2568 2821 2776 2898 juoeta
2813 2823 3025 2893 JebuS,
3058 2831 3118 2882 ec
3147 2823 3285 2882 dies
3319 2843 3456 2884 mu-

357 2919 578 2982 niam:
616 2919 746 2982 imo
784 2919 841 2980 si
880 2917 1111 2981 suisset
1150 2918 1460 2994 adultera,
1493 2917 1591 2982 vir
1618 2916 1859 2997 obliga·
1968 2921 2229 2980 cabatur
2257 2921 2330 2979 in
2359 2928 2631 2992 noctem,
2668 2917 2731 2980 id
2771 2926 2887 2995 est,
2924 2936 3052 2981 nox
3093 2920 3288 3002 coepit
3325 2920 3454 2983 diei

358 3027 466 3080 tus
527 3016 757 3080 suisset
810 3035 953 3080 eam
1011 3017 1371 3079 traducere.
1427 3016 1651 3079 Verius
1708 3034 1858 3098 ergo
1888 3024 1932 3088 C
1966 3019 2325 3080 succedere.
2361 3017 2515 3079 Nam
2560 3017 2752 3099 paulo
2796 3025 2942 3099 post
2984 3017 3320 3082 meridiem
3355 3037 3457 3081 ex-

358 3135 507 3180 reor
549 3116 725 3198 quod
769 3114 835 3177 in
886 3114 1275 3179 Scholastica
1323 3113 1526 3178 fertur
1568 3114 1853 3192 historia,

360 3222 589 3297 utpote
609 3215 783 3296 quod
814 3214 1045 3276 mulier
1078 3212 1201 3275 fuit
1231 3213 1369 3277 viro
1399 3232 1515 3277 suo
1537 3213 1695 3274 irata
1725 3231 1861 3294 pro-

356 3324 505 3397 pter
552 3313 837 3395 aliquem
888 3311 1009 3376 viri
1057 3331 1409 3375 excessum.
1461 3311 1589 3375 Nec
1640 3310 1860 3375 verisi-

356 3412 517 3475 mile
558 3420 679 3488 est,
716 3411 890 3493 quod
928 3430 1075 3474 cum
1116 3411 1405 3473 adultero
1445 3429 1601 3473 ausa
1631 3409 1859 3473 fuisset

358 3512 575 3574 redire
605 3510 673 3573 in
702 3511 967 3573 domum
1004 3509 1251 3592 proprii
1292 3509 1514 3591 patris,
1548 3508 1859 3591 Josephus

358 3619 581 3673 autem
630 3608 740 3685 ait,
776 3608 948 3689 quod
999 3606 1127 3669 fuit
1178 3607 1409 3669 mulier
1456 3606 1765 3688 speciosa,
1800 3616 1863 3669 et

360 3708 465 3773 vir
494 3726 639 3771 eam
668 3706 857 3771 valde
886 3705 1129 3783 dilexit,
1162 3724 1290 3768 non
1322 3714 1535 3768 tamen
1566 3706 1863 3769 similiter

360 3807 701 3870 amabatur
730 3806 813 3869 ab
842 3824 935 3881 ea,
972 3803 1211 3867 idcirco
1242 3823 1320 3866 ex
1358 3804 1655 3885 passione
1693 3823 1867 3867 amo-

364 3906 455 3967 ris
488 3904 830 3969 verebatur
858 3902 1105 3985 aliquid
1132 3902 1468 3965 sinistrum
1501 3904 1581 3965 de
1613 3922 1708 3966 ea.
1742 3903 1866 3965 Un-

363 4005 445 4067 de
494 4002 866 4084 frequenter
904 4002 1071 4064 inter
1110 4020 1217 4065 eos
1261 4001 1403 4064 lites
1454 4001 1861 4065 oriebantur:

364 4101 609 4184 quibus
656 4100 889 4163 mulier
932 4108 1213 4181 gravata,
1249 4100 1439 4163 rediit
1482 4100 1739 4163 tandem
1782 4102 1859 4164 ad

1968 3115 2178 3180 ierunt
2225 3115 2614 3192 Bethlehem,
2654 3115 3006 3179 secundum
3055 3116 3229 3198 quod
3277 3135 3460 3181 socer

1967 3215 2128 3277 dixit
2154 3215 2234 3277 ad
2263 3232 2605 3295 generum:
2635 3217 2986 3276 Considera
3007 3218 3178 3295 quod
3205 3218 3342 3276 dies
3373 3219 3460 3277 ad

1966 3334 2258 3375 occasum
2295 3301 2607 3374 declivior
2641 3315 2752 3383 sic,
2785 3312 2847 3375 id
2889 3321 3006 3391 est,
3039 3312 3459 3376 meridianam

1969 3412 2192 3475 horam
2236 3409 2578 3488 transierit,
2611 3420 2672 3471 ec
2695 3413 3101 3492 propinquat
3131 3415 3220 3473 ad
3257 3433 3464 3490 vespe-

1968 3531 2135 3581 ram,
2155 3509 2309 3590 quia
2339 3518 2490 3571 tunc
2519 3508 2614 3571 sol
2645 3509 3028 3572 descendere
3060 3509 3308 3593 incipit.
3328 3514 3462 3573 Ma-

1971 3628 2051 3669 ne
2099 3612 2280 3686 apud
2321 3628 2421 3669 me
2469 3609 2667 3669 eciam
2715 3610 2929 3678 hodie,
2959 3617 3019 3668 ec
3061 3611 3190 3668 duc
3238 3612 3460 3671 loecum

1972 3708 2168 3779 diem,
2198 3716 2257 3767 et
2286 3726 2429 3768 cras
2449 3708 2901 3784 proficisceris,
2921 3716 2993 3767 uc
3024 3710 3228 3767 vadas
3246 3709 3321 3768 in
3352 3711 3462 3768 do-

1975 3826 2153 3867 mum
2201 3816 2404 3866 tuam.
2440 3806 2752 3883 Dioeicque
2782 3826 2951 3883 puer
2990 3810 3078 3867 ad
3119 3808 3460 3868 dominum

1972 3924 2201 3965 suum:
2221 3906 2400 3975 Veni,
2418 3905 2685 3975 obsecro,
2701 3905 3094 3966 declinemus
3123 3909 3211 3966 ad
3240 3907 3461 3966 urbem

1971 4005 2421 4065 Jebusaeorum.
2448 4004 2568 4063 Cui
2597 4004 2925 4079 respondit
2955 4005 3258 4066 dominus
3277 4023 3300 4066 .·
3319 4006 3465 4066 Non

1974 4102 2314 4179 inyrediar
2359 4102 2672 4180 oppidum
2715 4102 2926 4178 yemis
2975 4104 3228 4164 alienoe.
3268 4102 3463 4164 Jebu-

362 4218 519 4263 suos
550 4207 869 4281 parenteS,
892 4217 1087 4280 quam
1117 4206 1373 4262 secutus
1403 4207 1500 4262 est
1529 4197 1627 4262 vir
1658 4199 1864 4263 victus
1898 4205 1948 4268 D
1976 4200 2084 4263 saei
2123 4200 2364 4282 quippe
2406 4200 2672 4261 oderant
2714 4198 3034 4262 Israelem.
3079 4203 3209 4262 Sed
3260 4209 3468 4262 trans-

364 4317 587 4363 amore
617 4298 843 4379 ipsius.
878 4300 962 4359 Ec
992 4297 1215 4360 volens
1245 4316 1385 4359 eam
1420 4318 1633 4359 secum
1664 4301 1863 4359 redu·
1976 4302 2078 4359 ibo
2118 4319 2318 4379 usque
2357 4300 2618 4369 Gabaa,·
2647 4307 2706 4358 ec
2744 4318 2947 4377 quum
2979 4300 3142 4358 illuc
3163 4317 3470 4376 pervene-

364 4418 532 4468 cere,
564 4399 805 4458 habens
848 4398 919 4457 in
964 4397 1276 4457 comitatu
1311 4416 1620 4473 puerum,
1662 4395 1724 4459 id
1772 4405 1869 4460 est
1975 4418 2069 4469 νο,
2104 4398 2508 4457 manebimus
2555 4397 2627 4455 in
2675 4416 2777 4465 ea,
2815 4406 2933 4457 auc
2977 4404 3142 4456 certe
3190 4398 3262 4456 in
3312 4398 3468 4457 urbe

364 4496 763 4571 ministrum,
797 4504 857 4555 et
889 4497 1050 4555 duos
1081 4496 1319 4567 asinos,
1356 4513 1556 4556 unum
1596 4512 1711 4576 pro
1750 4515 1865 4558 sua
1978 4499 2212 4557 Rama.

366 4594 719 4670 evectione,
738 4591 939 4656 alium
971 4611 1087 4675 pro
1116 4591 1449 4655 evectione
1481 4591 1781 4671 ministri,
1802 4603 1865 4658 et
2057 4592 2238 4655 Circa
2275 4590 2395 4653 hoc
2437 4588 2634 4652 refert
2665 4589 2827 4672 Lyra
2863 4608 2877 4653 :
2921 4590 3152 4653 Dicunt
3192 4590 3458 4670 Hebraei,

369 4700 441 4756 ut
482 4692 549 4753 in
592 4690 803 4755 reditu
834 4708 994 4753 uxor
1025 4709 1140 4752 sua
1175 4709 1365 4772 super
1396 4690 1646 4753 asinum
1678 4691 1860 4755 illum
1978 4691 2151 4773 quod
2194 4688 2459 4751 historia
2496 4688 2617 4749 ista
2655 4688 2922 4769 contigit
2961 4697 3243 4770 tempore
3271 4688 3466 4753 Otho-

368 4792 643 4868 sederet,
678 4788 817 4852 sive
846 4796 917 4851 ut
945 4788 1111 4851 asini
1140 4788 1499 4851 necessaria
1530 4787 1725 4853 victui
1759 4800 1872 4853 aut
1980 4788 2165 4852 nielis
2196 4794 2534 4869 antequam
2569 4785 2872 4849 riliiJuda
2901 4794 3206 4867 ceperunt
3223 4786 3466 4850 Jerusa-

366 4890 499 4952 alia
524 4888 773 4971 quaevis
804 4895 1132 4971 portarent
1160 4887 1228 4948 in
1257 4886 1383 4951 via.
1962 4888 2102 4950 -lem
2131 4904 2144 4947 ε
2178 4886 2257 4948 de
2286 4904 2414 4967 qua
2440 4883 2738 4966 captione
2769 4884 3002 4965 legitur
3032 4882 3241 4965 primo
3271 4882 3464 4964 hujus

453 4993 613 5059 Quoe
652 4988 931 5065 suscepit
973 5006 1146 5055 eum,
1178 4984 1243 5047 id
1286 4993 1403 5061 est,
1446 4985 1680 5047 mulier
1732 4985 1865 5063 illa,
1964 4986 2125 5049 -libri
2159 4984 2440 5066 capitulo
2477 5001 2490 5045 :
2524 4982 2976 5066 oppugnantes
3020 4980 3146 5043 filii
3174 4982 3333 5043 Juda
3371 4981 3466 5043 Je-
3509 4996 3753 5051 natans.

366 5088 510 5152 viso
542 5104 661 5149 suo
690 5085 943 5161 marito,
963 5103 1110 5147 eum
1140 5082 1415 5163 benigne
1446 5084 1706 5165 recepit,
1735 5093 1871 5148 tan-
1978 5084 2276 5161 rusalem,
2296 5091 2602 5164 ceperunt
2631 5102 2792 5159 eam,
2819 5089 2882 5144 et
2913 5088 3364 5163 percusserunt
3399 5079 3466 5141 in

365 5206 563 5269 quam
603 5184 809 5248 oblita
844 5181 1099 5265 injuriae
1138 5182 1261 5245 sibi
1302 5180 1506 5259 factae,
1539 5182 1694 5264 quia
1728 5184 1860 5264 jam
1977 5201 2086 5246 ore
2117 5180 2338 5263 gladii,
2369 5181 2686 5243 tradentes
2716 5188 3010 5243 cunctam
3043 5177 3346 5242 incendio
3377 5177 3468 5240 ci-

366 5294 648 5367 quatuor
682 5283 1011 5349 mensibus
1053 5282 1281 5345 absens
1327 5280 1452 5344 fuit
1494 5282 1757 5355 marit03
1811 5293 1871 5343 et
1974 5281 2260 5345 vitatem.
2311 5278 2430 5341 Sed
2479 5278 2599 5340 ista
2644 5268 2864 5359 opinio
2910 5277 3161 5342 videtur
3207 5277 3462 5359 inepta,

622 5418 689 5469 T.
724 5419 774 5469 3.
3157 5410 3220 5459 14
