4359 6250
109 1138 289 1181 Μαωι.

67 1213 172 1250 ttttt
207 1204 278 1244 ¹0.

129 3212 180 3255 lli
189 3214 302 3267 Rey.
317 3228 362 3263 ιι,

97 3275 134 3321 8,
155 3276 193 3316 9.

133 4098 166 4140 ll
185 4100 296 4153 Rq.
324 4112 370 4147 x,

108 4166 146 4206 t.
165 4166 204 4206 5.

123 4984 380 5035 Hausisti.

907 465 1254 512 mammo
1295 466 1358 512 IN
1401 465 1536 513 CAP.
1585 464 1692 510 xlx
1733 463 1891 510 unm
1934 463 2185 510 SECUNDI
2228 463 2451 512 REGUU.
2495 484 2576 496 —
2616 465 2758 512 ΛΒΤ.
2806 464 2955 512 xxix

3356 443 3473 512 547

372 635 709 698 consensit
751 635 1004 710 Abisai;
1046 637 1147 701 vel
1193 637 1476 719 loquitur
1517 656 1620 700 rex
1663 634 1878 698 ambo-
1905 632 1956 695 A
1993 637 2222 698 venisti
2244 657 2501 706 mecum,
2518 635 3470 719 Mtpmbosaemanquidicunt,

369 733 500 796 bus
547 733 901 815 pluraliter,
937 754 1013 799 eo
1053 737 1242 799 modo
1272 755 1402 818 quo
1443 736 1604 799 solet
1633 733 1876 816 aliquid

371 831 660 894 adscribi
711 827 1157 907 communitati
1205 843 1315 898 aut
1361 833 1671 910 societati,
1725 832 1880 914 quia

372 928 692 1011 competit
729 929 841 992 uni
881 939 992 993 aut
1019 931 1402 1012 quibusdam
1449 951 1526 994 ex
1565 951 1660 1007 ea,
1702 931 1881 1012 juxta

373 1045 577 1107 quem
619 1029 878 1092 modum
916 1028 1202 1092 Christus
1241 1030 1309 1091 in
1341 1029 1682 1110 Evangelio
1720 1026 1879 1090 dixit

375 1123 724 1206 discipulis
759 1144 773 1186 :
807 1126 967 1201 Quid
1007 1128 1257 1190 molesti
1289 1128 1440 1190 estis
1473 1127 1624 1190 huic
1656 1125 1881 1188 mulie-

379 1221 486 1284 ri?
519 1230 591 1284 ut
622 1242 750 1287 uno
779 1225 970 1288 modo
998 1225 1358 1307 exponitur.
1388 1230 1518 1288 Cur
1543 1227 1770 1302 efficim
1783 1224 1882 1284 ini

381 1323 559 1386 milei
577 1323 770 1382 hodie
799 1325 872 1382 in
899 1331 1118 1393 satan,
1134 1322 1199 1385 id
1225 1330 1322 1385 est
1353 1322 1419 1384 in
1445 1321 1880 1385 adversarios?

379 1417 543 1498 quia
592 1419 648 1490 si
695 1419 1090 1488 occideretur
1123 1421 1304 1502 juxta
1341 1427 1616 1484 vestram
1665 1419 1886 1482 volun-

382 1523 586 1580 tatem
619 1536 792 1586 nunc
822 1517 1054 1594 Semei‚
1088 1517 1198 1580 alii
1229 1518 1341 1599 qui
1381 1518 1540 1580 mihi
1583 1516 1887 1582 forefece—

383 1623 564 1692 runt,
602 1616 1081 1699 suspicarentur
1120 1617 1244 1679 sibi
1283 1617 1452 1680 idem
1498 1616 1784 1680 futurum
1819 1616 1887 1679 in

385 1723 744 1797 posterum,
781 1715 1004 1798 sicque
1047 1716 1237 1778 modo
1277 1717 1676 1780 discederent
1712 1735 1750 1778 a
1787 1733 1888 1778 me

1988 733 2160 812 quod
2189 733 2373 814 quasi
2406 735 2767 814 indignam,
2804 734 3055 799 vocavit
3086 753 3229 798 eum
3274 733 3477 800 nomi-

1990 849 2069 892 ne
2101 832 2363 896 suo.Vel
2400 832 2564 897 forte
2592 833 2777 916 quasi
2807 833 3203 917 compatiens
3230 849 3243 896 ε
3269 841 3331 898 ot
3363 831 3477 896 sic·

1989 937 2060 991 ut
2079 929 2499 1013 Miphiboseth
2526 933 2657 1015 jam
2688 942 3057 1016 perceperat
3086 931 3361 1016 qualiter
3386 951 3479 996 ac·

1989 1038 2248 1091 cusatus
2292 1040 2427 1094 erat
2468 1031 2599 1113 regi
2642 1051 2681 1094 a
2720 1050 2901 1096 servo
2940 1050 3077 1108 suo,
3113 1040 3177 1096 ot
3205 1029 3479 1114 qualiter

1993 1146 2100 1190 rex
2133 1127 2343 1212 ipsum
2368 1129 2451 1194 ob
2471 1131 2590 1194 hoc
2622 1131 2920 1213 spoliavit
2948 1129 3347 1194 hereditariis
3377 1129 3480 1194 bo-

1996 1225 2130 1301 nis;
2173 1227 2264 1291 sic
2298 1227 2563 1292 forsitan
2597 1249 2704 1292 rex
2734 1229 3019 1312 percepit
3050 1228 3477 1294 innocentiam

1994 1325 2187 1407 hujus
2218 1327 2662 1410 Miphiboseth‚
2697 1347 2889 1410 quam
2922 1326 3125 1392 nihilo
3158 1327 3368 1390 minus
3406 1345 3481 1390 ex

1995 1443 2104 1488 ore
2133 1425 2273 1507 ejus
2304 1425 2557 1491 volebat
2586 1425 2827 1490 audire.

2078 1527 2162 1586 Ec
2192 1529 2575 1603 respondens
2605 1529 2701 1586 ait
2721 1524 3142 1608 Miphibosoth
3172 1542 3185 1588 τ
3214 1527 3487 1588 Domine

2001 1625 2093 1683 mi
2129 1644 2271 1694 rex,
2302 1645 2521 1686 servus
2562 1645 2738 1686 meus
2779 1622 2929 1688 Sibe,
2958 1625 3333 1702 contempsit
3365 1643 3485 1696 me,

2001 1721 2064 1783 id
2107 1729 2223 1798 est,
2262 1720 2635 1786 inobediens
2682 1720 2827 1799 fuit,
2873 1721 3026 1802 quia
3074 1720 3280 1785 noluit
3330 1719 3489 1784 mihi

384 1833 524 1896 prae
559 1814 1081 1893 timore.Eryone
1111 1817 1300 1876 hodie
1331 1817 1761 1893 interficietur
1783 1816 1885 1874 vir
1927 1819 1972 1880 B
2004 1819 2337 1900 providere
2374 1820 2452 1883 de
2490 1818 2751 1883 animali
2794 1838 2922 1902 quo
2968 1818 3253 1884 veherer.
3304 1822 3493 1882 Dia-i-

371 1916 462 1974 -iu
495 1916 750 1976 Israel?
770 1917 880 1975 An
911 1915 1137 1991 iynoro
1169 1935 1269 1975 me
1301 1916 1492 1976 hodie
1519 1918 1770 1994 factum
1798 1935 1890 1974 re-

375 2031 531 2088 yem
551 2033 748 2092 super
765 2015 1020 2074 Israel?
1054 2012 1116 2074 id
1148 2021 1266 2090 est,
1290 2013 1424 2094 jam
1456 2013 1639 2094 quasi
1674 2014 1750 2076 de
1783 2031 1892 2076 no-

383 2130 482 2176 vo.
501 2109 710 2173 laetus
741 2131 884 2174 sum
911 2130 1019 2178 rex
1051 2131 1164 2194 per
1187 2113 1309 2175 hoc
1337 2113 1508 2193 quod
1531 2112 1625 2174 illi
1650 2112 1760 2194 qui
1791 2130 1894 2174 me

383 2209 796 2290 abjecerunt,-
819 2209 1138 2292 recipiunt
1171 2229 1272 2273 me
1303 2210 1370 2273 in
1403 2228 1612 2290 regem
1652 2230 1666 2273 ε
1708 2210 1895 2273 idcir-

385 2327 466 2371 co
500 2327 632 2372 non
652 2310 834 2372 decet
863 2309 1036 2391 quod
1066 2329 1454 2391 quemquam
1488 2309 1742 2373 illorum
1767 2329 1896 2373 mo-

386 2407 474 2470 do
520 2407 834 2484 occidam,
871 2409 982 2470 sed-
1028 2408 1192 2471 sicut
1236 2428 1344 2471 rex
1386 2409 1454 2470 in
1493 2408 1752 2472 exordio
1795 2409 1894 2472 sui

389 2505 672 2569 dominii
721 2513 973 2572 exercet
1017 2507 1422 2570 clementiam
1467 2516 1530 2570 et
1573 2507 1896 2588 subjectos

389 2603 690 2668 hilariter
711 2612 952 2680 tractat,
973 2604 1060 2666 ita
1080 2625 1182 2668 me
1205 2603 1414 2669 facere
1435 2625 1607 2669 nunc
1625 2614 1890 2688 oportet.

387 2706 480 2764 Ec
519 2704 619 2764 ait
657 2724 776 2764 γεω
813 2705 1032 2766 Semei
1061 2725 1084 2764 .·
1115 2706 1266 2768 Νοη
1308 2706 1624 2776 morieris,
1666 2704 1730 2766 id
1777 2713 1892 2780 est,

388 2801 528 2883 jam
559 2809 624 2864 et
655 2821 758 2864 me
789 2810 1096 2883 regnante
1127 2821 1254 2866 non
1286 2803 1596 2866 occideris
1628 2821 1745 2885 pro
1773 2803 1899 2866 cul-

391 2900 500 2982 pis
547 2901 674 2962 tuis
718 2899 786 2964 in
833 2919 936 2963 me
979 2900 1362 2964 commissiS.
1404 2904 1794 2982 Iuravitque
1837 2904 1898 2962 ei

2001 1938 2121 1997 que
2150 1920 2212 1978 ei
2240 1938 2350 1995 eqo
2380 1919 2675 1995 famu-lus
2709 1927 2877 1988 tuuS,
2896 1927 2966 1978 ue
2994 1927 3297 1980 sterneret
3328 1917 3494 1980 ‘milti

2003 2019 2289 2088 asinum,
2326 2026 2397 2077 ut
2436 2019 2779 2078 ascendens
2822 2018 3068 2078 abirem
3112 2035 3259 2078 cum
3298 2034 3441 2092 reyc
3473 2033 3495 2075 .·

2003 2117 2275 2175 claudus
2302 2116 2479 2175 enim
2508 2136 2654 2176 sum
2682 2135 2904 2176 servus
2936 2122 3106 2176 tuus,
3134 2116 3408 2192 Insuper
3436 2122 3496 2175 ec

2003 2215 2331 2274 accusavit
2375 2233 2771 2274 nte-servum
2823 2221 3009 2274 tuum
3057 2214 3236 2290 apud
3284 2212 3496 2274 domi-

2005 2332 2166 2372 num
2196 2332 2404 2372 meum
2440 2331 2669 2388 reyem.
2714 2315 2807 2374 Tu
2838 2321 3081 2382 autem,
3110 2313 3371 2372 domine
3403 2310 3498 2370 mi

2005 2430 2145 2479 γεω,
2175 2413 2343 2470 sicut
2370 2414 2639 2487 anyelus
2668 2412 2791 2472 Dei
2826 2431 2911 2480 ca,
2948 2407 3011 2472 id
3051 2417 3147 2472 est
3185 2407 3395 2490 justus
3436 2414 3499 2472 et

2007 2508 2286 2589 sapienS,
2319 2509 2429 2585 fac
2457 2511 2627 2588 quod
2650 2509 2973 2588 placitum
3006 2517 3096 2570 cst
3129 2509 3246 2568 tien·
3276 2507 3355 2570 de
3390 2506 3501 2568 he-

2009 2606 2275 2670 reditate
2305 2625 2495 2688 quam
2528 2605 2685 2668 mihi
2708 2604 3131 2684 abstulisti,et
3156 2623 3339 2670 servo
3363 2623 3501 2668 meo

2008 2705 2491 2785 dedisti.Neque
2510 2707 2686 2766 enim
2704 2707 2840 2784 fuit
2858 2707 3088 2766 domus
3110 2705 3324 2782 patris
3352 2705 3498 2773 mei,

2013 2803 2076 2865 id
2105 2811 2201 2866 est
2231 2802 2567 2885 posteritas
2598 2800 2767 2880 Saul,
2806 2804 2939 2864 nisi
2970 2804 3166 2864 morti
3194 2804 3501 2874 obnom'a,

2009 2903 2273 2963 domino
2302 2923 2434 2963 meo
2465 2903 2629 2979 reyi,
2660 2901 2723 2963 id
2755 2909 2873 2977 est,
2902 2898 2983 2964 ab
3013 2917 3089 2964 eo
3118 2899 3322 2964 occidi
3358 2919 3505 2984 pro·

393 2999 522 3062 hoc
554 2999 1260 3081 ipsum.Vcrumtamen
1283 3000 1480 3063 David
1507 3000 1572 3061 in
1598 3000 1896 3063 extremis
1936 3002 1980 3065 C
2011 3001 2267 3078 meruit,
2321 2999 2614 3063 habendo
2678 3006 3033 3082 respectum
3094 2999 3171 3062 ad
3230 2997 3501 3080 iniurias

393 3115 620 3178 agenS,
671 3097 863 3179 jussit
911 3097 1234 3162 Salomoni
1285 3097 1574 3162 occidere
1618 3118 1764 3161 eum
1815 3099 1898 3162 ob

395 3216 630 3260 causas
669 3196 842 3259 infra
878 3196 1065 3260 tertio
1106 3196 1268 3259 libro
1303 3198 1733 3279 exponendas,

485 3297 918 3373 Mipkiboseclz
967 3316 1216 3376 quoque
1255 3296 1440 3373 filius
1483 3299 1674 3369 Saul,
1720 3294 1897 3358 silius

399 3392 533 3455 filii
583 3392 814 3470 SauliS‚
860 3400 1078 3475 utpote
1117 3393 1425 3470 Jonatbae,
1457 3396 1782 3455 descendit
1825 3396 1898 3455 in

397 3512 740 3563 occursum
782 3494 952 3569 reyis
997 3494 1200 3555 illotis
1229 3494 1505 3569 pedibus
1541 3503 1601 3553 et
1641 3495 1900 3553 intonsa

395 3592 624 3652 barba.
647 3589 830 3653 Circa
860 3590 994 3653 haec
1025 3588 1251 3653 scribit
1279 3589 1497 3653 Petrus
1527 3591 1852 3654 Comestor
1881 3608 1895 3653 :

395 3688 708 3753 Hebraeus
758 3688 970 3765 habet,
1017 3686 1276 3751 infectis
1325 3688 1617 3771 pedibuS,
1654 3689 1894 3766 dicenS,

397 3788 579 3870 quod
634 3786 870 3851 fecerat
918 3786 1043 3849 sibi
1094 3786 1340 3867 ligneos
1389 3787 1604 3869 pedes,
1660 3787 1902 3851 Asserit

398 3905 670 3969 quoque
697 3886 858 3967 Lyra
895 3885 964 3947 in
1001 3885 1264 3948 Hebraeo
1295 3885 1541 3961 baberi,
1578 3886 1907 3968 lncompo-

401 3986 532 4047 sita
575 3984 796 4061 barba,
829 3984 1136 4065 quoniam
1177 3982 1298 4045 filii
1341 3984 1528 4047 lsrael
1569 4002 1696 4047 non
1744 3985 1906 4049 sole-

403 4083 566 4145 bant
601 4090 752 4144 tunc
786 4082 1046 4145 tondere
1073 4080 1358 4156 barbam,
1396 4090 1466 4143 ut
1497 4100 1691 4163 supra
1720 4098 1906 4164 expo-

2012 3097 2180 3176 Saul,
2216 3116 2375 3181 quas
2408 3116 2520 3181 per
2552 3116 2619 3159 sc
2660 3105 2723 3161 et
2754 3115 2901 3161 suos
2943 3096 3221 3161 fautores
3254 3095 3369 3161 tibi
3414 3095 3505 3161 in·

2012 3196 2203 3260 flixit.
2232 3197 2534 3260 Jonathas
2576 3204 2787 3259 tamen
2818 3205 2880 3260 et
2914 3196 3024 3260 alii
3068 3214 3193 3261 non
3237 3214 3503 3261 conson-

2013 3296 2263 3373 tienteS‚
2286 3314 2411 3358 non
2434 3302 2615 3359 erant
2646 3295 2735 3357 ita
2764 3294 2953 3360 morti
2985 3294 3267 3360 obnoxii.
3287 3294 3503 3377 Magis-

2010 3413 2135 3477 que
2167 3394 2499 3457 tenebatur
2521 3392 2899 3457 benefacere
2928 3392 3048 3476 ipsi
3080 3391 3499 3475 Miphiboseth

2011 3502 2271 3577 propter
2296 3492 2559 3555 virtutes
2592 3489 2943 3554 immediati
2978 3490 3177 3575 patris
3204 3490 3301 3555 sui
3323 3491 3503 3556 Jona-

2012 3592 2148 3667 thae,
2164 3599 2229 3655 et
2260 3598 2515 3673 pactum
2535 3590 2708 3671 quod
2738 3588 2977 3671 pariter
2994 3588 3287 3667 inierunt,
3302 3608 3497 3671 quam

2011 3690 2241 3754 laedere
2269 3706 2413 3751 eum
2448 3694 2705 3772 propter
2736 3685 3011 3751 malitias
3043 3686 3211 3751 Saul.
3239 3686 3357 3751 Sed
3394 3686 3500 3752 Mi-

2013 3786 2353 3871 pbibosetb
2386 3784 2712 3849 humiliter
2742 3783 3045 3867 loquitur,
3066 3782 3398 3868 proferens
3428 3804 3503 3849 ca

2013 3905 2156 3968 quae
2186 3885 2264 3947 ad
2296 3884 2463 3965 regis
2480 3882 2952 3947 excusationem
2984 3881 3365 3947 videbantur
3394 3882 3505 3947 ali-

2012 3983 2289 4066 qualiter
2328 3981 2669 4066 pertinere.
2714 3984 2807 4043 Tu
2842 3990 3058 4045 autem
3088 3984 3370 4059 posuisti
3406 4002 3505 4045 mc

2011 4102 2271 4143 servum
2315 4090 2501 4143 tuum
2540 4082 2714 4141 inter
2748 4080 3051 4141 convivas
3089 4100 3323 4143 mcmoe
3352 4088 3501 4143 cua’.

402 4181 606 4243 situm
636 4188 754 4243 est.
773 4179 1066 4243 Attamen
1087 4179 1216 4242 dici
1249 4186 1478 4260 potest,
1497 4180 1668 4261 quod
1701 4180 1904 4262 aliqui
1935 4181 1985 4243 D
2017 4182 2191 4251 Quid
2217 4200 2366 4259 erqo
2394 4181 2585 4241 hodie
2611 4180 2803 4241 liabeo
2817 4180 3023 4257 juntoe
3052 4180 3507 4260 quereloemut

405 4280 527 4363 pili
547 4279 767 4343 barbae
795 4288 946 4342 tunc
977 4278 1426 4355 tondebantur,
1445 4278 1611 4341 sicut
1639 4288 1704 4341 et
1733 4298 1906 4343 nunc

404 4380 475 4443 in
523 4378 619 4441 eis
660 4396 937 4460 quorum
981 4376 1180 4441 barba
1229 4396 1357 4441 non
1407 4377 1670 4439 raditur.
1713 4380 1908 4440 Vestes

404 4498 664 4557 quoque
692 4498 846 4539 suas
875 4496 1006 4537 non
1035 4480 1312 4545 laverat,
1341 4498 1384 4537 a
1412 4478 1522 4535 die
1547 4496 1678 4555 qua
1707 4496 1910 4553 cyre-s-

403 4597 520 4637 sus
547 4576 776 4653 fuerat
805 4595 924 4635 rea:
957 4594 1158 4653 usque
1195 4576 1270 4634 in
1305 4576 1482 4635 diem
1525 4576 1910 4636 reversionis

405 4676 554 4752 qius
585 4676 660 4733 in
685 4692 870 4749 pace,
891 4672 958 4733 id
981 4679 1102 4747 est,
1122 4670 1320 4733 lavari
1352 4688 1480 4733 non
1517 4668 1672 4735 fecit
1699 4681 1910 4735 vestes

409 4790 588 4847 suae,
609 4769 834 4833 volens
863 4768 1142 4851 compati
1173 4768 1330 4849 regi,
1364 4788 1482 4832 nec
1512 4768 1728 4833 vivere
1757 4770 1914 4833 deli-

409 4878 554 4934 cate
585 4886 736 4949 rege
773 4868 1108 4931 carissimo
1145 4868 1213 4931 in
1250 4867 1566 4947 angustiis
1603 4868 1912 4932 constitu-

411 4978 478 5033 to
513 4986 530 5031 ε
565 4967 800 5031 similis
835 4966 1024 5043 L'riae,
1055 4966 1170 5049 qui
1209 4984 1470 5030 uxorem
1505 4968 1808 5031 accedere
1849 4977 1915 5031 et

413 5069 614 5151 pedes
646 5068 864 5130 lavare
891 5064 1170 5142 nolebat,
1197 5064 1488 5147 principe
1523 5083 1640 5129 suo
1665 5064 1822 5129 Joab
1849 5076 1916 5129 et

413 5166 662 5250 populo
707 5165 820 5228 Dei
857 5164 926 5227 in
971 5182 1118 5227 rure
1153 5162 1534 5245 jacentibus.
1581 5168 1918 5245 Quumque

410 5266 801 5341 occurrisse!
828 5265 996 5340 reyi,
1023 5265 1205 5323 dt‘xit
1233 5264 1298 5321 ei
1326 5284 1442 5323 rex
1470 5284 1495 5322 .·
1527 5266 1742 5331 Quare
1785 5283 1916 5324 non

2015 4282 2178 4361 quid
2212 4298 2473 4357 possum
2518 4282 2697 4341 ultra
2737 4278 3086 4355 vociferari
3123 4280 3213 4339 ad
3246 4298 3455 4355 reqem
3480 4282 3509 4340 ?

2014 4378 2201 4461 quasi
2220 4376 2391 4441 dicat
2415 4394 2430 4439 :
2454 4376 2655 4441 Tanta
2682 4373 3004 4441 beneficia
3034 4374 3191 4439 mihi
3222 4374 3511 4441 exhibui-

2017 4476 2098 4539 sti
2129 4494 2209 4539 ex
2238 4493 2369 4538 una
2396 4482 2595 4557 parte,
2614 4474 2787 4557 quod
2814 4492 2895 4537 ex
2922 4473 3123 4537 altera
3152 4482 3331 4557 parte
3360 4492 3511 4539 con-

2016 4573 2201 4656 queri
2233 4590 2503 4655 nequeo,
2538 4571 2727 4635 etiam
2762 4570 2815 4635 si
2848 4570 3101 4635 auferas
3132 4571 3303 4635 data.

2099 4674 2217 4735 Ait
2242 4690 2391 4749 erqo
2430 4672 2494 4730 ei
2534 4690 2653 4731 rex
2680 4686 2705 4731 .·
2737 4672 2913 4739 Quid
2950 4672 3131 4731 ultra
3180 4671 3513 4749 loquer-in?

2021 4770 2084 4833 id
2115 4778 2235 4845 est,
2268 4787 2397 4833 non
2440 4774 2691 4851 oportet
2736 4775 2797 4830 te
2844 4768 2925 4831 de
2968 4766 3087 4833 hac
3128 4786 3197 4831 re
3234 4765 3514 4850 amplius

2021 4868 2221 4951 loqui.
2274 4870 2523 4931 Fixum
2566 4876 2657 4929 cat
2706 4868 2881 4947 quod
2926 4870 3179 4927 heutua
3224 4886 3397 4939 mm,
3450 4862 3513 4929 id

2021 4975 2142 5045 est,
2173 4964 2490 5029 sententia
2520 4974 2741 5029 contra
2778 4972 2839 5025 tc
2873 4962 3139 5047 prolata,
3178 4982 3309 5047 qua
3348 4962 3517 5027 bona

2023 5074 2134 5129 tua
2159 5062 2403 5127 contuli
2435 5080 2621 5127 servo
2650 5070 2783 5139 tuo,
2816 5080 2945 5127 non
2978 5070 3187 5145 potent
3215 5082 3256 5125 a
3286 5080 3388 5125 mc
3419 5080 3517 5125 rc-

2023 5161 2237 5228 vocari
2270 5162 2336 5225 in
2368 5170 2501 5225 toto
2536 5178 2551 5223 :
2585 5179 2729 5244 quae
2770 5168 2981 5225 tamen
3024 5160 3245 5243 utique
3284 5160 3513 5243 potuit,

2025 5262 2157 5325 imo
2202 5267 2269 5327 et
2308 5258 2531 5324 debuit
2580 5258 2859 5323 totaliter
2908 5256 3233 5335 revocat-h
3268 5258 3397 5325 imo
3446 5258 3516 5323 in

3522 1044 3553 1089 ll
3570 1045 3672 1102 hoq.
3687 1057 3769 1096 xvi.

3508 1111 3547 1160 a.
3570 1111 3609 1154 4.

3542 3604 3791 3661 imaum.

3528 3670 3567 3721 ἲς
3584 3680 3655 3719 ιι.
3674 3668 3740 3712 u.
