4359 6250
965 498 1313 545 mannum
1356 498 1418 543 m
1461 500 1598 545 car.
1645 498 1751 544 vm
1793 498 1952 544 unm
1991 498 2195 543 ‘raam
2236 498 2460 544 naam.
2492 512 2586 528 ·—
2627 499 2789 545 uxr:-
2815 498 2920 545 x1v
3362 480 3482 545 655

370 666 680 730 exhibuit
707 667 830 751 ipsi
861 668 1081 733 David.
1112 668 1194 732 Et
1233 668 1402 731 istud
1439 668 1690 732 videtur
1729 687 1879 733 con·
1905 668 1950 729 A
1983 666 2270 745 Domine,
2307 666 2373 729 in
2406 667 2697 749 requiem
2733 675 2926 745 tuam,
2962 675 3031 729 tu
3069 675 3133 731 et
3174 687 3321 731 arca
3357 666 3483 731 for-

370 785 612 831 sonare
666 766 726 829 ei
785 767 958 848 quod
1016 768 1296 831 secundo
1344 767 1876 849 Paralipomenon
1983 766 2277 829 titudinis
2310 776 2452 829 tuae.
2488 766 2753 829 Domine
2779 768 2965 843 Deus,
2993 786 3073 829 ne
3103 776 3351 830 avertas
3393 766 3485 829 sa·-

371 864 678 939 habetur,
735 883 862 946 quo
913 865 1206 928 Salomon
1270 864 1335 926 in
1385 865 1522 928 fine
1569 865 1876 928 orationis
1985 865 2148 928 ciem
2201 865 2422 929 christi
2472 864 2603 939 tui3
2650 872 2971 928 memento
3014 865 3484 929 misericordia-

373 980 516 1025 suae
559 961 766 1025 fertur
804 962 1042 1025 dixisse
1077 979 1091 1023 ε
1127 962 1306 1025 Nunc
1345 980 1496 1041 ergo
1539 980 1871 1042 consurge,

106 905 134 947 ΙΙ
151 908 258 949 Par.
277 923 338 957 vi,

117 974 138 995 0

1985 982 2129 1025 rum
2159 964 2357 1029 David
2390 963 2559 1027 servi
2593 963 2708 1025 tui.

1486 1393 2132 1480 ARTICULUS
2207 1394 2405 1478 XIV

1093 1668 1466 1715 splm'ruams
1523 1665 1834 1713 Exposl‘rlo
1893 1666 2156 1712 EIUSDEM
2211 1668 2485 1713 CAPrruLl
2541 1668 2781 1715 OCTAVI.

513 1952 698 2017 ICUT
758 1970 874 2034 per
932 1950 1241 2038 templum
1305 1946 1660 2011 Salomonis
1719 1945 1886 2009 desi·
1926 1946 1970 2008 B
1995 1952 2166 2010 dotes
2209 1954 2288 2011 de
2328 1953 2725 2022 sanctuar-2⁶0,
2764 1955 2999 2016 nebula
3037 1957 3331 2033 implevit
3374 1961 3487 2019 do-

529 2058 807 2133 gnantur
838 2049 1198 2114 materiales
1227 2048 1512 2112 ecclesiae
1530 2045 1779 2123 Christi,
1797 2046 1888 2108 sic
1997 2069 2172 2109 mum
2226 2052 2515 2111 Domini.
2569 2049 2671 2112 Sic
2720 2051 2952 2114 Christi
3010 2053 3351 2135 ApostoliS‚
3405 2058 3485 2119 de

384 2170 506 2233 per
545 2150 769 2232 templi
812 2149 987 2213 illius
1027 2148 1568 2212 consecrationem
1611 2155 1674 2209 et
1713 2145 1889 2209 dedi-
1996 2147 2233 2228 quibus
2274 2148 2464 2210 isaias
2514 2148 2763 2212 locutus
2808 2160 2924 2227 est,
2960 2151 3085 2215 Vos
3130 2155 3487 2218 sacerdotes
3546 2176 3767 2229 12.1.x·‚o.

385 2250 710 2314 cationem
747 2270 786 2311 a
822 2248 1136 2332 pontifice
1180 2247 1434 2325 factam,
1473 2245 1889 2329 praefigurata
1995 2246 2249 2309 Domini
2278 2247 2690 2325 vocabimini,
2727 2251 2805 2313 de
2844 2250 3176 2333 Synagoga
3212 2254 3484 2332 egressis

386 2358 488 2413 est
517 2348 834 2413 dedicatio
865 2347 1291 2411 materialium
1322 2346 1557 2410 Christi
1596 2343 1888 2409 ecclesia·
1997 2346 2074 2408 ad
2108 2346 2579 2426 praedicandum
2620 2348 2862 2432 ubique
2887 2350 3259 2431 gentilibuS,
3294 2353 3489 2415 nebu-

123 3658 298 3700 March.
318 3671 365 3708 v,

86 3858 228 3900 Hebr.
243 3872 304 3906 ux,
316 3859 362 3899 4.

87 3957 122 4000 C
123 3959 260 4001 olon.
273 3959 368 4007 129.

137 4253 322 4297 nauh.

83 4331 229 4366 autu,
265 4319 340 4358 18.

389 2467 560 2525 rum,
593 2468 738 2530 quae
767 2448 848 2511 ab
879 2446 1198 2530 episcopis
1230 2448 1436 2510 solum
1468 2444 1568 2521 fit,
1590 2445 1668 2507 ad
1699 2461 1888 2525 quam

389 2546 675 2629 populus
716 2566 864 2610 cum
911 2546 1042 2608 suis
1091 2545 1528 2627 superioribus
1571 2541 1886 2615 confluit3

391 2645 461 2706 in
493 2664 625 2726 qua
653 2643 1054 2707 dedicatione
1085 2642 1456 2706 fundatores
1477 2641 1890 2705 ecclesiarum

391 2752 460 2807 et
487 2752 983 2821 consecratores»,
1019 2744 1228 2807 solent
1256 2742 1593 2806 Dominum
1627 2739 1890 2823 speciali

391 2842 738 2907 devotione
770 2860 1013 2923 rogare,
1037 2850 1105 2905 ut
1135 2842 1309 2923 ipsos
1340 2861 1414 2904 ac
1445 2841 1605 2904 alios
1636 2841 1714 2903 de
1745 2858 1892 2922 qua-

393 2960 676 3023 cumque
717 2942 1131 3005 tribulatione
1171 2950 1233 3005 et
1272 2939 1774 3021 transgressione
1812 2940 1890 3001 ad

395 3041 611 3125 ipsum
670 3039 1040 3118 clamanteS,
1093 3040 1392 3103 exaudire
1450 3039 1769 3120 dignetur.
1822 3038 1890 3101 In

395 3141 687 3204 ecclesiis
720 3141 859 3203 istis
897 3140 1308 3205 constituitur
1348 3159 1514 3214 arca,
1552 3139 1613 3200 id
1660 3146 1758 3200 est
1796 3156 1893 3199 sa-
1918 3136 1962 3199 C
2001 3140 2259 3222 Repleta
2306 3149 2402 3204 est
2450 3150 2617 3205 terra
2675 3143 2944 3207 scientia
2991 3145 3265 3223 Domini,
3322 3146 3489 3209 sicut
3546 3167 3611 3210 12.
3636 3171 3751 3219 κὴρ.

395 3240 829 3303 cratissimum
861 3238 1170 3304 dominici
1209 3238 1496 3321 corporis
1527 3237 1894 3301 Sacramen-

399 3349 558 3416 tum,
580 3340 711 3403 imo
742 3348 806 3402 et
839 3348 1006 3402 totus
1035 3338 1322 3401 Christus
1347 3337 1414 3399 in
1443 3337 1888 3401 Sacramento:

400 3440 467 3500 in
496 3456 630 3520 quo
657 3437 909 3501 Christo
945 3445 1095 3499 sunt
1135 3437 1366 3501 tabulae
1408 3434 1791 3510 testamenti,
1827 3433 1894 3495 id

398 3546 498 3610 est
527 3538 863 3619 utriusque
891 3536 1049 3616 legis
1081 3535 1412 3619 perfectio.
1448 3536 1602 3598 Nam
1647 3541 1710 3598 et
1753 3532 1892 3614 ipse

401 3655 531 3700 non
563 3635 741 3699 venit
771 3636 977 3718 legem
1017 3635 1287 3712 solvere,
1325 3635 1432 3698 sed
1474 3633 1784 3716 implere;
1831 3641 1892 3695 et

403 3735 562 3816 legis
604 3734 986 3816 Decalogum
1029 3733 1462 3810 confirmavit,
1499 3731 1791 3814 exposuit
1830 3740 1894 3796 et

403 3833 696 3916 perfecit.
730 3833 798 3895 In
843 3833 985 3915 ipso
1032 3851 1290 3915 quoque
1334 3830 1460 3894 fuit
1499 3850 1662 3894 urna
1704 3849 1895 3893 aurea

400 3933 646 3995 habens
675 3950 933 4007 manna,
968 3931 1033 3992 id
1063 3939 1160 3993 est
1190 3930 1398 3994 omnis
1440 3929 1771 4012 plenitudo
1799 3929 1896 3994 di-

403 4031 691 4096 vinitatis
731 4029 1169 4112 corporaliter,
1202 4048 1314 4092 seu
1355 4028 1708 4111 spiritualis
1747 4047 1897 4092 con-

401 4129 736 4194 solationis
776 4128 1090 4206 suavitas3
1126 4137 1189 4190 et
1223 4127 1402 4208 virga
1431 4127 1660 4204 Aaron,
1697 4127 1761 4189 id
1800 4136 1895 4189 est

401 4227 742 4310 judiciaria
769 4227 1128 4302 auctoritaS,
1149 4227 1486 4309 omnisque
1518 4235 1796 4308 potestas
1827 4225 1894 4286 in

1998 2444 2079 2521 la,
2116 2444 2178 2509 id
2220 2455 2314 2508 est
2352 2445 2755 2510 infidelitatis
2794 2450 3171 2527 obscuritas,
3208 2450 3485 2533 Synago-

1994 2560 2139 2623 gam
2172 2544 2485 2625 implevit.
2510 2546 2717 2609 Potest
2746 2566 3001 2631 quoque
3034 2568 3147 2632 per
3179 2550 3481 2614 nebulam

1997 2642 2397 2724 aenigmatica
2435 2644 2545 2708 Dei
2584 2644 2810 2709 notitia
2850 2648 3076 2730 accipi,
3113 2650 3191 2713 de
3230 2670 3359 2731 qua
3398 2650 3489 2713 ait

1998 2741 2678 2824 ApostoluS,Videmus
2710 2765 2882 2809 nunc
2912 2766 3026 2829 per
3056 2748 3386 2830 speculum
3421 2749 3486 2811 in
3542 2769 3783 2818 mamm,

1997 2842 2333 2921 aenigmate
2359 2862 2373 2906 :
2399 2863 2525 2925 qua
2554 2846 2917 2925 cognitione
2948 2847 3313 2929 replebatur
3332 2857 3484 2913 tunc
3523 2835 3587 2875 ¹²·

1997 2941 2227 3004 domus
2246 2941 2581 3005 militantis
2600 2944 2899 3009 Ecclesiae
2929 2954 2992 3009 et
3012 2946 3313 3012 universa
3336 2967 3484 3029 gen-

2001 3040 2220 3117 tilitas,
2252 3050 2442 3124 prout
2477 3061 2593 3125 per
2635 3042 2859 3106 lsaiam
2901 3043 3027 3107 fuit
3056 3045 3429 3129 praedictum
3468 3067 3481 3112 :

1998 3257 2179 3320 aquae
2212 3239 2404 3302 maris
2435 3241 2816 3322 operientes.
2844 3243 3101 3320 RursuS,
3128 3262 3241 3325 per
3272 3244 3488 3326 splen-

1995 3337 2205 3400 didam
2232 3339 2525 3401 nebulam
2554 3339 2729 3402 illam
2756 3340 3126 3422 intelligitur
3145 3343 3344 3423 gratia
3364 3344 3505 3419 Dei,-

2001 3435 2512 3519 illuminatioque
2543 3439 2799 3501 divinat
2836 3458 2962 3521 qua
2993 3442 3144 3503 dum
3176 3461 3357 3506 mens
3390 3461 3493 3506 co-

1999 3535 2179 3617 piose
2210 3536 2637 3619 perfunditur,
2674 3538 2849 3602 videt
2881 3559 2950 3603 se
2982 3540 3145 3604 nihil
3180 3541 3489 3623 condigni

1999 3635 2291 3717 obsequii
2318 3635 2419 3701 vel
2452 3636 2711 3699 honoris
2742 3657 2928 3719 posse
2958 3639 3335 3722 impendere
3363 3643 3492 3706 Deo

2000 3734 2691 3817 incircumscriptibilis
2727 3738 3099 3819 majestatis,
3134 3759 3491 3823 omnesque

2003 3842 2248 3896 nostras
2275 3834 2557 3915 justitias
2588 3853 2729 3898 esse
2758 3844 2827 3897 ut
2857 3856 3139 3918 pannum
3170 3849 3493 3904 menstru-
3541 3863 3783 3916 mame.

2001 3941 2137 4008 atae,
2161 3940 2455 4015 respectu
2489 3933 2777 4014 puritatis
2794 3942 3079 4012 -aeternae,
3116 3956 3382 4002 summae
3413 3959 3485 4003 ac
3523 3930 3564 3970 ⁶·

2002 4027 2299 4106 infinitae,
2352 4030 2482 4092 imo
2529 4039 2593 4092 et
2640 4032 3117 4112 comparatione
3168 4035 3490 4098 honorifi-

2001 4128 2227 4191 centiae
2270 4148 2397 4210 qua
2441 4129 2603 4192 Deus
2647 4128 2713 4190 in
2758 4149 2825 4192 se
2872 4131 3011 4212 ipso
3056 4134 3494 4215 superdignis-

2003 4227 2204 4289 simus
2242 4236 2358 4290 est.
2393 4229 2711 4288 Dominus
2744 4231 2921 4289 dixit
2952 4241 3024 4291 uc
3054 4233 3377 4294 habitaret
3416 4237 3489 4295 in

401 4328 568 4391 coelo
610 4335 674 4390 et
722 4326 790 4388 in
836 4335 1024 4388 terra.
1067 4325 1182 4388 Per
1224 4333 1438 4388 vectes
1481 4334 1692 4388 autem
1734 4343 1895 4388 arcae
1924 4323 1973 4384 D
2003 4328 2237 4386 nebula
2265 4347 2288 4386 .·
2318 4325 2472 4407 quia
2510 4325 2647 4408 ipse
2688 4344 2800 4408 per
2838 4328 3104 4409 gratiam
3146 4339 3211 4392 et
3250 4331 3495 4394 illumi·

400 4426 776 4502 eminentes,
813 4424 1262 4504 intelliguntur
1292 4424 1602 4506 Apostoli,
1636 4425 1749 4506 qui
1782 4443 1898 4486 sua

401 4523 856 4607 praedicatione
898 4523 1217 4586 Christum
1263 4523 1342 4585 ad
1383 4524 1573 4587 corda
1615 4523 1898 4586 tulerunt

399 4624 742 4706 gentilium
779 4643 794 4688 :
828 4641 1102 4704 quorum
1135 4623 1581 4703 Apostolorum
1615 4631 1897 4685 extrema

401 4722 590 4786 nobis
619 4729 976 4805 patescunt,
1008 4721 1164 4803 quia
1190 4740 1415 4783 eorum
1447 4721 1772 4802 martyria,
1798 4740 1899 4784 ex-

401 4822 768 4902 terior-aque
795 4828 974 4900 gesta
1001 4819 1466 4900 cognoscimus.
1492 4819 1652 4893 Quid
1682 4827 1893 4883 autem

127 4952 146 4970 ·
173 4946 374 4991 aelafio-
403 4940 518 5004 per
541 4939 703 4984 arcae
727 4917 1224 4982 dedicationem*
1246 4925 1309 4981 et
1335 4919 1805 5000 processionem
1832 4919 1900 4981 il-

105 5149 142 5192 ΙΙ
163 5149 282 5201 Req.
308 5157 372 5186 vt.

403 5021 532 5082 lam
561 5020 894 5082 solennem
923 5037 997 5080 ac
1023 5016 1471 5098 jubilationem
1501 5017 1890 5099 designetur,

403 5127 576 5202 patet
621 5137 698 5181 ex
737 5117 924 5180 dictis
967 5116 1139 5180 circa
1181 5116 1687 5197 deportationem
1735 5135 1896 5180 arcae

407 5218 526 5280 sub
557 5215 756 5280 David
787 5233 954 5296 rege.

485 5321 762 5382 Factum
789 5327 880 5376 esc
909 5325 1126 5376 autem
1155 5335 1358 5395 quum
1386 5315 1664 5374 exissent
1693 5334 1900 5374 sacer-

2003 4425 2327 4488 nationem
2384 4433 2749 4506 praetactam
2810 4425 3125 4490 inhabitat
3180 4430 3488 4510 animam,

2003 4523 2116 4604 qui
2146 4532 2211 4585 et
2240 4523 2306 4584 in
2335 4523 2691 4586 Proverbiis
2722 4522 2955 4588 fatetur
2982 4543 2995 4586 :
3022 4525 3151 4606 Ego
3172 4529 3494 4610 sapientia
3555 4554 3789 4606 Pmmm,

2005 4621 2224 4684 habito
2256 4621 2320 4683 in
2353 4621 2641 4698 consilio,
2668 4631 2731 4685 et
2759 4623 3023 4685 eruditis
3056 4624 3366 4689 intersum
3394 4647 3497 4692 co-
3528 4617 3594 4661 ¹²·

2003 4720 2442 4801 gitationibuS.

2085 4821 2165 4881 Si
2182 4824 2479 4880 clausum
2492 4819 2700 4896 fuerit
2718 4824 2971 4892 coelum,
2993 4829 3054 4882 et
3074 4843 3205 4883 non
3218 4827 3490 4900 pluerit.

2002 4917 2263 5000 Propter
2300 4926 2559 5000 peccata
2592 4918 2879 4981 clausum
2914 4927 3011 4981 est
3045 4920 3300 4997 coeIum,
3337 4923 3490 4984 dum

2005 5017 2167 5079 Deus
2205 5017 2374 5079 dona
2414 5016 2865 5080 misericordiae
2908 5037 3038 5081 suae
3086 5037 3213 5081 non
3245 5018 3497 5085 diffun-

2001 5115 2095 5177 dit
2125 5114 2511 5192 hominibuS,
2544 5134 2661 5178 nec
2694 5116 3131 5198 praedicatores
3171 5117 3369 5180 mittit
3412 5122 3492 5183 ad

2005 5213 2317 5288 homine3‚
2356 5212 2470 5294 qui
2516 5212 2844 5276 stillicidia
2884 5214 3239 5296 sapientiae,
3285 5217 3352 5279 id
3398 5226 3495 5281 est

2005 5311 2199 5378 verba
2227 5311 2472 5389 salatia,
2497 5311 2887 5394 dispergant.
2912 5312 3090 5376 Unde
3120 5333 3235 5396 per
3263 5315 3489 5379 lsaiam
