4359 6250
891 518 1238 566 manuario
1281 518 1342 564 IN
1385 517 1523 564 CAP.
1569 515 1718 562 xvln
1763 516 1916 563 unm
1959 515 2128 562 mum
2171 516 2395 563 amun.
2440 535 2519 545 —
2562 517 2701 562 ΛΒΤ.
2749 511 2939 564 xxxlv

3340 501 3460 564 365

344 686 620 750 dilectio
660 689 1072 769 singulariter
1102 688 1288 751 fulsit
1318 697 1382 752 et
1411 688 1566 750 arsit
1597 687 1663 749 in
1697 686 1856 748 viris
1887 685 1940 748 A
1969 684 2309 767 petierunt,
2344 693 2415 748 ιιι
2447 685 2589 748 fieri
2622 687 2783 751 solet
2812 687 2879 749 in
2911 687 3273 766 cantileniS,
3310 707 3453 770 quae

346 785 747 866 evangelicae
798 787 976 868 legiS,
1014 787 1260 851 Amelio
1309 795 1372 850 et
1419 785 1660 862 AmicO,
1703 803 1858 867 quo-

347 902 498 946 rum
537 886 1012 966 praeclarissimi
1042 895 1222 950 actus
1253 884 1590 948 habentur.

443 985 920 1061 Eyredtebatur
948 1005 1194 1066 quoque
1224 987 1444 1047 David
1482 986 1572 1044 ad
1611 983 1859 1050 omnia,

349 1081 612 1145 scilicet
629 1087 720 1144 ad
748 1105 1164 1165 quoeeumque
1194 1086 1466 1145 misisset
1494 1103 1642 1144 eum
1663 1083 1857 1151 Saul,

345 1191 413 1240 et
438 1186 808 1260 prudenter
832 1204 896 1243 se
925 1185 1174 1261 aqebat,
1197 1183 1260 1245 id
1292 1191 1411 1259 est,
1436 1200 1504 1244 sc
1535 1181 1746 1263 ipsum
1778 1179 1859 1242 ad

347 1280 580 1342 omnia
611 1280 724 1343 illa
753 1300 898 1344 cum
929 1280 1504 1364 circumspectione
1534 1289 1597 1342 et
1630 1279 1860 1342 discre-

349 1376 542 1440 tione
571 1378 889 1442 movebat.
910 1382 1263 1460 Posuitque
1291 1399 1440 1440 eum
1473 1381 1640 1439 Saul
1666 1397 1860 1456 super

351 1479 540 1536 viros
578 1480 755 1548 belli,
787 1477 852 1539 id
897 1486 1017 1554 est,
1054 1476 1472 1541 bellatoribus
1516 1474 1855 1558 praecipuis

350 1592 510 1636 eum
555 1574 848 1657 prael'ecit
881 1593 894 1638 :
931 1583 1144 1640 tamen
1190 1576 1310 1638 sub
1354 1574 1587 1651 Abner‚
1622 1583 1686 1637 et
1723 1572 1861 1655 qui-

1966 783 2045 846 de
2075 782 2389 848 bellorum
2429 784 2703 846 exitibus
2742 804 2817 848 ac
2859 785 3203 868 triumphis
3248 786 3457 850 solent

1969 882 2288 963 componi.
2342 883 2647 944 Praeterea
2701 883 2934 946 dicitur
2984 884 3182 946 David
3236 885 3457 947 decem

1969 979 2172 1042 millia
2233 981 2643 1063 percussisse,
2692 982 2791 1044 vel
2842 981 2995 1065 quia
3043 982 3459 1066 principalior

1969 1097 2159 1141 causa
2200 1078 2325 1142 fuit
2364 1079 2705 1144 occisionis
2743 1080 3223 1146 philistinorum
3263 1101 3457 1165 quam

1971 1176 2117 1240 Saul
2144 1195 2158 1239 :
2186 1177 2504 1259 siquidem
2522 1178 2773 1242 Goliath
2807 1180 3143 1258 vincendo,
3166 1181 3292 1243 fuit
3319 1201 3461 1245 cau-

1970 1295 2039 1337 sa
2068 1277 2240 1357 quod
2280 1277 2562 1340 universi
2603 1277 2905 1342 Philistaei
2948 1278 3285 1360 fugerunt3
3331 1280 3455 1357 vel,

1970 1375 2274 1456 quoniam
2302 1374 2509 1456 ipsum
2544 1375 2885 1439 trucidavit
2908 1377 3312 1460 Goliatb,qui
3346 1397 3461 1460 pro

1969 1474 2185 1536 decem
2220 1472 2509 1536 millibus
2542 1474 2951 1557 reputabatur
2983 1485 3243 1558 propter
3284 1476 3462 1540 sorti-

1969 1571 2256 1634 tudinem
2305 1592 2505 1649 suam,
2543 1575 2891 1636 secundum
2936 1576 3107 1656 quod
3153 1575 3324 1639 infra
3371 1595 3463 1640 se-

350 1671 658 1750 busdam,
678 1693 808 1738 non
839 1674 1172 1752 omnibus;
1205 1685 1265 1735 et
1295 1685 1586 1752 acceptus
1615 1683 1753 1733 erat
1785 1675 1858 1732 in
1969 1672 2178 1735 cundo
2225 1672 2390 1735 libro
2440 1672 2707 1735 habetur
2750 1674 2830 1736 de
2873 1675 3069 1738 David
3105 1693 3119 1737 :
3156 1676 3247 1738 Tu
3294 1696 3461 1739 unus
3492 1691 3755 1748 naevum,

349 1774 568 1833 oculis
607 1775 905 1834 universi
936 1775 1172 1854 populi
1207 1773 1420 1849 Israel,
1456 1774 1860 1851 maximeque
1972 1789 2087 1852 pro
2116 1771 2338 1834 decem
2368 1771 2655 1835 millibus
2684 1773 3099 1855 computariS.
3493 1759 3534 1800 ³·

348 1873 432 1931 in
461 1882 804 1950 conspectu
831 1873 1238 1950 famulorum
1269 1875 1463 1940 Saul,
1495 1871 1560 1932 id
1592 1877 1690 1933 est
1720 1888 1862 1952 spe—
1897 1869 1944 1930 B
2051 1871 2271 1931 Iratus
2299 1879 2389 1930 est
2418 1881 2635 1932 autem
2664 1875 2831 1933 Saul
2868 1876 3094 1946 nimis,
3132 1873 3195 1935 id
3238 1883 3335 1936 est
3366 1874 3464 1937 in-

349 1968 624 2032 cialium
649 1979 714 2032 et
743 1970 1239 2033 domesticorum
1272 1968 1642 2046 satellitum,
1667 1965 1860 2030 bellass
1968 1961 2289 2048 dignatae,
2311 1986 2385 2032 eo
2406 1970 2577 2050 quod
2608 1989 2829 2034 servus
2862 1990 3014 2033 suus
3045 1973 3460 2036 excellentius

349 2076 704 2150 torumque
749 2069 918 2132 Saul.
955 2069 1102 2130 Erat
1141 2068 1314 2130 enim
1347 2067 1546 2130 David
1577 2066 1644 2129 in
1679 2074 1860 2129 natu·
1969 2065 2344 2129 laudabatur
2363 2086 2556 2149 quam
2588 2068 2823 2150 ipse,et
2843 2072 3187 2147 displicuit
3219 2075 3291 2132 in
3322 2091 3462 2133 ocu-

351 2168 608 2230 ralibus
639 2167 997 2230 eminenter
1027 2166 1190 2229 bene
1214 2165 1564 2249 dispositus
1593 2174 1657 2229 et
1677 2165 1862 2228 valde
1971 2167 2051 2224 lis
2079 2166 2222 2242 ejus
2252 2165 2665 2229 interioribus
2696 2169 2815 2229 iste
2841 2189 3069 2242 serm0,
3106 2169 3172 2232 id
3217 2178 3334 2247 est,
3372 2170 3464 2233 in·

347 2265 657 2328 amabilis
697 2274 888 2347 atque
925 2265 1234 2342 affabilis,
1271 2273 1568 2327 strenuus
1599 2283 1857 2346 quoque
1968 2263 2251 2327 tellectui
2282 2282 2398 2326 suo
2430 2264 2777 2348 displicens
2810 2265 2933 2330 fuit
2962 2277 3185 2331 cantus
3218 2269 3349 2347 ille,
3368 2272 3464 2332 di-

347 2373 418 2427 et
447 2363 861 2442 victoriosae,
882 2383 954 2426 ac
984 2362 1266 2427 fideliter
1296 2381 1588 2445 quoerens
1621 2362 1856 2426 bonum
1965 2364 2575 2443 oeitque.·Dederunt
2598 2367 2816 2426 David
2842 2370 3053 2428 decem
3086 2370 3319 2440 millia,
3340 2368 3461 2432 hoc

347 2481 724 2540 commune,
759 2471 824 2526 et
855 2461 1170 2526 laboriose
1204 2462 1521 2525 desudans
1565 2480 1678 2543 pro
1719 2461 1854 2524 illo.
1967 2469 2083 2539 θει,
2117 2461 2540 2542 dejectionem
2584 2462 2803 2526 decem
2854 2465 3129 2528 millium
3180 2467 3461 2530 Philisti-

349 2561 542 2625 Tales
571 2570 790 2624 autem
823 2560 912 2623 rei
944 2560 1220 2643 publicae
1256 2569 1383 2623 tam
1425 2559 1636 2638 utileS,
1671 2559 1858 2622 valde
1972 2578 2197 2623 norum
2246 2559 2721 2643 adscripserunt
2771 2562 2896 2645 ipsi
2942 2563 3160 2643 David,
3196 2577 3255 2627 et
3296 2569 3463 2628 mihi

347 2669 658 2723 amantur
687 2659 1139 2723 communiter.
1969 2661 2149 2718 mille
2178 2662 2517 2721 dederunt.
2556 2663 2730 2730 Quid
2756 2663 2819 2720 ei
2846 2674 3152 2740 superest,
3186 2666 3327 2726 nisi
3366 2686 3464 2727 so-

431 2762 652 2822 Porro
681 2779 888 2839 quum
916 2767 1342 2819 reverteretur
1366 2759 1586 2819 David
1609 2777 1862 2834 percus-
1973 2761 2109 2818 lum
2157 2777 2424 2834 reynum
2450 2762 2482 2818 ?
2510 2757 2577 2819 id
2628 2766 2745 2835 est,
2793 2759 2913 2823 hoc
2964 2760 3087 2823 sibi
3138 2762 3459 2845 praecipue

347 2879 416 2918 so
449 2859 824 2927 Phili-suec,
850 2867 910 2918 et
939 2858 1140 2935 ferret
1166 2866 1364 2936 caput
1391 2857 1546 2934 ejus·
1573 2858 1646 2916 in
1677 2860 1860 2919 Jeru-
1969 2854 2222 2918 videtur
2253 2863 2510 2932 restare,
2537 2862 2606 2918 ut
2636 2867 3086 2937 promoveatur
3116 2860 3183 2922 in
3220 2880 3457 2942 regem.

347 2961 582 3018 salem.
597 2955 770 3017 Istud
793 2957 892 3034 (ιιι
922 2963 1158 3017 tactum
1190 2955 1314 3033 est)
1338 2972 1462 3017 non
1488 2952 1612 3015 fuit
1643 2953 1856 3016 statim
1969 2952 2185 3034 ltaque
2224 2953 2370 3015 Saul
2409 2953 2788 3017 ambitiosus
2834 2955 3049 3018 timuit
3091 2977 3289 3040 regno
3335 2960 3465 3043 pri-

353 3064 506 3139 post
556 3053 946 3118 occisionem
991 3052 1264 3131 Goliath,
1301 3054 1410 3116 sed
1460 3060 1681 3136 postea
1723 3053 1856 3115 diu.
1895 3049 1940 3114 C
1971 3053 2141 3129 vari3
2179 3052 2518 3135 sciensque
2550 3052 2673 3116 sibi
2706 3072 2819 3136 per
2852 3054 3207 3120 Samuelem
3239 3059 3462 3141 praedi-

353 3154 698 3237 Siquidem
749 3154 914 3216 sicut
959 3154 1090 3235 jam
1143 3152 1368 3234 patuit,
1406 3160 1550 3234 post
1599 3152 1862 3217 occisio-
1969 3160 2166 3228 ctum,
2194 3152 2363 3235 quod
2397 3152 2699 3215 Dominus
2729 3154 2927 3217 alium
2960 3154 3100 3238 ipso
3132 3157 3457 3221 meliorem
3528 3176 3751 3234 11:09³„

355 3274 512 3317 nem
561 3252 817 3316 Goliath
877 3251 1072 3315 David
1124 3250 1248 3313 fuit
1306 3249 1580 3333 pacifice
1639 3251 1860 3314 multis
1971 3244 2275 3332 elegisset
2304 3251 2371 3313 in
2416 3270 2652 3334 regem,
2688 3253 2980 3334 protinus
3019 3256 3215 3338 coepit
3255 3258 3463 3340 suspi-
3490 3242 3557 3285 ²⁸·

355 3352 594 3415 diebus
626 3351 694 3413 in
725 3352 917 3414 domo
948 3350 1176 3413 Saulis.
1211 3352 1502 3427 Eyressoe
1529 3360 1682 3410 sunt
1721 3371 1860 3411 mu·
1971 3350 2124 3426 cari,
2159 3349 2333 3430 quod
2384 3350 2578 3412 David
2629 3351 2684 3412 is
2734 3360 2920 3414 esset.
2957 3353 3117 3417 Hinc
3166 3357 3463 3439 concepit

357 3454 556 3512 lieres
584 3454 666 3510 de
699 3450 1024 3511 universis
1063 3450 1330 3509 urbibus
1373 3450 1596 3520 Israel,
1633 3447 1696 3510 id
1741 3456 1858 3525 est,

355 3552 440 3613 de
491 3547 964 3632 principalibus
1019 3545 1288 3608 urbibus
1342 3546 1520 3627 regni
1571 3546 1867 3609 exierunt

359 3648 628 3712 feminae
657 3647 949 3729 quaedam
983 3645 1047 3706 in
1091 3644 1355 3707 musicis
1391 3644 1575 3721 tritae,
1598 3655 1866 3706 cantan-

359 3758 479 3817 tes,
509 3748 858 3826 chorosque
895 3746 1194 3805 ducentes
1225 3746 1298 3803 in
1329 3763 1664 3804 occursum
1695 3746 1864 3805 Saul

359 3848 540 3923 reyis
567 3846 646 3905 in
677 3844 1010 3921 tympanis
1040 3844 1286 3903 taetitioe
1316 3862 1338 3900 .·
1369 3840 1525 3922 quia
1563 3859 1678 3904 suo
1709 3860 1866 3905 sono

361 3942 712 4026 pariebant
739 3939 1150 4005 audientibus
1177 3938 1664 4020 jucunditatem,
1685 3948 1748 4003 et
1779 3939 1870 4022 ip-

361 4063 452 4106 sae
472 4042 738 4106 seminas
769 4060 844 4104 cx
875 4038 1094 4103 laetitia
1126 4038 1416 4100 luserunt
1448 4038 1513 4100 in
1548 4038 1672 4113 eis3
1705 4050 1764 4099 et
1795 4041 1866 4100 in

360 4142 604 4203 sistris.
655 4140 924 4203 Sistrum
976 4137 1212 4200 dicitur
1259 4154 1462 4217 genus
1515 4135 1704 4214 tubae,
1756 4156 1866 4201 seu

1973 3456 2195 3510 contra
2244 3466 2391 3510 eum
2443 3448 2772 3526 invidiam,
2819 3469 2963 3532 quae
3012 3460 3109 3514 est
3153 3453 3335 3517 dolor
3385 3454 3466 3517 de

1975 3546 2395 3629 prosperitate
2423 3546 2706 3624 alteriuS,
2734 3548 2803 3610 in
2832 3557 3141 3631 quantum
3176 3552 3287 3615 illa
3317 3572 3467 3617 con-

1975 3645 2232 3727 cipitur,
2264 3652 2335 3706 ιιι
2364 3644 2747 3708 minorativa
2776 3665 2886 3709 seu
2921 3647 3291 3731 impeditiva
3327 3669 3471 3735 pro-

1977 3742 2100 3825 prii
2132 3742 2435 3823 praeconii
2468 3761 2578 3805 seu
2610 3743 2871 3807 honoris
2897 3762 2911 3807 :
2939 3754 3000 3809 et
3020 3757 3258 3827 quanto
3282 3749 3336 3811 is
3363 3751 3468 3813 cui

1976 3840 2121 3922 quis
2164 3840 2409 3903 invidet
2457 3840 2602 3923 plus
2650 3852 3082 3925 prosperatur,
3126 3855 3189 3909 et
3240 3848 3469 3911 ceteris

1979 3938 2209 4001 melius
2251 3938 2479 4021 placet,
2516 3946 2691 4003 tanto
2736 3940 2929 4003 miser
2970 3942 3225 4007 invidus
3264 3947 3469 4027 magis

1979 4036 2144 4099 intra
2181 4056 2252 4099 se
2290 4036 2630 4100 cruciatur.
2665 4038 2894 4122 Sicque
2925 4042 3195 4123 contigit
3232 4044 3467 4109 misero

1979 4135 2128 4198 huic
2160 4135 2329 4211 Saul,
2364 4144 2435 4197 ut
2476 4134 2643 4198 infra
2686 4135 2753 4198 in
2794 4144 2965 4200 textu
2996 4139 3280 4204 docetur.
3318 4146 3463 4207 Non

363 4239 552 4302 aliud
583 4238 1106 4312 instrumentum,
1140 4236 1314 4317 quod
1346 4254 1742 4317 percussum,
1779 4235 1872 4317 gi-
1900 4238 1950 4301 D
1979 4236 2166 4295 rectis
2196 4254 2343 4312 erqo
2373 4237 2575 4294 oeulis
2608 4238 2777 4296 Saul
2814 4239 3210 4315 adspiciebat
3250 4244 3470 4303 David
3512 4316 3521 4325 ⁶

363 4338 512 4419 gnit
553 4354 784 4400 sonum
825 4342 894 4397 ut
933 4342 1306 4417 tympanum
1348 4334 1446 4396 vel
1480 4333 1866 4416 cymbalum.

367 4440 452 4499 Ec
487 4438 940 4515 praecinebant
985 4436 1307 4504 mulieres,
1342 4436 1631 4493 ludentes
1679 4442 1871 4513 atque

363 4540 682 4604 clioentes,
713 4552 860 4595 nam
891 4531 1082 4593 simul
1113 4550 1224 4594 ore
1253 4531 1616 4608 cantabant,
1652 4540 1714 4595 et
1745 4552 1872 4595 ma-

369 4652 458 4696 nu
491 4634 564 4695 in
595 4630 1044 4693 instrumentis
1074 4628 1204 4691 illis
1237 4628 1580 4692 ludebant:
1607 4632 1871 4692 Percus-

365 4736 452 4794 sit
485 4735 660 4794 Saul
689 4732 892 4801 mille,
925 4738 986 4790 et
1015 4730 1237 4790 David
1272 4731 1484 4789 decem
1525 4731 1765 4790 millia.
1801 4730 1867 4791 In

369 4828 768 4895 Scholastica
798 4827 1066 4905 historia
1093 4827 1417 4904 recitatur,
1442 4827 1615 4908 quod
1645 4828 1871 4890 mulie-

369 4950 470 4993 res
506 4927 966 5011 praecinebant,
1000 4926 1316 4988 Percussit
1356 4924 1502 4988 Saul
1549 4925 1762 5001 mille3
1806 4934 1870 4989 et

369 5028 659 5110 virgines
721 5023 1211 5107 respondebant,
1265 5022 1342 5086 Et
1399 5023 1594 5086 David
1649 5025 1868 5087 decem

371 5125 606 5190 millia.
640 5124 1092 5187 Verumtamen
1135 5130 1341 5185 textus
1384 5121 1586 5201 magis
1619 5121 1870 5185 videtur

373 5221 858 5304 innuere,quod
889 5228 1090 5283 totum
1123 5219 1292 5282 istud
1325 5218 1754 5302 praecinebant
1787 5220 1872 5284 se-

371 5324 572 5385 minae
603 5319 734 5382 illae
767 5335 782 5379 ε
817 5334 946 5398 quo
986 5315 1176 5393 facto,
1209 5316 1494 5397 virgines
1535 5324 1736 5379 totum
1778 5336 1873 5380 re-

1981 4354 2018 4393 a
2048 4334 2158 4393 die
2188 4334 2331 4405 illa,
2356 4342 2414 4393 et
2444 4335 2761 4412 deinceps.
2780 4334 2909 4398 Hoc
2930 4336 3191 4417 quidam
3222 4340 3301 4403 de
3332 4358 3470 4405 cor-

1979 4430 2306 4512 poralibus
2338 4431 2707 4513 intelligunt
2733 4433 3277 4516 oculiS,quoniam
3308 4438 3471 4505 invi-

1980 4530 2045 4592 di
2077 4548 2184 4593 eos
2215 4547 2377 4611 quos
2407 4530 2555 4594 odio
2585 4530 2843 4609 habent,
2865 4532 3071 4597 solent
3099 4553 3175 4598 ex
3205 4536 3468 4619 obliquo

1979 4628 2317 4710 respicere,
2352 4647 2552 4710 quum
2589 4647 2815 4709 graves
2854 4631 2947 4693 eis
2978 4632 3107 4695 sint
3136 4634 3213 4697 ad
3246 4635 3469 4700 viden-

1979 4726 2154 4787 dum.
2178 4726 2389 4789 Potest
2418 4745 2674 4809 quoque
2703 4728 2782 4791 de
2814 4728 3223 4795 interioribus
3266 4735 3469 4817 accipi

1977 4823 2205 4903 oculis,
2235 4824 2347 4906 qui
2380 4824 2446 4885 in
2479 4824 2665 4888 Saule
2694 4834 2877 4889 erant
2906 4826 3129 4892 insecti
3161 4831 3413 4895 invidia
3451 4850 3465 4895 :

1978 4922 2122 4985 ideo
2161 4941 2461 5005 perverse
2500 4922 2811 5004 judicavit
2840 4926 2919 4988 de
2950 4926 3169 5003 David,
3210 4948 3329 4994 nec
3372 4950 3467 4994 re-

1979 5029 2102 5099 cto,
2127 5023 2239 5085 sed
2267 5039 2532 5086 erroneo
2561 5023 2769 5086 cordis
2802 5023 3038 5088 intuitu
3069 5026 3280 5109 ipsum
3312 5049 3467 5093 con-

1982 5120 2306 5184 sideravit.

2061 5222 2215 5281 Post
2256 5221 2429 5280 diem
2467 5229 2685 5280 autem
2721 5224 3019 5293 alteram,
3055 5224 3301 5287 invasit
3341 5229 3468 5306 spi·

1980 5319 2150 5378 ritus
2168 5319 2291 5378 Dei
2323 5320 2553 5389 malus,
2578 5327 2730 5398 puta
2761 5318 3053 5382 diabolus
3084 5340 3121 5384 a
3150 5320 3319 5388 bono
3342 5326 3467 5390 Deo
