4359 6250
962 434 1078 496 494
1535 455 1880 501 manuario
1923 457 1982 500 ix
2027 458 2164 503 mr.
2211 459 2252 504 x
2295 459 2453 504 mam
2496 459 2745 506 sacuam
2788 461 3012 506 neuun.
3059 481 3140 491 —
3179 463 3321 510 aar.
3367 465 3492 510 xvu

2016 870 2671 956 ARTICULUS
2749 874 2992 957 XVII

1237 1144 1548 1190 Exposrrlo
1592 1142 1866 1189 CAPITULI
1909 1143 2113 1188 DECIMI
2157 1143 2171 1187 :
2220 1143 2461 1190 FACTUM
2506 1144 2613 1188 EST
2654 1145 2857 1192 AUTEu
2900 1146 3048 1192 POST
3091 1150 3245 1208 ΗΒΕ,
3292 1151 3368 1195 11‘1’
3407 1151 3765 1198 nont-:umuli

2135 1241 2255 1286 REX
2296 1241 2581 1288 Flmomffl
2624 1243 2859 1289 AmmN.

1071 1526 1380 1590 ANCTUS
1409 1524 1602 1589 David
1637 1543 1765 1587 non
1797 1524 2002 1587 solum
2032 1522 2277 1585 studuit
2307 1539 2446 1584 esse
2476 1520 2527 1580 A
2556 1524 2746 1586 etiam
2780 1545 2887 1589 rex
2918 1525 3205 1591 filiorum
3234 1531 3501 1594 Ammon
3542 1540 3605 1594 et
3642 1541 3818 1615 pater
3847 1534 4009 1595 istius

1082 1636 1298 1708 gratus
1344 1625 1634 1707 personis
1673 1642 1892 1687 eorum
1932 1622 2042 1704 qui
2085 1621 2210 1683 sibi
2252 1621 2444 1682 bene·
2556 1621 2797 1688 Hauon.

950 1724 1258 1803 fecerunt,
1279 1726 1388 1789 sed
1421 1733 1482 1788 et
1515 1723 1867 1806 posteritati
1899 1740 2140 1784 eorum.
2163 1721 2306 1783 Ideo
2328 1720 2443 1782 sic·
2632 1723 2885 1801 Verum,
2922 1735 2991 1788 ut
3039 1728 3233 1790 refert
3281 1730 3460 1811 Lyra,
3496 1730 3694 1793 Rabbi
3739 1731 4009 1794 Salomon

948 1835 1018 1889 ut
1051 1825 1430 1908 praecedenti
1459 1823 1740 1904 capitulo
1771 1821 2102 1884 recitatum
2136 1828 2254 1896 est,
2290 1839 2441 1901 qua·
2549 1822 2705 1885 dicit
2732 1825 3144 1903 contrarium,
3164 1836 3383 1910 utpote
3410 1829 3581 1910 quod
3612 1849 3720 1892 rex
3748 1829 3913 1892 Moab
3942 1829 4007 1892 ad

948 1925 1094 1989 liter
1122 1922 1515 1988 benefecerit
1556 1922 1676 2004 ipsi
1719 1919 2139 2002 Miphibo'seth
2179 1926 2438 2000 propter
2547 1939 2737 2001 quem
2784 1921 2948 2002 fugit
2990 1925 3211 2002 David,
3247 1945 3375 1989 non
3423 1926 3541 1989 fuit
3585 1927 3703 1990 iste
3732 1928 3884 1990 Naas
3913 1947 4006 1989 rex

943 2024 1254 2087 Jonathan
1295 2030 1536 2105 patrem
1583 2041 1806 2096 suum3
1852 2019 1943 2082 sic
1985 2018 2088 2080 bic
2120 2025 2431 2092 narratur,
2545 2020 2836 2096 Ammon,
2900 2030 2963 2084 et
3020 2022 3193 2102 quod
3253 2042 3362 2086 rex
3419 2023 3529 2087 ille
3586 2025 3999 2099 Moabitarum,

946 2123 1219 2205 qualiter
1249 2121 1452 2186 voluit
1482 2119 1860 2183 benefacere
1892 2116 2025 2196 regi
2049 2116 2437 2179 Ammonita-
2544 2120 2836 2199 quamvis
2876 2121 3083 2202 primo
3122 2121 3228 2204 pie
3271 2123 3509 2204 recepit
3548 2124 3741 2186 David
3784 2143 3853 2186 ac
3882 2125 4003 2204 ejus

945 2243 1083 2285 rum
1107 2231 1364 2305 propter
1385 2219 1698 2284 beneficia
1721 2218 1916 2300 patris
1939 2216 2435 2299 ipsius.Factum
2544 2227 2860 2297 parenteS,
2896 2230 3115 2302 postea
3157 2230 3366 2284 tamen
3411 2222 3775 2302 indignatus
3807 2231 4003 2286 contra

941 2332 1030 2383 est
1070 2333 1285 2383 autem
1323 2331 1464 2399 post
1506 2323 1660 2388 Izaec,
1695 2329 1766 2378 ut
1807 2325 2165 2378 moreretur
2202 2335 2319 2374 γεω
2355 2319 2436 2392 fi*-
2544 2316 2760 2392 David,
2794 2318 2947 2399 quia
2990 2321 3251 2383 recessit
3292 2322 3372 2384 de
3416 2339 3610 2402 regno
3654 2341 3770 2384 suo
3809 2323 3883 2383 ad
3918 2341 4005 2383 ex·
4035 2340 4211 2390 {aqam

944 2426 1184 2483 Horum
1213 2424 1518 2488 Ammon,
1551 2417 1612 2480 id
1645 2425 1740 2480 est
1770 2416 1928 2478 Naas
1967 2434 2076 2477 rex
2107 2413 2434 2475 Ammoni-
2541 2415 2963 2481 hortationem
2982 2417 3112 2481 Gad
3138 2421 3483 2502 prophetae,
3504 2429 3567 2484 ct
3596 2421 3784 2484 rediit
3813 2421 3877 2483 in
3904 2429 4005 2482 ter·
4026 2405 4057 2444 ⁵·

943 2529 1172 2596 tarum,
1205 2531 1264 2580 et
1306 2520 1603 2595 reynavit
1645 2520 1880 2578 Hauon
1921 2516 2102 2592 filius
2139 2515 2281 2590 ejus
2310 2532 2433 2589 pro
2544 2533 2678 2577 ram
2702 2515 3165 2593 lsrael,occidit
3197 2527 3489 2600 parentes
3521 2520 3821 2596 David‚et
3838 2537 4005 2599 quos-

941 2639 1030 2680 eo.
1071 2622 1381 2698 Dixitque
1430 2619 1647 2678 David
1687 2636 1710 2674 .·
1749 2615 2020 2675 Faciam
2071 2612 2432 2688 misericorff
2542 2613 2685 2675 dam
2730 2613 2869 2693 ejus
2917 2624 3219 2696 cognatos
3263 2618 3432 2698 apud
3476 2637 3545 2680 se
3589 2617 3915 2680 derelictos
3952 2624 4003 2678 et

941 2721 1121 2779 diam
1165 2739 1307 2778 cam
1352 2720 1586 2778 Hanon
1630 2718 1770 2793 filio
1809 2717 2008 2785 Naas,
2043 2709 2431 2774 consolando
2470 2711 2516 2772 B
2543 2712 2667 2773 sibi
2698 2715 3262 2778 recommendatoS.
3297 2715 3550 2779 Ceteros
3582 2735 3735 2778 vero
3780 2715 4005 2795 fugien-

944 2834 1090 2877 eum
1121 2816 1200 2878 de
1233 2823 1434 2878 morte
1469 2813 1668 2897 patris
1705 2812 1804 2874 sui
1840 2829 1853 2873 τ
1888 2811 2056 2893 quod
2104 2817 2201 2872 est
2243 2807 2434 2869 mise-
2546 2817 2636 2872 tes
2673 2811 2831 2873 Naas
2868 2831 2975 2874 rex
3004 2811 3396 2877 Ammonites
3437 2815 3606 2896 apud
3646 2833 3716 2877 se
3757 2815 3857 2896 pie
3892 2832 4005 2875 ser-

677 2925 912 2976 Ecclmn.
946 2913 1231 2976 ricordiae
1261 2933 1442 2996 opuS,
1467 2913 1644 2994 juxta
1676 2910 1834 2972 illud
1867 2906 2319 2996 Ecclesiastici,
2346 2905 2431 2967 Ne
2540 2909 2810 2986 vavit,et
2833 2911 2953 2974 hoc
2976 2920 3156 2974 vocat
3178 2913 3283 2975 hic
3302 2913 3499 2976 David
3522 2912 4000 2976 misericordiam

650 2990 716 3030 ³⁸‘
942 3012 1112 3074 desis
1145 3011 1543 3094 plorantibus
1571 3010 1636 3071 in
1665 3008 2132 3082 consolatione;
2155 3008 2322 3065 sicut
2343 3008 2432 3084 fe·
2540 3007 2661 3070 sibi
2706 3009 2938 3072 factam
2979 3030 3017 3072 a
3053 3011 3231 3074 NaaS.
3265 3012 3433 3074 Istud
3478 3031 3736 3094 quoque
3776 3011 4003 3074 videtur

940 3113 1029 3173 cit
1051 3122 1239 3189 pater
1267 3112 1406 3189 ejus
1437 3130 1683 3171 mecam
1718 3107 2247 3169 misericordiam.
2538 3107 2713 3189 Lyrae
2746 3109 3186 3174 rationabilius
3209 3111 3473 3189 dictum,
3492 3112 3797 3193 quoniam
3828 3128 4004 3191 supra

1023 3211 1382 3273 Secundum
1423 3207 1729 3283 Glossam,
1780 3206 1899 3268 iste
1946 3205 2104 3267 Naas
2150 3202 2276 3265 fuit
2321 3221 2428 3263 rex
2537 3208 2847 3289 scriptum
2896 3218 3011 3286 est,
3063 3210 3339 3291 qualiter
3385 3211 3581 3273 David
3628 3210 3812 3273 valde
3856 3210 4001 3271 dure

938 3308 1466 3384 Ammonitarum,
1507 3326 1699 3390 quem
1749 3304 1896 3367 Saul
1941 3301 2327 3385 expugnavit
2365 3308 2429 3363 et
2535 3308 2843 3386 processit
2884 3318 3103 3371 contra
3144 3328 3353 3389 regem
3394 3309 3570 3373 Moab
3609 3318 3673 3371 et
3707 3308 3999 3391 populum
4040 3320 4212 3373 unqua

674 3420 688 3463 ι
714 3422 825 3478 neq.
851 3436 904 3467 ιι.
937 3408 1113 3485 vicit,
1138 3428 1210 3471 ac
1236 3406 1456 3487 fugere
1486 3405 1816 3487 compulit,
1843 3404 2000 3465 utin
2028 3403 2236 3484 primo
2262 3401 2426 3463 libro
2534 3405 2695 3485 ejuS.
2738 3406 2849 3469 Hic
2891 3426 3039 3470 vero
3072 3417 3386 3484 narratur,
3419 3408 3693 3489 qualiter
3722 3405 4001 3470 amicabi·
4024 3386 4056 3427 ³·

937 3507 1267 3585 recitatur3
1301 3514 1364 3570 et
1393 3506 1544 3587 quia
1575 3504 1678 3567 hic
1703 3505 1860 3566 Naas
1893 3502 2014 3564 fuit
2045 3502 2245 3579 host-is
2279 3501 2425 3564 Sau-
2534 3502 2678 3566 liter
2698 3505 2900 3568 voluit
2931 3508 3271 3587 procedere
3295 3507 3464 3569 circa
3487 3524 3694 3587 regem
3720 3508 3993 3569 Ammon.

937 3605 1037 3680 lis,
1081 3606 1356 3685 benigne
1398 3604 1639 3685 recepit
1688 3603 1896 3685 ipsum
1949 3601 2144 3665 David
2197 3601 2424 3664 confu-
2532 3602 2619 3664 Ex
2651 3623 2777 3685 quo
2806 3604 3149 3669 manifeste
3180 3606 3452 3683 videtur,
3486 3606 3656 3687 quod
3700 3606 3819 3669 iste
3854 3604 3997 3665 Naas

935 3705 1212 3785 gientem
1245 3704 1322 3766 ad
1354 3722 1442 3780 se,
1477 3722 1668 3785 quem
1711 3700 1898 3765 scivit
1939 3700 2158 3780 fugere
2190 3719 2225 3762 a
2258 3699 2423 3763 facie
2532 3700 2655 3763 fuit
2684 3702 2850 3765 alius
2881 3724 2918 3766 a
2946 3724 3091 3785 rege
3120 3704 3319 3782 Moab,
3343 3704 3446 3768 cui
3478 3702 3997 3767 recommendavit

935 3802 1102 3865 Saul.
1140 3804 1266 3867 Hoc
1299 3802 1466 3865 idem
1495 3801 1650 3864 dicit
1690 3801 2128 3882 Hieronymus.
2164 3799 2242 3861 At
2272 3817 2421 3861 vero
2531 3818 2679 3863 suos
2723 3811 3038 3883 parentes.
3072 3802 3250 3866 Circa
3289 3804 3457 3865 istud
3499 3811 3762 3884 apparet
3800 3802 3999 3863 dicen-

935 3901 1143 3984 primo
1185 3902 1423 3983 Regum
1470 3902 1634 3963 libro
1677 3898 1966 3973 habetur,
2001 3897 2170 3979 quod
2224 3896 2420 3959 David
2456 3900 2499 3961 C
2532 3898 2895 3981 dum,quod
2928 3902 3137 3965 verior
3167 3910 3229 3963 et
3262 3901 3700 3965 rationabilior
3731 3901 3815 3963 sit
3844 3900 3999 3962 dicta

676 4014 898 4068 maxx„
935 4001 1183 4082 fugiens
1215 4022 1252 4065 a
1283 4002 1446 4066 facie
1478 4000 1646 4075 Saul,
1669 3998 1845 4061 venit
1874 3997 1952 4059 ad
1983 3995 2172 4059 Achis
2206 4014 2417 4076 regem
2532 3998 2842 4079 expositio
2889 3999 3125 4063 Glossae
3170 4009 3233 4063 et
3280 4000 3735 4063 catholicorum
3796 4000 3996 4062 docto·

641 4082 706 4122 ¹⁰·
931 4102 1109 4178 Geth,
1143 4121 1180 4163 a
1210 4120 1336 4183 quo
1368 4119 1565 4182 quum
1599 4098 1850 4161 timeret
1880 4095 2108 4173 occidi,
2140 4094 2307 4176 fugit
2337 4096 2417 4157 ad
2532 4116 2694 4173 rum,
2718 4099 2869 4179 quia
2898 4100 3099 4179 magis
3131 4099 3473 4163 concordat
3502 4097 3996 4181 Scripturae.Nec

667 4213 900 4265 nimau,
933 4220 1143 4281 regem
1187 4201 1383 4275 Moab,
1419 4207 1481 4263 et
1522 4199 1691 4281 apud
1735 4196 2030 4261 eumdem
2074 4215 2285 4275 regem
2326 4196 2420 4257 di-
2529 4215 2749 4258 verum
2782 4204 2899 4273 est,
2935 4198 3101 4278 quod
3143 4216 3334 4279 supra
3376 4196 3612 4259 dictum
3659 4195 3764 4271 sit,
3800 4196 3995 4278 ipsum

638 4278 677 4318 ³·
931 4300 1106 4362 misit
1147 4319 1294 4363 suos
1335 4308 1651 4381 parentes.
1685 4298 1763 4359 Et
1806 4298 1894 4359 ita
1933 4296 2271 4358 dicendum
2324 4314 2419 4357 re·
2529 4296 2720 4357 David
2770 4296 2927 4357 dure
2971 4304 3079 4357 aut
3122 4296 3326 4376 rigide
3364 4295 3750 4379 processisse
3794 4302 3999 4358 contra

929 4397 1262 4479 linquitur,
1306 4398 1473 4478 quod
1519 4398 1675 4459 Naas
1719 4396 1838 4458 iste
1879 4394 2000 4457 fuit
2045 4413 2152 4456 rex
2191 4393 2420 4457 Moabi-
2531 4412 2740 4474 regem
2770 4392 2981 4469 Moab3
3016 4395 3126 4456 sed
3156 4403 3376 4456 contra
3406 4393 3861 4475 Moabitas-,qui
3886 4391 3999 4453 for-

926 4505 1133 4558 tarum
1175 4503 1236 4559 et
1275 4495 1798 4570 Ammonitarum,
1835 4494 2000 4556 sicut
2047 4492 2416 4573 frequenter
2528 4492 2691 4553 sitan
2722 4511 2836 4555 suo
2870 4493 2999 4573 regi
3030 4501 3210 4555 erant
3241 4491 3531 4569 rebelleS,
3564 4500 3673 4555 aut
3714 4488 3993 4574 injuriosi

925 4594 1236 4675 contingit
1255 4595 1546 4657 eumdem
1569 4611 1839 4675 praeesse
1862 4591 2153 4674 pluribus
2187 4592 2417 4671 regnis,
2530 4590 2593 4651 in
2641 4591 2857 4667 David,
2893 4590 2981 4653 ita
3011 4592 3181 4673 quod
3213 4600 3433 4654 contra
3462 4610 3568 4654 eos
3598 4589 3827 4653 habuit
3864 4609 3997 4651 cau-

925 4694 1459 4775 quemadmodum
1501 4693 1691 4755 etiam
1734 4698 2017 4772 tempore
2049 4690 2275 4773 Moysis
2306 4691 2417 4751 Ba-
2525 4708 2659 4751 sam
2690 4698 2753 4752 et
2785 4707 3083 4771 pugnam,
3109 4707 3238 4752 non
3268 4697 3487 4752 contra
3516 4708 3735 4752 eorum
3768 4704 3991 4766 regem,

643 4798 890 4852 Num-1¹¹¹.
925 4792 1021 4854 lac
1063 4791 1186 4853 fuit
1217 4810 1324 4853 rex
1357 4789 1764 4853 Moabitarum
1807 4797 1868 4850 et
1907 4787 2409 4865 Madianitarum,
2523 4789 2601 4850 de
2630 4788 2816 4868 cujus
2845 4807 3157 4851 consensu
3192 4787 3397 4870 potuit
3420 4787 3685 4851 vastatio
3720 4786 3831 4849 illa
3860 4804 3995 4848 con-

630 4864 671 4905 ⁴⁹
927 4898 996 4952 ut
1029 4890 1095 4952 in
1141 4888 1304 4951 libro
1349 4888 1580 4966 legitur
1626 4887 2066 4949 Numerorum.
2107 4887 2212 4949 His
2257 4908 2405 4951 con·
2522 4887 2784 4966 tingere.
2829 4886 2941 4949 Vel
3005 4885 3269 4949 forsitan
3328 4894 3815 4967 assumpserunt
3880 4881 3990 4945 sibi

920 4989 1161 5064 cordat,
1195 4988 1366 5069 quod
1404 4986 1692 5066 Magister
1724 4986 1790 5047 in
1831 4985 2114 5047 historiis
2156 4986 2400 5062 scribit,
2520 4984 2716 5046 alium
2749 5003 2982 5065 regem.
3008 4984 3131 5047 Nec
3164 4983 3513 5047 verisimile
3544 5002 3683 5046 esse
3713 4990 3989 5065 apparet,

921 5087 1192 5151 dicendo
1226 5104 1240 5147 ε
1275 5085 1477 5159 Quum
1522 5084 1788 5165 fugisset
1831 5084 2027 5147 David
2071 5085 2151 5147 ab
2191 5083 2403 5163 Achis,
2440 5091 2490 5151 D
2519 5086 2688 5166 quod
2711 5084 2904 5147 David
2936 5084 3049 5167 qui
3080 5091 3214 5146 erat
3236 5084 3333 5147 vir
3365 5092 3533 5146 totus
3566 5084 3857 5159 idoneus,
3880 5082 3994 5142 dis-

921 5206 958 5249 a
1005 5195 1183 5269 patre
1241 5185 1424 5247 istius
1483 5185 1703 5248 Hanon
1764 5185 2040 5265 benigne
2098 5185 2403 5248 collectus
2517 5191 2749 5259 cretuS,
2801 5182 3104 5258 urbanuS,
3151 5182 3409 5245 recessit
3452 5200 3490 5243 a
3534 5191 3699 5245 terra
3748 5189 3811 5244 et
3860 5196 3993 5258 rege

925 5284 1049 5346 fuit
1084 5302 1098 5345 z
1141 5302 1268 5365 quo
1309 5291 1501 5365 patet,
1541 5284 1712 5366 quod
1748 5302 1856 5346 rex
1897 5283 2006 5347 ille
2047 5282 2247 5362 Moab,
2286 5283 2411 5347 fuit
2518 5282 2694 5347 Moab
2738 5281 2877 5343 sine
2926 5280 3090 5344 scitu
3135 5288 3198 5343 et
3242 5298 3555 5343 consensu
3608 5279 3833 5361 ipsiuS.
3878 5278 3990 5340 Nec
