4359 6250
634 4445 765 4489 Cant.
782 4458 824 4497 v,
842 4448 882 4488 9.

649 4836 748 4880 Aet.
766 4849 822 4887 tx,
838 4840 880 4880 5.

616 5030 657 5073 Ζ
660 5031 761 5076 ach.
778 5046 821 5083 n,
840 5035 882 5077 8.

627 5226 884 5281 Manlau,

1800 499 2145 558 ssNAnnATto
2187 500 2251 546 IN
2294 499 2430 545 CAP.
2479 498 2498 544 l
2542 499 2723 544 num.
2769 517 2850 528 -—
2891 499 3033 544 ΛΒΤ.
3081 498 3124 544 11

2054 936 2703 1024 ARTICULUS
2789 939 2876 1021 II

1610 1247 1982 1293 sPlRlTUALts
2040 1243 2424 1291 EXPLANATIO
2483 1244 2744 1291 musnssu
2799 1245 3070 1290 currum
3127 1247 3316 1291 Palm.

1036 1567 1221 1632 ICUT
1270 1565 1336 1629 in
1378 1565 1630 1628 modica
1679 1571 1837 1626 testa
1881 1561 2246 1626 continetur
2292 1580 2406 1623 nu·
2437 1559 2488 1621 A
2523 1562 2712 1624 corde
2749 1581 2968 1626 eorum
3007 1566 3118 1645 qui
3163 1585 3274 1647 per
3315 1575 3628 1630 tormenta
3665 1576 3727 1630 et
3762 1567 4016 1630 violen-

1054 1667 1229 1729 cleus
1259 1664 1487 1739 dulciS,
1514 1671 1705 1744 atque
1738 1662 1803 1722 in
1840 1660 1986 1724 favo
2028 1660 2239 1722 mellis
2271 1658 2407 1721 dul-

915 1766 1101 1840 cedo,
1156 1765 1219 1825 in
1280 1762 1449 1825 malo
1506 1779 1762 1843 quoquc
1816 1767 2078 1841 granato
2134 1776 2402 1838 granum

914 1862 1323 1934 medicinale3
1350 1862 1437 1923 ita
1466 1868 1525 1922 et
1559 1861 1623 1920 in
1656 1859 1833 1920 brevi
1866 1859 1983 1921 hoc
2014 1857 2180 1919 libro
2212 1855 2400 1930 Ruth,

914 1961 1134 2024 suavia
1172 1959 1403 2022 Christi
1444 1966 1507 2020 et
1538 1957 1837 2020 Ecclesiae
1877 1962 2272 2018 sacramenta
2309 1954 2405 2015 in-

912 2060 1091 2123 clusa
1136 2067 1307 2121 sunt.
1352 2056 1704 2136 Allegorice
1749 2073 1918 2134 ergo,
1961 2074 2073 2136 per
2118 2053 2400 2135 judicem

913 2157 1121 2235 lsrael,
1162 2158 1227 2219 in
1267 2156 1451 2236 cujus
1491 2154 1716 2217 diebus
1763 2151 1931 2215 facta
1966 2160 2063 2214 est
2100 2150 2402 2214 sterilitas

913 2256 978 2318 in
998 2256 1230 2332 Judaea,
1267 2254 1647 2334 intelligitur
1675 2251 1967 2314 collectio
1989 2248 2396 2332 pontificum,

912 2355 1023 2437 qui
1066 2353 1297 2417 Judaeis
1329 2359 1641 2436 praeerant
1675 2351 1736 2413 in
1780 2350 1987 2432 primo
2015 2348 2250 2411 Christi
2295 2348 2402 2410 ad-

913 2459 1108 2514 ventu
1148 2459 1339 2532 atque
1384 2457 1527 2531 post
1567 2447 2093 2510 resurrectionem
2142 2445 2344 2526 ipsius
2383 2461 2395 2504 ε

911 2550 1023 2632 qui
1062 2548 1372 2631 populum
1411 2567 1448 2610 a
1478 2546 1709 2610 Christi
1755 2544 2227 2627 praedicatione,
2265 2541 2398 2604 fide

911 2658 974 2711 et
1008 2647 1185 2711 cultu
1221 2647 1369 2711 totis
1400 2645 1644 2710 viribus
1690 2651 2073 2718 averterunt,
2112 2642 2199 2703 ita
2227 2641 2396 2722 quod

2521 1659 2638 1722 tias
2679 1672 3054 1725 corruerunt
3095 1683 3132 1725 a
3177 1663 3330 1726 fide.
3365 1668 3820 1744 Remum-itque
3865 1686 4014 1724 mu-

2518 1761 2640 1818 lier
2669 1763 2890 1822 orbata
2919 1765 3164 1823 duobus
3196 1765 3413 1822 liberis
3445 1785 3519 1824 ac
3549 1767 3785 1824 marito
3805 1783 3828 1826 .·
3850 1764 4014 1844 quia

2515 1866 2578 1918 ct
2615 1859 2816 1920 sancti
2847 1859 3130 1941 Apostoli
3170 1861 3493 1943 ceterique
3532 1861 3832 1943 discipuli
3885 1880 4012 1942 pro

2512 1956 2759 2020 Christo
2789 1967 2938 2020 sunt
2966 1960 3375 2040 martyrizati,
3397 1960 3562 2023 sicut
3591 1967 3652 2022 et
3682 1961 3832 2023 olim
3856 1959 4012 2022 Pro-

2513 2053 2718 2135 phetae
2756 2055 2836 2118 ab
2877 2056 3092 2138 impiis
3131 2065 3281 2118 sunt
3321 2056 3557 2120 afflicti
3595 2074 3608 2118 ε
3644 2057 3866 2138 sicque
3898 2077 4010 2120 co-

2513 2172 2652 2215 rum
2695 2156 3032 2236 praesentia
3070 2155 3354 2219 Ecclesia
3394 2155 3516 2219 fuit
3547 2157 3815 2239 privata,
3852 2176 4004 2237 quae

2511 2251 2700 2314 ctiam
2736 2252 2799 2313 in
2838 2253 2955 2316 hac
2984 2254 3115 2318 vita
3144 2254 3373 2336 Sponsi
3411 2255 3690 2318 coelcstis
3730 2255 3907 2318 claro
3941 2265 4008 2316 et

2510 2348 2811 2414 beatifico
2861 2351 3146 2433 privatur
3193 2353 3513 2417 consortio
3556 2373 3626 2416 ac
3669 2354 4004 2434 adspectu.

2507 2446 2812 2511 Praeterca
2844 2450 3162 2512 interdum
3192 2451 3508 2532 contingit
3536 2450 3886 2514 Ecclesiam
3923 2453 4006 2513 ad

2511 2552 2759 2628 tempus
2803 2547 3103 2629 relinqui,
3139 2548 3226 2610 ita
3263 2557 3334 2610 ut
3375 2549 3580 2612 solitis
3619 2547 4008 2614 consolatio-

2511 2643 2723 2720 nibuS,
2744 2665 3294 2728 supernorumque
3322 2647 3770 2711 charismatum
3805 2645 3875 2710 af
3881 2647 4008 2710 flu-

912 2764 1141 2826 magna
1176 2745 1361 2808 bonae
1410 2742 1912 2806 conversationis
1960 2740 2284 2814 sterilitaS,
2337 2747 2400 2800 ct
2429 2741 2474 2802 B
2510 2743 2699 2804 cntiis
2725 2744 3336 2827 destituatur‚atquc
3365 2746 3754 2828 gravissimis
3784 2765 4004 2828 persc-

912 2843 1267 2926 spiritualis
1319 2842 1637 2904 alimoniae
1683 2840 1985 2916 carentia,
2042 2840 2107 2900 in
2158 2837 2397 2920 populo

913 2943 1025 3005 illo
1062 2942 1325 3005 ludaico
1355 2941 1753 3003 exstiterunt.

994 3043 1299 3120 Abiitque
1337 3042 1520 3100 homo
1550 3041 1629 3098 de
1658 3039 2027 3098 Bethlehem
2054 3039 2252 3106 luda,
2289 3052 2400 3096 no-

912 3140 1086 3203 mine
1133 3139 1501 3213 Elimelech‚
1551 3138 1725 3220 quod
1764 3137 2238 3219 interpretatur,
2281 3136 2397 3197 Do-

910 3239 1125 3302 minus
1156 3257 1335 3301 meus
1366 3256 1509 3301 rex:
1540 3237 1605 3299 id
1637 3244 1752 3311 est,
1772 3235 2059 3299 Christus
2091 3234 2396 3296 Dominus

912 3346 977 3400 et
1018 3356 1124 3399 rex
1162 3346 1377 3399 noster
1416 3354 1561 3398 cum
1607 3334 1890 3397 Ecclesia
1933 3333 2258 3413 ingressus
2299 3339 2398 3393 est

914 3445 1111 3499 terras
1140 3434 1499 3514 gentilium,
1536 3433 1691 3515 quia
1720 3441 1863 3514 post
1902 3450 2081 3493 suam
2118 3448 2398 3493 resurre-

912 3534 1187 3598 ctionem
1225 3532 1455 3595 Judaeis
1496 3530 1559 3592 in
1592 3550 1707 3592 sua
1744 3529 2020 3612 perfidia
2052 3528 2390 3605 induratis,

913 3652 1025 3715 per
1066 3631 1407 3714 primitivae
1436 3629 1732 3693 Ecclesiae
1770 3629 2236 3711 praedicatoreS,
2258 3645 2400 3690 san-

911 3740 1045 3795 ctos
1065 3729 1421 3813 Apostolos,
1438 3737 1498 3791 et
1529 3748 1645 3810 per
1664 3727 2119 3808 Prophetarum
2140 3725 2400 3789 oracula

913 3828 1194 3892 visitavit
1230 3825 1524 3907 gentileS,
1560 3834 1623 3889 et
1660 3825 1725 3887 in
1766 3844 1988 3887 eorum
2034 3825 2397 3886 demoratus

2509 2841 2874 2905 cutionibus
2910 2852 3282 2925 exponatur,
3319 2843 3382 2906 in
3429 2852 3694 2921 tantum,
3729 2852 3797 2906 ut
3839 2864 4000 2907 cum

2510 2940 2810 3021 Apostolo
2839 2940 3008 3004 dicat
3042 2961 3056 3006 ε
3094 2942 3297 3025 Supra
3326 2943 3584 3006 modum
3612 2942 3852 3023 gravati
3891 2963 4008 3006 su-

2511 3057 2651 3100 mus
2683 3058 2876 3121 supra
2906 3040 3228 3117 virtutem,
3255 3041 3342 3103 ita
3372 3049 3442 3102 ut
3474 3042 3726 3104 taedcret
3759 3059 3876 3104 nos
3913 3043 4008 3104 vi-

2510 3156 2679 3201 vere.
2715 3138 2888 3202 Tunc
2923 3158 3072 3220 ergo
3100 3139 3282 3222 quasi
3313 3140 3598 3206 orbatam
3639 3160 3706 3203 se
3743 3139 4005 3205 coelesti

2509 3235 2737 3299 marito
2767 3239 3200 3319 conqueritur.

2591 3338 2674 3396 Εὐ
2703 3339 2990 3397 surrevit
3023 3348 3093 3398 ut
3125 3340 3196 3397 in
3213 3340 3510 3415 patriam
3533 3348 3821 3415 peryeret
3839 3359 3999 3399 cum

2509 3443 2784 3513 utraque
2813 3456 2992 3495 nuru
3013 3456 3154 3500 sua.
3179 3435 3460 3498 Ecclesia
3491 3454 3764 3517 namque
3799 3454 4009 3517 quos-

2508 3532 2653 3593 dam
2681 3532 3019 3611 gentilium
3053 3533 3568 3597 inconvertibiles
3599 3534 3872 3615 reperit:
3903 3534 4002 3596 id-

2509 3649 2583 3693 eo
2603 3631 2695 3692 eis
2717 3630 2977 3709 relictiS,
2995 3632 3276 3695 vicissim
3297 3651 3637 3696 conversos
3657 3652 3733 3695 ex
3749 3632 4004 3695 ludais-

2509 3748 2613 3791 mo
2645 3730 2708 3791 in
2742 3737 2907 3792 terra
2935 3738 3153 3793 sancta
3183 3729 3426 3803 revisit,
3451 3729 3996 3811 quemadmodum

2507 3826 2773 3891 lacobus
2816 3828 2894 3891 de
2937 3828 3238 3910 Hispania
3280 3828 3345 3889 in
3382 3828 3659 3891 Judaeam
3700 3847 4000 3891 reversus

912 3936 1007 3990 est
1063 3925 1383 3990 cordibus.
1440 3926 1599 3985 Cum
1647 3925 1895 3983 duobus
1942 3925 2162 3983 liberis
2213 3943 2234 3981 :
2286 3916 2470 4004 pch
2508 3934 2622 4001 est,
2644 3936 2706 3989 ct
2727 3946 2944 3989 rursus
2976 3926 3344 4009 praedicavit
3373 3926 4000 4008 ibidem,plurimos·

911 4044 1071 4107 quos
1103 4025 1256 4087 ordo
1278 4023 1731 4104 Prophetarum
1764 4031 1827 4084 et
1856 4022 2087 4084 chorus
2112 4022 2398 4101 signatur

911 4123 1381 4205 Apostolorum,
1435 4140 1548 4183 seu
1595 4120 1715 4202 ipsi
1754 4120 2041 4201 Apostoli
2090 4129 2151 4183 et
2201 4120 2393 4183 ceteri

912 4240 1131 4285 eorum
1174 4229 1614 4302 cooperatores
1658 4217 1981 4300 discipuli.
2023 4218 2138 4281 Per
2176 4218 2396 4281 Noemi

912 4321 1191 4395 demum,
1212 4337 1357 4399 quae
1386 4317 1653 4400 pulchra
1682 4317 2155 4398 interpretatur,
2182 4316 2397 4381 Eccle-

912 4418 1007 4481 sia
1038 4417 1423 4497 designatur‚
1460 4415 1565 4478 cui
1605 4415 1671 4483 in
1708 4414 1985 4478 Canticis
2026 4415 2265 4479 dicitur
2299 4434 2312 4477 ε
2351 4415 2398 4479 Ο

911 4515 1341 4600 pulcherrima
1386 4514 1727 4577 mulierum
1773 4522 1785 4576 l
1838 4518 1920 4577 E'c
1965 4525 2259 4575 mortuus
2310 4526 2398 4575 esc

913 4616 1001 4677 ibi
1032 4616 1404 4677 Elimeleeh.
1444 4611 1729 4675 Christus
1772 4632 2047 4695 namque
2088 4614 2153 4675 in
2203 4633 2399 4676 mem-

912 4715 1043 4777 bris
1082 4714 1216 4776 suis
1248 4712 1722 4795 persecutiones
1762 4713 2065 4775 sustinuit
2096 4720 2393 4795 tyranno-

912 4834 1075 4889 rum,
1114 4822 1177 4876 et
1216 4812 1340 4875 sibi
1377 4810 1522 4873 fieri
1568 4811 1883 4893 reputavit
1921 4814 2093 4894 quod
2128 4812 2262 4883 suis
2303 4812 2399 4873 in-

912 4913 1257 4993 fligebatur
1280 4910 1583 4974 fidelibus
1605 4928 1619 4972 1
1638 4910 1877 4992 quibus
1897 4931 2010 4993 per
2031 4911 2396 4974 Zachariam

912 5012 1161 5075 locutus
1192 5008 1442 5085 est,Qui
1476 5009 1753 5087 tetigerit
1779 5028 1914 5087 VOS,
1950 5018 2163 5089 tanget
2195 5009 2400 5091 pupil-

2507 4044 2633 4106 que
2663 4026 2996 4088 convertit.
3012 4025 3293 4107 Apostoli
3316 4044 3596 4107 quoque,
3613 4044 3726 4106 per
3745 4024 4000 4106 aliquot

2506 4143 2706 4186 annos
2737 4124 3018 4187 cunctis*
3040 4123 3433 4205 temporibus
3460 4124 3526 4185 in
3546 4123 3896 4185 Jerusalem
3931 4134 3996 4187 ct
4063 4144 4088 4163 ·

2507 4223 2584 4285 ad
2611 4222 3001 4305 primitivam
3022 4221 3112 4284 ibi
3132 4221 3479 4285 Ecclesiam
3504 4222 3846 4296 redierunt,
3867 4224 3995 4286 sic-

2507 4329 2578 4383 ut
2603 4320 2725 4383 hoc
2744 4320 2973 4403 partim
3009 4319 3073 4382 in
3095 4320 3354 4383 Actibus
3385 4321 3717 4395 edocetur;
3741 4320 3994 4401 aliquas

2506 4438 2764 4501 quoque
2813 4438 2888 4482 ex
2938 4417 3236 4499 gentibus
3293 4437 3637 4483 conversas
3689 4438 3996 4501 personas

2508 4537 2722 4580 secum
2773 4517 3106 4579 duxerunt.
3159 4516 3613 4580 Verumtamen
3661 4536 3774 4600 per
3821 4518 3993 4581 hanc

2508 4615 2725 4680 Noemi
2771 4615 3171 4693 reditionem,
3221 4615 3539 4698 praecipue
3591 4615 3992 4697 figurabatur

2507 4716 2678 4797 quod
2711 4714 2935 4779 fideles
2975 4715 3144 4779 circa
3184 4714 3384 4777 finem
3425 4715 3648 4777 mundi
3687 4714 3996 4797 praedica-

2511 4814 2636 4877 turi
2679 4821 2829 4876 sunt
2879 4813 3241 4895 Synagogae,
3298 4822 3361 4882 et
3409 4813 3781 4877 conversuri
3829 4832 4002 4877 eam·

2508 4912 2675 4975 dem.
2708 4911 2919 4988 Porro,
2956 4930 3069 4993 per
3106 4911 3227 4974 hoc
3261 4911 3434 4993 quod
3477 4910 3696 4974 Noemi
3737 4911 3994 4992 utrique

2510 5011 2698 5072 nurui
2733 5030 2861 5073 suae
2902 5010 3172 5073 reditum
3205 5009 3541 5093 persuasit,
3577 5010 3761 5072 datur
3804 5010 3996 5075 intel-

913 5109 1039 5171 lam
1077 5108 1246 5173 oculi
1298 5106 1445 5170 mei.
1489 5107 1665 5169 Unde
1712 5116 1775 5169 et
1826 5127 2045 5169 rursus
2098 5107 2332 5170 fatetur
2380 5126 2393 5170 ε
2428 5102 2478 5163 D
2509 5107 2619 5189 ligi
2651 5109 2818 5191 quod
2854 5107 3134 5171 Ecclesia
3167 5126 3293 5171 non
3333 5108 3548 5170 statim
3580 5108 3806 5190 recipit
3839 5108 3994 5171 infi-

910 5207 1085 5282 Quod
1126 5206 1237 5268 uni
1284 5226 1359 5267 ex
1401 5204 1686 5267 minimis
1730 5206 1889 5267 meis
1939 5204 2204 5282 fecistiS‚
2239 5206 2398 5269 mihi

2508 5208 2703 5284 dcleS,
2739 5217 2849 5271 aut
2895 5208 3086 5270 etiam
3131 5207 3620 5270 catechumenos
3665 5208 3742 5269 ad
3782 5207 3998 5289 Bapti-

4059 2956 4234 2999 neor..
4257 2961 4276 2987 ἰ

4117 4144 4240 4185 certis

4043 5262 4284 5309 uenum.

912 5304 1179 5371 fecistis.
1216 5302 1589 5387 Specialiter
1633 5321 1783 5367 vero
1822 5313 2110 5367 mortuus
2158 5304 2284 5367 fuit
2331 5306 2396 5367 in
2509 5327 2664 5384 sma,
2710 5308 2818 5371 sed
2865 5307 3090 5389 probat
3135 5306 3398 5389 spiritus
3440 5304 3494 5367 si
3539 5324 3616 5367 ex
3665 5306 3787 5369 Deo
3835 5306 3991 5369 siut.
4031 5329 4080 5369 ι.
