4359 6250
892 478 1009 543 700

1439 498 1787 545 mannum
1829 500 1891 545 IN
1935 499 2070 546 GAP.
2115 499 2245 546 xvu
2286 498 2445 546 unm
2484 498 2685 545 TssnTu
2722 499 2947 546 numm.
2992 519 3073 530 -
3112 500 3255 546 Am.
3300 500 3424 547 XXV

890 667 1097 731 viduae
1131 668 1346 750 hujus,
1379 680 1438 730 et
1469 681 1609 731 erat
1654 675 1931 748 lanquor
1958 672 2375 763 fortissimm,
2407 666 2459 729 A
2489 670 2667 752 plum
2708 671 2877 751 quod
2907 670 3068 753 Lyra
3107 670 3353 733 inducit
3388 670 3467 731 de
3504 668 3767 751 pallido,
3802 667 3975 749 quod

891 767 1172 830 totaliter
1203 769 1466 831 vincens
1511 777 1825 847 naturam,
1861 773 1958 832 ita
1998 780 2071 831 ut
2112 790 2243 830 non
2284 790 2381 830 re-

891 879 1177 929 maneret
1211 870 1283 928 in
1313 889 1384 928 eo
1413 871 1681 942 halitu-5,
1717 868 1781 930 id
1813 877 1910 931 est
1939 868 2036 932 vis
2067 868 2383 950 respiran-

888 967 954 1028 di
993 984 1006 1028 :
1033 966 1203 1048 quod
1235 975 1330 1028 est
1359 965 1611 1046 signum
1644 967 1872 1030 vicinae
1900 967 2142 1030 mortis,
2177 967 2383 1030 Potuit

891 1074 1100 1128 autem
1136 1064 1482 1128 infirmitas
1515 1065 1624 1127 illa
1666 1085 1742 1128 ex
1780 1065 2056 1128 naturali
2097 1065 2383 1128 accidere

890 1183 1119 1238 causa3
1153 1165 1364 1246 potius
1406 1171 1614 1226 tamen
1665 1183 1741 1226 ex
1781 1163 2002 1226 divina
2049 1164 2386 1246 providen-

889 1263 999 1340 tia,
1027 1271 1096 1325 ut
1126 1281 1239 1344 per
1268 1262 1448 1344 pueri
1481 1261 1958 1325 suscitationem
1990 1263 2152 1325 Deus
2184 1262 2383 1325 omni-

891 1361 1240 1443 potentiam
1274 1380 1454 1423 suam
1487 1361 1653 1423 inter
1689 1360 1960 1441 gentiles
1995 1362 2377 1438 ostenderet,

889 1480 962 1524 ac
995 1461 1084 1522 sui
1105 1461 1431 1542 Prophetae
1452 1459 1748 1542 panderet
1769 1459 2382 1522 sanctitatemDioeit

889 1579 1035 1636 erqo
1065 1563 1152 1620 ad
1171 1561 1396 1620 Etiam
1413 1579 1435 1618 .·
1455 1561 1626 1628 Quid
1657 1561 1824 1619 milti
1842 1569 1901 1619 et
1925 1561 2063 1631 tibi,
2089 1562 2195 1618 vir
2214 1561 2336 1621 Dei
2351 1561 2381 1619 ‚2

892 1657 956 1720 id
989 1664 1106 1734 est,
1141 1657 1294 1738 quid
1337 1676 1675 1720 commune
1713 1667 1810 1720 est
1847 1656 2054 1734 nobiS,
2088 1665 2150 1719 et
2185 1676 2379 1738 quare

891 1757 1333 1829 convenimuS‚
1388 1756 1500 1838 qui
1553 1765 1680 1820 tam
1725 1757 2001 1838 impares
2045 1775 2265 1818 sumus
2310 1757 2377 1818 in

891 1955 959 2017 hi
990 1955 1198 2037 majus
1244 1955 1718 2018 incommodum
1749 1974 1940 2037 quam
1974 1955 2377 2017 commodum

889 2053 1271 2134 contigisse?
1302 2053 1443 2116 Ideo
1473 2054 1762 2135 sequitur
1794 2071 1807 2115 ι
1840 2058 2173 2131 Ingressus
2202 2074 2265 2113 es
2293 2057 2381 2114 ad

891 2174 1011 2223 me,
1046 2163 1117 2213 ut
1157 2162 1741 2214 rememorarentur
1781 2155 2162 2233 iniquitates
2205 2173 2378 2224 mese,

891 2262 948 2312 et
981 2253 1366 2328 interficeres
1408 2252 1628 2328 filium
1667 2254 1930 2313 meum?
1968 2250 2143 2325 Quod
2192 2251 2382 2314 inter-

893 2352 1178 2433 rogative
1199 2349 1682 2430 intelligendum
1704 2357 1820 2426 est,
1843 2358 2140 2431 tanquam
2171 2348 2377 2411 dicat:

891 2450 986 2513 An
1035 2451 1272 2513 idcirco
1317 2447 1547 2512 venisti
1593 2449 1670 2510 ad
1714 2467 1837 2526 me,
1875 2456 1943 2510 ut
1985 2456 2277 2531 respectu
2320 2457 2385 2510 et

891 2547 1366 2630 comparatione
1399 2545 1751 2608 sanctitatis
1783 2554 1924 2623 tuae,
1960 2545 2160 2625 magis
2192 2563 2384 2626 appa-

893 2655 1073 2710 reant
1111 2655 1173 2710 et
1201 2645 1524 2727 graviores
1557 2665 1593 2706 a
1623 2645 1748 2706 Deo
1777 2645 2145 2727 judicentur
2178 2643 2384 2725 culpae

892 2763 1070 2821 meae,
1095 2743 1315 2825 sicque
1343 2743 1676 2806 occasione
1710 2743 1800 2804 tui
1831 2750 2091 2825 propter
2111 2761 2255 2805 mea
2284 2742 2383 2804 de-

893 2843 1122 2906 merita
1172 2843 1334 2904 Deus
1391 2841 1583 2921 jussit
1634 2840 1844 2902 filium
1897 2859 2107 2904 meum
2158 2840 2321 2903 mori
2357 2843 2379 2901 2

891 2940 1094 3015 Quum
1125 2941 1298 3004 enim
1337 2939 1629 3022 opposita
1657 2939 1838 3019 juxta
1879 2959 1946 3002 se
1990 2939 2217 3021 posita,
2252 2958 2383 3000 ma-

2492 775 2781 850 respectu
2822 769 2913 831 rei
2957 769 3230 831 multum
3263 769 3443 845 albae,
3478 768 3731 830 videtur
3760 768 3839 829 ad
3884 765 3977 827 ni-

2488 866 2817 946 gredinem
2847 867 3188 944 declinare,
3224 875 3287 930 et
3316 866 3405 929 ait
3439 883 3453 928 :
3488 865 3788 941 Quamvis
3813 865 3977 948 judi-

2490 965 2661 1027 cium
2693 965 3070 1029 sensitivum
3092 967 3439 1028 secundum
3470 963 3976 1047 comparationes

2490 1072 2553 1127 et
2600 1073 2925 1146 respectus
2968 1064 3345 1146 decipiatur,
3386 1081 3514 1126 non
3556 1072 3769 1126 tamen
3816 1063 3977 1145 judi-

2488 1163 2658 1226 cium
2692 1163 2996 1226 rationis:
3024 1171 3093 1225 ut
3118 1171 3287 1245 patet
3319 1164 3398 1226 de
3431 1163 3585 1240 sole,
3616 1162 3729 1244 qui
3762 1181 3979 1226 secun-

2487 1263 2642 1324 dum
2677 1281 2935 1325 sensum
2964 1262 3287 1345 judicatur
3320 1261 3453 1325 fere
3492 1260 3852 1344 bipedalis;
3889 1269 3977 1324 ta-

2487 1381 2635 1424 men
2669 1363 2827 1426 ratio
2846 1362 3087 1445 judicat
3108 1381 3253 1424 eum
3275 1361 3476 1425 multo
3506 1361 3817 1442 majorem
3850 1369 3977 1424 tota

2488 1470 2676 1524 terra.
2696 1459 2942 1535 Quanto
2972 1461 3167 1542 igitur
3198 1459 3786 1542 incomparabiliter
3812 1460 3977 1522 aesti-

2486 1561 2791 1623 mandum
2824 1568 2919 1622 est
2960 1561 3039 1623 de
3077 1559 3297 1624 divino
3326 1559 3589 1642 judicio,
3631 1559 3805 1641 quod
3844 1576 3971 1621 non

2484 1659 2727 1742 judicat
2756 1658 3035 1740 aliquem
3055 1677 3194 1721 esse
3217 1659 3525 1741 injustum
3546 1657 3628 1720 ob
3656 1658 3781 1720 hoc
3801 1657 3971 1739 quod

2485 1776 2611 1820 non
2654 1757 2915 1839 aequalis
2960 1765 3055 1820 est
3084 1757 3313 1820 alteri?
3344 1757 3569 1820 Reddit
3610 1757 3787 1819 enim
3831 1755 3975 1818 uni·
4010 1774 4233 1824 ramae
4295 1755 4296 1820 l

891 1855 1045 1933 vita,
1071 1855 1159 1917 ita
1189 1856 1358 1937 quod
1391 1875 1466 1918 ex
1499 1863 1605 1918 tua
1628 1855 1965 1938 praesentia
1995 1855 2245 1918 videtur
2265 1855 2380 1917 mi·
2411 1853 2456 1914 B
2484 1857 2717 1938 cuique
2753 1857 2933 1938 juxta
2962 1875 3157 1938 opera
3194 1875 3328 1918 sua.
3360 1855 3538 1918 Unde
3576 1855 3723 1918 talis
3761 1873 3975 1937 respe-
3997 1839 4125 1943 ‘¹⁴5⁶'
4150 1849 4233 1884 ¹²¹¹·
4295 1833 4296 1924 Ῐ

2485 1965 2626 2019 ctus
2653 1955 2810 2017 nihil
2846 1955 2949 2018 hic
2979 1962 3297 2036 operatur.
3332 1954 3475 2017 Ideo
3508 1955 3583 2016 ad
3616 1954 3977 2033 intelligen-

2488 2055 2639 2117 tiam
2684 2061 2891 2116 textus
2939 2052 3291 2131 sciendum,
3344 2053 3512 2135 quod
3563 2052 3797 2116 mulier
3843 2054 3976 2116 haec

2487 2153 2715 2216 devota
2754 2151 3089 2233 reputabat
3118 2170 3187 2214 sc
3216 2151 3655 2233 peccatricem,
3678 2161 3747 2214 et·
3774 2151 3973 2214 Eliam

2489 2250 2835 2313 maximum
2864 2250 3127 2332 justitiae
3162 2249 3499 2314 zelatorem
3525 2268 3539 2312 :
3565 2251 3711 2314 ideo
3742 2269 3979 2332 praesu-

2490 2349 2723 2427 mebat,
2758 2358 2820 2412 ct
2860 2351 3035 2431 quod
3074 2350 3383 2413 adventus
3414 2350 3565 2413 Eliae
3608 2349 3674 2412 in
3716 2351 3975 2414 domum

2490 2468 2669 2512 suam
2700 2456 3146 2530 procuraverat
3166 2456 3435 2511 mortem
3470 2446 3592 2510 filii
3624 2448 3727 2510 sui
3757 2468 3834 2512 ex
3866 2449 3981 2511 ini-

2489 2547 2734 2629 quitate
2766 2566 2903 2624 sua,
2937 2546 3181 2610 scilicet
3222 2547 3462 2624 matriS,
3498 2556 3561 2609 et
3604 2549 3777 2628 quod
3810 2547 3978 2609 Elias

2491 2647 2929 2710 recordaretur
2959 2644 3365 2725 iniquitatem
3398 2645 3573 2708 illam
3607 2664 3825 2708 eoram
3855 2647 3977 2708 Deo

2492 2745 2569 2808 ad
2616 2743 2819 2807 finem
2856 2743 3072 2819 istum,
3109 2751 3180 2804 ut
3229 2762 3340 2825 per
3389 2751 3655 2806 mortem
3702 2743 3803 2806 sui
3853 2742 3975 2805 filii

2493 2843 2907 2926 temporalem
2958 2842 3190 2905 mulier
3229 2841 3341 2904 illa
3376 2851 3856 2906 converteretur
3898 2844 3977 2905 ad

2492 2943 2711 3017 Deum,
2748 2941 2913 3004 sicut
2952 2940 3320 3022 frequenter
3357 2941 3649 3004 homines
3693 2959 3811 3023 per
3846 2961 3978 3024 poe-

891 3041 990 3120 gis
1019 3046 1384 3122 appareant,
1421 3037 1794 3120 quotidiana
1836 3047 2092 3120 peccata
2125 3035 2383 3100 feminae
2413 3040 2457 3104 C
2494 3061 2606 3104 nas
2636 3039 3017 3122 temporales
3048 3039 3337 3120 castigati
3358 3040 3702 3103 emendant
3722 3059 3812 3103 se.
3838 3040 3977 3104 Haec

894 3140 1110 3222 hujuS,
1143 3138 1435 3221 quamvis
1467 3137 1732 3216 devotae,
1751 3146 2042 3220 respectu
2073 3138 2384 3201 excellen-

895 3240 999 3302 tiae
1039 3238 1410 3301 meritorum
1455 3237 1972 3319 quotidianorum
2016 3235 2191 3315 Eliae,
2238 3236 2383 3318 plus

895 3337 1308 3421 apparebant.
1345 3335 1446 3399 Sic
1478 3355 1682 3398 nanus
1713 3336 1878 3398 inter
1909 3354 2226 3418 pygmaeos
2256 3355 2387 3398 ma-

895 3455 1083 3517 gnuS,
1119 3444 1411 3518 respectu
1441 3434 1564 3500 viri
1594 3434 1848 3517 pulchri
1879 3442 1975 3497 est
2011 3453 2248 3516 parvus
2274 3458 2289 3509 3
2322 3442 2385 3497 et

895 3534 1105 3599 omnis
1135 3534 1468 3617 sapientia,
1505 3533 1832 3617 perfectio,
1870 3534 2114 3616 puritas
2143 3541 2385 3597 creatu-

900 3652 1006 3710 τω,
1042 3641 1333 3717 respectu
1376 3633 1768 3697 excellentiae
1804 3631 1937 3711 Dei,
1972 3632 2213 3695 nullius
2253 3651 2386 3696 mo-

2494 3139 2695 3203 Rabbi
2725 3139 2977 3202 Paulus,

2572 3239 2751 3302 Circa
2779 3257 2923 3319 quae
2952 3236 3118 3315 dico,
3153 3238 3325 3319 quod
3354 3238 3603 3318 justitia
3640 3238 3857 3301 minus
3882 3240 3981 3321 ju-

2494 3338 2577 3400 sti
2609 3337 2843 3401 dicitur
2877 3336 3195 3419 injustitia
3224 3345 3514 3419 respectu
3552 3338 3759 3401 multo
3790 3338 3981 3420 majo-

2496 3437 2583 3499 ris
2609 3435 2895 3519 justitiae,
2916 3452 3044 3499 non
3075 3436 3471 3518 simpliciter,
3496 3436 3603 3499 sed
3628 3438 3979 3518 respective

2495 3544 2559 3598 et
2586 3542 2845 3618 propter
2876 3534 3044 3596 mala
3085 3552 3330 3596 annexa
3356 3558 3370 3609 ;
3402 3552 3519 3597 nec
3553 3534 3619 3596 in
3650 3534 3775 3597 hoc
3816 3544 3981 3599 errat

2494 3635 2655 3698 ratio
2686 3634 2780 3697 sic
2809 3633 3121 3708 dictando,
3143 3632 3271 3695 imo
3303 3632 3423 3696 hoc
3453 3633 3641 3697 modo
3670 3632 3835 3695 dixit
3862 3633 3981 3696 Sal-

2495 3741 2697 3812 vator,
2731 3732 2928 3797 Nemo
2965 3732 3172 3796 bonus
3203 3730 3328 3793 nisi
3370 3731 3539 3794 solus
3569 3731 3735 3794 Deus
3760 3740 3863 3795 :et
3888 3732 3979 3794 sic
4018 3750 4241 3794 Lucam

2497 3832 2670 3895 solus
2718 3830 2954 3893 dicitur
3002 3848 3162 3908 esse,
3204 3831 3383 3912 juxta
3429 3828 3611 3907 illud,
3644 3829 3867 3894 Nonne
3914 3838 3981 3893 tu
4006 3816 4231 3927 tam&

2496 3930 2609 4014 qui
2660 3929 2834 3993 solus
2872 3930 2987 3992 es?
3026 3926 3128 3991 Sic
3168 3945 3427 4009 quoque
3463 3928 3553 3990 ait
3588 3928 3929 4009 Apostolus
3959 3949 3975 3992 t

899 3732 1100 3796 menti
1139 3741 1254 3795 est.
1288 3732 1470 3796 Juxta
1514 3732 1686 3796 hunc
1725 3751 1978 3796 sensum
2025 3731 2386 3814 intelligen-

901 3834 1054 3896 dum
1113 3840 1230 3908 est,
1281 3832 1630 3895 secundum
1679 3829 1995 3908 HebraeOS,
2052 3832 2225 3911 quod
2272 3831 2388 3895 Lot

613 3949 874 4001 Gemma
901 3931 1064 3993 dixit
1089 3932 1166 3994 ad
1208 3930 1504 4010 angelum
1540 3947 1554 3994 ε
1596 3929 1732 3994 Non
1772 3946 2032 4011 possum
2063 3928 2130 3991 in
2172 3936 2387 3993 monte

902 4030 1155 4109 salvari,
1192 4030 1254 4092 id
1299 4038 1396 4093 est
1429 4049 1573 4094 cum
1602 4028 1914 4092 Abraham
1956 4027 2096 4094 viro
2144 4028 2210 4090 in
2252 4047 2389 4090 san·
2500 4029 2628 4095 Soli
2660 4026 2936 4111 sapienti
2966 4026 3114 4090 Deo.
3147 4026 3277 4090 lmo
3308 4026 3401 4090 sic
3430 4025 3715 4109 loquitur
3742 4025 3932 4091 lsaias
3963 4048 3977 4090 :
4040 4047 4165 4090 nm
4180 4058 4247 4089 m.

903 4131 1122 4194 ctitate
1151 4128 1436 4193 sublimi.
2499 4128 2687 4205 Quasi
2718 4145 2973 4210 pannus
3009 4134 3419 4189 menstruatae
3455 4126 3773 4190 universae
3808 4128 3983 4210 justi·
4006 4112 4245 4215 ssuaa

980 4230 1430 4292 Verumtamen
1463 4228 1612 4291 huic
1640 4228 2020 4310 expositioni
2051 4247 2088 4290 a
2115 4227 2391 4292 Catholi-
2423 4232 2473 4294 D
2500 4229 2604 4291 tiae
2634 4234 2887 4289 nostroe.
2909 4224 3092 4287 Juxta
3122 4223 3291 4287 hunc
3330 4242 3587 4287 sensum
3608 4224 3812 4288 multa
3840 4226 3985 4289 scri·

901 4328 993 4391 cis
1038 4336 1101 4390 et
1142 4326 1418 4390 Hebraeis
1458 4326 1731 4403 inductae
1770 4326 2147 4389 contradicit
2189 4325 2389 4389 Rabbi
2498 4328 2738 4389 buntur
2767 4324 2834 4386 in
2865 4322 3028 4385 libro
3056 4321 3656 4405 Job,utpote:Ecee
3686 4323 3839 4387 luna
3858 4344 3981 4388 non
4022 4347 4110 4393 101,
4126 4347 4246 4391 ms.

901 4427 1152 4503 PauluS‚
1188 4434 1251 4489 et
1278 4427 1403 4489 ait:
1429 4424 1658 4506 Opinio
1690 4425 1796 4487 illa
1827 4434 1922 4488 est
1949 4425 2209 4508 penitus
2240 4426 2390 4488 irra-
2502 4423 2815 4506 splendet,
2848 4430 2913 4485 et
2941 4419 3087 4484 coeli
3131 4438 3257 4483 non
3288 4428 3437 4483 sunt
3476 4422 3699 4483 mundi
3744 4422 3811 4484 in
3840 4442 3984 4487 con-
4004 4425 4079 4463 ¹³·
4102 4412 4160 4451 ¹⁵·

903 4525 1255 4591 tionabiliS.
1287 4525 1440 4587 Nam
1473 4524 1622 4587 licet
1651 4524 1950 4587 sanctitas
1979 4525 2271 4589 mulieris
2302 4545 2391 4589 es-
2502 4530 2723 4606 spectu
2768 4522 2930 4604 ejus.
2971 4520 3049 4582 Et
3084 4537 3095 4581 :
3132 4519 3265 4582 Non
3290 4518 3754 4598 justificabitur
3798 4522 3982 4586 homo
4026 4544 4144 4589 1⁶2³.
4158 4558 4203 4585 tx.
4216 4544 4244 4583 ε.

907 4635 1002 4689 sct
1031 4624 1280 4689 modica
1304 4631 1592 4705 respectu
1635 4623 1987 4685 sanctitatis
2016 4624 2191 4702 Eliae,
2226 4623 2392 4687 sicut
2502 4621 2893 4704 compositus
2924 4620 3071 4683 De0.
3108 4618 3208 4681 Sic
3248 4618 3402 4682 boni
3442 4627 3505 4682 et
3543 4620 3819 4685 humiles
3868 4622 3983 4686 viri

905 4723 1152 4807 justitia
1185 4723 1300 4785 Lot
1345 4730 1632 4803 respectu
1681 4722 1944 4803 justit-iae
1985 4720 2272 4800 Abrahae,
2317 4742 2392 4785 ex
2503 4719 2976 4803 comparatione
3012 4725 3377 4781 sanctorum
3418 4728 3691 4801 patrum,
3737 4740 3987 4803 praeser-

908 4823 1028 4885 hoc
1057 4830 1266 4884 tamen
1301 4839 1426 4884 non
1448 4819 1638 4884 debet
1668 4820 1796 4883 d-ici
1828 4820 2134 4903 iniquitas
2165 4840 2304 4884 esse
2327 4819 2393 4883 in
2506 4820 2620 4882 tim
2652 4818 3121 4901 Apostolorum,
3156 4835 3225 4880 se
3261 4825 3558 4899 reputant
3586 4836 3847 4900 prorsus
3888 4820 3987 4882 de-

908 4921 1196 4997 muliere,
1222 4920 1322 4983 vel
1354 4919 1469 4983 Lot
1500 4938 1628 4983 non
1660 4938 1847 5001 posse
1874 4920 2106 4985 salvari
2129 4920 2195 4982 in
2218 4938 2398 4983 mon·
2510 4918 2850 4993 fectuoSOS,
2887 4914 3275 4993 immundoS‚
3309 4915 3685 4998 culpabiles
3710 4917 3984 5000 insuper,

909 5027 993 5095 te,
1029 5019 1093 5081 id
1123 5027 1220 5081 est
1250 5019 1430 5100 juxta
1460 5018 1801 5081 Abraham.
1837 5018 1991 5081 Nam
2034 5019 2246 5081 minus
2276 5018 2401 5081 vir-
2510 5015 2800 5100 quamvis
2818 5014 3029 5077 minus
3048 5014 3198 5079 boni
3219 5014 3516 5097 juventur
3532 5015 3779 5078 meritis
3800 5016 3996 5080 melio-

913 5117 1077 5181 tuosi
1123 5118 1427 5200 juvantur
1480 5118 1682 5199 magis
1727 5138 1916 5199 quam
1967 5116 2276 5180 vitientur
2324 5137 2401 5180 ex
2514 5114 2753 5191 rum,hi
2776 5122 2987 5176 tamen
3008 5114 3119 5195 qui
3140 5132 3285 5175 cum
3310 5109 3611 5193 perfectis
3632 5112 3993 5176 hominibus

912 5216 1233 5281 consortio
1256 5213 1709 5298 perfectorum.
1734 5216 1888 5279 Nam
1916 5217 2155 5281 bonum
2180 5224 2278 5279 est
2302 5216 2403 5277 sui
2515 5221 2987 5288 conversantur,
3004 5210 3452 5293 culpabiliores
3468 5211 3835 5290 redduntur,
3849 5215 3991 5276 dum

914 5313 1319 5380 diffusivum.
1373 5314 1612 5379 Deinde
1661 5313 1885 5377 scribit
1929 5323 2148 5378 contra
2198 5332 2408 5378 exem·
2520 5331 2743 5379 eorum
2774 5310 3041 5391 vestigia
3063 5318 3311 5373 tantum
3342 5318 3413 5373 ut
3440 5328 3602 5393 opus
3632 5319 3731 5373 est
3760 5330 3885 5375 non
3906 5331 3997 5375 se—
