4359 6250
698 2870 752 2914 ΙΙΙ
780 2871 893 2926 Rea.

631 2947 730 2985 xvn,
791 2965 802 2976 .

910 505 1027 570 166

1686 525 2032 574 mannum
2076 525 2137 571 ΙΝ
2178 524 2315 570 cAP.
2363 524 2425 569 lx
2467 523 2739 571 JUDfflUM.
2785 544 2865 554 —-
2905 525 3048 571 ΛΒΤ.
3094 525 3220 572 xvu

912 699 1171 757 bantur.
1198 695 1567 760 Abimelech
1588 696 1827 779 quippe
1861 695 1925 758 in
1960 695 2080 758 isto
2111 713 2402 775 congres-
2430 694 2481 755 A
2512 713 2638 757 non
2674 695 2984 775 potuisset
3017 693 3243 757 infelix
3280 694 3399 757 iste
3427 693 3818 757 Abimelech.
3853 693 4014 754 Ideo

913 813 989 855 su
1033 793 1253 858 divisit
1298 797 1605 877 populum
1642 813 1833 878 ⁴suum
1878 793 1943 856 in
1979 803 2105 856 tres
2140 802 2398 869 turmaS‚

913 912 1181 974 quarum
1206 894 1346 956 duae
1367 894 1915 975 persequebantur
1930 892 2078 955 Gaal
2106 912 2177 955 ac
2201 892 2406 954 socios

916 993 1077 1073 ejuS.
1112 994 1320 1053 Porro
1350 995 1717 1053 Abimelech
1766 1010 1910 1054 cum
1962 990 2149 1054 tertio
2200 1009 2406 1053 cuneo

914 1092 1094 1150 'omni
1120 1093 1229 1150 die
1259 1092 1374 1150 ilco
1418 1093 1852 1168 oppugnabat,
1886 1089 1949 1151 id
1994 1098 2091 1152 cst
2130 1089 2402 1164 obsedit,

917 1192 1139 1250 urbem
1172 1188 1444 1265 Sichem,
1465 1210 1662 1268 quam
1692 1192 1883 1266 cepit,
1914 1189 2272 1269 interfectis
2300 1191 2409 1248 Ιια-

917 1289 984 1347 bi
988 1290 1297 1348 tatoribus
1316 1289 1479 1365 ejus,
1498 1289 1830 1367 ipsamque
1850 1289 2147 1348 destruxi
2152 1297 2172 1346 ι
2195 1289 2317 1356 ita,
2337 1297 2409 1346 uc

916 1389 1018 1446 sal
1046 1387 1118 1445 in
1148 1405 1223 1445 ea
1252 1388 1666 1462 disper-ymen
1702 1384 1766 1446 in
1815 1384 2068 1464 signum
2111 1383 2410 1464 perfectae

919 1482 1201 1546 victoriae
1231 1502 1424 1565 supra
1452 1502 1614 1546 eam.
1640 1486 1822 1552 Quod
1845 1504 2047 1563 qua-m
2077 1483 2408 1543 audissent

918 1584 1035 1661 qui
1064 1583 1440 1643 habitabant
1472 1584 1539 1642 in
1579 1591 1757 1642 turre
1777 1583 2244 1651 Sicllimoru‘m,
2268 1599 2408 1661 quae

920 1680 1113 1742 turris
1157 1678 1279 1741 fuit
1324 1679 1446 1742 sita
1490 1697 1798 1757 seorsum,
1826 1681 2100 1757 inqressz'
2128 1688 2281 1739 sunt
2310 1680 2409 1755 fa-

916 1796 1078 1839 num
1119 1781 1227 1838 dei
1268 1780 1377 1838 sui
1406 1780 1659 1850 Berich,
1695 1786 1814 1841 etc.
1851 1776 1965 1851 Qui
2007 1776 2286 1863 qualiter
2317 1776 2406 1837 ibi

2509 793 2737 856 melius
2791 794 3166 856 translatum
3216 803 3312 857 est
3362 795 3626 856 verbum
3678 792 3840 854 illud
3887 791 4016 854 He-

2509 891 2750 954 braeum
2783 892 2849 953 in
2873 891 3237 955 Cerebrum.
3256 893 3470 974 Itaque
3495 890 3824 954 cerebrum
3857 890 4013 970 ejus

2507 989 2844 1070 confregit,
2883 989 2947 1051 id
2989 999 3104 1066 est,
3141 990 3414 1052 letaliter
3453 988 3834 1052 vulneravit.
3875 990 4017 1056 Qui

2510 1091 2762 1148 vocavit
2813 1091 2937 1148 cito
2981 1091 3380 1166 armigerum
3421 1109 3636 1160 suum,
3672 1099 3730 1147 ec
3771 1090 3870 1147 ait
3913 1090 4016 1146 ad

2509 1207 2654 1246 eum
2687 1207 2709 1246 .·
2742 1188 3048 1263 Evaqina
3082 1188 3388 1263 gladium
3428 1194 3614 1245 cuum
3653 1195 3712 1245 et
3736 1194 4014 1262 percute

2510 1305 2630 1356 me,
2667 1284 2730 1346 id
2763 1292 2880 1361 est,
2916 1283 3136 1346 occide
3168 1303 3270 1346 me
3300 1283 3409 1366 qui
3443 1283 3610 1346 ultra
3640 1283 3751 1346 diu
3785 1283 4012 1345 vivere

2513 1401 2782 1464 nequem
2815 1403 2897 1443 ne
2935 1387 3099 1463 forte
3139 1385 3424 1454 dicatur,
3457 1384 3628 1462 quod
3667 1403 3705 1441 a
3747 1382 4012 1457 femina

2511 1481 2890 1557 interfectus
2929 1482 3077 1540 sim.
3116 1482 3245 1549 Qui
3269 1481 3460 1556 jussa
3497 1480 3868 1558 perficiens,
3901 1481 4010 1538 in-

2513 1581 2762 1656 terfecit
2781 1599 2950 1638 eum.
2973 1577 3474 1660 Superbissimus
3505 1577 3615 1640 ille
3647 1577 4008 1639 humanum

2511 1676 2923 1758 opprobrium
2957 1675 3158 1757 magis
3178 1694 3370 1757 quam
3404 1676 3514 1738 Dei
3541 1674 3854 1756 judicium
3877 1674 4012 1738 for-

2513 1773 2820 1849 midavit3
2859 1793 2974 1837 nec
3024 1773 3203 1836 licuit
3252 1774 3311 1837 ei
3361 1783 3624 1837 mortem
3676 1791 3856 1835 suam
3909 1773 4008 1835 sic

918 1875 1112 1939 occisi
1164 1885 1313 1937 sunt
1363 1875 1511 1955 igne
1560 1883 1623 1938 et.
1674 1874 1872 1952 fumo,
1928 1875 1995 1937 in
2049 1884 2244 1952 textu,
2294 1875 2406 1956 qui
2439 1878 2482 1938 B
2515 1874 2888 1950 accelerare,
2924 1873 3076 1955 quia
3112 1874 3230 1937 hoc
3261 1873 3714 1955 aequivalenter
3751 1871 3898 1948 fuit,
3935 1891 4046 1935 se·

919 1975 1148 2056 planus
1179 1983 1296 2051 est,
1334 1975 1656 2037 recitatur.

999 2076 1362 2134 Abimelech
1404 2083 1621 2134 autem
1663 2076 1817 2133 inde
1845 2076 2278 2152 proficiscens,
2313 2093 2410 2132 ve-

919 2173 1021 2232 nit
1051 2175 1139 2232 ad
1162 2174 1473 2250 oppidum
1502 2173 1756 2241 Thebes,
1780 2175 1951 2251 quod
1970 2173 2406 2243 circumdans,

920 2269 1189 2346 obsedit,
1224 2270 1415 2351 cepit,
1460 2279 1523 2333 et
1576 2270 1799 2332 turrim
1855 2270 1919 2331 in
1972 2269 2181 2332 medio
2233 2269 2410 2331 urbis

920 2369 1127 2444 sitam,
1154 2368 1232 2430 ad
1263 2386 1456 2448 quam
1487 2368 1871 2431 habitatores
1904 2368 2080 2430 urbis
2111 2367 2412 2449 confuge-

921 2474 1083 2544 rant,
1112 2465 1433 2528 nitebatur
1462 2467 1869 2530 succendere.
1889 2467 2168 2531 Fuerunt
2199 2473 2410 2528 autem

919 2573 1048 2628 tres
1081 2564 1272 2627 urbes
1295 2573 1531 2628 vocatae
1554 2565 1673 2628 hoc
1705 2564 1963 2628 nomine
1980 2565 2259 2627 Thebes:
2289 2585 2414 2626 una

923 2663 987 2724 in
1018 2663 1307 2744 AEgypto,
1345 2662 1423 2725 de
1473 2681 1601 2744 qua
1654 2661 1777 2724 fuit
1823 2682 2000 2725 sacra
2049 2662 2214 2743 legio
2261 2663 2414 2725 The-

920 2760 1243 2835 baeorum3
1285 2760 1409 2822 alia
1453 2761 1517 2822 in
1561 2760 1819 2838 Graecia,
1854 2780 1891 2824 a
1939 2780 2063 2842 qua
2112 2762 2415 2824 dicuntur

924 2859 1206 2922 Thebani
1228 2883 1242 2934 ;
1267 2859 1455 2922 tertia
1486 2859 1551 2921 in
1572 2860 1807 2937 Judaea,
1824 2860 1903 2922 de
1922 2879 2048 2942 qua
2071 2860 2196 2922 fuit
2217 2860 2408 2938 Elias,

924 2966 987 3020 ct
1016 2957 1167 3020 inde
1197 2957 1499 3019 dicuntur
1520 2957 1823 3021 Thebitae.
1843 2961 1929 3020 Ec
1948 2980 2081 3020 ecce
2111 2981 2248 3020 urea
2279 2981 2416 3020 mu-

2516 1973 2727 2055 ipsum
2773 1972 3102 2036 occidere:
3140 1972 3378 2036 idcirco
3419 1971 3704 2054 peccavit
3746 1971 3812 2032 in
3853 1971 4004 2048 hoe,

2517 2071 2682 2134 sicut
2716 2080 2779 2133 et
2817 2070 2964 2134 Saul
3003 2071 3068 2132 in
3105 2071 3435 2153 proprium
3469 2070 3750 2151 gladium
3784 2089 4002 2132 ruenS.
4049 2093 4286 2144 ineam„

2516 2170 2805 2234 Peccavit
2843 2189 3120 2251 quoque,
3156 2169 3308 2252 quia
3337 2188 3414 2232 ex
3443 2188 3632 2232 eausa
3669 2178 3798 2231 tam
3839 2189 4008 2231 vana
4039 2158 4086 2197 ⁴·

2523 2268 2674 2332 fecit
2706 2269 2830 2330 sibi
2863 2277 3131 2332 mortem
3164 2269 3378 2349 infligi
3411 2269 3809 2332 celeriorem.

2599 2370 2723 2428 Illo
2770 2387 3018 2447 quoque
3057 2377 3331 2440 mortue,
3366 2388 3582 2428 omnes
3611 2369 3726 2448 qui
3757 2389 3908 2428 cum
3939 2389 4010 2427 eo

2519 2477 2706 2527 erant
2726 2470 2806 2526 de
2826 2470 3055 2537 Israel,
3075 2467 3318 2526 reversi
3345 2477 3500 2526 sunt
3533 2469 3602 2526 in
3629 2469 3804 2526 sedes
3827 2485 4008 2528 suas.

2513 2568 2608 2627 Et
2637 2567 2928 2625 reddidit
2947 2568 3120 2626 Deus
3141 2570 3389 2626 malum
3413 2569 3584 2644 quod
3601 2567 4016 2642 fecerat-Abi-

2522 2667 2756 2724 melech
2809 2675 3034 2724 contra
3075 2674 3332 2742 patrem
3377 2685 3592 2724 suum.
3641 2665 4014 2726 Siclzt‘mt'tz'ls

2521 2783 2789 2843 quoque,
2839 2767 3011 2844 quod
3058 2765 3309 2840 operati
3357 2773 3568 2832 erant,
3620 2764 4014 2823 retributum

2519 2872 2635 2933 esc,
2658 2861 2720 2923 id
2753 2870 2871 2938 est,
2897 2879 3013 2944 pro
3045 2861 3179 2923 suis
3211 2861 3572 2924 excessibus
3602 2861 3792 2941 digne
3821 2861 4018 2943 puni-

2527 2960 2571 3021 ti
2605 2969 2773 3021 sunt.
2815 2964 2898 3021 Ec
2925 2963 3100 3020 venit
3130 2981 3322 3038 super
3348 2981 3448 3020 eos
3479 2962 3840 3021 ntaledicrio
3864 2963 4016 3020 Joa-

925 3058 1048 3116 tier
1075 3058 1381 3134 fragmen
1414 3061 1618 3129 vache,
1656 3056 1718 3119 id
1751 3065 1847 3119 est
1878 3058 2091 3138 magni
2125 3057 2282 3136 saxi,
2315 3061 2417 3118 de·
2451 3063 2494 3126 C
2527 3061 2702 3120 tham
2731 3061 2867 3137 filii
2891 3058 3292 3129 Jerobaal,id
3327 3066 3424 3120 est
3455 3057 3824 3139 imprecatio
3853 3057 4013 3120 mali

920 3173 1116 3233 super
1143 3156 1427 3233 jaciens,
1464 3157 1657 3216 illisit
1698 3158 1905 3235 capiti
1934 3159 2324 3229 Abimelech,
2359 3166 2416 3215 et

923 3255 1245 3334 confreyit
1294 3256 1620 3314 cerebrum
1674 3257 1833 3331 ejus
1890 3254 2251 3317 Secundum
2303 3256 2418 3336 Ly-

927 3370 1083 3427 ram,
1119 3349 1184 3412 in
1230 3349 1491 3413 Hebraeo
1541 3351 1831 3429 habetur,
1865 3352 2186 3417 Cervicem
2229 3353 2368 3433 ejus
2399 3369 2412 3413 :

914 3457 989 3511 et
1038 3449 1235 3527 addit,
1287 3448 1349 3511 Si
1398 3449 1570 3512 enim
1621 3450 2039 3531 confregisset
2085 3451 2416 3514 cerebrum

928 3548 1090 3630 ejuS,
1136 3548 1348 3610 statim
1399 3557 1683 3611 mortuus
1737 3549 1983 3627 fuisset,
2025 3558 2095 3612 ut
2139 3550 2414 3613 videtur.

926 3645 1139 3709 Potius
1184 3653 1359 3727 puto,
1394 3647 1567 3728 quod
1607 3648 1801 3711 dictio
1844 3648 1953 3710 illa
1990 3647 2296 3711 Hebraica
2337 3648 2420 3710 sit

928 3744 1007 3807 ad
1040 3752 1380 3826 utrumque
1400 3745 1747 3826 aequivoca.
1766 3747 1889 3809 Nec
1915 3747 2226 3828 sequitur,
2247 3748 2417 3829 quod

931 3842 1133 3907 fracto
1173 3843 1456 3921 cerebro,
1491 3843 1704 3907 subito
1744 3845 2164 3927 exspirasset:
2205 3845 2334 3909 imo
2365 3846 2418 3907 si

930 3942 1239 4004 cervicem
1281 3942 1421 4022 ejus
1460 3942 1899 4022 confregisset,
1935 3943 2201 4006 ulterius
2245 3944 2418 4025 loqui

2524 3157 2795 3239 poenalis
2827 3158 2997 3239 quod
3029 3158 3120 3220 eis
3154 3157 3360 3220 fuerat
3391 3157 3773 3239 imprecatus
3797 3174 3812 3218 t
3836 3158 4016 3238 quod

2524 3275 2599 3318 ex
2629 3255 2850 3319 divino
2884 3256 3190 3318 instinctu
3236 3250 3694 3337 pr‘aen'untiassc
3731 3255 4010 3317 videtur.

2525 3353 2739 3416 Refert
2779 3355 3112 3436 Josephus,
3145 3355 3318 3436 quod
3365 3362 3605 3436 pestem
3646 3355 3808 3417 hanc
3837 3354 4014 3436 passi

2526 3461 2674 3515 sunt
2717 3453 3055 3535 Ephraitae,
3097 3472 3170 3515 eo
3202 3454 3372 3535 quod
3405 3461 3624 3516 contra
3653 3452 4014 3516 Gedeonem

2526 3560 2651 3613 tam
2686 3551 2961 3633 superbe
2989 3550 3223 3632 jurgati
3259 3560 3428 3614 sunt.
3465 3552 3584 3615 Sed
3615 3550 3806 3630 (sicut
3841 3570 4018 3615 nunc

2528 3650 2760 3731 patuit)
2793 3668 2918 3713 non
2962 3650 3166 3713 solnm
3208 3649 3290 3713 ob
3329 3650 3471 3725 hoc,
3507 3651 3615 3713 sed
3649 3658 3712 3713 et
3753 3658 4019 3732 propter

2527 3747 2931 3829 iniquitatem
2981 3768 3202 3811 eorum
3254 3749 3320 3811 in
3375 3747 3547 3813 filios
3587 3748 3919 3825 Gedeonis,
3951 3756 4018 3811 et

2527 3845 2678 3927 quia
2712 3855 2837 3908 tam
2872 3847 3431 3910 sceleratissimum
3461 3847 3846 3911 fratricidam
3867 3862 4020 3909 oon-

2528 3944 2870 4007 stituerunt
2901 3945 3024 4008 sibi
3058 3964 3293 4025 regem.
3757 3956 3763 3965 '

1986 4330 2636 4417 ARTICULUS
2711 4333 2956 4417 XVII

1674 4576 1986 4623 Expost'rlo
2040 4578 2304 4624 EJUSDEM
2359 4580 2634 4625 CAPITULI
2687 4581 2832 4626 NON!
2883 4580 3277 4627 SPIRITUALIS.

1072 4822 1407 4888 OCEMUR
1430 4824 1495 4888 in
1528 4824 1755 4908 primis
1777 4826 1842 4888 in
1871 4827 1993 4891 isto
2023 4827 2326 4911 capitulo,
2347 4848 2424 4891 ex
2453 4830 2504 4891 D
2533 4849 2643 4894 ore
2673 4832 2748 4894 ad
2777 4850 2846 4895 os
2879 4832 3126 4922 locutus
3148 4840 3244 4895 est
3269 4832 3554 4915 angeluS‚
3575 4834 3674 4896 vir
3702 4833 4022 4916 praecipue

1092 4930 1427 5005 parentum
1482 4924 1883 4987 virtuositate
1930 4934 2040 4987 aut
2092 4927 2424 4990 sanctitate

932 5040 1337 5104 nequaquam
1378 5039 1761 5104 praesumere
1792 5031 1901 5086 aut
1932 5024 2210 5087 inaniter
2241 5025 2424 5088 nobis

930 5119 1225 5196 blandiri,
1243 5120 1427 5201 quasi
1461 5118 1751 5183 sufficiat
1782 5121 1965 5184 nobis
1988 5123 2424 5204 progenitores

913 5226 1041 5281 aut
1100 5218 1593 5300 praedecessores
1654 5226 1907 5283 sanctos
1956 5220 2212 5284 habere.
2265 5221 2425 5285 Ecce

934 5315 1105 5384 enim
1142 5322 1399 5381 sanctus
1426 5315 1540 5381 -vir
1568 5315 1844 5398 Gedeon,
1878 5338 2023 5382 cum
2064 5338 2192 5403 quo
2236 5320 2420 5383 toties

2537 4929 2678 5012 pius
2729 4940 2792 4994 et
2841 4930 3128 5008 humiliS,
3182 4951 3375 5014 quam
3435 4932 4016 5007 sceleratissimum,

2534 5028 3046 5113 crudelissimum
3081 5037 3143 5090 et
3173 5028 3763 5092 ambitiosissimum
3797 5027 4018 5091 babuit

2536 5116 2767 5187 filium.
2819 5126 3125 5208 Denique,
3177 5147 3290 5209 per
3338 5127 3708 5191 Abimelech
3759 5126 4018 5209 figurati

2536 5231 2680 5284 sunt
2713 5242 2933 5286 omnes
2965 5224 3312 5303 ambitiosi,
3347 5225 3459 5307 qui
3497 5225 3878 5307 praesidente
3913 5227 4022 5289 de-

2539 5320 2778 5397 functo,
2815 5322 2891 5384 ad
2943 5322 3379 5409 principatum
3428 5330 3538 5386 aut
3585 5324 4020 5409 pr'aelationem
