4359 6250
213 4372 370 4408 1111111

1013 518 1364 565 manuario
1407 518 1468 563 m
1509 517 1647 563 cAP.
1694 516 1778 562 vu
1820 516 1978 562 LIBRI
2017 516 2218 562 Tssn‘rn
2258 515 2485 561 amun.
2528 534 2609 545 —
2650 515 2790 561 Am.
2838 514 2903 561 11

3376 496 3495 561 633

399 689 770 753 cubitorum
803 688 1127 753 ambiebat
1155 689 1514 752 columnam
1547 706 1762 750 unam.
1786 682 1901 749 Vess
1927 685 1978 747 A
2087 686 2432 763 PostremO,
2466 693 2537 748 ut
2569 684 2790 765 fertur,
2820 688 3081 770 quidam
3111 688 3355 751 Hebraei
3386 687 3497 749 ali-

399 808 542 851 111111
597 790 737 852 istae
785 788 1179 870 objectiones
1227 788 1500 851 faciliter
1545 786 1710 850 solvi
1758 805 1902 868 pos-

398 896 573 950 sunt.
607 887 724 962 Qui
769 888 944 951 enim
985 886 1124 951 vult
1164 886 1350 948 istam
1390 885 1770 967 positionem
1815 892 1901 946 te-

399 1005 578 1063 nere,
617 986 832 1049 dicere
863 994 1092 1068 potest,
1127 985 1299 1066 quod
1331 984 1656 1066 Scriptura
1689 983 1756 1045 in
1792 981 1899 1044 tali

397 1085 882 1167 computatione
926 1102 1054 1147 non
1099 1084 1261 1148 solet
1302 1083 1608 1145 minutias
1650 1082 1900 1145 numeri

397 1203 643 1259 curare,
671 1203 788 1246 nec
813 1184 879 1245 in
911 1183 1429 1266 Paralipomenon
1453 1182 1762 1264 scriptum
1783 1188 1895 1257 est,

399 1284 578 1364 quod
604 1283 808 1346 ambae
838 1292 1020 1346 erant
1051 1291 1294 1344 tantum
1329 1281 1590 1361 triginta
1615 1280 1900 1362 quinque

399 1382 775 1444 cubitorum
811 1399 824 1442 ε
860 1382 1004 1444 ideo
1035 1381 1202 1444 sicut
1238 1399 1541 1443 numerus
1573 1380 1778 1461 major
1809 1379 1901 1439 in-

399 1480 608 1543 cludit
660 1481 995 1557 minorem,
1044 1480 1136 1543 sic
1187 1479 1398 1541 minor
1444 1496 1572 1540 non
1623 1477 1903 1540 excludit

399 1579 742 1661 maj0rem.
785 1580 879 1642 Ad
923 1578 1095 1641 aliud
1143 1578 1482 1654 diceretur,
1530 1577 1699 1658 quod
1740 1574 1902 1638 Scri-

399 1686 593 1761 ptura
622 1679 833 1760 primo
865 1678 1232 1740 summatim
1256 1677 1438 1760 ponit
1467 1684 1664 1739 totam
1695 1675 1904 1737 altitu-

400 1777 624 1841 dinem
683 1778 1178 1853 columnarum3
1229 1776 1461 1839 deinde
1523 1775 1589 1836 in
1637 1772 1901 1856 speciali

2013 792 2106 846 ter
2137 804 2327 866 quam
2358 785 2598 847 dictum
2621 794 2738 863 est,
2764 786 3192 867 imaginantur
3221 789 3299 850 (16
3330 788 3497 869 capi-

2013 884 2308 947 tellorum
2352 884 2581 965 figura,
2616 885 2901 949 dicentes
2944 888 3117 968 quod
3157 896 3338 951 erant
3372 886 3500 950 for-

2010 991 2178 1045 mata
2210 984 2409 1045 instar
2438 984 2641 1063 grossi
2665 985 2927 1066 pomelli
2950 987 3241 1067 superius
3273 986 3497 1049 liliati:

2012 1082 2078 1143 in
2110 1100 2385 1163 quorum
2418 1082 2627 1145 latiori
2648 1092 2847 1165 parte,
2873 1084 3095 1147 dicunt
3128 1083 3324 1149 fuisse
3342 1086 3502 1148 duos

2010 1180 2589 1259 malogranatorum
2648 1180 2983 1259 circuituS‚
3032 1202 3231 1245 unum
3282 1202 3499 1266 super,

2009 1278 2207 1340 alium
2240 1279 2481 1356 subter,
2499 1280 2586 1342 ita
2615 1281 2787 1361 quod
2820 1280 2885 1341 in
2907 1299 3035 1343 uno
3055 1282 3353 1363 capitello
3374 1299 3502 1344 non

2012 1386 2193 1441 erant
2216 1377 2339 1439 nisi
2362 1379 2630 1441 ducenta
2650 1378 3090 1459 malogranata.
3106 1380 3295 1458 Quod,
3310 1400 3505 1463 quan-

2015 1484 2147 1538 tum
2194 1477 2270 1538 ad
2323 1496 2658 1539 numerum
2702 1477 3304 1558 malogranatorum,
3336 1480 3506 1543 arbi-

2013 1582 2144 1637 tror
2173 1594 2427 1649 verum3
2462 1576 2571 1639 sed
2604 1576 2681 1639 de
2716 1575 2922 1639 forma
2950 1597 3060 1639 seu
3094 1577 3305 1658 figura
3332 1579 3504 1661 capi-

2012 1673 2332 1751 tellorum,
2359 1674 2571 1737 verius
2594 1693 2735 1737 reor
2754 1676 2925 1757 quod
2949 1695 3141 1758 supra
3173 1676 3501 1740 inductum

2011 1781 2127 1849 est,
2161 1773 2467 1854 quoniam
2498 1773 2641 1835 talis
2671 1773 2875 1836 forma
2904 1783 2999 1837 est
3030 1775 3377 1857 pulchrior.

400 1872 812 1937 altitudinem
842 1873 1286 1955 capitellorum
1319 1881 1384 1936 et
1425 1873 1732 1955 capitum,
1772 1880 1903 1934 tan·
1936 1873 1983 1934 B
2091 1871 2389 1952 Sequitur
2408 1872 2487 1934 de
2508 1891 2684 1936 aeneo
2711 1873 2895 1948 mari,
2916 1874 3086 1954 quod
3117 1873 3203 1935 ita
3224 1883 3498 1951 vocatur,

397 1991 598 2053 quam
651 1972 1110 2055 principalium
1160 1973 1462 2054 partium,
1515 1980 1578 2035 et
1625 1970 1900 2053 amplius

398 2078 796 2133 ornatarum.
830 2072 924 2133 Ad
963 2071 1224 2133 tertium
1271 2070 1504 2153 poterit
1547 2069 1696 2146 dici,
1731 2069 1900 2150 quod

399 2169 454 2230 si
499 2170 801 2233 columna
846 2169 1074 2232 fuisset
1123 2169 1264 2233 sine
1307 2169 1606 2252 capitello
1655 2170 1896 2249 relicta,

403 2267 710 2331 indecens
736 2268 964 2331 fuisset
983 2267 1189 2331 forma
1205 2268 1574 2350 hujusmodi
1591 2294 1605 2345 3
1631 2270 1738 2331 sed
1759 2270 1903 2350 quia

397 2387 552 2431 curn
583 2367 884 2450 capitello
913 2386 1029 2431 suo
1071 2375 1282 2431 erecta
1310 2368 1508 2445 stetit,
1542 2387 1671 2431 non
1711 2388 1903 2451 appa-

401 2466 536 2528 ruit
567 2465 933 2529 indecentia
959 2466 1200 2547 aliqua.

482 2565 700 2642 Porro,
733 2565 846 2645 qui
885 2564 1025 2627 vult
1068 2565 1340 2647 primam
1386 2565 1768 2647 positionem
1814 2574 1903 2628 ’16-

399 2682 580 2740 11616,
633 2664 713 2725 ad
765 2663 1226 2745 praeinductam
1271 2671 1482 2745 potest
1532 2663 1900 2725 instantiam

397 2762 814 2843 respondere,
839 2762 1014 2843 quod
1045 2761 1358 2824 columnae
1392 2761 1528 2824 istae
1561 2780 1688 2825 non
1721 2770 1905 2825 stete-

399 2868 556 2922 runt
586 2859 760 2922 infra
789 2859 1072 2922 tabulata
1107 2868 1216 2921 aut
1245 2860 1479 2922 solaria
1512 2860 1756 2942 templi,
1791 2861 1902 2923 sed

399 2960 468 3021 in
522 2958 798 3041 porticu,
835 2960 912 3021 de
961 2957 1146 3039 cujus
1196 2958 1535 3021 altitudine
1581 2958 1904 3041 Scriptura

2011 1970 2314 2051 quoniam
2362 1979 2496 2033 erat
2538 1990 2701 2053 aqua
2745 1972 2809 2033 in
2844 1992 2991 2034 vase
3040 1974 3119 2035 de
3166 1992 3289 2036 aere
3336 1972 3503 2037 facto

2012 2076 2333 2133 contenta.
2356 2069 2509 2132 Nam
2534 2071 2715 2152 juxta
2735 2070 2975 2133 Hebraei
3012 2071 3333 2134 idiomatis
3365 2091 3506 2153 pro-

2015 2168 2373 2249 prietatem,
2409 2188 2830 2251 quaecumque
2874 2170 3278 2251 congregatio
3317 2190 3507 2253 aqua-

2017 2286 2156 2329 rum
2192 2268 2515 2344 notabiliS,
2535 2287 2709 2331 mare
2732 2277 3157 2349 nuncupatur.
3184 2269 3503 2332 Interdum

2016 2373 2226 2429 tamen
2259 2386 2367 2429 vas
2397 2366 2557 2428 illud
2578 2374 2841 2429 vocatur
2862 2386 3107 2430 aeneum
3138 2387 3334 2444 mare,
3352 2377 3507 2431 erat-

2012 2483 2139 2546 que
2172 2463 2548 2527 lavatorium
2582 2464 2649 2527 in
2694 2465 2856 2527 atrio
2898 2467 3293 2529 sacerdotum
3340 2467 3505 2531 loca-

2015 2572 2169 2640 tum,
2208 2564 2273 2626 in
2305 2583 2433 2646 quo
2465 2563 2589 2626 fuit
2619 2573 2681 2628 et
2710 2564 2906 2628 altare
2937 2565 3447 2630 holocaustorum
3486 2585 3500 2628 ε

2015 2662 2079 2723 111
2113 2681 2241 2743 quo
2273 2662 2524 2725 lavacro
2565 2663 2945 2741 sacerdoteS‚
2982 2664 3403 2727 ministraturi
3438 2665 3504 2728 in

2015 2761 2252 2842 templo
2297 2770 2361 2823 et
2408 2761 2852 2839 sacrificaturi,
2890 2763 3236 2825 abluebant
3279 2783 3505 2827 manus

2013 2868 2076 2923 61
2115 2861 2331 2943 pcdeS.
2372 2864 2545 2922 Fecit
2574 2882 2823 2941 quoque
2864 2882 3043 2921 mare
3071 2854 3273 2939 'fusile
3302 2884 3325 2923 .·
3353 2863 3507 2945 quia

2015 2978 2123 3021 vas
2157 2958 2315 3020 illud
2351 2958 2416 3020 in
2447 2976 2576 3040 quo
2616 2967 2750 3022 erat
2787 2979 2972 3041 aqua,
3012 2958 3135 3022 ruit
3176 2960 3391 3024 fusum
3431 2982 3507 3025 ex

398 3077 533 3121 non
567 3057 876 3140 loquitur.
899 3058 1354 3121 Verumtamen
1383 3058 1692 3140 Josephus
1723 3057 1899 3136 dicit,
1939 3056 1982 3119 C
2013 3076 2156 3133 aere,
2211 3057 2381 3138 quod
2427 3057 2735 3140 Josephus
2787 3058 3074 3121 nominat
3130 3059 3505 3122 cantharum

395 3158 576 3240 quod
607 3157 880 3220 altitudo
908 3157 1193 3238 porticus
1221 3157 1298 3219 ad
1323 3156 1730 3220 altitudinem
1755 3165 1907 3219 16111-

399 3257 494 3340 pli
529 3255 826 3332 surrexit,
860 3275 972 3318 seu
1003 3257 1461 3318 extendebatur
1498 3274 1511 3318 :
1547 3257 1717 3338 quod
1749 3256 1906 3318 side

399 3364 538 3419 tota
567 3353 790 3436 templi
820 3353 1160 3416 altitudine
1185 3354 1602 3434 intelligatur,
1629 3354 1904 3436 objectio

399 3454 518 3517 illa
547 3461 645 3516 est
677 3452 894 3526 nulla3
931 3452 984 3514 si
1017 3460 1228 3514 autem
1260 3454 1340 3516 de
1379 3452 1718 3515 altitudine
1752 3461 1906 3515 tem-

396 3554 496 3636 pli
529 3571 738 3634 usque
757 3553 836 3614 ad
857 3553 1138 3634 primum
1171 3552 1497 3629 solarium,
1519 3553 1908 3634 respondent

399 3651 727 3726 nonnulli,
763 3652 934 3732 quod
966 3649 1250 3732 porticus
1290 3650 1412 3713 fuit
1444 3659 1808 3714 constructa
1838 3650 1902 3712 in

395 3757 586 3834 parte
617 3749 856 3811 montis
897 3748 1154 3824 declivi,
1190 3749 1276 3812 ita
1321 3751 1490 3830 quod
1524 3768 1637 3831 per
1671 3749 1904 3829 gradus

395 3847 869 3912 ascendebatur
891 3847 954 3908 in
979 3848 1290 3930 templum
1311 3871 1324 3922 3
1350 3855 1412 3909 61
1432 3848 1746 3911 columnae
1770 3847 1906 3910 istae

397 3947 660 4010 stabant
693 3946 758 4008 in
783 3945 1075 4010 inferiori
1101 3947 1384 4028 porticus
1405 3954 1604 4028 parte,
1625 3945 1714 4008 ita
1735 3947 1904 4027 quod

399 4055 578 4110 terra
609 4044 733 4107 fuit
780 4045 1026 4108 bassior
1057 4044 1148 4107 ibi
1181 4045 1469 4126 quinque
1499 4044 1734 4108 cubitis
1768 4045 1906 4127 ipso

403 4143 634 4226 templi
665 4145 1054 4225 pavimento.
1092 4143 1211 4206 Sed
1255 4143 1406 4206 huic
1447 4144 1752 4206 solutioni
1798 4143 1908 4206 ob-

2011 3157 2316 3235 grandem
2370 3155 2435 3217 in
2486 3154 2695 3235 figura
2744 3157 3178 3239 hemisphaerii
3231 3157 3501 3236 factum,

2013 3256 2132 3319 boc
2163 3264 2261 3318 est
2291 3256 2527 3338 scypho
2558 3255 2959 3319 consimilem
2986 3281 3001 3333 3
3033 3261 3243 3318 decem
3274 3261 3507 3318 cubico-

2012 3377 2162 3416 rum
2196 3377 2235 3416 α
2271 3357 2439 3416 labio
2474 3376 2673 3435 usque
2712 3359 2801 3416 ad
2832 3359 3081 3417 labium
3117 3375 3131 3418 τ
3171 3366 3343 3419 tanta
3383 3356 3509 3419 fuit

2015 3453 2280 3517 latitudo
2332 3453 2535 3535 ipsius
2581 3453 2661 3515 ab
2701 3453 3097 3518 extremitate
3136 3455 3503 3537 superficiei

2012 3552 2382 3634 superioriS,
2419 3572 2622 3633 usque
2650 3554 2730 3615 ad
2762 3553 3222 3616 extremitatem
3257 3554 3381 3617 sibi
3414 3554 3508 3617 di-

2014 3659 2184 3714 recte
2212 3651 2571 3732 oppositam
2602 3671 2716 3734 per
2744 3651 3147 3714 diametrum.
3183 3653 3294 3715 llla
3324 3655 3509 3736 quip-

2014 3769 2094 3831 pe
2143 3748 2505 3812 extremitas
2558 3750 2621 3811 in
2674 3749 3211 3828 circumferentia,
3266 3751 3505 3816 labium

2013 3847 2393 3930 appellatur.
2430 3851 2809 3909 Rotundum
2856 3851 2929 3909 in
2969 3850 3251 3910 circuitu
3294 3871 3317 3910 .·
3358 3850 3509 3932 quia

2015 3954 2085 4007 ut
2119 3955 2353 4009 tactum
2386 3954 2503 4021 est,
2536 3945 2771 4009 dicitur
2805 3945 3005 4010 fuisse
3036 3947 3513 4030 hemisphaeria-

2017 4043 2094 4105 tis
2129 4043 2376 4123 figurae.
2418 4046 2715 4124 Quinque
2744 4047 3105 4105 cubilorum
3142 4045 3265 4107 fuit
3293 4049 3515 4108 altitu-

2013 4146 2094 4204 do
2125 4144 2266 4221 ejus
2293 4163 2332 4205 a
2353 4141 2522 4206 labio
2555 4142 2817 4224 praefato
2852 4162 3053 4226 usque
3100 4145 3180 4206 ad
3214 4143 3509 4210 fundum.

401 4243 586 4308 viare
607 4242 1064 4322 videtur‚quod
1086 4243 1362 4305 secundo
1383 4242 1904 4324 Paralipomenon
1937 4248 1987 4309 D
2015 4241 2465 4306 Verumtamen
2516 4241 2834 4304 elevatum
2894 4241 3020 4304 fuit
3066 4263 3101 4304 a
3154 4251 3318 4306 terra
3367 4245 3511 4326 plns

404 4342 715 4421 leguntur
753 4341 891 4404 istae
931 4340 1246 4404 columnae
1280 4349 1427 4404 ante
1471 4339 1641 4404 fores
1684 4341 1904 4423 templi

403 4440 664 4502 stetisse
709 4457 723 4501 :
768 4439 989 4520 sicque
1040 4439 1224 4502 valde
1272 4439 1594 4502 modicum
1647 4460 1683 4502 a
1733 4440 1908 4521 pavi-

403 4547 628 4601 mento
659 4537 884 4620 templi
905 4537 1249 4600 distabant.
1269 4537 1392 4601 Nec
1419 4537 1764 4601 verisimile
1785 4545 1900 4614 est,

401 4637 580 4718 quod
614 4636 821 4718 spatio
849 4635 1140 4718 quinque
1161 4634 1520 4698 cubitorum
1554 4636 1904 4718 pavimenti

401 4736 798 4811 extremitaS,
820 4735 1004 4816 juxta
1026 4734 1192 4798 fores
1214 4734 1528 4799 exstiterit
1557 4735 1745 4799 altior
1765 4736 1904 4799 loco

401 4833 694 4918 porticus
739 4833 863 4896 sibi
905 4833 1090 4915 quasi
1135 4833 1461 4912 contiguo,
1497 4833 1563 4895 in
1611 4853 1738 4916 quo
1783 4842 1907 4896 sta-

399 4933 560 4995 bant
607 4931 924 4994 columnae
959 4949 974 4994 ε
1007 4931 1360 5014 praesertim
1403 4931 1706 5013 quoniam
1741 4933 1905 4996 Jose·

399 5031 574 5114 phus
607 5039 670 5093 et
703 5029 994 5110 Magister
1025 5030 1090 5092 in
1124 5030 1412 5093 historiis
1440 5039 1900 5108 contestantur,

399 5131 576 5210 quod
609 5129 907 5192 Salomon
941 5129 1164 5192 videns
1197 5148 1501 5192 cacumen
1527 5131 1762 5192 montis
1783 5129 1904 5193 Μο-

397 5227 496 5289 ria
515 5235 884 5307 angustum,
910 5225 1142 5307 dejecit
1174 5226 1357 5303 illud,
1376 5235 1568 5309 atque
1591 5228 1658 5290 in
1689 5246 1900 5315 aream

395 5322 628 5406 spatiis
657 5321 1080 5404 amplioribus
1109 5320 1398 5384 diffudit.

2015 4361 2207 4422 quam
2260 4360 2372 4423 per
2420 4340 2667 4404 cubitos
2713 4340 3038 4422 quinque;
3082 4342 3192 4404 sed
3242 4342 3511 4406 altitudo

2018 4441 2234 4517 boum,
2271 4459 2461 4522 super
2500 4458 2662 4520 quos
2703 4438 2899 4516 stetit,
2936 4458 3063 4502 non
3106 4449 3511 4522 computatur

2016 4538 2084 4600 in
2125 4538 2463 4601 altitudine
2512 4537 2631 4600 ista
2674 4537 2961 4620 quinque
3011 4538 3416 4613 cubitorum;
3449 4551 3510 4602 ec

2015 4640 2339 4708 resticula,
2373 4637 2494 4699 hoc
2524 4645 2620 4699 est
2651 4635 3000 4712 funiculus,
3038 4639 3312 4714 tri-qima
3342 4641 3513 4698 cubi·

2018 4745 2229 4795 torum
2248 4737 2537 4812 cinyebat
2559 4737 2730 4795 illud
2747 4755 2866 4812 per
2884 4737 3235 4796 circuitum
3250 4757 3273 4796 .·
3290 4734 3513 4817 sicque

2013 4832 2291 4895 ambitus
2324 4832 2433 4894 ille
2466 4830 2590 4894 fuit
2620 4833 2685 4894 in
2720 4831 2911 4914 triplo
2942 4833 3169 4914 major,
3205 4853 3393 4915 quam
3429 4835 3515 4896 la-

2016 4931 2244 4993 titudo.
2293 4930 2446 4992 Nam
2496 4939 2561 4994 et
2607 4940 2945 5010 geometrae
2987 4930 3286 5012 probant,
3341 4933 3511 5014 quod

2014 5027 2535 5092 circumferentia
2567 5037 2661 5092 ter
2698 5029 2985 5093 continet
3027 5030 3408 5092 diametrum
3450 5039 3514 5094 et

2015 5127 2351 5208 septimam
2402 5127 2541 5209 ejus
2582 5135 2849 5208 partem.
2883 5126 3086 5201 Quum
3140 5145 3293 5209 ergo
3344 5129 3513 5191 linea

2011 5225 2471 5288 diametraliter
2502 5225 2691 5288 ducta
2728 5245 2765 5287 a
2795 5224 2965 5288 labio
3009 5225 3076 5287 in
3113 5226 3375 5304 labium,
3413 5225 3511 5289 fu-

2011 5322 2132 5386 erit
2163 5323 2385 5386 decem
2426 5322 2787 5387 cubitorum
2822 5340 2837 5386 ε
2872 5331 3143 5402 constat,
3176 5325 3347 5406 quod
3387 5323 3510 5387 cir-
