4359 6250
579 5014 828 5065 Ecclimxx,

565 5207 811 5259 Hebrum?

577 5270 818 5313 Beatum

566 5325 634 5367 22.

863 472 980 542 514

863 666 1050 743 lonis,
1081 677 1139 728 ec
1169 671 1456 727 clamans
1487 684 1634 728 cum
1666 664 1970 727 lacrimiS.
2007 662 2223 744 Aliqui
2258 671 2351 724 ta·
2381 662 2432 723 A
2463 682 2607 726 nem
2624 667 2669 740 *‚
2704 665 3053 727 secundum
3093 663 3295 743 legem
3344 662 3579 744 meruit
3625 668 3908 724 morte-m
3943 675 3958 718 :
4016 681 4199 719 ·m

861 784 1008 828 men
1051 765 1292 840 dicunt,
1329 765 1498 845 quod
1539 782 1668 827 non
1720 761 1874 825 fecit
1915 763 2047 824 haec
2081 781 2247 838 mox,
2284 770 2354 823 ut

862 863 984 925 fuit
1011 865 1212 945 ejecta
1243 863 1322 925 ab
1344 863 1614 937 Amnon,
1645 880 1759 924 nec
1791 861 1858 924 in
1890 860 2056 940 regis
2090 860 2347 942 palatio,

860 968 972 1030 sed
1002 975 1338 1049 postquam
1370 966 1546 1028 venit
1575 966 1652 1027 ad
1682 965 1940 1028 domum
1970 962 2347 1026 Absalonis:

861 1065 1102 1148 alioqui
1135 1065 1622 1129 scandalizasset
1643 1083 1710 1126 se
1743 1063 1968 1145 ipsam.
1995 1062 2115 1125 Sed
2147 1063 2355 1144 prima

861 1164 1172 1246 expositio
1192 1163 1404 1229 verior
1425 1171 1774 1244 reputatur.
1801 1161 1952 1224 Nam
1984 1161 2235 1224 Amnon
2268 1169 2355 1223 ta-

862 1263 1006 1326 liter
1034 1282 1172 1326 eam
1211 1262 1551 1343 ejiciend0,
1589 1261 1744 1323 satis
1785 1279 1922 1323 eam
1971 1259 2355 1325 scandaliza-

863 1361 976 1438 vit,
1013 1369 1074 1423 et
1103 1361 1241 1442 ipsa
1269 1367 1404 1423 erat
1434 1367 1608 1422 tanto
1639 1356 1934 1422 confecta
1963 1376 2257 1434 moerore,
2292 1366 2354 1420 et

861 1467 992 1521 tam
1034 1459 1454 1521 irreverenter
1497 1465 1779 1534 tractata,
1815 1456 1988 1538 quod
2030 1474 2160 1519 non
2202 1475 2355 1537 pen-

864 1558 1027 1621 savit
1065 1575 1134 1618 se
1173 1555 1429 1636 gravius
1470 1574 1656 1637 posse
1687 1553 2019 1631 confundi,
2057 1573 2172 1617 nec
2216 1553 2355 1635 ipsa

865 1656 934 1717 in
963 1656 1081 1718 hac
1126 1675 1191 1718 re
1241 1653 1582 1736 culpabilis
1623 1653 1823 1717 fuisse
1854 1653 2126 1717 videtur.
2162 1654 2355 1713 Dioeit

865 1765 1080 1815 autem
1115 1757 1178 1813 ei
1205 1756 1485 1815 Absalon
1519 1755 1729 1832 frater
1762 1773 1922 1814 suus
1953 1773 1974 1811 .·
2011 1753 2355 1830 Numquid

1393 490 1738 542 ENARnAno
1783 489 1840 540 lx
1885 493 2021 539 CAP.
2067 486 2177 540 xm
2222 488 2377 537 tum!
2419 489 2671 538 sEcuNm
2712 490 2936 539 REGUH.
2982 511 3063 522 --
3104 491 3247 538 ART.
3293 489 3423 538 ull

2462 780 2611 842 ergo
2642 781 2767 826 non
2800 763 3005 826 solum
3038 761 3382 842 corripere,
3418 762 3526 824 sed
3567 769 3629 822 et
3660 758 3965 822 occidere

2462 860 2683 922 debuit
2706 860 2901 923 David
2926 860 3120 941 judex
3150 868 3213 923 et
3244 879 3350 924 rex
3380 859 3594 921 filium
3624 875 3965 940 oppresso-

2463 978 2618 1021 rem.
2643 960 2897 1036 Iterum‚
2922 959 3059 1022 Heli
3094 959 3465 1042 reprobatus
3496 967 3613 1036 est,
3637 957 3789 1039 quia
3824 973 3961 1018 non
3990 973 4041 1078 Βι
4054 973 4207 1090 ἔξω.

2464 1058 2616 1120 satis
2646 1058 2875 1121 acriter
2911 1077 3059 1122 suos
3094 1059 3405 1141 corripuit
3436 1057 3635 1132 filios,
3666 1075 3837 1138 quos
3874 1063 3965 1118 ta-

2464 1175 2609 1219 men
2658 1157 2968 1239 corripuit
3004 1175 3017 1219 z
3052 1157 3261 1237 magis·
3292 1155 3669 1238 ergoDavid
3718 1153 3961 1216 meruit

2464 1255 2811 1337 reprobari,
2836 1256 2948 1337 qui
2983 1264 3107 1318 tam
3144 1254 3701 1318 sceleratissimum
3736 1252 3962 1315 filium

2465 1354 2894 1436 incorreptum
2928 1364 2991 1417 et
3038 1355 3425 1437 impunitum
3471 1352 3753 1435 reliquit,
3796 1371 3966 1434 prae-

2465 1453 2683 1515 sertim
2730 1473 2929 1535 quum
2968 1454 3162 1535 judex
3209 1453 3438 1516 debeat
3476 1451 3615 1515 sine
3654 1469 3969 1534 persona-

2465 1571 2606 1613 rum
2645 1553 3013 1635 acceptione
3050 1552 3362 1634 judicium
3400 1561 3593 1634 atque
3636 1549 3965 1632 justitiam

2464 1669 2780 1720 exercere.
3782 1697 3789 1700 .

2543 1749 2639 1811 Ad
2675 1749 2795 1812 ista
2832 1749 3094 1830 quidam
3141 1749 3547 1832 respondent,
3581 1755 3965 1811 excusantes

863 1855 1123 1913 Amnon
1153 1853 1364 1928 frater
1397 1862 1544 1912 caus
1573 1853 1916 1912 concubuit
1949 1860 2150 1910 tecum
2174 1851 2205 1908 ,ἲ
2225 1847 2353 1909 Hoc
2391 1849 2437 1911 B
2468 1847 2675 1928 ipsum
2710 1848 2927 1924 David,
2962 1848 3269 1924 dicenteS,
3303 1847 3474 1929 quod
3516 1847 3581 1908 in
3610 1845 3967 1926 correptio-

861 1949 1137 2013 Absalon
1177 1969 1253 2012 ex
1294 1949 1580 2030 gestibus
1627 1947 1756 2010 illis
1799 1967 1929 2010 suae
1973 1946 2209 2010 sororis
2249 1946 2353 2008 ad-

861 2048 1073 2124 vertit,
1109 2046 1459 2129 praesertim
1499 2046 1804 2129 quoniam
1837 2044 1948 2107 illa
1988 2063 2116 2106 non
2167 2061 2354 2124 nega-

862 2146 982 2224 vit,
1035 2165 1152 2209 nec
1208 2145 1398 2208 aliam
1451 2164 1582 2208 suae
1632 2143 2010 2207 afflictionis
2060 2140 2354 2225 exposuit

860 2264 1138 2308 causam.
1164 2247 1294 2306 Sed
1325 2264 1521 2314 nune,
1553 2264 1756 2312 soror,
1775 2253 1942 2314 cace;
1959 2243 2170 2319 frater
2204 2252 2353 2302 tuus

856 2354 972 2413 est,
1003 2342 1144 2406 ideo
1173 2343 1311 2425 ejus
1344 2341 1737 2424 improbitati
1788 2341 2066 2422 compati
2113 2341 2347 2415 debes3

859 2463 1061 2522 neque
1088 2444 1340 2519 affliyas
1359 2462 1465 2501 cor
1498 2451 1680 2501 tuum
1694 2460 1813 2516 pro
1835 2443 1956 2500 lzac
1983 2460 2052 2500 re
2083 2448 2211 2501 tam
2236 2439 2352 2501 im-

861 2540 1204 2615 moderate,
1239 2539 1404 2602 sicut
1436 2558 1607 2601 nunc
1639 2538 1795 2620 agis.
1833 2538 1951 2600 lsta
1972 2537 2223 2600 locutus
2256 2546 2351 2600 est

861 2638 1139 2701 Absalon
1191 2656 1306 2720 pro
1356 2637 1590 2701 sororis
1637 2656 1766 2699 suae
1809 2635 2154 2699 carissimae
2202 2655 2351 2698 con-

863 2737 1194 2812 solatione,
1227 2737 1520 2817 quamvis
1563 2735 1786 2818 utique
1817 2735 1926 2796 illa
1969 2734 2196 2797 merito
2243 2734 2351 2796 tri-

863 2835 1147 2898 stabatur
1179 2852 1192 2896 :
1229 2853 1374 2916 quae
1405 2843 1614 2896 tamen
1651 2833 1906 2895 tristitia
1939 2831 2062 2895 suit
2085 2832 2349 2896 rationis

860 2932 1290 3013 gubernaculo
1350 2932 1755 2995 moderanda.
1819 2933 2068 2993 Mansit
2129 2934 2350 3010 itaque

2466 1965 2545 2008 ne
2594 1955 2655 2009 et
2702 1946 3117 2027 castigatione
3167 1947 3281 2023 rei,
3336 1945 3643 2009 servanda
3688 1955 3847 2007 sunt
3900 1953 3967 2006 ct

2462 2046 2921 2108 consideranda
2970 2046 3229 2123 modus,
3286 2055 3563 2126 tempuS,
3616 2063 3903 2126 persona
3946 2061 3961 2105 :

2464 2145 2606 2207 ideo
2656 2144 2975 2207 interdum
3024 2153 3119 2212 est
3168 2143 3529 2208 differenda
3575 2144 3653 2206 ad
3702 2143 3963 2206 horam.

2460 2243 2720 2324 Propter
2739 2243 2910 2326 quod
2934 2243 3131 2307 David
3152 2243 3401 2306 distulit
3420 2242 3739 2324 corripere
3760 2241 3965 2303 istum

2462 2342 2732 2418 Amnon,
2776 2341 3081 2422 quoniam
3130 2341 3291 2404 vidit
3340 2361 3485 2404 cum
3535 2341 3967 2422 poenitentem

2460 2440 2539 2502 dc
2588 2458 2702 2502 suo
2750 2459 3009 2502 excessu
3050 2449 3113 2502 et
3155 2440 3418 2515 tristem,
3466 2458 3544 2502 ne
3578 2439 3963 2502 absorbere-

2462 2546 2563 2600 tur
2606 2539 3055 2601 abundantiori
3094 2538 3371 2601 tristitia.
3406 2538 3581 2600 Unde
3606 2537 3821 2618 aliqui
3868 2537 3965 2600 di-

2460 2637 2813 2717 cunt,quod
2843 2644 3062 2718 postea
3088 2635 3399 2718 corripuit
3421 2655 3567 2699 eum
3588 2645 3855 2700 secrete.
3886 2635 3963 2696 Et

2459 2735 2720 2815 quidam
2760 2735 2868 2810 ait,
2904 2735 3075 2817 quod
3122 2753 3236 2816 pro
3280 2743 3431 2796 tunc
3474 2751 3601 2797 non
3642 2733 3965 2814 corripuit

2458 2833 2943 2914 eum,quoniam
2962 2833 3215 2896 Amnon
3250 2842 3384 2898 erat
3414 2833 3645 2895 debilis
3676 2841 3740 2895 et
3773 2831 3964 2896 insir-

2463 2950 2625 3008 muS,
2660 2940 2723 2996 et
2752 2932 2975 2996 dolens
3004 2932 3083 2994 de
3115 2930 3284 2996 facto
3314 2950 3431 2994 sno
3464 2949 3478 2992 ε
3513 2931 3684 3012 quod
3716 2930 3965 2994 falsum
4008 2985 4015 2988 .

869 3035 1150 3094 Thamar
1196 3034 1656 3100 contabescere-5,
1709 3030 1767 3091 id
1818 3038 1912 3092 est
1963 3047 2234 3092 moerore
2287 3038 2349 3092 et
2385 3027 2429 3092 C
2460 3029 2733 3107 videtur,
2752 3029 2905 3111 quia
2935 3039 3003 3092 ut
3024 3031 3266 3092 dictum
3287 3038 3403 3106 est,
3426 3028 3551 3092 fuit
3584 3039 3707 3092 tam
3743 3028 3957 3102 fortia,

861 3130 1078 3193 dolore
1109 3149 1176 3192 se
1209 3129 1409 3211 ipsam
1441 3128 1815 3206 conficienS,
1851 3137 1915 3191 et
1943 3128 2126 3209 quasi
2159 3128 2223 3189 in
2257 3128 2351 3191 vi-

859 3230 1100 3292 duitate
1141 3228 1510 3311 persistens,
1559 3231 1632 3289 in
1675 3232 1860 3289 domo
1891 3231 2171 3290 Absalon
2208 3230 2352 3303 fra-

862 3330 979 3389 tris
1005 3331 1133 3389 sui.

879 3470 884 3475 -
940 3429 1398 3494 Quum-autem
1429 3428 1714 3487 audisset
1754 3446 1873 3484 rex
1901 3427 2121 3486 David
2161 3428 2349 3487 verba

858 3528 1016 3595 kaec,
1038 3524 1158 3588 hoc
1186 3533 1283 3587 est
1313 3526 1445 3587 baec
1475 3532 1651 3605 gesta
1683 3522 2046 3603 significata
2074 3542 2188 3604 per
2218 3544 2351 3587 ver-

859 3623 940 3686 ba
971 3624 1124 3701 haec,
1159 3626 1576 3685 contristatus
1605 3632 1695 3681 est
1725 3625 1931 3694 valde,
1967 3629 2092 3683 tam
2125 3622 2348 3685 desilii

859 3722 957 3784 sui
978 3722 1383 3804 primogeniti
1404 3720 1920 3783 inhonestissimo
1942 3740 2014 3783 ac
2034 3720 2351 3783 vitiosissi-

861 3840 964 3884 mo
998 3822 1184 3898 facto,
1209 3840 1400 3902 quam
1432 3820 1510 3882 de
1533 3818 1688 3882 filiae
1721 3838 1850 3882 suae
1879 3820 2345 3901 deturpatione,

860 3929 923 3982 et
945 3920 1216 3983 maxime
1236 3921 1313 3982 de
1334 3919 1444 3981 Dei
1466 3917 1828 3981 ofsensione
1849 3938 1920 3980 ac
1941 3918 2156 3999 populi
2181 3938 2349 3981 scan-

861 4018 1238 4081 dalizatione
1264 4042 1278 4093 ;
1302 4028 1360 4078 et
1391 4019 1602 4077 noluit
1631 4018 2014 4077 contristare
2040 4019 2345 4093 spiritum

859 4122 1118 4179 Amnon
1147 4119 1280 4194 filii
1306 4120 1435 4188 sui,
1459 4134 1604 4179 eum
1636 4116 2024 4197 increpando
2059 4135 2130 4178 ac
2162 4116 2349 4178 casti-

2459 3128 2632 3209 quod
2652 3128 3002 3210 praevalens
3031 3128 3277 3193 viribus
3296 3130 3615 3211 oppressit
3641 3148 3959 3204 sororem,

2459 3234 2523 3288 et
2550 3227 2747 3289 David
2776 3226 2907 3308 jam
2939 3236 3201 3291 noverat
3221 3246 3367 3291 eum
3402 3226 3857 3293 infirmitatem
3886 3228 3965 3289 il-

2461 3324 2608 3402 lam,
2634 3345 2759 3406 qua
2797 3325 2961 3389 lecto
3002 3326 3327 3403 decubuit,
3360 3325 3773 3389 confinxisse.
3800 3326 3966 3389 Tex-

2463 3430 2562 3483 tus
2592 3440 2849 3505 quoque
2892 3423 3291 3505 apertissime
3322 3423 3497 3501 dicit,
3532 3424 3702 3506 quod
3742 3423 3965 3487 noluit

2461 3520 2755 3602 spiritum
2786 3522 2989 3603 ipsius
3018 3522 3267 3585 Amnon
3299 3523 3695 3597 contristare,
3721 3523 3961 3587 videli-

2460 3629 2559 3683 cet
2602 3621 2997 3701 corrigendo,
3042 3621 3195 3703 quia
3237 3622 3543 3703 diligebat
3582 3640 3752 3685 eum.
3789 3622 3961 3686 Hine

2458 3719 2603 3781 aliis
2632 3720 2831 3799 magis
2872 3729 3155 3801 apparet,
3190 3720 3361 3801 quod
3391 3721 3586 3785 David
3626 3720 3693 3781 in
3730 3720 3851 3784 hac
3882 3741 3961 3783 re

2462 3818 2586 3880 suit
2628 3817 2989 3900 culpabiliS‚
3026 3818 3189 3881 sicut
3232 3819 3297 3881 in
3336 3820 3481 3881 aliis
3516 3819 3757 3882 multis.
3792 3820 3959 3882 Nam

2459 3926 2521 3979 et
2550 3916 2722 3979 infra
2751 3917 2936 3980 tertio
2958 3916 3121 3981 libro
3151 3917 3440 3995 babetur,
3464 3918 3633 4001 quod
3666 3937 3795 3981 non
3816 3938 3965 3981 cor-
4030 3938 4087 3983 ιιι
4106 3941 4250 3995 fleat

2461 4016 2657 4097 ripuit
2702 4016 3009 4081 Adoniam
3056 4016 3405 4093 dicentem,
3460 4017 3589 4097 Ego
3640 4018 3955 4098 regnabo.
3992 4007 4103 4053 ⁵³⁶·

2459 4114 2907 4177 Verumtamen
2946 4115 3148 4196 aliqui
3184 4114 3428 4192 dicunt,
3471 4116 3641 4197 quod
3688 4135 3817 4179 non
3860 4126 3963 4179 te-

857 4215 1064 4295 gando
1095 4224 1164 4278 ut
1193 4214 1446 4290 meruit,
1475 4216 1633 4294 quia
1673 4216 1983 4290 diligebat
2010 4233 2182 4283 eum,
2218 4233 2347 4277 non
2380 4219 2428 4280 1)
2462 4213 2727 4275 nebatur
2767 4213 2977 4295 ipsum
3008 4214 3255 4279 Amnon
3294 4214 3605 4292 occidere,
3640 4216 3957 4297 quoniam

858 4312 1412 4395 qualitercumque
1451 4330 1566 4374 nec
1599 4319 1865 4387 tantum,
1901 4311 2055 4392 quia
2085 4320 2148 4373 et
2188 4312 2347 4375 alios

861 4409 1032 4473 filios
1075 4430 1222 4474 suos
1253 4410 1497 4485 dilexit,
1533 4410 1644 4472 sed
1685 4408 1908 4471 dilexit
1939 4428 2084 4471 eum
2127 4410 2349 4492 praeci—

859 4527 984 4590 pue
1021 4525 1034 4569 :
1071 4508 1306 4572 idcirco
1353 4507 1786 4588 subjungitur,
1833 4510 1990 4587 quia
2027 4510 2349 4585 ρνίιηορει

857 4609 1036 4668 nicus
1066 4619 1204 4669 erat
1241 4611 1324 4669 ei.
1361 4608 1479 4670 Sed
1526 4608 1647 4669 ista
1677 4607 1929 4668 videtur
1976 4605 2175 4669 fuisse
2214 4626 2349 4669 car-

859 4704 1022 4767 nalis
1053 4713 1115 4768 et
1145 4724 1339 4787 prava
1368 4705 1646 4781 dilectio,
1680 4724 1880 4786 quum
1911 4724 2062 4769 vera
2090 4704 2347 4768 dilectio

859 4803 1068 4884 exigat
1095 4804 1331 4886 corripi
1373 4824 1444 4866 ac
1477 4803 1708 4883 corrigi
1744 4802 2048 4865 dilectum
2082 4822 2349 4884 peccan-

857 4910 1008 4977 tem,
1034 4909 1096 4963 et
1131 4909 1304 4964 tanto
1335 4901 1502 4982 pluS,
1526 4909 1766 4982 quanto
1797 4900 1999 4981 magis
2031 4900 2342 4981 diligitur,

857 4998 1036 5080 juxta
1065 4998 1223 5061 illud
1255 4998 1704 5075 Ecclesiastici,
1739 4997 1855 5071 Qui
1890 4998 2098 5079 diligit
2131 4998 2345 5061 filium

859 5116 1067 5173 suum,
1111 5097 1391 5162 assiduat
1429 5096 1547 5157 illi‘
1577 5096 1853 5177 flagella.
1888 5096 2063 5158 Unde
2114 5096 2345 5159 iterum

819 5195 948 5261 .ait
978 5194 1300 5276 Scriptura
1335 5214 1348 5257 :
1383 5196 1531 5269 Quis
1579 5194 1758 5257 filius
1799 5214 1992 5275 quem
2042 5213 2170 5257 non
2212 5214 2347 5258 cor-

819 5292 1011 5373 'ripit
1057 5297 1271 5374 pater?
1307 5294 1589 5375 Insuper,
1636 5292 1748 5375 qui
1797 5293 2116 5373 oppressit
2154 5292 2346 5371 virgi-

2458 4312 2763 4376 violentia
2807 4312 2918 4374 illa
2958 4310 3079 4374 fuit
3120 4312 3387 4388 occulta,
3426 4312 3721 4375 similiter
3750 4312 3965 4377 deflo-

2460 4410 2619 4472 ratio
2650 4410 2919 4472 Thamar
2953 4428 2967 4471 :
3001 4429 3144 4491 quae
3173 4410 3430 4492 probari
3463 4429 3593 4473 non
3626 4420 3959 4493 poterant,

2459 4509 2582 4570 nisi
2616 4528 2727 4591 per
2765 4508 3230 4590 querimoniam
3258 4509 3551 4586 Thamar,
3582 4518 3645 4571 et
3684 4510 3785 4572 sui
3816 4528 3967 4573 cor-

2460 4608 2633 4689 poris
2670 4607 3122 4670 ostensionem.
3172 4608 3443 4670 Thamar
3490 4618 3701 4670 autem
3750 4611 3963 4672 tacuit

2457 4707 2536 4769 de
2566 4706 2834 4770 consilio
2854 4706 3211 4771 Absalonis.
3246 4707 3720 4784 Verumtamen,
3753 4708 3806 4770 si
3826 4708 3965 4771 Ab·

2458 4806 2637 4868 salon
2669 4812 2951 4887 putasset
2982 4824 3049 4867 se
3083 4823 3291 4886 posse·
3310 4824 3653 4887 procurare
3680 4806 3964 4871 occisio-

2458 4922 2605 4967 nem
2634 4904 2881 4966 Amnon
2914 4923 2951 4965 a
2982 4922 3126 4983 rege
3148 4923 3259 4986 per
3288 4904 3758 4967 accusationem
3790 4904 3963 4968 Tha·

2458 5021 2615 5079 mar,
2648 5001 2977 5064 maluisset
3003 5002 3146 5079 hoc,
3174 5022 3363 5084 quam
3388 5004 3558 5085 quod
3590 5023 3712 5086 per.
3730 5022 3959 5067 servos

2457 5120 2603 5164 suos
2636 5100 2845 5182 ipsum
2866 5101 3119 5163 occidit.
3146 5101 3452 5183 Denique,
3476 5101 3531 5163 si
3560 5102 3807 5166 Amnon
3840 5122 3963 5165 ve-

2460 5214 2526 5257 re
2574 5194 2653 5257 de
2710 5213 2826 5257 suo
2879 5194 3281 5276 poenitnisset
3334 5194 3637 5272 facinore,
3692 5195 3959 5259 veniam

2456 5292 2862 5375 postulasset,
2883 5292 2983 5357 vel
3016 5293 3487 5358 reconciliasset
3513 5312 3603 5370 se,
3630 5303 3737 5356 aut
3768 5294 3962 5357 satis-
