4359 6250
669 767 862 809 Numa:

669 830 738 871 21.

713 2833 778 2876 Is.
793 2845 937 2884 xxviii,

676 2899 742 2946 ως
764 2895 865 2940 Aet.
883 2911 938 2947 iv,

963 457 1082 528 338

1495 481 1868 528 ,ENARRATIO
1912 479 1974 527 IN
2017 481 2152 527 CAP-
2200 477 2303 526 XIV
2346 477 2501 525 unm
2545 480 2714 526 Pium
2756 479 2977 528 necuit.
3024 503 3104 516 —
3143 481 3287 529 ΛΒΤ.
3333 483 3503 530 xxvu

962 653 1120 714 lium
1149 673 1436 734 quaerere
1457 655 1536 716 de
1567 653 1850 732 agendis.
1873 653 2024 715 Nam
2055 661 2119 715 et
2153 670 2267 734 per
2296 651 2455 731 Moy·
2484 649 2533 711 A
2564 670 2746 713 carus
2774 659 2837 715 et
2866 653 3063 730 utilis,
3099 653 3166 718 in
3202 663 3447 717 tantum
3482 655 3653 737 quod
3702 673 3824 718 nec
3862 654 4047 718 caris-

865 778 933 816 vu.
963 772 1074 814 sen
1107 753 1411 815 Dominus
1440 753 1621 828 dixit,
1643 754 1812 834 quod
1843 752 2100 814 Eleazar
2130 769 2246 832 pro
2264 750 2453 813 Josue

962 850 1324 914 consuleret
1373 852 1732 914 Dominum.
1767 853 2051 913 Dicens:
2083 853 2265 912 Num
2307 869 2455 926 per-

962 971 1196 1030 sequar
1214 952 1718 1012 Philisci-immi
1750 953 1962 1010 trades
1984 969 2082 1010 eos
2110 952 2181 1010 in
2222 969 2454 1009 manus

960 1051 1221 1110 Israel?
1257 1052 1336 1111 Ει
1379 1069 1510 1110 non
1555 1051 1884 1127 respondit
1923 1051 1986 1106 ei
2018 1049 2334 1109 Dominus
2378 1047 2451 1105 in

959 1148 1067 1206 die
1097 1149 1240 1208 illa.
1273 1146 1408 1208 Jam
1459 1145 1748 1208 habitum
1794 1154 1910 1222 est,
1946 1147 2116 1227 quod
2163 1143 2309 1207 Saul
2360 1144 2454 1206 di-

959 1243 1071 1320 xit,
1093 1245 1408 1307 lrruamus
1440 1264 1632 1326 super
1650 1244 2002 1307 Philistaeos
2036 1252 2251 1317 nocte;
2288 1261 2454 1305 mox-

957 1361 1084 1422 que
1131 1344 1423 1406 sacerdos
1473 1343 1828 1424 subjunxit,
1882 1342 2273 1406 Accedamus
2327 1343 2450 1404 huc

959 1441 1036 1502 ad
1069 1441 1288 1518 Deum,
1310 1450 1374 1504 et
1403 1442 1696 1523 protinus
1722 1441 1870 1503 Saul
1899 1441 2223 1505 consuluit
2251 1441 2453 1503 Domi-

945 1558 1116 1602 -num
1157 1557 1170 1600 :
1211 1540 1528 1621 quomodo
1576 1558 1726 1618 ergo
1777 1559 1948 1602 nunc
1997 1540 2274 1614 additur,
2310 1539 2443 1602 Non

962 1639 1290 1718 respondit
1319 1639 1378 1700 ei
1411 1639 1475 1700 in
1496 1639 1600 1702 die
1623 1639 1772 1701 illa?
1795 1639 2254 1719 Respondetur‚
2276 1639 2446 1720 quod

960 1735 1096 1799 dies
1128 1736 1233 1799 hic
1261 1737 1535 1798 sumitur
1566 1755 1681 1818 pro
1713 1737 1817 1799 die
1849 1736 2144 1811 naturali,
2181 1737 2295 1817 qui
2341 1755 2452 1800 no-

2562 750 2725 812 simo
2759 750 2897 814 silio
2926 770 3067 814 meo
3084 752 3368 816 Jonathae
3387 773 3733 835 parcerem.
3748 755 3880 816 Hoc
3902 753 4045 816 Saul

2558 849 2805 927 jurasse
2835 850 3088 913 videtur
3115 851 3251 914 zelo
3280 853 3555 933 quodam
3582 852 3875 934 justitiae,
3902 870 4047 933 prae—

2564 948 2779 1010 sertim
2801 949 2955 1029 quia
2972 951 3072 1028 (nt
3100 949 3224 1012 sibi
3256 951 3578 1031 apparuit)
3597 950 3711 1014 ille
3734 969 3853 1032 per
3868 969 4043 1013 suam

2562 1046 2815 1128 culpam
2848 1048 3066 1110 nocuit
3093 1048 3556 1125 communitati,
3576 1057 3639 1112 et
3674 1049 4044 1113 inobediens

2564 1141 2686 1206 fuit
2733 1147 2899 1226 regi3
2940 1155 3003 1209 et
3054 1147 3191 1229 ipse
3237 1146 3385 1210 Saul
3435 1145 3557 1210 fuit
3604 1147 3803 1228 judex
3854 1149 4042 1211 totius

2562 1243 2783 1325 populi
2827 1246 2951 1320 sui,
2988 1246 3317 1328 voluitque
3344 1246 3602 1328 culpam
3634 1246 3883 1328 absque
3914 1265 4045 1328 per-

2562 1361 2861 1406 sonarum
2891 1345 3260 1426 acceptione
3289 1345 3537 1408 ulcisci.
3560 1347 3670 1407 Ad
3699 1349 3875 1425 quod
3904 1350 4044 1405 nul-

2563 1447 2664 1502 lus
2694 1445 3092 1504 contrade‘oeit
3121 1446 3183 1502 ei
3210 1447 3288 1504 de
3320 1447 3500 1504 omni
3522 1447 3787 1522 populo.

2642 1543 2728 1601 Et
2746 1544 2843 1602 ait
2862 1545 2950 1602 ad
2971 1545 3347 1602 universum
3368 1546 3609 1603 Israel:
3630 1544 4044 1620 Septa-ramim·

2562 1658 2668 1698 vos
2700 1640 2771 1698 in
2798 1650 3054 1717 partem
3094 1660 3321 1711 unam,
3368 1650 3427 1700 et
3455 1659 3564 1716 eyo
3594 1661 3740 1700 cum
3769 1642 4039 1702 Jonatha

2561 1736 2701 1811 filio
2722 1757 2856 1796 meo
2887 1757 2991 1797 ero
3015 1739 3087 1796 in
3108 1747 3300 1814 parce
3329 1741 4041 1816 altera.Responditque

961 1841 1126 1896 ctem
1159 1834 1448 1897 includit.
1473 1834 1704 1898 Deinde
1736 1835 2100 1910 dicendum,
2125 1835 2297 1916 quod
2333 1853 2448 1897 nec
2488 1829 2533 1890 B
2556 1838 2836 1911 populus
2866 1839 3073 1897 Israel
3100 1839 3189 1896 ad
3218 1839 3386 1896 Saul
3402 1855 3425 1897 .·
3444 1838 3626 1904 Quod
3654 1838 3887 1896 bonum
3926 1837 4043 1896 tibi

958 1941 1146 1996 nocte
1189 1933 1319 2010 illa,
1354 1953 1474 1996 >nec
1515 1934 1620 1996 die
1665 1933 1956 2016 sequenti
2001 1953 2378 2015 responsum
2412 1953 2449 1996 a

961 2030 1088 2094 Deo
1117 2031 1377 2094 sortitus
1409 2039 1525 2094 est.
1589 2081 1592 2084 .

1042 2132 1353 2209 Dim-itque
1383 2135 1549 2192 Saul
1579 2129 1712 2191 suis
1743 2129 2052 2193 officiatis
2075 2147 2088 2192 ε
2109 2132 2453 2208 Applicate

960 2230 1088 2288 huc
1119 2231 1448 2288 universos
1469 2233 1742 2306 angulos
1765 2233 2000 2308 populi
2008 2228 2154 2291 ,Per
2187 2228 2452 2306 angulos

961 2325 1206 2406 populi,
1239 2325 1500 2406 quidam
1542 2325 1910 2406 intelligunt
1956 2327 2303 2408 principeS,
2339 2325 2449 2408 qui

955 2431 1113 2484 sunt
1141 2423 1324 2504 quasi
1357 2423 1597 2505 lapides
1627 2424 1986 2505 angulareS,
2005 2425 2312 2506 quoniam
2344 2425 2457 2488 sic-

959 2529 1037 2594 ,ut
1080 2522 1145 2583 in
1190 2521 1402 2603 lapide
1448 2522 1558 2584 tali
1595 2531 1986 2586 concurrunt
2036 2524 2331 2604 parieteS‚
2369 2523 2457 2586 ita

948 2621 1307 2702 -populares
1337 2620 1678 2684 confluunt
1706 2630 1768 2685 et
1798 2630 2186 2684 concurrunt
2220 2641 2291 2685 ac
2322 2623 2457 2684 uni-

947 2728 1164 2781 —untur
1213 2719 1278 2780 in
1328 2719 1618 2801 principe
1667 2737 1804 2782 suo.
1839 2719 2016 2782 Unde
2065 2728 2127 2782 et
2167 2720 2455 2783 Christus

967 2817 1202 2880 dicitur
1245 2817 1406 2900 lapis
1450 2818 1794 2897 angulariS,
1829 2818 1984 2900 quia
2024 2818 2090 2879 in
2131 2818 2273 2899 ipso
2308 2837 2458 2881 con-

2564 1935 2822 1993 videtur
2856 1936 2923 1994 in
2957 1937 3159 1994 oculis
3199 1936 3353 2004 tuis,
3383 1936 3513 2012 fac.
3548 1937 3635 1995 Et
3672 1936 3851 1994 davit
3878 1937 4039 1996 Saul

2560 2033 2648 2090 ad
2669 2035 3021 2093 Dominum
3048 2035 3257 2093 Deum
3278 2034 3484 2093 Israel
3504 2053 3526 2092 :
3546 2035 3819 2093 Domine
3850 2036 4037 2100 Deus,

2562 2130 2648 2188 da
2674 2129 3037 2205 judicium,
3079 2149 3192 2192 seu
3239 2129 3571 2207 indi-cium,
3606 2130 3725 2192 hoc
3768 2139 3885 2206 est,
3932 2149 4041 2211 per

2563 2226 2752 2288 sortis
2795 2226 3209 2290 directionem
3258 2228 3522 2290 ostende
3560 2248 3573 2291 ε
3614 2230 3787 2298 Quid
3828 2239 3943 2296 est,
3978 2227 4038 2289 id

2563 2333 2679 2399 est,
2715 2343 2829 2386 cur
2875 2325 3127 2401 accidit,
3162 2333 3225 2388 et
3270 2326 3426 2406 quid
3477 2326 3644 2388 istud
3694 2325 4035 2406 significat,

2563 2427 2733 2503 quod
2771 2445 2900 2485 non
2934 2426 3336 2502 responderis
3370 2445 3546 2485 servo
3580 2435 3715 2495 tuo,
3746 2425 4039 2488 videlicet-

2566 2521 2748 2598 mihi,
2774 2524 3002 2583 hodie?
3024 2525 3103 2584 Si
3131 2526 3203 2584 in
3238 2544 3336 2584 me
3364 2533 3481 2584 aut
3506 2525 3577 2584 in
3597 2526 3879 2585 Jonacha
3904 2526 4039 2601 filio

2567 2641 2701 2680 meo
2740 2630 2831 2681 est
2880 2623 3205 2700 iniquitas
3251 2625 3407 2692 hoec,
3450 2624 3539 2681 da
3580 2624 4040 2692 ostensionem,-

2566 2728 2683 2778 aut
2708 2721 2768 2778 si
2798 2721 2931 2780 lzaec
2965 2721 3283 2798 iniquitas
3312 2730 3401 2780 est
3434 2723 3507 2780 in
3528 2725 3767 2797 populo
3802 2731 3932 2790 tuo,
3960 2724 4039 2782 da

2564 2819 2970 2878 sanctitatem
3010 2838 3032 2875 .·
3065 2817 3185 2880 hoc
3232 2825 3350 2894 est,
3400 2817 3501 2880 fac
3551 2828 3877 2900 peccatum
3926 2819 4039 2881 boc

2566 2915 2901 2996 expurgari
2951 2934 3064 2997 per
3113 2934 3391 2996 poenam,
3429 2925 3499 2979 ut
3547 2915 3965 2999 purificemur
4007 2937 4041 2979 a

676 2925 1282 3008 ¹¹³¹12‚⁴„„·.venet·unt
1323 2924 1385 2978 et
1435 2915 1567 2979 side
1615 2917 1779 2978 uniti
1828 2925 1978 2978 sunt
2019 2917 2216 2979 Judaei
2262 2925 2455 2998 atque

673 3033 717 3072 τι,
739 3024 777 3064 7-
967 3013 1260 3093 gentiles,
1299 3013 1422 3076 Alii
1465 3034 1579 3096 per
1623 3014 1888 3094 angulos
1932 3014 2176 3096 populi,
2219 3015 2455 3078 intelli-
2487 3011 2531 3074 C
2568 3012 2722 3074 tanti
2752 3013 3231 3092 transgressoris
3252 3015 4037 3078 consortio.Verumtamen

966 3121 1127 3195 gunt
1145 3113 1284 3196 ejus
1305 3113 1832 3190 extremitateS,et
1853 3121 2149 3176 contenta
2169 3114 2236 3176 in
2258 3114 2456 3192 ei5,ut
2566 3110 2758 3187 istud,
2794 3111 2879 3174 Da
2928 3111 3349 3189 sanctitatem,
3403 3132 3529 3176 non
3578 3121 3673 3177 est
3720 3113 3799 3177 de
3849 3121 4034 3189 textu,

967 3212 1051 3275 sit
1079 3231 1302 3274 sensus
1338 3228 1352 3272 :
1383 3211 1716 3293 Applicate
1747 3212 1872 3274 huc
1902 3212 2237 3275 universos
2269 3231 2456 3293 angu-
2564 3228 2760 3290 quum
2794 3229 2922 3274 non
2954 3209 3259 3273 habeatur
3292 3210 3358 3272 in
3396 3210 3674 3274 Hebraeo.
3710 3216 3795 3274 Et
3830 3216 4041 3291 depre-

968 3309 1062 3373 los
1093 3310 1335 3392 populi,
1373 3310 1437 3372 id
1477 3318 1573 3373 est
1612 3311 1980 3372 universum
2024 3311 2333 3392 populum
2375 3311 2454 3374 ab
2565 3312 2797 3369 hensus
2812 3318 2903 3369 esc
2920 3312 3231 3371 Jonatlzas
3249 3318 3309 3369 et
3329 3312 3517 3380 Saul,
3529 3314 3811 3387 populus
3830 3322 4035 3373 amem

967 3408 1470 3471 extremitatibus
1501 3408 1656 3469 suiS.
1675 3412 1760 3469 Ec
1781 3411 1996 3470 scitote
2023 3420 2082 3469 ec
2113 3412 2322 3471 videte
2342 3430 2455 3492 per

967 3507 1338 3570 missionem
1380 3506 1590 3582 sortis,
1616 3527 1736 3583 per
1763 3528 1950 3587 quem
1982 3510 2292 3569 acciderit
2316 3530 2455 3586 pec-

965 3616 1181 3667 catum
1220 3608 1358 3675 hoc,
1391 3612 1650 3686 propter
1692 3605 1876 3684 cujus
1920 3605 2455 3669 demeritum-ne—

964 3711 1148 3781 gatur
1178 3701 1362 3766 nobis
1403 3702 1735 3783 responsio
1772 3702 2020 3763 Domini
2053 3706 2263 3765 hodie.
2295 3704 2453 3767 Prae-

966 3800 1300 3883 supposuit
1359 3800 1526 3877 Saul,
1589 3800 1761 3881 quod
1819 3818 1947 3863 non
2009 3801 2133 3862 nisi
2195 3811 2453 3884 propter

965 3907 1292 3981 peccatum
1325 3899 1598 3980 alicujus
1627 3899 1708 3961 de
1738 3899 1976 3980 populo
2007 3918 2144 3975 suo,
2171 3900 2333 3962 Deus
2368 3920 2455 3963 re-

965 4016 1268 4079 sponsum
1309 4004 1602 4060 renueret
1631 4006 1738 4059 aut
1770 3996 2085 4060 differret.
2122 3998 2449 4080 Siquidem

966 4105 1250 4177 tempore
1279 4095 1392 4157 illo
1421 4096 1842 4158 communiter
1876 4096 2193 4158 dabantur
2231 4097 2452 4161 divina

2561 3410 2793 3476 exivit,
2826 3407 2887 3469 id
2937 3414 3053 3483 est,
3098 3406 3405 3469 immunis
3455 3408 3750 3489 apparuit
3798 3409 3882 3471 ab
3926 3410 4036 3471 hac

2563 3505 2771 3587 culpa,
2792 3505 2945 3586 quia
2974 3524 3165 3587 super
3194 3504 3457 3567 nullum·
3476 3506 3557 3568 de
3584 3506 3821 3589 populo
3844 3516 4038 3569 stante

2563 3623 2847 3666 seorsum
2879 3622 3015 3666 sors
3046 3604 3307 3668 corruit.
3334 3607 3418 3665 Et
3448 3607 3544 3665 ait
3574 3607 3785 3666 Saul:
3804 3609 4037 3667 Mittite

2562 3712 2791 3763 sortem
2822 3704 2994 3763 inter
3014 3722 3113 3763 me
3138 3712 3196 3762 et
3216 3704 3541 3763 Jonatkan
3562 3705 3781 3780 filium
3806 3725 4032 3765 meum.

2566 3804 2648 3863 Et
2668 3811 2891 3877 captus
2920 3810 3008 3859 est
3036 3802 3368 3871 Jonatlzas,
3394 3799 3511 3862 hoc
3540 3807 3658 3876 est,
3692 3801 4035 3883 deprehen-

2566 3918 2673 3961 sus
2701 3906 2795 3961 est
2826 3907 3015 3960 sorte.

2643 3999 2833 4057 Dioeit
2864 4006 3081 4056 autem
3112 3998 3277 4055 Saul
3306 3998 3395 4055 ad
3422 3998 3749 4058 Jonachan
3770 4017 3794 4056 ,t
3815 3999 4034 4059 Indica

2565 4096 2732 4155 milti
2778 4096 2939 4173 quid
2986 4094 3233 4175 feceris.
3270 4096 3355 4155 Ec
3400 4096 3722 4155 indicavit
3762 4098 3825 4155 ei
3861 4099 4039 4158 Jona-

966 4212 1291 4275 responsa‚
1327 4194 1694 4274 ,praesertim
1754 4193 2052 4275 pontifici
2107 4195 2449 4258 Dominum
2488 4196 2533 4257 D
2564 4193 2726 4264 chae,
2749 4202 2808 4251 et
2838 4193 2972 4252 ait:
2994 4196 3271 4251 Gustans
3286 4202 3481 4267 ,qus-ta
3494 4193 3555 4251 vi
3576 4194 3649 4251 in
3678 4197 4039 4255 summitate

952 4292 1322 4354 consulenti
1344 4309 1357 4353 :
1385 4291 1586 4355 nihilo
1608 4291 1820 4353 minus
1841 4292 2048 4373 potuit
2075 4293 2236 4356 Deus
2260 4294 2454 4355 omni.-

965 4397 1191 4469 potens
1223 4388 1546 4452 liberrime
1575 4407 1787 4469 agen5‚
1805 4389 1996 4451 etiam
2019 4410 2095 4451 ex
2115 4390 2243 4452 alia
2261 4410 2453 4453 causa

965 4504 1194 4565 negare
1235 4495 1297 4549 et
1338 4486 1605 4549 differre
1655 4506 1979 4568 responsa.
2024 4491 2195 4549 Vivit
2236 4492 2452 4550 Domi-

963 4605 1088 4645 nus
1125 4588 1408 4646 salvalor
1439 4589 1664 4656 Israel,
1704 4588 1862 4665 quia
1892 4590 1952 4645 si
1973 4607 2095 4663 per
2119 4589 2450 4649 Ionatham

958 4686 1181 4760 filium
1211 4704 1422 4744 meum
1454 4684 1706 4760 factum
1735 4694 1846 4755 est,
1883 4688 2118 4764 absque
2150 4696 2451 4747 retracta.-

962 4785 1131 4845 tz'one
1163 4784 1492 4843 morietur.
1526 4781 1713 4855 Quasi
1747 4781 1916 4844 dicat
1942 4783 2093 4846 :Per
2122 4783 2449 4846 viventem

883 4870 888 4873 ’
958 4880 1296 4943 Dominum
1342 4881 1510 4960 juro,
1543 4881 1714 4961 quod
1763 4880 1814 4941 is
1859 4880 1970 4962 qui
2015 4900 2130 4943 suo
2185 4890 2449 4962 peccato

959 4999 1150 5044 causa
1178 4987 1273 5042 est
1311 4978 1666 5058 negationis
1706 4980 1941 5043 divinae
1984 4981 2443 5062 responsioni5‚

958 5080 1088 5161 jam
1133 5078 1458 5141 occidetur
1500 5077 1742 5158 absque
1780 5078 2185 5141 revocatione
2216 5079 2449 5161 prioris

959 5176 1292 5240 sententiae
1341 5195 1520 5253 meae,
1553 5195 1680 5257 qua
1726 5175 1881 5252 dixi,
1919 5176 2285 5239 Maledictus
2340 5178 2450 5239 ho-

949 5295 1088 5352 -m0,
1113 5283 1262 5351 ctc.,
1295 5282 1882 5356 quantumcumque
1915 5275 2023 5339 ille
2055 5275 2250 5339 fuerit
2284 5276 2447 5339 mihi

2562 4293 2788 4367 viryoe,
2816 4310 2957 4369 quae
2986 4300 3124 4350 erat
3160 4292 3231 4350 in
3272 4310 3473 4352 manu
3502 4310 3665 4361 mea,
3692 4296 4035 4368 paululum

2564 4391 2769 4449 mellis
2804 4409 2827 4447 .·
2856 4400 2915 4449 et
2945 4408 3077 4448 ecce
3104 4406 3215 4464 eqo
3244 4390 3507 4459 morior,
3544 4388 3605 4450 id
3638 4397 3761 4465 est,
3790 4399 4035 4471 paratus

2561 4506 2702 4549 sum
2735 4486 2919 4561 mori,
2954 4486 3304 4549 secundum
3330 4484 3699 4567 Josephum,
3737 4487 3836 4550 vel
3876 4506 4034 4551 mor-

2560 4594 2687 4647 tem
2736 4586 3005 4648 evadere
3050 4601 3319 4665 nequeo.
3368 4586 3451 4645 Ec
3494 4586 3591 4645 ait
3640 4588 3809 4647 Saul
3836 4608 3861 4645 .·
3894 4590 4034 4649 Hoec

2555 4685 2763 4762 saciat
2794 4686 2963 4743 mihi
2982 4686 3175 4753 Deus,
3192 4692 3251 4741 et
3272 4684 3406 4743 hoec
3426 4685 3649 4753 addat,
3668 4686 3829 4763 quia
3850 4695 4034 4745 morte

2561 4786 2873 4855 morieriS,
2894 4784 3194 4843 ΙοηαιΙια.
3223 4781 3343 4844 Iste
3374 4778 3494 4842 fuit
3525 4783 3751 4844 modus
3783 4782 4036 4865 loquen-

2558 4882 2629 4949 di,
2654 4882 2822 4963 apud
2853 4880 3167 4955 HebraeOS‚
3204 4887 3267 4941 et
3308 4888 3404 4941 est
3440 4896 3663 4941 sensus
3694 4900 3713 4943 :
3756 4881 3905 4943 Nisi.
3928 4882 4035 4942 im-

2558 4981 2816 5063 plevero
2847 4978 3017 5060 quod
3048 4978 3253 5060 juravi
3290 4996 3403 5040 seu
3432 4978 3587 5055 dixi,
3620 4977 3857 5042 inferat
3882 4978 4031 5041 mihi

2559 5078 2862 5141 Dominus
2892 5096 3144 5159 poenam
3176 5075 3369 5157 hujus
3394 5076 3658 5157 peccati,
3684 5078 3813 5141 imo
3834 5088 3895 5141 et
3912 5097 4033 5140 am-

2559 5178 2850 5259 pliorem,
2866 5194 2977 5239 seu
2999 5174 3206 5256 poenis
3237 5174 3507 5236 aliarum
3526 5174 3855 5258 culparum
3884 5195 4033 5238 mea-

2561 5294 2700 5337 rum
2732 5294 2871 5337 eam
2912 5281 3211 5356 apponat.
3246 5272 3322 5333 Et
3351 5272 3439 5334 ita
3478 5272 3647 5337 istud
3698 5273 3821 5337 ruit
3858 5274 4025 5357 quasi
