4359 6250
164 3444 179 3487 1
208 3445 318 3500 Περ.

166 3523 217 3550 VI!

162 4826 275 4871 lbid.
296 4832 336 4870 2.

916 501 1265 548 manuario
1308 502 1369 548 m
1412 501 1547 548 car.
1594 499 1747 547 xxix
1788 498 1944 545 unm
1985 499 2153 546 rann
2196 501 2420 547 nucum.
2463 521 2544 531 —
2584 503 2725 549 ΑΜ.
2772 503 2958 549 Χινιιι
3355 485 3474 549 413

369 673 673 753 quamvis
702 680 1017 749 sanctum,
1054 672 1221 735 sicut
1249 679 1313 734 et
1342 671 1609 754 ipsemet
1648 669 1877 733 asserit
1905 667 1955 730 A
1985 669 2051 732 in
2073 689 2190 734 suo
2218 670 2358 734 loco
2379 672 2769 753 quiescente.
2789 672 2895 736 11ae
2914 672 3251 754 opiniones
3281 672 3473 736 etiam

368 771 770 851 Augustinus
803 773 869 834 in
908 773 1180 855 epistola
1217 781 1439 836 contra
1466 771 1875 834 vincentium

370 869 792 932 Donatistam.
813 871 992 933 Unde
1022 878 1085 934 et
1114 870 1406 933 Rabanus
1436 869 1615 945 dicit,
1640 877 1877 931 utram-

371 985 505 1047 que
554 967 938 1050 positionem
990 977 1355 1051 praetactam
1418 967 1877 1031 rationabiliter

370 1085 568 1146 posse
597 1066 882 1130 defendi.
915 1069 1073 1131 Hinc
1114 1077 1175 1131 et
1216 1068 1283 1130 in
1315 1067 1703 1131 Scholastica
1736 1087 1877 1130 nar-

373 1171 555 1226 ratur
584 1164 853 1228 historia
884 1183 899 1226 ε
932 1165 1177 1228 Dicitur
1207 1185 1244 1227 a
1272 1165 1680 1247 quibusdam,
1706 1166 1874 1246 quod

372 1262 645 1344 spiritus
694 1264 1012 1344 malignus
1064 1264 1361 1346 apparuit
1410 1263 1475 1325 in
1518 1263 1731 1345 specie
1772 1262 1879 1324 Sa-

374 1360 1211 1443 muelis.Vel,phantastice
1245 1360 1452 1440 imago
1485 1361 1624 1442 eJus
1658 1360 1748 1422 ibi
1778 1381 1879 1442 ap-

375 1458 618 1539 paruit,
662 1458 829 1522 sicut
867 1459 946 1521 fit
983 1459 1047 1520 in
1079 1478 1247 1540 aqua
1282 1467 1392 1520 aut
1427 1458 1709 1541 speculo.
1752 1457 1877 1520 Alii

374 1558 627 1635 dicunt,
662 1560 834 1640 quod
866 1559 993 1621 Deo
1024 1557 1455 1640 permittente,
1489 1556 1704 1618 anima
1739 1555 1878 1636 ejus

376 1662 632 1718 tantum
662 1656 985 1719 consimili
1017 1673 1285 1737 corpore
1326 1655 1548 1716 induta
1583 1653 1877 1736 apparuit

377 1751 496 1815 ibi.
529 1753 682 1832 Alii,
705 1755 877 1837 quod
909 1771 1140 1836 corpus
1174 1753 1313 1835 ejus
1346 1759 1591 1814 tantum
1622 1751 1881 1814 suscita-

378 1859 517 1912 tum
548 1861 668 1931 est,
704 1853 935 1936 spiritu
972 1851 1239 1914 vivifico
1284 1870 1397 1913 seu
1441 1849 1621 1912 vitali
1666 1850 1879 1913 anima

1985 767 2051 830 in
2071 767 2291 832 Glossa
2312 777 2666 850 tanguntur.
2683 771 3004 834 Postremo
3025 770 3225 832 Rabbi
3245 770 3474 834 Paulus

1985 868 2062 930 ad
2111 867 2482 932 salvandum
2545 868 3004 950 praeinductam
3047 867 3474 932 Ecclesiastici
3503 886 3770 938 Rectam»,

1986 965 2424 1028 auctoritatem
2474 965 2651 1042 dicit,
2688 967 2856 1048 quod
2895 985 3125 1049 corpus
3165 967 3474 1031 Samuelis
3504 952 3571 993 ²³·

1986 1064 2052 1125 in
2085 1063 2379 1145 sepulcro
2408 1063 2625 1144 jacens
2657 1083 2803 1126 cum
2835 1063 3055 1126 habitu
3091 1064 3370 1146 proprio,
3406 1065 3474 1126 in

1986 1180 2113 1243 quo
2144 1160 2280 1238 ¹fuit
2315 1161 2658 1243 sepultum,
2693 1162 2819 1224 Deo
2851 1160 3257 1242 permittente
3289 1181 3478 1245 appa·

1987 1262 2115 1324 ruit
2145 1261 2319 1324 Sauli
2359 1262 2605 1343 magica
2649 1269 2806 1324 arte.
2839 1261 3143 1335 Quocirca
3186 1282 3480 1344 quaeren-

1987 1361 2140 1422 dum
2185 1367 2372 1436 esset,
2407 1379 2487 1422 an
2533 1377 2764 1441 corpus
2804 1358 2965 1422 illud
3006 1358 3131 1422 fuit
3169 1367 3345 1422 extra
3382 1379 3479 1422 se-

1989 1458 2283 1541 pulcrum
2333 1459 2409 1520 ad
2465 1457 2712 1520 Saulem
2765 1457 3129 1535 deductum,
3185 1458 3286 1520 vel
3345 1458 3482 1520 sola

1989 1557 2127 1637 ejus
2161 1556 2371 1638 imago
2403 1555 2818 1638 phantastica,
2847 1565 2910 1620 et
2939 1576 3018 1618 an
3053 1556 3316 1638 spiritus
3347 1576 3482 1619 ma-

1989 1655 2089 1716 lus
2140 1654 2519 1736 loquebatur
2567 1673 2680 1736 per
2729 1673 2959 1737 corpus
3010 1655 3192 1717 illud.
3245 1654 3482 1718 Positio

1991 1760 2203 1816 autem
2235 1770 2424 1832 quam
2447 1752 2650 1833 tangit
2679 1761 2742 1816 et
2770 1752 3058 1834 sequitur
3079 1752 3370 1817 Nicolaus
3401 1754 3480 1816 de

1992 1850 2171 1932 Lyra,
2207 1849 2417 1913 verior
2447 1869 2586 1913 esse
2616 1850 2889 1913 videtur.

1397 2278 2042 2366 ARTICULUS
2117 2279 2485 2364 XLVIII

872 2556 1253 2602 EXPLANATIO
1304 2556 1579 2602 CAPITULI
1635 2554 1895 2601 Vtut-:sun
1945 2554 2091 2600 NON!
2136 2553 2149 2597 ἶ
2199 2553 2598 2600 coNGREGATA
2651 2556 2824 2616 SUNT,
2881 2557 3008 2602 ETc.

540 2834 613 2897 lC
650 2833 1057 2911 describitur,
1105 2854 1219 2898 cur
1262 2841 1325 2898 et
1367 2834 1641 2916 qualiter
1689 2833 1882 2897 David
1912 2833 1957 2895 B
1990 2835 2171 2895 stiim
2193 2855 2215 2894 .·
2237 2836 2580 2915 Numquid
2601 2837 2915 2913 iquoratis
2935 2841 3176 2912 David,
3199 2844 3318 2921 qui
3345 2844 3482 2920 fuit

558 2953 595 2995 a
633 2932 971 2996 Philistaeis
1010 2951 1302 2996 reversus
1344 2933 1447 2994 sit.
1492 2936 1885 3010 Congreyata

372 3042 539 3092 sunt
566 3051 716 3108 erqo
762 3034 1070 3093 universa
1110 3035 1379 3109 agmina
1402 3033 1769 3094 philistiim
1811 3032 1883 3092 in

372 3132 630 3207 Aphec,
651 3130 717 3191 id
740 3138 837 3193 est
857 3130 1157 3194 univorsa
1178 3150 1319 3212 quae
1342 3139 1522 3193 erant
1543 3131 1662 3193 sub
1694 3137 1885 3191 satra-

372 3228 509 3311 pis,
546 3236 610 3291 et
640 3228 863 3291 omnia
896 3228 1087 3291 simul
1124 3226 1385 3291 fuerunt
1422 3247 1623 3290 unum
1654 3244 1882 3307 agmen

374 3326 505 3388 sub
540 3343 687 3406 rege
722 3327 788 3389 in
829 3327 1067 3409 Aphec,
1114 3327 1269 3409 quia
1312 3327 1389 3389 ad
1435 3326 1650 3390 locum
1698 3325 1881 3387 illum

377 3434 709 3489 venerunt
737 3425 817 3488 de
848 3425 1108 3502 Sunam,
1144 3424 1253 3487 ubi
1287 3424 1493 3507 primo
1525 3424 1603 3486 ad
1631 3432 1883 3503 tempus

374 3532 775 3596 manserunt,
799 3532 869 3585 ut
889 3522 1272 3605 praecedenti
1296 3522 1564 3585 habetur
1583 3520 1877 3603 capitulo.

372 3629 514 3689 Sed
554 3634 615 3685 et
653 3628 885 3693 Israel,
917 3621 981 3683 id
1022 3630 1118 3683 est
1168 3620 1443 3702 populus
1495 3618 1882 3682 Israeliticus

374 3746 531 3789 cum
568 3723 779 3799 Saule,
831 3729 1321 3783 castrametatus
1365 3729 1452 3779 est
1501 3740 1692 3796 super
1740 3721 1884 3798 fon-

375 3836 531 3896 tem,
563 3824 683 3903 qui
720 3831 860 3882 erat
903 3821 977 3879 in
1002 3820 1283 3887 Iezrael,
1323 3816 1387 3878 id
1420 3823 1515 3878 est
1546 3834 1743 3898 prope
1782 3837 1883 3879 ur-

370 3921 527 3985 bem
560 3918 655 3981 sic
700 3924 1155 3997 nuncupatam,
1192 3921 1257 3977 ct
1298 3913 1455 3977 illuc
1487 3922 1801 3976 venerunt
1844 3934 1881 3976 a

1990 2953 2211 2992 servu-s·
2239 2936 2408 2994 Saul
2435 2935 2603 3010 reqis
2643 2938 2895 2996 Israel?
2922 2955 2994 2998 ac
3035 2937 3088 3000 si
3120 2938 3288 3002 dicat
3324 2960 3338 3003 :
3375 2942 3483 3004 Mi-

1995 3048 2133 3092 rum
2167 3029 2222 3090 si
2254 3047 2380 3092 non
2413 3029 2821 3113 scitiS,quam
2855 3031 3060 3112 fortia,
3081 3045 3377 3101 strenuus
3408 3059 3480 3103 ac

1995 3130 2211 3193 fidelis
2241 3131 2340 3194 vir
2388 3130 2472 3193 sit
2500 3132 2719 3209 David,
2754 3134 2865 3214 qui
2898 3143 3074 3199 tanta
3121 3157 3158 3199 a
3189 3138 3336 3201 Saul
3385 3149 3483 3204 est

1995 3246 2260 3308 passus3
2294 3238 2354 3288 et
2381 3239 2470 3289 est
2501 3233 2680 3307 apud
2723 3252 2822 3292 me
2867 3236 3090 3294 multis
3127 3238 3352 3299 diebus
3385 3245 3484 3300 vel

1992 3327 2210 3397 annis,
2234 3325 2299 3387 id
2330 3333 2445 3401 est,
2469 3325 2577 3388 diu
2614 3325 2737 3389 fuit
2766 3328 2832 3390 in·
2865 3338 3034 3393 terra
3063 3352 3226 3411 mea,
3251 3334 3318 3397 in
3349 3356 3478 3418 qua

1993 3444 2137 3487 eum
2184 3424 2461 3507 benigne
2509 3428 2795 3491 tractavi.
2848 3427 3028 3491 Circa
3085 3430 3206 3494 hoc
3257 3434 3482 3497 scribit

1993 3525 2254 3606 quidam
2292 3544 2306 3587 ε
2338 3526 2453 3599 Qui
2484 3526 2727 3604 dicunt,
2762 3529 2931 3609 quod
2963 3529 3160 3594 David
3196 3532 3318 3595 fuit
3346 3542 3484 3597 tan-

1993 3630 2127 3684 tum
2173 3631 2447 3704 quatuor
2492 3624 2820 3687 mensibus
2861 3625 2972 3703 ibi,
3018 3642 3484 3711 consequenter

1991 3718 2203 3783 dicere
2252 3720 2508 3797 habent,
2542 3722 2714 3803 quod
2761 3722 2950 3785 Achis
3001 3725 3157 3788 dixit
3205 3728 3350 3808 plus
3401 3733 3480 3795 de

1988 3837 2167 3881 mora
2199 3818 2398 3901 ipsius
2431 3820 2625 3883 David
2658 3822 2825 3902 apud
2863 3840 2951 3896 se,
2986 3842 3178 3905 quam
3213 3826 3360 3905 fuit,
3395 3831 3475 3893 ad

1991 3914 2464 3997 pacificandum
2488 3917 2810 4000 principes
2831 3918 3331 3986 philistinorum.
3358 3926 3477 3991 Sed

370 4018 639 4081 Gelboe.
666 4018 753 4077 Et
779 4024 1059 4090 satrapoe
1088 4014 1351 4091 quidem
1380 4013 1749 4073 Philistiim
1778 4014 1881 4073 in·
1915 4018 1959 4081 C
1991 4011 2157 4074 istud
2191 4032 2319 4075 non
2347 4013 2621 4090 videtur,
2655 4033 2854 4095 quum
2883 4016 3074 4079 Achis
3119 4019 3367 4085 locutus
3397 4025 3482 4087 sit

368 4120 685 4179 cedebant
728 4115 801 4175 in
850 4112 1189 4179 centuriis,
1220 4109 1284 4170 id
1333 4116 1429 4171 est
1473 4107 1540 4169 in
1591 4109 1878 4190 partibus

370 4214 605 4297 populi
640 4212 741 4274 sui
774 4210 839 4271 in
871 4217 1130 4271 centum
1175 4206 1423 4282 divisis,
1457 4206 1693 4288 quibus
1723 4226 1880 4289 prae-

372 4321 563 4377 erant
594 4308 1025 4383 centurioneS,
1058 4315 1118 4366 ec
1140 4306 1453 4376 millibuS,
1472 4305 1708 4386 quibus
1738 4306 1883 4367 mil-

374 4409 612 4474 lenarii
646 4411 982 4490 praeerant.
1017 4403 1160 4465 Fuit
1206 4402 1420 4483 itaque
1464 4402 1739 4485 populus
1772 4404 1880 4468 ille

375 4509 633 4574 divisus
657 4524 771 4588 per
791 4510 1095 4566 centenos
1116 4508 1308 4582 atque
1329 4500 1883 4567 millenos.David

376 4618 601 4671 autem
631 4615 694 4666 ec
724 4604 859 4663 viri
887 4603 1029 4677 ejus
1071 4610 1259 4661 erant
1302 4602 1375 4659 in
1406 4602 1751 4661 novissimo
1782 4622 1884 4679 ag]-

382 4708 563 4767 mine
603 4722 755 4762 cum
796 4700 995 4761 Achis
1041 4714 1186 4776 rege
1230 4696 1732 4774 philistinorum,
1768 4698 1877 4779 qui

382 4804 603 4885 ipsum
636 4799 834 4863 David
865 4796 1069 4862 voluit
1096 4796 1331 4859 habere
1361 4798 1753 4879 praecipuum
1785 4817 1886 4861 ca-

380 4900 544 4983 pitis
574 4898 676 4960 sui
708 4896 1062 4960 custodem.

466 4998 927 5073 moveruntque
965 4994 1300 5071 principes
1339 4992 1730 5065 philistiim,
1767 4992 1886 5055 sci-

379 5096 535 5158 licet
565 5100 859 5174 satrapae,
894 5093 982 5150 ad
1011 5090 1210 5150 Aclzis
1240 5110 1262 5148 .·
1296 5091 1470 5157 Quid
1504 5091 1630 5148 sibi
1662 5093 1886 5151 volunt

1989 4109 2394 4190 disjunctive,
2431 4108 2638 4172 Multis
2673 4111 2900 4175 diebus
2935 4114 3034 4177 vel
3075 4118 3261 4181 annis
3295 4137 3310 4181 ε
3346 4141 3480 4185 cer-

1992 4216 2256 4288 tumque
2285 4215 2400 4283 est,
2433 4208 2511 4270 ad
2547 4208 2876 4272 veritatem
2906 4212 3310 4293 disjunctivae
3348 4219 3482 4282 sul'-

1992 4305 2188 4369 ficere
2219 4306 2482 4371 alteram
2513 4317 2756 4390 partem
2790 4329 2928 4373 esse
2962 4331 3198 4376 veram.
3231 4318 3318 4378 Ει
3349 4339 3478 4381 non

1990 4406 2218 4465 inveni
2249 4408 2320 4465 in
2363 4426 2432 4465 eo
2462 4408 2822 4486 quidquam
2861 4412 3050 4480 mali,
3081 4410 3144 4472 id
3188 4422 3285 4476 est
3327 4415 3482 4479 infi-

1992 4502 2271 4564 delitatis
2320 4504 2656 4568 adversum
2698 4524 2820 4583 me,
2864 4528 2946 4567 ex
2979 4510 3084 4568 die
3113 4530 3243 4588 qua
3276 4523 3480 4577 trans-

1990 4602 2169 4677 fuyic
2212 4604 2301 4661 ad
2344 4623 2460 4671 me,
2489 4623 2688 4682 usque
2729 4606 2818 4663 ad
2863 4607 3038 4667 diem
3076 4610 3264 4671 hanc.
3307 4611 3479 4676 Atta-

1993 4717 2162 4775 men,
2198 4718 2391 4780 supra
2436 4700 2598 4761 dixit
2641 4700 2832 4763 Achis
2879 4702 2958 4765 de
3009 4705 3204 4768 David
3240 4725 3254 4769 :
3287 4708 3480 4775 Multa
3505 4724 3769 4781 laevam-n,

1992 4796 2161 4858 mala
2190 4806 2486 4878 operatus
2516 4806 2612 4861 est
2647 4808 2869 4863 contra
2911 4802 3219 4883 populum
3263 4826 3472 4873 suum.
3503 4789 3573 4832 ¹²·

2072 4898 2248 4956 Iraci
2273 4906 2426 4957 sunt
2459 4906 2674 4958 autem
2716 4902 3024 4960 adversus
3059 4922 3208 4963 eum
3229 4908 3481 4982 princi·

1984 5014 2099 5071 pes
2129 4995 2521 5063 Philisciim,
2543 4994 2844 5076 quoniam
2864 4996 3239 5078 judicabant
3270 5022 3480 5085 regem

1997 5110 2181 5152 suum
2219 5090 2468 5154 incaute
2497 5092 2702 5171 egisse
2733 5093 3120 5159 considendo
3163 5098 3229 5160 in
3263 5101 3480 5181 David,

378 5192 649 5254 Hebroei
690 5190 852 5251 isti?
893 5187 955 5248 id
1001 5193 1118 5261 est,
1163 5205 1275 5247 cur
1320 5194 1633 5249 venerunt
1673 5187 1886 5250 nobis-
1920 5198 1971 5260 D
1995 5198 2054 5249 et
2095 5191 2411 5250 dixerunt
2441 5210 2464 5248 .·
2493 5194 2880 5253 Revertatur
2911 5196 3038 5266 vir,
3071 5206 3131 5256 et
3171 5203 3386 5261 sedeat
3413 5204 3488 5263 in

378 5294 590 5355 cum?
631 5292 719 5351 Ee
776 5290 873 5348 ait
920 5288 1120 5349 Aeliis
1167 5286 1255 5347 ad
1295 5288 1625 5363 principes
1674 5288 1886 5349 Phili.

1998 5291 2127 5347 loco
2156 5306 2298 5356 suc,
2327 5290 2402 5347 in
2444 5308 2567 5367 quo
2612 5292 3006 5353 constituisti
3041 5314 3214 5365 eum,
3248 5308 3308 5358 ec
3356 5319 3486 5362 non
