4359 6250
728 1180 839 1223 Gen.
854 1193 955 1230 xxn,

690 1247 731 1292 2,
749 1245 792 1294 ⁹3
813 1255 954 1292 xxviii,

694 1308 758 1357 12;
778 1304 955 1360 1111209.

689 1382 729 1410 vi

982 477 1102 548 460

1555 507 1903 554 ENARRATIO
1946 508 2006 552 IN
2048 507 2186 554 cal».
2233 510 2271 552 V
2315 509 2470 555 unm
2515 509 2764 556 ssscuffm
2807 509 3031 557 nssonu.
3075 530 3156 540 --
3197 511 3340 557 ART.
3385 511 3494 557 vm

984 671 1097 734 illa
1125 673 1349 735 odivit.
1388 711 1468 720 —-
1497 674 1802 738 Similiter
1830 678 2002 757 quod
2032 678 2099 739 in
2132 678 2473 760 proverbio
2502 679 2551 740 A
2665 682 2844 758 Cepit
2881 691 3097 741 autem
3137 683 3357 742 David
3399 701 3606 742 arcem
3647 683 3828 750 Sion,
3861 681 3920 742 id
3956 691 4042 743 est

982 771 1334 849 dicebatur,
1354 772 1566 836 Caecus
1598 764 1658 837 e't
1690 774 1951 837 claudus
1986 795 2112 839 non
2144 776 2474 840 intrabunt

985 868 1050 931 in
1093 870 1399 953 templum
1440 871 1571 948 Dei,
1608 872 1859 936 videtur
1895 875 2044 937 huie
2088 874 2469 956 expositioni

983 968 1187 1048 magis
1218 970 1445 1051 aptari.
1482 970 1635 1033 Nam
1669 972 1787 1034 iste
1821 973 1997 1035 locus
2031 972 2155 1034 fuit
2187 974 2474 1055 praeassi-

984 1074 1215 1144 gnatus
1260 1067 1479 1132 divino
1529 1070 1729 1132 cultui
1772 1090 1809 1132 a
1858 1079 2143 1153 tempore
2182 1072 2468 1150 Abrabae,

984 1165 1243 1243 quando
1283 1165 1486 1230 voluit
1518 1168 1607 1230 ibi
1642 1168 1854 1251 ipsum
1896 1170 2064 1233 Isaac
2105 1170 2469 1245 immolare;

985 1269 1048 1322 et
1076 1261 1268 1325 Jacob
1300 1264 1460 1326 vidit
1492 1265 1729 1328 ibidem
1762 1267 2033 1340 scalam3
2071 1268 2292 1350 ibique
2324 1278 2474 1332 tem—

985 1359 1163 1441 plum
1212 1359 1335 1424 fuit
1380 1381 1494 1443 per
1536 1363 1935 1429 Salomonem
1984 1366 2318 1428 fundatum
2355 1385 2368 1429 ε
2407 1369 2472 1429 in

986 1477 1113 1539 quo
1158 1459 1335 1522 nulla
1381 1461 1788 1526 immunditia
1830 1464 2051 1526 debuit
2096 1465 2329 1528 habere
2377 1466 2475 1528 in-

985 1574 1295 1636 gressum,
1328 1562 1436 1622 sed
1472 1561 1643 1623 solus
1675 1563 1836 1625 Deus
1878 1563 1999 1626 fuit
2039 1564 2105 1625 in
2146 1583 2222 1626 eo
2261 1565 2474 1628 colen-

982 1655 1123 1716 duS.
1150 1656 1225 1717 Et
1254 1657 1335 1719 ob
1366 1666 1611 1721 tantum
1635 1663 2011 1742 praesagium
2046 1663 2238 1743 hujus
2271 1661 2470 1724 futuri

986 1753 1161 1832 boni,
1194 1759 1377 1838 quasi
1420 1759 1905 1840 proverbialiter
1942 1761 2292 1839 dicebatur,
2334 1762 2469 1825 Non

2585 777 2962 840 fortalitium
3006 798 3174 861 saepe
3214 778 3475 857 dictum,
3509 780 3676 860 quod
3721 779 4042 842 vocabatur

2583 895 2692 937 arx
2724 876 2892 952 Sion,
2914 877 2980 938 id
3011 887 3105 940 est
3130 877 3399 941 altitudo
3431 877 3890 961 speculationis,
3907 897 4040 959 quo-

2583 973 2754 1036 niam
2791 975 2980 1036 situm
3019 975 3138 1037 fuit
3170 976 3236 1037 in
3269 977 3409 1039 loco
3439 977 3568 1039 alto
3597 987 3943 1052 montuoso,
3973 995 4038 1038 ex

2581 1089 2711 1153 quo
2743 1073 3026 1153 undique
3056 1074 3244 1155 longe
3275 1094 3346 1138 ac
3380 1075 3504 1138 late
3535 1083 3776 1158 poterat
3794 1075 3934 1157 quis
3963 1074 4038 1136 ri-

2582 1170 2764 1244 dere3
2800 1175 2933 1234 hoec
2969 1183 3058 1233 est
3096 1176 3329 1234 eia-itas
3361 1177 3598 1236 David.
3633 1175 3781 1238 Tota
3817 1174 4038 1236 Jerusa-

2580 1267 2706 1330 lem
2740 1287 2815 1330 ex
2846 1269 2964 1332 hoc
2997 1279 3275 1352 tempore
3295 1271 3648 1355 coepitesse
3665 1281 3727 1335 et
3747 1273 4035 1336 nominari

2579 1366 2805 1430 civitas
2837 1368 3052 1445 David,
3072 1378 3263 1451 atque
3292 1370 3662 1453 metropolis
3693 1371 3862 1450 regni
3889 1371 4032 1451 ejus.

2579 1465 3024 1529 Verumtamen
3059 1467 3178 1530 ista
3207 1487 3352 1550 pars
3385 1468 3582 1544 urbis,
3619 1469 3684 1530 in
3721 1489 3842 1552 qua
3877 1479 4036 1550 parte

2585 1561 2706 1625 ruit
2741 1562 3140 1642 fortalitium,
3176 1566 3537 1649 specialiter
3572 1567 3742 1630 dicta
3775 1575 3864 1630 aet
3899 1567 4036 1629 civi-

2581 1671 2698 1740 taS,
2743 1663 2895 1744 quia
2933 1664 3296 1728 melioravit
3331 1683 3471 1727 eam
3516 1685 3630 1747 per
3667 1665 3945 1740 aedfficIa,
3981 1676 4034 1727 et

2583 1760 2646 1822 in
2680 1781 2755 1824 ea
2791 1764 3170 1825 commorari
3209 1764 3422 1844 elegit.
3455 1765 3914 1846 consequenter
3946 1783 4036 1827 cx-

986 1851 1251 1916 intrabit
1280 1875 1484 1919 caecus
1516 1865 1579 1920 et
1609 1858 1872 1921 claudus
1905 1860 1970 1921 in
2014 1861 2324 1942 templum
2355 1861 2472 1924 Do·
2508 1860 2553 1920 B
2582 1861 2900 1943 primitur,
2934 1862 3208 1943 qualiter
3247 1882 3458 1926 arcem
3496 1863 3791 1926 obtinuit.
3819 1869 4036 1942 Propo-

984 1951 1142 2014 mini
1171 1971 1183 2014 :
1209 1955 1391 2036 quasi
1424 1956 1758 2034 diceretur,
1779 1958 1937 2020 Vere
1968 1960 2473 2040 prognosticave-

985 2059 1134 2113 runt
1162 2053 1647 2136 Jebusaei,quod
1680 2057 1746 2118 in
1782 2057 2090 2139 templum
2122 2058 2371 2120 Domini
2406 2060 2469 2121 in

981 2148 1241 2213 civitate
1286 2152 1403 2216 hac
1446 2153 1918 2232 aedificandum,
1970 2175 2095 2220 non
2143 2157 2473 2220 intrabunt

983 2248 1133 2311 caeci
1178 2257 1242 2312 et
1285 2251 1516 2328 claudi,
1568 2253 1686 2316 hoc
1730 2262 1825 2316 est
1866 2253 1956 2315 dii
2002 2255 2312 2335 gentium,
2357 2257 2468 2339 qui

984 2347 1134 2408 caeci
1166 2356 1229 2410 et
1260 2348 1466 2411 claudi
1501 2351 1823 2414 dicuntur.

1061 2445 1193 2508 Haec
1216 2446 1413 2509 Rabbi
1436 2449 1677 2524 Paulus
1700 2451 1884 2532 cujus
1916 2451 2082 2514 dieta
2114 2470 2230 2533 pro
2262 2472 2472 2534 repro-

980 2543 1239 2608 batione
1283 2546 1623 2628 positionis
1664 2548 1861 2611 Rabbi
1907 2548 2286 2628 SalomoniS,
2323 2559 2471 2634 apta

982 2641 1315 2718 videntum
1372 2653 1581 2708 tamen
1632 2648 1799 2728 quod
1851 2649 1938 2710 ait
1992 2649 2188 2711 David
2242 2669 2471 2732 propo—

980 2740 1184 2804 suisse
1237 2745 1616 2821 mercedem,
1654 2755 1992 2828 postquam
2041 2747 2213 2830 cepit
2259 2769 2466 2812 arcem

980 2838 1154 2917 Sion,
1192 2842 1659 2925 expositoribus
1700 2863 1828 2908 non
1869 2848 2232 2910 concordat.
2266 2848 2467 2922 Quum

979 2939 1150 3000 enim
1202 2939 1578 3004 fortalitium
1626 2943 1785 3006 illud
1825 2944 2114 3008 obtinere
2152 2945 2469 3010 difficilli-

2578 1971 2798 2021 suerat
2839 1965 3015 2022 enim
3045 1965 3264 2023 David
3305 1965 3378 2023 in
3417 1965 3524 2023 die
3561 1966 3682 2024 illa
3719 1967 4033 2040 praemium

2579 2059 2638 2122 ei
2668 2062 2787 2138 qui
2806 2063 3215 2137 percussisset
3241 2064 3622 2131 Jebusoeum,
3654 2062 3770 2124 hoc
3797 2071 3908 2138 est,
3935 2063 4032 2144 qui

2580 2157 2788 2240 primo
2838 2159 3209 2221 ascenderet
3262 2179 3496 2237 arcem,
3550 2169 3614 2223 et
3658 2179 3731 2223 ea
3775 2161 4028 2235 obtenta,

2579 2256 2897 2320 occideret
2938 2257 3256 2321 Jebusaeos
3287 2267 3752 2322 commorantes
3793 2259 3855 2321 in
3893 2260 4028 2322 turri

2581 2355 2712 2430 illa,
2753 2365 2812 2415 et
2852 2358 3153 2433 tetiyisset
3191 2359 3525 2417 domatum
3561 2362 3832 2434 fistulas,
3863 2358 4032 2420 Doma

2580 2461 2840 2516 vocatur
2872 2462 3104 2516 tectum
3136 2456 3384 2517 domuS.
3420 2454 3657 2517 Fistula
3694 2465 3915 2530 autem,
3946 2475 4030 2518 ca-

2581 2552 2722 2615 nale
2752 2571 2867 2635 per
2895 2553 3065 2634 quod
3098 2552 3424 2616 stillicidia
3457 2552 3690 2631 fluunt,
3713 2574 3823 2617 scu
3847 2573 4032 2636 aqua>-

2577 2652 2826 2713 ductuS.
2851 2650 2962 2712 Vel
2996 2653 3090 2730 (ut
3119 2650 3318 2732 aliqui
3349 2651 3598 2732 dicunt)
3619 2652 3847 2716 fistulae
3873 2661 4030 2716 erant

2579 2749 2976 2812 subterranei
3007 2748 3290 2812 cuniculi
3322 2769 3434 2812 seu
3465 2758 3732 2829 meatus,
3753 2771 3866 2833 per
3891 2769 4030 2833 quos

2577 2846 3034 2910 ascendebatur
3065 2866 3267 2929 usque
3290 2847 3373 2909 ad
3403 2855 3660 2911 tectum.
3682 2849 3888 2931 ltaque
3915 2868 4031 2912 scn-

2577 2965 2685 3008 sus
2715 2953 2812 3008 est
2845 2963 2860 3008 t
2896 2945 2972 3006 Et
3003 2945 3314 3024 tetigisset
3344 2946 3667 3008 domatum
3696 2947 3954 3024 fistulas»,
3974 2946 4029 3008 id

980 3056 1157 3099 mum
1188 3037 1375 3116 foret,
1410 3048 1479 3102 ut
1518 3041 1757 3105 milites
1794 3043 2234 3107 animarentur
2263 3046 2342 3108 ad
2375 3046 2470 3108 in-
2504 3041 2546 3104 C
2577 3053 2694 3122 est,
2747 3045 2999 3107 canales
3061 3063 3370 3127 aquarum
3421 3053 3746 3124 vastasset,
3797 3046 3891 3110 vel
3933 3065 4030 3129 per

980 3136 1305 3201 vasionem
1337 3139 1535 3217 illius,
1561 3144 1891 3224 proposuit
1920 3144 2276 3225 praemium,
2296 3147 2468 3228 quod

978 3236 1091 3317 qui
1128 3236 1303 3300 ·illud
1348 3239 1555 3322 primo
1601 3243 1970 3304 ascenderet
2005 3262 2081 3305 ac
2124 3243 2464 3321 obtineret,

982 3334 1168 3399 fieret
1198 3337 1497 3419 princeps
1528 3340 1796 3403 militiae.
1832 3341 1991 3403 Hinc
2033 3342 2096 3403 in
2131 3341 2469 3406 Scholasti—

978 3452 1051 3495 ca
1093 3432 1295 3497 fertur
1333 3435 1599 3499 historia
1634 3454 1647 3499 :
1682 3438 2014 3520 Quumque
2057 3459 2266 3503 arcem
2307 3441 2468 3503 obti-

979 3551 1131 3595 nere
1181 3552 1307 3598 non
1354 3544 1588 3616 posset,
1640 3537 1972 3619 proposuit
2022 3537 2086 3599 in
2134 3540 2464 3620 praemium

977 3630 1222 3695 militiae
1254 3632 1703 3715 principatum.

1056 3730 1295 3812 Itaque,
1334 3732 1579 3794 Dictum
1618 3742 1714 3795 est
1752 3734 1830 3796 ad
1862 3734 2057 3797 David
2097 3735 2179 3797 ab
2218 3734 2333 3812 eiS,
2370 3744 2467 3797 ut-

976 3837 1125 3910 pote
1167 3829 1471 3893 Jebusaeis
1509 3849 1522 3892 :
1556 3831 1689 3894 Non
1736 3832 2111 3911 ingredieris
2156 3834 2304 3911 huc,
2341 3834 2465 3895 nisi

974 3928 1315 3989 abstuleris
1345 3946 1545 3991 caecos
1576 3937 1638 3991 et
1660 3929 1943 4007 claudOS,
1979 3931 2262 3993 dicentes
2291 3950 2304 3993 ε
2329 3932 2462 3995 Non

976 4026 1370 4107 ingredietur
1401 4027 1599 4090 David
1631 4028 1775 4091 huc.
1815 4029 1878 4090 Si
1910 4030 2082 4092 enim
2115 4049 2229 4113 per
2267 4049 2466 4093 caecos

973 4133 1038 4187 et
1083 4124 1341 4188 claudos
1387 4125 1833 4207 intelliguntur
1874 4127 2166 4191 homines
2211 4130 2360 4192 caeci
2404 4138 2467 4192 et

2576 3152 2822 3207 meatus
2853 3143 2998 3206 illos
3029 3144 3418 3207 ascendisset
3449 3164 3652 3227 usque
3681 3146 3758 3208 ad
3787 3162 4026 3207 murum.

2579 3243 2654 3304 Et
2685 3261 2797 3325 per
2829 3242 2973 3306 illos
3001 3250 3247 3305 meatus
3287 3242 3522 3333 dicitur
3556 3243 3711 3309 Joab
3745 3244 4028 3306 ascendis—

2577 3362 2667 3419 se,
2717 3342 2852 3404 sive
2907 3360 3019 3424 per
3070 3342 3537 3422 aquaeductum.
3580 3345 3666 3404 Ec
3703 3344 4028 3403 abstulisset

2575 3462 2763 3502 coecos
2792 3451 2852 3501 et
2880 3442 3167 3511 claudo&
3201 3440 3264 3502 id
3295 3448 3393 3503 est
3423 3440 3714 3504 homines
3745 3440 3903 3515 illos,
3934 3458 4026 3501 scu

2574 3538 2900 3618 imagines
2924 3539 3060 3601 sive
3092 3538 3444 3615 simulacra,
3463 3542 3742 3601 odientes
3765 3543 4028 3601 animam

2577 3638 2818 3709 David,
2864 3655 3032 3713 vere,
3079 3636 3451 3713 formaliter,
3495 3645 3604 3699 aut
3653 3643 4028 3719 repraesenta-

2579 3735 2726 3811 tive‚
2765 3736 2930 3797 sicut
2969 3736 3327 3817 expositum
3369 3743 3488 3797 est.
3524 3739 3776 3797 Idcirco
3810 3738 4030 3797 dicitnr

2575 3836 2645 3894 in
2688 3836 3027 3911 proverbio
3059 3855 3082 3893 .·
3118 3837 3328 3894 Foeeus
3369 3844 3428 3893 et
3471 3838 3742 3895 claudus
3785 3856 3903 3895 non
3948 3836 4029 3891 in-

2578 3936 2840 3993 trabunt
2890 3935 2962 3993 in
3016 3935 3350 4009 templum.
3405 3932 3494 3996 Ad
3551 3920 3821 3997 litteram
3869 3931 4030 4015 quip-

2576 4051 2655 4113 pe
2699 4030 3026 4113 prohibuit
3069 4031 3372 4093 Dominus
3418 4031 3485 4094 in
3531 4032 3830 4109 Levitico,
3875 4040 4028 4094 natos

2575 4152 2650 4194 ex
2683 4130 2927 4193 semine
2956 4130 3162 4191 Aaron
3196 4147 3394 4191 caecos
3426 4138 3490 4192 et
3519 4130 3776 4194 claudos
3811 4125 4026 4211 ingredi
4049 4137 4220 4187 Lemur-

974 4222 1208 4298 claudi,
1257 4223 1357 4286 vel
1411 4223 1668 4306 ipsimet
1712 4225 2003 4302 Jebusaei,
2051 4235 2294 4289 certum
2344 4235 2460 4304 est,
2495 4230 2545 4291 D
2577 4228 2906 4310 templum,
2949 4228 3028 4290 ad
3068 4228 3488 4290 exercendum
3537 4228 3914 4291 sacerdotale
3950 4225 4030 4289 of-

974 4321 1146 4401 quod
1179 4321 1273 4384 illi
1305 4331 1599 4403 poterant
1630 4324 1887 4406 proprie
1925 4324 2118 4387 verba
2156 4324 2279 4387 ista
2322 4344 2465 4408 pro-

976 4417 1167 4481 ferre.
1204 4418 1269 4481 Si
1310 4439 1459 4483 vcro
1498 4440 1611 4503 per
1650 4441 1850 4486 caecos
1889 4431 1949 4485 et
1988 4423 2250 4486 claudos
2282 4423 2467 4486 intel-

974 4516 1263 4598 liguntur
1308 4517 1647 4583 simulacra
1697 4521 1984 4598 deorum,
2022 4521 2131 4583 illa
2170 4522 2464 4585 dixerunt

974 4616 1109 4679 haec
1142 4616 1335 4679 verba
1366 4617 1778 4682 materialiter
1810 4628 1917 4681 aut
1958 4620 2461 4703 interpretative,

974 4715 1071 4779 vel
1107 4715 1427 4778 daemones
1460 4716 1887 4798 loquebantur
1912 4737 2025 4800 per
2056 4718 2227 4783 idola
2258 4718 2383 4781 illa.
2403 4718 2466 4782 Si

972 4822 1183 4877 autem
1226 4831 1337 4896 per
1376 4832 1576 4878 caecos
1617 4824 1679 4877 et
1723 4816 1983 4879 claudos
2029 4817 2468 4897 intelligantur

972 4911 1255 4996 praefatae
1286 4912 1597 4994 imagines
1636 4915 1835 4995 (quod
1866 4916 2304 4997 apparentiam
2336 4934 2468 4979 mo-

2578 4327 2820 4401 l'icium,
2855 4334 3048 4406 atque
3080 4344 3156 4387 ex
3189 4325 3402 4389 verbis
3435 4334 3498 4388 et
3535 4326 3718 4389 factis
3755 4326 3854 4389 his
3891 4326 4031 4387 inter

2573 4425 2891 4488 Jebusaeos
2931 4432 2992 4486 et
3033 4424 3228 4487 David
3265 4424 3522 4501 habitis,
3565 4443 3869 4488 conversa
3909 4430 4034 4485 sunt

2578 4522 2770 4586 verba
2803 4522 2913 4584 illa
2941 4521 3204 4585 Levitici
3240 4521 3304 4583 in
3338 4522 3770 4605 proverbium,
3803 4529 4034 4606 propter

2578 4621 2920 4684 verborum
2979 4619 3466 4683 similitudinem
3524 4630 3636 4683 aut
3693 4621 4032 4685 coinciden-

2578 4720 2754 4795 tiam‚
2790 4717 2890 4782 vel
2924 4726 3183 4801 propter
3213 4718 3489 4781 rationes
3524 4718 3723 4782 Rabbi
3758 4718 3928 4782 Pauli
3957 4718 4036 4779 in-

2580 4820 2824 4881 ductaS.
2859 4816 2935 4878 Et
2973 4817 3138 4879 sicut
3175 4817 3464 4897 Magister
3504 4818 3566 4879 in
3607 4817 3892 4882 historiis
3925 4826 4036 4879 tan-

2577 4918 2691 4997 git,
2729 4916 2944 4979 forsan
2977 4904 3130 4978 dum
3160 4916 3466 4997 ianitores
3503 4917 3726 4999 templi
3765 4918 4034 4979 arcebant

973 5012 1180 5075 dicam
1243 5010 1480 5091 habet),
1533 5011 1873 5075 dicendum
1928 5015 2097 5095 quod
2159 5014 2468 5094 imagines
2580 5016 2944 5077 immundos
2981 5034 3018 5076 a
3058 5013 3279 5095 templi
3320 5014 3631 5094 ingressu,
3666 5014 4036 5095 aenigmatice

975 5110 1100 5173 illae
1141 5110 1438 5173 dixerunt
1486 5110 1620 5174 haec
1666 5111 2075 5174 materialiter
2118 5122 2228 5175 aut
2279 5113 2470 5175 inter·
2581 5112 3008 5194 loquebantur
3047 5130 3060 5173 :
3109 5112 3268 5175 Caeci
3321 5120 3383 5174 et
3431 5112 3640 5175 claudi
3691 5132 3816 5175 non
3871 5112 4037 5175 intra-

974 5208 1300 5291 pretative‚
1326 5209 1863 5290 quemadmodum
1888 5210 2237 5273 inanimata
2255 5211 2472 5274 dicun·
2581 5211 2761 5286 bunt,
2783 5219 2930 5286 etc„
2957 5218 3266 5292 ponentes
3297 5209 3642 5273 caecitatem
3670 5219 3733 5273 et
3757 5210 4039 5273 claudica-

976 5316 1077 5370 tur
1108 5308 1305 5370 Dcum
1336 5307 1716 5371 benedicere
1748 5316 1811 5371 et
1843 5309 2121 5372 laudare.
2585 5309 2822 5371 tionem
2848 5327 2965 5390 pro
2991 5307 3398 5370 immunditia
3422 5326 3825 5390 quacumque
3851 5305 4033 5389 legali,
