4359 6250
623 2676 752 2721 Dent.
765 2688 836 2727 xx.

571 2742 654 2781 5-7.

864 504 982 567 152

1635 520 1982 567 RNARRATIO
2025 520 2086 565 ΙΝ
2129 519 2265 565 CAP-
2314 518 2398 564 vu
2437 518 2712 565 suulcmt.
2757 537 2835 547 -
2879 516 3021 563 ΛΒΤ.
3066 516 3179 564 1111

865 691 1144 755 mantius
1193 691 1533 771 Origenes:
1567 690 2060 766 FormidolosuS,
2111 688 2345 771 inquit,
2380 687 2431 749 A
2466 691 2687 749 Omnis
2718 699 2935 749 autem
2966 689 3219 767 reliqua
3260 688 3607 749 multitudo
3634 687 3805 761 flea-o
3836 702 3947 759 po-

863 798 978 867 est,
1015 790 1127 872 qui
1160 790 1341 871 quasi
1373 789 1775 853 adolescente
1803 789 1982 865 vitio,
2008 797 2349 869 antequam

863 888 1077 952 videat
1129 889 1316 965 mala,
1366 888 1500 951 sola
1549 886 1932 968 cogitatione
1983 886 2345 971 [terretur],

864 1006 978 1069 per
1009 986 1218 1068 gelida
1249 987 1536 1049 membra
1567 987 1832 1050 volvens
1873 1006 1945 1049 ac
1986 994 2351 1049 monstrans

865 1085 1298 1161 formidinem,
1335 1094 1406 1147 ut
1435 1104 1562 1148 non
1596 1093 1723 1147 tam
1755 1092 2122 1167 conspectu,
2156 1104 2351 1165 quam

862 1184 1086 1246 auditu
1115 1192 1178 1246 et
1201 1183 1672 1265 exspectatione
1694 1183 2122 1266 periculorum
2155 1183 2354 1247 solva·

865 1290 989 1343 tur.
1023 1282 1215 1346 Porro
1263 1282 1523 1344 timidus
1573 1291 1691 1359 est,
1725 1282 1837 1363 qui
1888 1282 2097 1365 primo
2135 1283 2355 1364 adspe-

864 1388 972 1443 ctu
1019 1380 1098 1443 ad
1147 1398 1558 1461 congressum
1611 1381 1905 1463 trepidat,
1959 1399 2086 1443 non
2139 1388 2353 1443 tamen

864 1486 998 1542 'toto
1028 1479 1217 1542 corde
1250 1487 1541 1555 terretur,
1568 1480 1678 1542 sed
1713 1479 1991 1560 reparari
2024 1488 2088 1542 et
2115 1479 2356 1542 anima-

865 1577 918 1637 ri
951 1578 1159 1639 denuo
1190 1584 1418 1659 potest.
1454 1577 1759 1659 Denique,
1796 1577 1961 1641 sicut
1993 1578 2357 1659 pugnatori-

866 1675 986 1737 bus
1026 1675 1323 1738 vitandus
1355 1683 1450 1737 est
1491 1676 1702 1751 timor;
1739 1676 1825 1737 ita
1865 1676 2168 1738 audacia:
2202 1676 2355 1757 quia

866 1772 1030 1835 inter
1054 1773 1166 1835 illa
1190 1774 1316 1837 duo
1341 1772 1571 1837 vitiosa
1599 1783 1892 1849 extrema,
1912 1773 2150 1837 mediat
2180 1774 2355 1837 forti-

2454 788 2725 866 plite,id
2748 794 2844 849 est
2870 806 3060 868 genu,
3078 788 3342 847 biberat.
3358 786 3499 847 Fuit
3528 792 3739 847 autem
3771 790 3948 865 pota-

2464 887 2552 950 tio
2586 887 2705 949 ista
2737 886 2803 949 in
2836 885 3189 948 meridiano
3211 885 3440 961 calore,
3459 883 3715 965 quando
3742 881 3949 962 major

2464 994 2559 1048 est
2592 993 2781 1049 aestus
2822 993 2886 1047 et
2928 985 3195 1061 sitiS,.ut
3236 984 3301 1047 in
3335 980 3723 1046 Scholastica
3763 979 3951 1042 habe-

2462 1092 2566 1145 tur
2596 1083 2882 1147 historia.

2542 1186 2629 1244 Et
2658 1186 2755 1243 ait
2777 1184 3095 1244 Dominus
3122 1185 3210 1243 ad
3233 1185 3481 1243 Gedeon
3498 1202 3521 1241 .·
3542 1183 3625 1241 In
3657 1180 3949 1240 trecentis

2465 1285 2653 1351 viris,
2672 1281 2735 1343 id
2766 1290 2866 1344 est
2893 1300 3007 1362 per
3032 1282 3109 1343 ad
3112 1280 3421 1362 Jutorium
3450 1278 3677 1341 horum
3708 1286 3949 1340 trecen-

2463 1389 2671 1444 torum
2722 1380 3029 1456 virorum,
3082 1382 3199 1459 qui
3248 1380 3659 1439 lambuerunt
3718 1398 3944 1457 aqua-5,

2466 1481 2743 1539 liberabo
2778 1500 2907 1549 v08,
2936 1489 2996 1539 et
3030 1482 3287 1540 tradam
3318 1480 3391 1537 in.
3422 1497 3625 1537 manu
3658 1486 3775 1537 tua
3802 1478 3950 1537 Ma-

2461 1580 2646 1639 dian.
2685 1580 2907 1641 Omnis
2938 1588 3153 1638 autem
3183 1578 3435 1656 reliqua
3476 1576 3827 1635 multitudo
3854 1594 3950 1633 re-

2464 1684 2754 1736 vertatur
2804 1679 2892 1735 ad
2940 1680 3148 1735 locum
3196 1696 3409 1735 suum.
3452 1671 3787 1749 Quaeritur,
3834 1690 3950 1733 cur

2469 1773 2769 1837 Dominus
2801 1774 2945 1836 illos
2965 1772 3157 1853 elegit
3179 1772 3259 1834 ad
3283 1771 3589 1853 praelium,
3606 1770 3717 1852 qui
3748 1770 3951 1831 instar

866 1872 1018 1934 tudo
1045 1897 1060 1947 3
1093 1871 1294 1953 magis
1328 1880 1538 1935 tamen
1570 1872 1867 1936 vitandus
1897 1882 1994 1935 est
2029 1873 2212 1936 timor
2244 1873 2355 1935 im·
2392 1872 2437 1933 B
2464 1892 2694 1935 canum
2718 1891 2949 1954 aquam
2982 1878 3388 1953 sumpserunt
3408 1888 3575 1950 genu
3606 1886 3731 1931 non
3756 1868 3946 1931 flexo.

867 1969 1717 2033 moderatus.Verumtamen
1761 1972 2120 2035 moderatus
2164 1972 2354 2035 timor

865 2068 1044 2131 utilis
1095 2077 1192 2131 est
1237 2068 1303 2131 in
1349 2067 1558 2145 bellis,
1602 2069 1904 2151 quoniam
1951 2070 2350 2150 diligentiam

866 2167 1056 2248 parit,
1107 2174 1171 2229 et
1219 2175 1399 2230 cavet
1460 2167 1763 2250 pericula,
1821 2188 1936 2231 nec
1988 2169 2350 2233 fortitudini

866 2261 1312 2326 contrariatur.

933 2361 1473 2436 Quemadmodum
1505 2370 1712 2425 autem
1735 2362 1988 2427 Gedeon
2019 2364 2213 2446 jussit
2234 2363 2356 2428 for-

866 2459 1212 2524 midolosos
1258 2460 1507 2537 reverti,
1558 2460 1646 2524 ita
1687 2470 1752 2524 et
1792 2462 1952 2525 alios
1996 2464 2076 2525 de
2117 2462 2355 2545 quibus

867 2557 933 2619 in
986 2558 1477 2622 Deuteronomio
1526 2559 1689 2621 Deus
1739 2569 2125 2642 praeceperat
2169 2578 2182 2622 ε
2237 2560 2354 2635 Qui

866 2656 1215 2721 aedisicavit
1243 2657 1600 2739 (iuquiens)
1620 2658 1902 2733 domum,
1924 2666 1987 2720 et
2019 2677 2146 2721 non
2179 2660 2356 2723 dedi-

865 2753 1036 2818 cavit
1065 2774 1227 2832 eam,
1263 2763 1656 2831 revertatur3
1693 2756 1990 2819 similiter
2023 2757 2132 2839 qui
2175 2758 2355 2839 plan-

865 2852 1024 2915 tavit
1067 2852 1343 2928 vineam,
1379 2862 1442 2915 et
1486 2855 1768 2917 nondum
1813 2854 1967 2917 fecit
2005 2874 2146 2918 eam
2184 2875 2356 2920 com-

863 2968 1145 3027 munem,
1165 2949 1360 3031 etqui
1385 2951 1796 3032 desponsavit
1827 2971 2110 3030 uxorem,
2129 2962 2193 3015 et
2224 2974 2352 3018 non

2464 1972 2924 2053 Respondetur,
2968 1971 3139 2052 quod
3190 1969 3287 2032 illi
3335 1978 3515 2033 erant
3562 1967 3766 2047 magis
3814 1986 3950 2029 ma-

2462 2070 2795 2149 gnanimes
2826 2088 2899 2132 ac
2930 2068 3247 2145 fortiores»,
3280 2078 3351 2131 ut
3380 2067 3691 2149 Iosephus
3723 2066 3947 2149 tangit.

2462 2168 2640 2243 Quod
2670 2168 2841 2231 enim
2876 2169 3217 2233 noluerunt
3248 2186 3455 2249 genua
3484 2168 3563 2229 ad
3599 2166 3949 2248 potandum

2462 2287 2749 2345 curvare,
2802 2268 2913 2331 sed
2974 2268 3201 2330 stando
3251 2265 3554 2348 potabant
3612 2283 3837 2346 parum
3886 2273 3953 2326 et

2465 2366 2863 2441 festinanter,
2908 2373 3209 2446 tanquam
3260 2364 3470 2424 minus
3521 2360 3795 2443 fatigati,
3834 2361 3952 2423 mi—

2467 2483 2715 2545 nusque
2756 2463 3067 2539 sitienteS,
3102 2470 3164 2524 et
3203 2470 3504 2543 tanquam
3548 2460 3829 2543 prompti
3868 2461 3950 2522 ad

2466 2563 2959 2645 procedendum,
2998 2558 3541 2641 magnanimitatis
3585 2578 3657 2621 ac
3700 2557 3953 2622 fortitu-

2465 2659 2634 2722 dinis
2668 2659 2790 2722 suit
2822 2659 3100 2741 signum.
3124 2658 3345 2721 Bibere
3365 2677 3517 2721 vero
3536 2658 3808 2739 genibus
3838 2656 3951 2720 fle-

2464 2758 2581 2834 xiS‚
2637 2766 2771 2821 erat
2818 2758 3070 2838 signum
3120 2756 3382 2839 majoris
3438 2755 3829 2837 fatigationis
3874 2776 3951 2819 ac

2464 2857 2626 2919 sitis.
2662 2857 2901 2919 Rursus
2933 2856 3258 2937 quaeritur,
3292 2874 3407 2918 cur
3436 2855 3741 2918 Dominus
3776 2856 3953 2919 simi-

2465 2954 2801 3018 litudinem
2848 2974 3077 3018 canum
3124 2955 3397 3017 induxit.
3432 2954 3523 3016 Ad
3568 2953 3687 3017 hoc
3730 2953 3953 3019 Glossa

863 3048 1108 3131 accepit
1147 3067 1310 3111 eam.
1351 3052 1434 3110 Ει
1469 3060 1721 3110 tantum
1751 3054 1962 3111 decem
2003 3054 2222 3114 millia
2263 3075 2353 3114 re·
2381 3054 2425 3119 C
2463 3074 2539 3117 ex
2567 3054 2923 3136 Augustino
2958 3054 3317 3136 respondet,
3352 3053 3503 3136 quia
3550 3072 3679 3136 prae
3722 3055 3952 3118 ceteris

863 3159 1263 3209 manserunt.
1283 3149 1448 3210 Dioei
1452 3159 1596 3229 tque
1612 3153 1930 3212 Dominus
1949 3155 2038 3212 ad
2063 3155 2312 3214 Gedeon
2329 3175 2351 3214 .·

861 3249 1097 3308 Adhuc
1147 3251 1429 3325 populus
1483 3252 1728 3308 multus
1777 3255 1986 3311 tecum
2035 3260 2146 3321 est,
2199 3251 2353 3332 quia

861 3345 1068 3406 adhuc
1090 3346 1309 3408 decem
1341 3346 1544 3408 millia
1567 3365 1781 3409 secum
1807 3354 2353 3411 manserunt.Due

861 3463 962 3503 eos
991 3447 1078 3504 ad
1107 3465 1334 3522 aquas,
1370 3444 1532 3507 l'orte
1578 3446 1655 3507 ad
1701 3444 1946 3509 fontem
1989 3447 2348 3528 praefatum,

861 3551 921 3602 et
965 3543 1060 3600 ibi
1088 3543 1366 3618 probabo
1409 3563 1510 3603 eos
1539 3564 1563 3602 .·
1591 3553 1652 3604 et
1690 3547 1768 3603 de
1808 3565 1932 3622 quo
1971 3548 2199 3606 dimero
2234 3548 2353 3606 tibi

865 3649 937 3700 ut
971 3649 1174 3701 tecum
1198 3645 1421 3711 vadat,
1439 3643 1573 3718 ipse
1586 3652 1816 3720 peryat
1831 3667 1856 3715 ;
1877 3664 2061 3722 quem
2094 3646 2191 3703 ire
2209 3665 2355 3723 pro·-

863 3739 1149 3809 kibuero,
1188 3748 1576 3809 revertatur,
1610 3738 1671 3800 id
1716 3747 1833 3816 est,
1869 3759 1983 3822 per
2024 3742 2354 3823 corporale

865 3835 1176 3898 indicium
1223 3835 1340 3898 tibi
1380 3837 1770 3914 monstrab0‚
1804 3838 1916 3920 qui
1949 3840 2029 3901 ad
2061 3841 2354 3922 praelium

863 3943 1150 4016 pergent.
1169 3939 1504 4014 Quumque
1523 3939 1942 3998 descendisset
1963 3943 2248 4016 populus
2268 3943 2355 4000 ad

861 4053 1087 4112 aqua-3,
1109 4035 1288 4094 dimit
1310 4036 1626 4094 Dominus
1647 4038 1734 4094 ad
1759 4039 2006 4096 Gecleon
2025 4040 2193 4106 :Qui
2224 4059 2355 4099 ma-

861 4151 955 4190 nu
983 4140 1043 4190 et
1074 4133 1308 4208 linqua
1338 4133 1729 4192 lambuerint
1759 4154 1986 4212 aquas,
2019 4133 2085 4196 id
2116 4144 2232 4212 est,
2261 4154 2354 4199 so-

2461 3153 2848 3216 animalibus
2898 3173 3089 3217 canes
3140 3154 3440 3215 dicuutur
3490 3153 3622 3215 suis
3672 3154 3952 3217 dominis

2461 3269 2743 3314 amorem
2776 3260 2839 3314 et
2871 3251 3249 3314 fidelitatem
3296 3270 3569 3315 servare.
3606 3252 3765 3314 Sunt
3793 3271 3953 3334 quo-

2462 3369 2587 3432 que
2616 3369 2957 3433 pugnaceS,
2992 3351 3283 3426 audaceS,
3322 3350 3624 3413 intimidi.

2542 3451 2837 3526 Sumptis
2876 3452 3097 3528 itaque
3128 3469 3252 3526 pro
3292 3469 3559 3510 numero
3598 3452 3863 3511 cibariis
3888 3462 3953 3511 et

2465 3549 2655 3619 tubis,
2686 3547 2749 3608 id
2780 3555 2895 3622 est,
2932 3555 3173 3608 tantum
3208 3546 3287 3610 dc
3314 3546 3460 3609 cibo
3487 3567 3561 3609 ac
3592 3547 3763 3610 tubis
3790 3547 3953 3610 acci-

2466 3644 2669 3726 pienS,
2689 3646 2858 3726 quod
2892 3644 3191 3707 trecentis
3222 3645 3378 3709 viris
3410 3644 3799 3723 sufficiebat,
3823 3667 3951 3707 om-

2462 3765 2605 3804 nem
2643 3747 2965 3822 reliquam
3002 3746 3489 3806 multitudinem
3522 3745 3699 3805 abire
3720 3765 3951 3822 proece-

2454 3843 2558 3918 pit
2578 3845 2667 3902 ad
2690 3845 3102 3903 tabernacula
3122 3853 3322 3911 sua,et
3344 3845 3478 3922 ipse
3496 3863 3635 3904 cum
3658 3847 3951 3904 trecentis

2464 3941 2627 4000 viris
2656 3961 2719 4000 se
2746 3943 3092 4000 certamini
3116 3944 3319 4012 dedit,
3338 3941 3402 4004 id
3424 3949 3539 4018 est,
3560 3942 3637 4004 ad
3672 3959 3953 4023 pugnan-

2462 4038 2612 4098 dum
2676 4036 3008 4119 processit,
3060 4038 3365 4101 obediens
3412 4039 3539 4102 Deo
3590 4039 3655 4100 in
3704 4058 3775 4100 re
3824 4047 3949 4102 tam

2464 4134 2673 4198 invisa
2703 4145 2767 4199 et
2800 4135 3148 4218 inopinata.
3180 4140 3402 4199 Castra
3428 4149 3645 4200 autem
3674 4142 3953 4201 bladian

864 4227 925 4290 lo
975 4229 1164 4293 dorso
1214 4236 1475 4292 curvato
1526 4249 1671 4291 cum
1723 4250 1915 4293 manu
1968 4233 2354 4314 projecerint
2384 4236 2433 4297 D
2462 4246 2648 4296 erant
2689 4237 2907 4296 subter
2933 4238 3005 4294 in
3050 4239 3236 4297 valle.
3274 4239 3520 4298 Eadem
3562 4247 3741 4298 noete
3776 4241 3956 4300 dizit

861 4344 1092 4406 aquam
1144 4325 1207 4387 in
1261 4344 1353 4402 OS,
1388 4328 1555 4387 sicut
1593 4332 1795 4389 solent
1833 4350 2018 4390 canes
2055 4334 2350 4404 lambere,

864 4443 993 4487 non
1016 4426 1187 4505 quod
1220 4443 1408 4488 canes
1433 4425 1716 4488 lambant
1737 4447 1927 4490 manu
1950 4448 2078 4510 qua
2107 4441 2350 4509 carent,

863 4523 973 4585 sed
1016 4523 1188 4604 quod
1239 4541 1429 4585 canes
1478 4543 1704 4604 aquam
1755 4525 1973 4606 lingua
2018 4528 2351 4610 arripiant,

862 4620 1028 4684 sicut
1059 4619 1154 4682 illi
1187 4640 1324 4684 eam
1366 4621 1659 4684 manibus
1701 4623 2055 4706 rapiebant,
2092 4636 2156 4689 et
2202 4628 2351 4690 item

863 4719 1166 4802 quoniam
1219 4739 1408 4783 canes
1458 4720 1687 4783 bibunt
1735 4742 1905 4804 genu
1957 4743 2084 4788 non
2138 4725 2349 4803 flex03

861 4822 1189 4898 separabis
1212 4841 1312 4880 eos
1330 4841 1634 4893 seorsum,
1661 4821 1749 4884 ita
1779 4823 1952 4903 quod
1985 4825 2244 4887 stabunt
2275 4826 2353 4889 si·-

863 4918 996 4979 mul
1033 4917 1307 5000 separati
1345 4917 1426 4980 ab
1456 4918 1622 4981 aliis.
1661 4923 1789 4989 Qui
1818 4932 2033 4982 autem
2065 4927 2353 4985 curvatis

634 5035 654 5056 ⁶
679 5040 810 5080 erunt
857 5019 1130 5094 ¹qenibus
1153 5018 1453 5087 biberint,
1473 5019 1732 5078 stabunt
1755 5019 1777 5044 *
1810 5021 1882 5079 in
1905 5023 2112 5082 altera
2131 5033 2345 5100 parte.

864 5116 1023 5177 Fuit
1053 5117 1272 5195 itaque
1301 5136 1612 5176 numerus
1649 5136 1870 5178 eorum
1898 5120 2015 5196 qui
2044 5141 2243 5182 manu
2265 5126 2352 5182 act

861 5234 926 5274 os
966 5215 1352 5292 projiciente
1391 5235 1595 5292 aquas
1643 5217 2068 5289 lambuerant,
2118 5216 2182 5280 id
2233 5229 2346 5297 est,

863 5329 1051 5394 parce
1081 5319 1145 5374 et
1171 5311 1408 5376 cursim
1445 5321 1867 5395 sumpserant,
1897 5319 2161 5378 trecenti
2192 5321 2343 5382 viri.

2468 4336 2781 4394 Dominus
2825 4338 2913 4394 ad
2952 4355 3096 4395 eum
3122 4353 3145 4395 .·
3179 4338 3411 4412 Sume,
3440 4346 3499 4396 et
3540 4339 3843 4397 descende
3882 4340 3957 4399 in

2462 4443 2698 4502 castra,
2741 4433 2805 4494 id
2855 4440 2947 4495 est
2998 4433 3075 4494 ad
3130 4433 3401 4496 tentoria
3446 4433 3951 4514 madianitarum,

2462 4531 2623 4608 quia
2655 4533 2907 4590 tradidi
2934 4551 3033 4590 eos
3063 4533 3131 4590 in
3169 4553 3369 4592 manu
3403 4542 3536 4593 tua.
3572 4535 3699 4594 Sin
3738 4544 3957 4594 alitem

2459 4632 2633 4688 solus
2674 4630 2769 4688 ire
2810 4632 3151 4707 formida-3.
3188 4629 3545 4692 Secundum
3588 4630 3953 4710 Magistrum

2465 4727 2530 4789 in
2562 4727 2870 4804 hist·.oriiS‚
2906 4747 3015 4792 cor
3045 4729 3357 4793 Gedeonis
3392 4729 3513 4791 fuit
3542 4730 3949 4808 dissolutum,

2465 4825 2605 4889 ideo
2652 4827 2957 4890 Dominus
3006 4846 3223 4890 rursus
3274 4848 3419 4890 eum
3463 4827 3781 4892 confortat
3822 4830 3955 4892 alio

2460 4924 2671 5000 modo,
2693 4923 2803 5004 qui
2834 4923 3147 4986 subditur.
3168 4928 3519 4987 Descendat
3548 4935 3753 4987 tecum
3782 4929 3955 4989 Pha-

2461 5045 2538 5082 ra
2551 5042 2743 5101 puer,
2765 5022 2826 5084 id
2862 5031 2958 5086 est
2988 5023 3280 5086 minister
3314 5035 3483 5086 tuus,
3506 5023 3759 5088 Gedeon
3792 5025 3955 5087 mul-

2462 5129 2558 5183 tos
2608 5118 2879 5182 habebat
2930 5121 3301 5195 ministros3
3349 5123 3519 5184 unde
3564 5123 3949 5204 praecedenti

2460 5219 2728 5282 habetur
2777 5219 3079 5300 capitulo,
3114 5221 3285 5301 quod
3333 5220 3679 5303 assumpsit
3729 5221 3947 5284 decem
4018 5245 4257 5290 naemu,

2459 5318 2631 5382 viros
2661 5318 2740 5382 de
2772 5317 2972 5382 servis
3006 5318 3159 5381 suis.
3195 5319 3339 5384 Ideo
3379 5320 3576 5384 Phara
3614 5318 3736 5383 iste
3778 5321 3953 5384 vide-
3982 5309 4059 5352 ²⁷·
