4359 6250
648 2975 705 3068 ¹2¹
718 2976 818 3030 aeq.
831 2987 901 3024 ιι,

634 3042 703 3080 13...

672 3368 791 3411 lbid.
816 3372 882 3413 34.

663 5032 889 5083 Ιωακεκ.

626 5095 844 5139 8;ιι.ιῦετ

929 501 1046 564 726

1452 519 1798 565 ENARRATIO
1841 519 1901 564 ΙΝ
1945 519 2080 564 CAP.
2129 518 2261 564 1111
2302 518 2458 562 unm
2500 518 2699 563 'raum
2740 518 2963 564 REGUH.
3010 537 3090 546 --
3130 516 3271 563 ART.
3320 517 3491 563 xxxn

929 691 1331 752 consentiant
1361 689 1606 776 ipsis-in
1633 689 1820 751 rebus
1843 689 2110 752 illicitis,
2136 691 2412 770 Insuper,
2447 685 2497 747 A
2530 697 2589 750 te
2619 689 2791 768 regio
2822 689 2986 750 fastu
3033 697 3096 751 et
3136 697 3439 751 consueta
3482 687 3773 762 mollitie,
3806 687 4008 750 decla-

929 788 1205 869 qualiter
1237 789 1356 850 viri
1402 807 1570 870 saepe
1597 789 1678 849 ad
1717 805 1943 867 magna
1974 797 2036 850 et
2066 787 2283 867 gravia
2314 806 2418 849 ex·

929 888 1208 950 citantur
1251 895 1508 968 peccata
1537 906 1574 948 a
1613 887 1744 948 suis
1777 886 2121 962 uxoribus3
2155 894 2219 948 et
2260 905 2419 966 quo-

929 987 1119 1049 modo
1175 986 1423 1067 judices
1485 984 1817 1046 inferiores
1877 984 2201 1047 multoties
2258 982 2418 1045 falsa

932 1083 1260 1165 proferant
1286 1083 1528 1164 judicia
1558 1085 1634 1144 ad
1667 1083 2191 1164 complacendum
2224 1083 2418 1162 majo-

932 1181 1108 1243 ribus
1153 1183 1306 1257 suiS‚
1353 1191 1416 1243 et
1459 1183 1536 1243 ad
1585 1181 2055 1260 instigationem
2107 1182 2412 1262 ipsorum,

931 1281 1030 1343 vel
1064 1300 1140 1342 ex
1171 1280 1532 1342 inordinato
1553 1298 1772 1341 eorum
1797 1279 2043 1340 timore.
2069 1280 2411 1355 Postrem0‚

929 1396 1006 1440 ex
1037 1379 1156 1441 hoc
1175 1378 1347 1460 quod
1377 1379 1902 1441 sceleratissimus
1925 1376 2138 1439 Achab
2159 1397 2235 1440 ex
2256 1397 2419 1440 com·

930 1476 1388 1539 minationibus
1422 1475 1866 1558 temporalium
1889 1485 2417 1539 nocumentorum

931 1582 994 1636 et
1035 1593 1110 1636 ex
1151 1574 1378 1636 timore
1411 1592 1631 1636 eorum
1683 1581 1917 1634 tantam
1973 1573 2415 1654 poenitentiam

931 1672 1080 1750 egit,
1130 1681 1336 1734 vestes
1380 1691 1524 1732 suas
1569 1671 1939 1746 scindendO,
1982 1671 2269 1734 cilicium
2323 1672 2418 1733 in-

928 1769 1204 1844 duend0‚
1234 1770 1583 1850 Jejunando
1615 1779 1676 1832 et
1706 1769 2078 1831 dormiendo
2110 1770 2174 1831 in
2209 1789 2412 1847 sacco,

929 1867 1362 1952 inclinatoque
1383 1869 1591 1950 eapite
1613 1869 1984 1941 incedendO,
2014 1887 2140 1930 non
2163 1869 2417 1931 obstan·

2529 795 2723 863 ratur,
2780 795 3016 867 quanta
3072 787 3157 848 sit
3207 786 3571 867 iniquorum
3630 785 4006 867 perversitas

2526 883 3051 960 Christianorum,
3086 885 3195 966 qui
3244 904 3359 946 nec
3392 904 3467 946 ex
3506 883 4007 946 comminationi-

2529 984 2647 1045 bus
2678 982 3145 1064 Scripturarum
3190 991 3549 1044 sanctarum
3592 991 3827 1044 aeterna
3866 1001 4007 1063 sup·

2528 1081 2723 1162 plicia
2760 1080 3314 1159 comminantium,
3350 1099 3465 1143 nec
3510 1099 3585 1143 ex
3634 1079 4007 1142 sermocina-

2530 1179 2811 1241 tionibus
2844 1180 3217 1241 devotorum
3264 1198 3454 1260 super
3485 1179 3603 1242 hoc
3644 1178 4008 1240 terribiliter

2528 1277 3040 1353 exclamantium,
3076 1296 3193 1340 nec
3224 1298 3300 1340 ex
3330 1287 3569 1339 terrore
3610 1285 3740 1339 tam
3770 1277 4003 1339 incom-

2529 1376 2911 1457 parabilium
2948 1383 3425 1452 tormentorum,
3464 1394 3669 1457 neque
3700 1395 3777 1439 ex
3806 1376 4005 1438 consi-

2527 1474 2853 1538 deratione
2882 1475 3284 1556 sempiternae
3334 1474 3759 1536 damnationis
3788 1493 3997 1538 eorum

2526 1574 2638 1654 qui
2669 1575 2800 1654 jam
2846 1573 3192 1653 perierunt,
3230 1573 3569 1634 humiliant
3608 1573 3993 1654 semetipsos,

2530 1673 2627 1735 vel
2659 1672 3102 1753 poenitentiam
3146 1679 3362 1750 agunt,
3396 1679 3505 1733 aut
3544 1681 3841 1734 moestum
3872 1672 3997 1734 vul·

2528 1779 2661 1832 tum
2692 1771 3058 1845 ostendunt,
3092 1771 3202 1832 sed
3247 1769 3489 1850 absque
3522 1770 3747 1833 timore
3786 1789 3994 1852 perpe-
4039 1793 4223 1834 Eccum

2530 1878 2697 1933 trant
2727 1867 2912 1944 mala,
2949 1869 3077 1930 imo
3105 1868 3457 1950 gloriantur
3488 1869 3553 1930 in
3585 1868 3736 1931 illis.

1939 2248 2586 2336 ARTICULUS
2673 2249 3014 2332 XXXII

1013 2501 1323 2550 Exposlrto
1367 2499 1640 2548 CAPtTULl
1685 2498 1944 2544 vlcsssnu
1988 2497 2239 2545 SECUNDI
2286 2497 2299 2540 Σ
2346 2495 2768 2542 ἸἮΑΝΒΙΕΒΌΝΤ
2812 2498 3012 2544 lGl'I'UR
3055 2499 3203 2544 'PRES
3248 2499 3396 2544 ANNI
3442 2499 3673 2552 ABSQUE
3719 2499 3917 2544 nette.

1005 2759 1052 2820 N
1092 2759 1215 2821 isto
1245 2757 1526 2839 capitulo
1572 2757 1893 2832 recitatur,
1929 2753 2205 2836 qualiter
2235 2751 2415 2833 puni·
2452 2751 2497 2811 B
2523 2754 2679 2810 laad
2700 2754 2728 2811 ,Ρ
2751 2755 3063 2830 Dia-itque
3082 2756 3387 2830 Josapkat
3417 2757 3505 2813 ad
3533 2771 3741 2828 reqem
3760 2755 3955 2813 Israel
3972 2771 3993 2809 .·

1037 2858 1120 2921 tio
1164 2857 1588 2938 praenuntiata
1628 2855 1759 2935 regi
1799 2854 2015 2916 Achab
2056 2853 2415 2935 praeceden-

931 2958 980 3018 ti
1023 2956 1323 3038 capitulo,
1362 2957 1534 3038 quod
1574 2955 1818 3017 scilicet
1859 2953 2071 3016 anima
2107 2971 2221 3014 sua
2252 2957 2417 3012 esset

930 3074 1046 3139 pro
1084 3055 1296 3118 anima
1340 3055 1506 3137 regis
1552 3053 1768 3137 Syriae‚
1809 3071 2002 3135 quem
2045 3051 2283 3131 injuste
2322 3047 2416 3109 di-

930 3154 1107 3217 misit
1135 3164 1404 3218 mortem
1437 3154 1725 3231 evadere,
1753 3153 1836 3214 sit
1864 3151 2127 3233 impleta
2153 3150 2219 3210 in
2251 3149 2413 3229 ipso.

936 3256 1360 3315 Transierunt
1395 3254 1603 3329 iyitur
1637 3263 1757 3313 tres
1791 3254 1957 3311 anni
1989 3253 2222 3327 absque
2260 3250 2418 3306 bello

931 3353 1103 3411 inter
1121 3355 1392 3429 Syriam
1410 3362 1469 3411 ec
1484 3355 1712 3422 Israel,
1729 3358 1986 3432 propter
2009 3348 2221 3409 foedus
2242 3344 2415 3426 pacis

930 3450 1101 3531 quod
1121 3449 1337 3513 Achab
1359 3457 1422 3512 et
1441 3450 1728 3511 Benadad
1754 3450 2059 3525 inierunt,
2082 3456 2152 3508 ut
2174 3446 2416 3509 dictum

930 3556 1027 3610 est
1055 3567 1268 3629 supra,
1306 3557 1368 3610 et
1409 3556 1859 3630 computantur
1893 3556 2018 3609 tres
2059 3546 2212 3608 anni
2244 3544 2348 3606 isti
2381 3562 2417 3603 a

927 3655 1212 3730 tempore
1243 3648 1410 3729 pacti
1443 3646 1638 3708 illius.
1667 3650 1747 3707 In
1770 3668 1942 3707 anno
1964 3657 2175 3705 autem
2203 3648 2411 3713 tertie,

926 3744 1064 3809 fine
1094 3746 1232 3827 ejus
1263 3746 1846 3827 appropinquante,
1880 3748 2232 3813 descendit,
2262 3743 2415 3824 quia

925 3854 1092 3907 terra
1151 3844 1328 3922 regni
1378 3844 1646 3905 duarum
1705 3843 1989 3904 tribuum
2040 3841 2229 3904 altior
2285 3842 2409 3902 situ

2522 2851 2711 2910 Sicut
2752 2871 2861 2927 eqo
2888 2873 3055 2921 sum,
3084 2854 3181 2912 ita
3208 2862 3267 2912 et
3300 2863 3397 2920 tu,
3430 2853 3491 2912 id
3536 2860 3650 2924 est,
3688 2849 3995 2912 confoede-

2528 2948 2644 3008 rati
2676 2957 2867 3030 atque
2898 2951 3231 3013 unanimes
3262 2970 3482 3013 sumus
3514 2951 3578 3012 in
3614 2949 3873 3019 talibus;
3892 2970 3994 3027 po-

2517 3053 2719 3125 pulus
2750 3070 2927 3110 meus
2955 3062 3015 3110 et
3034 3055 3319 3129 populu-s
3344 3062 3491 3112 tuus
3512 3071 3721 3110 unum
3748 3060 3920 3118 sunt,
3938 3060 3993 3108 et

2524 3150 2763 3227 equites
2794 3153 2920 3210 mei
2957 3161 3015 3211 et
3042 3153 3285 3229 equites
3318 3154 3415 3211 tui
3458 3170 3570 3231 pet·
3612 3148 3993 3212 confoedera-

2530 3246 2766 3309 tionem
2798 3257 2862 3310 et
2888 3249 3255 3312 amicitiam.
3282 3250 3434 3312 Nam
3456 3258 3519 3311 et
3538 3248 3679 3311 ideo
3708 3246 3993 3329 Josaphat

2527 3343 2626 3406 vir
2669 3345 2977 3425 pacificus
3013 3346 3165 3410 feeit
3198 3346 3407 3407 silium
3458 3366 3641 3408 suum
3674 3364 3819 3408 cum
3864 3344 3993 3405 filia

2527 3441 2741 3505 Achab
2770 3444 3163 3521 contrahere,
3193 3454 3265 3506 ut
3310 3446 3475 3507 inter
3520 3463 3785 3525 regnum
3816 3463 3989 3505 suum

2526 3551 2589 3605 et
2618 3560 2885 3621 regnum
2914 3544 3102 3607 lsrael
3132 3552 3299 3606 esset
3332 3562 3471 3625 pax.

2628 3644 2939 3721 Dae‘oeicque
2982 3645 3291 3719 Josaphat
3336 3644 3425 3701 ad
3478 3660 3687 3718 reqem
3733 3644 3934 3702 Israel
3972 3662 3993 3699 .-

2528 3744 2776 3809 Quoere,
2804 3760 2912 3802 oro
2945 3750 3022 3811 te,
3046 3742 3234 3800 hodie
3260 3760 3609 3801 sermonem
3629 3742 3916 3810 Domini,
3936 3739 3991 3799 id

2524 3846 2620 3899 est
2660 3838 2987 3900 oraculum
3032 3837 3140 3900 Dei
3184 3856 3297 3920 per
3340 3837 3698 3918 ProphetaS,
3730 3837 3887 3919 quid
3920 3838 3995 3897 sit

924 3943 1048 4005 fuit
1077 3962 1267 4024 quam
1309 3951 1474 4005 terra
1509 3942 1728 4004 decem
1763 3941 2068 4017 tribuum,
2102 3942 2412 4018 Josaphat
2448 3938 2491 4001 C
2522 3936 2867 4018 expediens
2910 3955 2983 3998 ac
3026 3935 3310 3997 futurum
3342 3935 3408 3997 in
3438 3955 3630 3998 causa
3676 3936 3797 3997 ista
3842 3936 3995 4017 peri—

921 4064 1038 4102 rem
1055 4045 1233 4103 Juda
1252 4045 1340 4102 ad
1359 4060 1567 4117 reyem
1589 4044 1794 4100 Israel
1816 4039 2231 4101 visitandum.
2258 4039 2409 4099 Nam

922 4140 950 4200 f
954 4139 1064 4201 ilia
1095 4139 1310 4201 Achab
1333 4147 1395 4201 et
1413 4137 1683 4213 Iezabel,
1707 4138 1965 4201 nomine
1986 4137 2259 4213 Athalia,
2292 4137 2413 4198 fuit

921 4256 1078 4300 uxor
1107 4238 1314 4300 Joram
1363 4236 1485 4298 filii
1513 4236 1813 4318 Josaphat
1859 4237 2047 4317 regiS‚
2083 4236 2303 4316 sicque
2332 4237 2410 4298 ad

923 4335 1198 4399 invicem
1221 4334 1566 4396 amicitiam
1600 4342 2072 4397 contraxerunt.
2102 4338 2413 4414 Dias-itque

921 4455 1040 4494 rex
1068 4436 1273 4494 Israel
1300 4437 1388 4493 ad
1416 4454 1623 4493 servos
1652 4454 1798 4493 suos
1829 4455 1850 4492 .·
1885 4436 2211 4509 Iynoratz's
2242 4437 2412 4512 quod

922 4541 1140 4593 nostra
1171 4534 1256 4591 sit
1305 4531 1384 4594 de
1425 4533 1566 4612 jure
1594 4534 1868 4593 Ramotlc
1899 4531 2145 4608 civitaS‚
2181 4532 2303 4593 sita
2343 4532 2409 4592 in

925 4639 1089 4692 terra
1123 4634 1399 4702 Galaad,
1418 4641 1477 4690 ec
1509 4633 1901 4707 neyle‘yimus
1919 4651 2062 4689 eam
2085 4634 2325 4700 tollere,
2348 4629 2410 4692 id

923 4737 1019 4791 est
1051 4747 1444 4809 recuperare,
1465 4733 1544 4789 de
1574 4748 1776 4788 manu
1807 4731 1974 4803 reqis
2003 4732 2224 4805 Syriae
2244 4750 2265 4787 .·
2298 4728 2409 4810 qui

927 4827 1162 4908 injuste
1187 4828 1248 4890 vi
1282 4827 1485 4908 praelii
1515 4825 1782 4889 abstulit
1810 4845 1947 4887 eam
1981 4826 2188 4903 nobiS‚
2209 4846 2407 4908 quum

924 4933 1136 4987 tamen
1175 4925 1257 4986 sit
1297 4924 1577 4987 notabile
1621 4924 1950 5006 oppidum,
1988 4932 2207 5005 utpote
2256 4925 2408 4987 urbs

921 5021 1151 5101 refugii
1185 5022 1510 5103 pertinens
1555 5022 1635 5083 ad
1680 5021 1916 5083 tribum
1955 5020 2101 5098 Gad,
2137 5030 2206 5083 ut
2237 5032 2409 5103 patet

2522 4034 2757 4098 eulosa.
2809 4034 3005 4097 Scivit
3054 4034 3293 4097 etenim
3323 4033 3640 4115 Josaphat,
3678 4052 3886 4114 regem
3929 4052 3995 4095 ac

2522 4134 2830 4215 populum
2873 4133 3061 4196 Israel
3106 4152 3245 4196 esse
3292 4134 3766 4216 superstitiosos
3813 4141 3994 4214 atque

2522 4231 2907 4307 idololatras,
2945 4233 3088 4295 ideo
3130 4231 3561 4313 periculosum
3602 4251 3741 4293 esse
3772 4250 3877 4294 eos
3904 4233 3993 4312 ju-

2520 4350 2689 4395 vare.
2730 4333 3151 4407 Conyreyavit
3180 4350 3325 4407 erqo
3359 4351 3475 4391 rea:
3503 4334 3707 4390 Israel
3736 4333 3993 4407 prophe-

2524 4440 2618 4490 tas
2646 4432 3149 4508 quadre'nyentos
3178 4431 3437 4490 circiter
3466 4432 3655 4501 viros,
3681 4429 3793 4508 qui
3824 4437 3991 4490 erant

2520 4528 2845 4609 prophetae
2874 4528 3038 4604 Baal,
3072 4528 3181 4590 sed
3210 4528 3388 4608 juxta
3427 4546 3667 4589 morem
3700 4526 3989 4608 loquendi

2521 4634 2828 4688 vocantur
2866 4625 3211 4708 prophetae,
3244 4636 3303 4687 et
3334 4629 3431 4686 ait
3462 4630 3549 4686 ad
3576 4646 3677 4685 eos
3706 4648 3728 4685 .·
3757 4630 3863 4686 Ire
3898 4630 3991 4685 de-

2520 4728 2737 4785 bemus
2778 4728 2848 4785 in
2878 4726 3157 4786 Ramoch
3194 4728 3471 4794 Galam,
3502 4746 3586 4785 an
3630 4726 3940 4804 quiescere
3966 4727 3993 4783 ἒ

2520 4826 3053 4899 Responderunt:
3084 4826 3393 4892 Ascende,
3417 4834 3475 4883 ec
3504 4826 3687 4884 dabie
3713 4845 3854 4883 eam
3880 4826 3993 4885 Do-

2520 4924 2736 4981 minus
2784 4923 2857 4981 in
2906 4942 3109 4981 ‘manu
3148 4923 3337 4997 reqis.
3390 4920 3657 4995 Quidam
3701 4921 3809 4997 ait,
3859 4939 3991 5002 pro·

2520 5019 2901 5100 positionem
2952 5018 3115 5080 hanc
3156 5019 3416 5080 dubiam
3468 5019 3805 5094 exstitisse,
3848 5018 3989 5101 quia

624 5159 704 5203 43.
733 5158 788 5199 ,0
763 5172 866 5201 „m
877 5122 985 5183 in
1017 5121 1180 5183 libro
1209 5121 1416 5197 Josue,
1453 5129 1514 5182 et
1546 5120 2041 5195 Deuteronomii‚
2077 5130 2140 5182 et
2179 5121 2404 5185 civitas
2440 5124 2488 5184 D
2518 5118 2788 5199 intelligi
2818 5127 3062 5200 poterat
3103 5127 3230 5180 tam
3260 5120 3340 5181 de
3386 5138 3532 5200 rege
3561 5119 3771 5195 lsrael,
3805 5138 3987 5201 quam

623 5232 705 5265 xxi,
731 5222 794 5261 37.

916 5220 1335 5282 sacerdotum.
1363 5222 1446 5279 Et
1475 5221 1568 5279 ait
1601 5220 1687 5277 ad
1713 5218 2065 5293 Josaphat,·
2105 5221 2185 5277 Ve
2152 5223 2405 5279 enies-ne

915 5338 1161 5377 mecum
1209 5320 1297 5377 ad
1335 5319 1784 5392 praeliandum
1835 5318 1906 5375 in
1955 5320 2233 5379 Ramoclz
2280 5322 2402 5378 Ga-

2515 5220 2593 5280 de
2624 5236 2769 5297 rege
2790 5218 2869 5298 Sy
2874 5217 3003 5279 riae.
3029 5217 3477 5280 Verumtamen
3509 5236 3583 5279 ex
3614 5236 3989 5299 consequen-

2517 5316 2683 5377 tibus
2708 5316 2973 5377 istorum
3016 5317 3256 5396 pseudo
3288 5316 3630 5378 verborum
3660 5316 3988 5378 manifeste

4021 1918 4131 1959 Prot.
4146 1919 4225 1959 att.
4261 1931 4262 1936 ¹
