4359 6250
971 513 1322 561 amana-rio
1363 515 1424 559 m
1468 515 1605 560 car.
1653 513 1758 558 vm
1799 512 1957 558 uam
1997 513 2165 558 raim
2208 513 2431 561 neuun.
2476 532 2558 542 —
2597 514 2741 560 aar.
2787 513 2891 559 xvl
3356 495 3469 558 301

366 705 440 750 sa
495 687 597 750 sui
647 687 847 770 patris
895 687 1096 751 secuti
1149 706 1277 751 non
1322 694 1506 760 sunt3
1541 689 1652 746 sed
1683 686 1875 746 decli·
1903 683 1954 746 A
1982 701 2164 746 orum
2206 686 2588 766 perversitas
2634 685 2941 750 filiorum.
2978 690 3063 750 Ec
3099 688 3312 749 oravit
3356 691 3477 749 Sa·-

365 797 706 848 naverzmt
746 805 785 847 a
823 795 995 849 recto
1035 785 1267 849 itinere
1303 796 1447 864 post
1491 785 1874 852 avaritiam,
1983 788 2153 843 muel
2190 787 2279 844 ad
2318 786 2698 855 Dominum,
2730 793 2799 847 ut
2848 785 2906 848 ei
2958 785 3269 849 revelaret
3319 785 3474 867 quid

366 883 555 946 illam
605 885 910 948 sectando
958 903 972 946 :
1023 884 1192 966 quod
1243 883 1571 965 judicibus
1627 900 1874 944 summe
1983 879 2107 943 sibi
2139 891 2306 944 esset
2330 883 2669 964 agendum.

368 983 711 1047 vitandum
741 991 876 1058 est3
919 994 1422 1064 acceperuntque
1469 1002 1740 1044 munera
1780 980 1877 1042 in·
2044 981 2237 1040 Dioeit
2256 991 2473 1042 autem
2488 984 2807 1043 Dominus
2826 986 2915 1044 ad
2932 985 3482 1046 Samuelem-Au-

369 1082 666 1146 tentione
687 1083 970 1159 sinistra,
984 1094 1042 1144 et
1053 1091 1505 1160 perverterunt
1512 1081 1874 1158 judicium,
1983 1082 2058 1139 di
2076 1100 2287 1141 voce-m
2302 1084 2535 1158 populi
2556 1083 2628 1142 in
2650 1085 2945 1144 omnibus
2965 1104 3106 1164 quoe
3129 1088 3483 1166 loquuntur

367 1181 500 1245 hoc
544 1190 662 1258 est,
699 1181 939 1264 injuste
985 1181 1434 1262 judicaverunt
1480 1179 1754 1242 scienter
1797 1177 1877 1240 ad
1987 1179 2104 1237 tibi
2123 1179 2203 1241 de
2224 1178 2346 1242 ista
2365 1180 2635 1256 materia,
2652 1180 2716 1242 id
2740 1190 2847 1254 est,
2864 1181 3117 1264 praefice
3136 1183 3231 1246 eis
3253 1203 3477 1264 regem.

370 1279 909 1362 complacendum
955 1279 1078 1356 his,
1113 1299 1150 1341 a
1188 1278 1423 1361 quibus
1470 1296 1733 1341 munera
1778 1295 1880 1338 ac-
1987 1273 2048 1336 Si
2073 1287 2496 1358 peccaverunt
2518 1297 2727 1360 regem
2751 1281 3039 1362 petendo,
3054 1301 3158 1344 cur
3172 1283 3479 1353 Dominus

372 1378 960 1461 ceperunt.Contra
979 1379 1152 1460 quod
1182 1377 1492 1460 scriptum
1514 1385 1613 1440 est
1643 1375 1708 1437 in
1729 1375 1880 1438 Exo-
1983 1372 2174 1453 jussit
2194 1375 2500 1439 satisfieri
2522 1395 2743 1440 eorum
2765 1378 3099 1459 petitioni?
3122 1381 3476 1463 Responde·

91 1485 342 1538 Emi-xxm.
374 1478 462 1540 do
502 1494 516 1538 :
552 1476 688 1540 Non
737 1477 1016 1558 accipias
1060 1495 1350 1553 munera,
1383 1495 1526 1558 quae
1562 1480 1880 1538 excaecant
1985 1475 2299 1555 tur,quod
2331 1475 2494 1538 Deus
2517 1476 2693 1557 justo
2713 1476 2957 1557 judicio
2988 1477 3156 1540 istud
3189 1479 3481 1561 permisit

117 1581 124 1588 '
373 1575 575 1638 etiam
617 1576 986 1658 prudenteS,
1024 1583 1088 1639 et
1130 1575 1510 1639 subvertunt
1550 1573 1745 1637 verba
1782 1573 1880 1654 ju·
1989 1571 2124 1634 sive
2147 1573 2577 1650 mandavit,in
2604 1593 2859 1657 poenam
2883 1585 2943 1639 et
2968 1577 3481 1642 humiliationem

373 1683 649 1738 storum.
684 1675 876 1738 Porro
906 1675 1099 1757 judex
1131 1673 1318 1736 debet
1347 1691 1488 1736 esse
1519 1673 1701 1754 quasi
1745 1671 1880 1734 ani-
1988 1671 2517 1753 superbientium,
2554 1681 2617 1736 et
2645 1674 2951 1755 quoniam
2996 1694 3206 1756 regem
3248 1676 3483 1740 habere

373 1781 550 1835 mata
571 1773 844 1855 justitia,
882 1781 945 1837 et
975 1781 1280 1855 tanquam
1322 1772 1424 1834 lex
1455 1772 1622 1849 viva,
1659 1780 1730 1833 ut
1761 1790 1878 1834 nec
1990 1787 2116 1832 non
2142 1779 2277 1832 erat
2307 1770 2547 1832 malum
2578 1771 2646 1833 in
2679 1791 2767 1849 se,
2793 1781 2857 1835 et
2889 1773 3043 1855 quia
3072 1793 3147 1837 ex
3171 1775 3480 1857 adimple-

371 1890 620 1948 amore,
656 1891 773 1935 nec
805 1871 974 1948 odio,
1003 1891 1119 1935 nec
1149 1871 1522 1953 cupiditate,
1551 1890 1666 1934 nec
1699 1871 1878 1933 timo-
1913 1861 1959 1922 Β
1988 1867 2160 1931 tione
2182 1868 2512 1950 petitionis
2544 1869 2823 1948 illorum,
2844 1891 2956 1934 seu
2981 1891 3201 1953 regum
3234 1873 3478 1938 institu-

373 1989 460 2048 re,
484 1989 606 2034 nec
632 1970 852 2052 aliquo
883 1971 1074 2033 modo
1104 1971 1185 2033 ab
1205 1969 1506 2051 aequitate
1529 1977 1592 2031 et
1612 1969 1878 2032 veritate
1989 1966 2182 2043 tione,
2218 1968 2583 2030 decreverat
2614 1968 2815 2032 multa
2846 1971 3014 2034 bona
3042 1970 3294 2035 elicere.
3320 1973 3475 2036 Nam

371 2067 690 2131 discedat.
724 2069 802 2131 Et
830 2087 1234 2150 quocumque
1266 2070 1455 2132 modo
1487 2065 1875 2131 contrarium
1988 2073 2051 2127 et
2081 2083 2196 2146 per
2213 2065 2404 2129 Jacob
2425 2065 2850 2148 patriarcham
2884 2069 3175 2150 praedixit
3201 2089 3381 2152 reges
3401 2091 3476 2134 ex
3530 2095 3639 2140 oen.
3658 2110 3765 2150 mx,

373 2166 579 2230 feceri
589 2175 627 2244 t,
642 2167 724 2230 ad
745 2155 1245 2230 satisfactionem
1275 2187 1387 2230 seu
1413 2166 1876 2229 restitutionem
1991 2161 2160 2224 tribu
2179 2163 2211 2225 J
2216 2165 2339 2226 uda
2360 2165 2827 2229 nascituros.Ad
2850 2166 3164 2231 Abraham
3185 2189 3470 2252 quoque:
3508 2163 3573 2205 ¹⁰·

373 2273 636 2330 tenetur
677 2266 803 2343 his,
839 2267 1073 2348 quibus
1104 2266 1301 2349 impie
1329 2265 1676 2348 judicando
1705 2266 1880 2328 dam·
1987 2261 2208 2342 RegeS,
2230 2262 2459 2344 inquit,
2481 2264 2887 2345 egredientur
2909 2286 2983 2329 ex
3014 2274 3093 2331 te.
3108 2267 3285 2332 Unde
3305 2269 3477 2350 quod
3536 2287 3767 2340 mam,

376 2384 539 2428 num
570 2373 684 2427 aut
713 2365 1073 2428 molestiam
1105 2363 1325 2428 infert.
1988 2360 2294 2424 Dominus
2333 2361 2513 2439 dixit,
2548 2362 2711 2426 Audi
2754 2382 2974 2428 vocem
3014 2385 3259 2444 eorum,
3292 2367 3478 2449 quasi
3508 2353 3549 2394 ⁶·

162 3466 322 3509 lauh.

102 3542 202 3577 nm,
217 3532 352 3571 ¹547.

462 2467 853 2543 Conyreyati
881 2485 1030 2542 erqo
1062 2466 1358 2525 universi
1398 2465 1672 2542 majores
1712 2473 1875 2524 natu

379 2566 618 2633 Israel,
649 2573 966 2624 venerant
1004 2566 1092 2624 ad
1121 2567 1487 2624 Samuelem
1531 2564 1604 2624 in
1644 2565 1881 2623 Rama-

377 2665 522 2731 tlza,
549 2663 995 2740 dimeruncque
1021 2663 1085 2721 ei
1115 2660 1393 2723 Samueli
1430 2678 1444 2722 ε
1481 2663 1642 2722 Ecce
1683 2670 1754 2721 cu
1792 2681 1881 2721 se-

373 2763 613 2833 nuisti,
647 2771 708 2821 ec
752 2761 888 2838 filii
934 2763 1034 2822 tui
1075 2781 1206 2821 non
1249 2762 1591 2822 ambulant
1634 2761 1708 2820 in
1754 2761 1880 2820 viis

376 2861 530 2928 cuis,
549 2859 674 2922 hoc
695 2867 812 2935 est,
833 2858 1283 2922 rectitudinem
1313 2858 1703 2940 judiciorum
1735 2877 1882 2939 ope-

373 2976 656 3039 rumque
688 2965 944 3020 tuorum
985 2975 1114 3020 non
1155 2956 1513 3019 imitantur.
1554 2959 1882 3019 Constitue

1990 2460 2211 2537 iratus,
2257 2460 2507 2523 locutus
2556 2471 2672 2525 est.
2715 2465 2862 2525 Non
2910 2468 3087 2528 enim
3140 2477 3196 2526 te
3244 2469 3480 2544 abjece-

1989 2570 2173 2629 runt,
2194 2563 2303 2620 sed
2332 2581 2453 2631 me,
2478 2559 2541 2622 id
2566 2569 2810 2624 estnon
2844 2571 2905 2626 te
2936 2563 3142 2627 solum
3175 2573 3285 2627 aut
3314 2567 3483 2648 prin-

1989 2657 2301 2738 cipaliter,
2338 2658 2448 2720 sed
2480 2676 2581 2721 me
2610 2658 2722 2740 qui
2753 2660 3086 2742 hucusque
3118 2661 3212 2726 fui
3257 2683 3477 2729 eorum

1991 2775 2120 2832 rex,
2145 2764 2208 2818 et
2238 2756 2316 2819 de
2348 2756 2585 2820 vicario
2618 2757 2951 2838 regiminis
2982 2760 3109 2823 mei
3140 2761 3232 2824 eis
3265 2764 3480 2844 provi-

1990 2853 2078 2932 di,
2112 2854 2360 2936 judices
2406 2854 2792 2920 suscitando.
2828 2857 3066 2922 Idcirco
3095 2869 3349 2942 oportet
3377 2882 3483 2945 pa·

1993 2952 2281 3016 tientiam
2314 2961 2373 3016 te
2398 2952 2962 3028 habere.Quamvis
2992 2966 3204 3021 autem
3226 2959 3479 3024 Samuel

377 3060 566 3117 nobis
607 3077 843 3135 regem,
879 3066 951 3118 uc
973 3058 1235 3135 judicet
1275 3077 1410 3130 nos,
1443 3059 1612 3117 sicut
1641 3066 1701 3116 et
1733 3057 1883 3116 um‘-
1910 3051 1953 3114 C
1992 3050 2164 3114 filios
2216 3070 2361 3114 suos
2412 3051 2693 3114 instituit
2739 3053 3015 3147 judiceS,
3043 3056 3344 3121 dicuntur
3396 3068 3483 3124 ta·

379 3178 583 3219 versae
612 3160 848 3219 habent
879 3159 1197 3227 natione&
1228 3156 1292 3218 id
1325 3165 1422 3219 est
1461 3164 1685 3219 ceterae
1731 3174 1883 3237 gen-

381 3264 480 3317 tes
511 3254 964 3333 communiter,
991 3255 1091 3318 vel
1123 3254 1413 3336 quaedam
1445 3254 1524 3317 de
1555 3253 1876 3317 omnibuS.

381 3354 448 3417 Si
483 3353 838 3417 nobiliores
867 3354 1194 3435 isti‚juxta
1223 3353 1606 3434 cvangelicae
1637 3353 1884 3435 sapien·

387 3453 494 3515 tiae
512 3453 914 3529 documenta,
930 3452 1132 3539 primo
1149 3452 1624 3514 admonuissent
1643 3452 1886 3533 judices

386 3551 558 3627 illos»,
575 3550 682 3614 vel
715 3551 880 3633 patri
909 3569 1134 3614 eorum
1164 3550 1670 3627 denuntiassent,
1707 3560 1776 3613 ut
1809 3550 1886 3613 fi-

382 3651 508 3714 lios
552 3668 706 3713 suos
749 3650 1118 3732 corriperet,
1155 3649 1508 3712 consultius
1540 3650 1887 3731 processis-

381 3757 551 3815 sent.
587 3749 768 3813 Nunc
812 3757 1024 3811 autem
1071 3748 1286 3809 statim
1327 3756 1777 3829 processerunt
1805 3750 1883 3811 ad

378 3847 822 3931 depositiones
855 3847 1138 3911 illorum.
1173 3848 1652 3927 Displicuitque
1680 3867 1884 3909 sermo

383 3952 458 4011 in
489 3950 719 4020 oculis,
754 3946 874 4010 hoc
916 3953 1014 4008 est
1059 3945 1124 4007 in
1170 3944 1502 4009 intellectu
1543 3954 1607 4008 et
1639 3946 1886 4009 ratione

381 4068 500 4111 seu
531 4044 870 4128 sapientia,
892 4047 1240 4113 Samuelis,
1257 4065 1326 4105 eo
1347 4047 1518 4123 quod
1537 4048 1584 4105 d
1590 4047 1880 4118 exissent,

385 4152 490 4208 Da
517 4148 702 4207 nobis
733 4164 966 4221 reyem,
991 4153 1066 4204 ut
1079 4145 1340 4220 judicet
1369 4163 1504 4214 noa,
1531 4126 1606 4205 et·
1621 4160 1751 4206 non
1783 4162 1888 4225 po-

1993 3170 2138 3213 men
2186 3150 2308 3212 filii
2354 3150 2543 3213 lsrael
2586 3171 2732 3215 eum
2776 3153 3109 3237 abjecisse,
3142 3157 3296 3238 quia
3331 3178 3477 3222 eum

1993 3249 2059 3311 in
2107 3250 2241 3311 suis
2290 3248 2450 3312 filiis
2499 3249 2891 3332 abjecerunt,
2928 3253 3030 3317 vel
3075 3256 3228 3336 quia
3272 3258 3480 3323 adhuc

1992 3347 2229 3411 mansit
2254 3349 2448 3430 judex
2480 3368 2813 3431 supremus
2847 3351 2913 3413 in
2944 3356 3183 3436 populo
3225 3356 3358 3435 illo,
3396 3358 3485 3421 ita

1992 3447 2163 3529 quod
2193 3448 2273 3510 ad
2304 3466 2449 3510 eum
2482 3447 2681 3511 fiebat
2711 3449 2777 3511 in
2811 3452 3160 3533 maioribus
3184 3464 3247 3518 et
3268 3456 3483 3520 dubiis

1993 3548 2203 3609 causis
2249 3566 2563 3610 recursus,
2610 3548 2765 3611 Nam
2811 3569 3003 3633 super
3046 3552 3228 3631 illud,
3274 3554 3479 3629 Quum

1993 3646 2327 3723 senuisset,
2364 3646 2647 3728 loquitur
2675 3646 2896 3711 Glossa
2931 3668 2945 3712 :
2980 3650 3184 3715 AEtate
3215 3662 3279 3716 et
3309 3656 3481 3719 curis

1991 3752 2312 3825 gravatuS,
2348 3744 2638 3808 solennia
2685 3764 2814 3809 non
2863 3756 3111 3829 poterat
3162 3752 3485 3817 celebrare

1992 3843 2254 3925 judicia.
2291 3846 2389 3907 Ne
2418 3864 2676 3921 requem
2706 3866 2899 3923 super
2927 3868 3051 3918 eos,
3086 3869 3199 3932 per
3242 3871 3344 3916 me
3390 3854 3486 3936 ip-

1995 3961 2138 4003 sum
2168 3941 2337 4005 circa
2368 3960 2475 4005 eos
2507 3944 2858 4007 exercendo
2889 3946 3361 4026 praesidentiam
3393 3970 3485 4015 re—

1994 4040 2188 4121 giam.
2204 4040 2357 4102 Nam
2388 4041 2736 4103 secundum
2759 4043 3067 4121 doctoreS,
3090 4046 3214 4127 ipsi
3235 4049 3484 4129 judices

1996 4158 2124 4201 non
2157 4138 2478 4201 habebant
2508 4157 2700 4220 super
2722 4142 3030 4222 populum
3062 4145 3306 4227 aliquid
3333 4168 3485 4231 prae-

389 4245 540 4321 tiuS,
576 4243 836 4323 Corrige
886 4242 1061 4305 filios
1114 4251 1276 4318 tuOS,
1327 4249 1397 4303 ut
1441 4241 1612 4322 juste
1663 4260 1730 4304 se
1778 4242 1889 4304 ha-
1915 4235 1964 4295 D
1996 4236 2201 4300 laticae
2230 4237 2625 4301 auctoritatis
2657 4247 2764 4300 aut
2793 4238 2977 4319 juriS‚
3014 4242 3140 4305 nisi
3170 4247 3343 4327 quod
3374 4266 3486 4329 po-

387 4342 606 4407 beant.
627 4341 968 4424 Displicuit
998 4358 1147 4421 ergo
1181 4339 1293 4401 illa
1323 4340 1548 4422 petitio
1581 4339 1882 4418 Samueli,

388 4461 518 4507 non
564 4460 643 4504 ex
687 4439 1058 4515 ambitione,
1096 4439 1207 4502 sed
1243 4438 1540 4520 aequitate
1574 4445 1639 4501 et
1672 4456 1886 4502 amore

387 4542 464 4605 ad
499 4542 744 4604 bonum
777 4556 1138 4613 commune,
1172 4536 1329 4618 quia
1366 4536 1607 4600 sciebat
1645 4537 1886 4619 populo

387 4640 603 4723 potius
645 4638 948 4719 expedire
984 4636 1158 4718 quod
1199 4645 1520 4715 regeretur
1567 4654 1681 4717 per
1716 4636 1887 4717 judi—

387 4758 514 4815 ee8‚
548 4745 614 4801 et
643 4736 948 4818 quoniam
991 4733 1178 4797 scivit
1206 4734 1376 4815 quod
1417 4734 1580 4796 Deus
1627 4733 1750 4797 sibi
1793 4754 1888 4797 re-

390 4837 584 4900 tinuit
615 4835 826 4915 regale
857 4842 1046 4915 atque
1077 4832 1556 4895 monarchicum
1601 4833 1886 4914 regimen

393 4936 614 5019 populi
659 4935 872 5015 hujus.
920 4933 1185 5013 Insuper
1229 4930 1559 5012 displicuit
1604 4931 1902 5009 Samueli*

393 5036 564 5117 quod
615 5020 958 5096 voluerunt
1006 5028 1303 5110 gentibus
1345 5028 1755 5107 conformari,
1794 5030 1890 5092 in-

395 5144 524 5196 star
571 5131 864 5213 gentium
915 5146 1124 5210 regem
1176 5127 1494 5203 habende,
1527 5128 1711 5208 quasi
1759 5148 1887 5193 non

1996 4336 2187 4417 pulus
2217 4335 2405 4399 lsrael
2435 4334 2502 4398 in
2532 4336 3051 4403 tribulationibus
3093 4342 3225 4405 suis
3268 4345 3486 4409 uteba-

1996 4442 2098 4495 tur
2139 4433 2396 4497 illorum
2437 4434 2705 4499 consilio
2745 4444 2853 4498 aut
2897 4439 3257 4519 prudentia,
3293 4452 3485 4524 prout

1994 4532 2074 4594 de
2104 4532 2225 4595 hoc
2256 4552 2447 4615 super
2478 4533 2714 4597 librum
2751 4536 3044 4599 Judicum
3089 4538 3341 4620 plenius
3388 4562 3484 4607 re-

1995 4631 2136 4695 colo
2179 4632 2443 4695 dictum.
2486 4631 2588 4694 Sic
2638 4632 2833 4713 igitur
2878 4634 3251 4717 abJ'ecerunt
3290 4660 3392 4703 me
3422 4651 3488 4705 et

1998 4739 2077 4808 te,
2096 4732 2307 4808 juxta
2335 4733 2557 4791 omnia
2594 4751 2787 4809 opera
2824 4753 2971 4803 sua,
3001 4756 3145 4815 quoe
3186 4738 3487 4813 fecerunt

1995 4853 2036 4891 a
2065 4832 2172 4890 die
2201 4850 2331 4909 qua
2362 4831 2565 4889 eduxi
2592 4849 2692 4889 eos
2721 4833 2799 4890 de
2825 4834 3136 4909 AEyypm,
3169 4856 3367 4917 usque
3396 4842 3485 4899 ad

1995 4931 2170 4993 diem
2200 4930 2371 4988 hane
2399 4948 2421 4986 .·
2453 4927 2572 4989 hoc
2602 4935 2720 5003 est,
2739 4926 2905 4989 sicut
2929 4937 2994 4991 et
3025 4928 3148 5011 ipsi
3178 4940 3241 4994 et
3272 4942 3482 5014 patres

1998 5046 2219 5090 eorum
2268 5025 2638 5106 frequenter
2686 5044 2754 5088 se
2802 5027 2968 5090 male
3017 5027 3401 5109 habuerunt,
3452 5052 3489 5095 a

2000 5134 2287 5206 tempore
2316 5124 2699 5204 egressionis
2730 5143 2948 5187 eorum
2980 5144 3056 5189 ex
3085 5128 3352 5211 AEgypto
3385 5150 3489 5193 us·

397 5239 772 5314 regerentur
796 5226 1229 5292 excellentiori
1261 5226 1450 5289 modo
1475 5226 1677 5303 aDe0,
1699 5246 1892 5308 quam
2000 5242 2126 5306 que
2175 5222 2245 5284 in
2294 5240 2595 5303 praesenS‚
2632 5223 2725 5285 sic
2766 5231 2829 5285 et
2874 5223 2940 5285 in
2986 5224 3108 5288 isto
3151 5227 3317 5291 male
3352 5247 3489 5309 ege-

396 5340 640 5412 gentes.
677 5326 1017 5409 Displicuit
1053 5342 1314 5407 quoque
1354 5332 1574 5386 sancto
1616 5324 1756 5387 viro
1795 5344 1892 5387 su-

2004 5330 2174 5384 runt.
2208 5322 2424 5401 Itaque
2467 5338 2595 5385 non
2636 5328 2733 5383 est
2772 5320 3279 5405 intelligendum,
3316 5330 3489 5411 quod
