4359 6250
611 1181 628 1225 1
644 1182 753 1238 Καρ.
767 1195 876 1233 xxiv,

901 494 1020 558 348

1469 509 1818 556 munuum
1861 509 1920 555 ΙΝ
1963 510 2104 556 CAP.
2147 508 2229 554 XV
2272 504 2430 551 unm
2471 504 2640 552 1³thss
2682 505 2907 554 mamm.
2953 527 3033 538 —
3074 505 3215 550 Am.
3262 504 3415 552 ΧΧΙΧ

901 702 1053 747 vero
1093 704 1285 767 super
1322 685 1506 763 illud,
1541 685 1740 748 Scidit
1777 685 2082 748 Dominus
2124 698 2388 762 regnum
2420 677 2473 740 A
2504 679 2642 761 ipso
2680 683 2856 764 Agag
2893 683 3101 747 occiso
3138 703 3151 747 :
3185 684 3339 765 quia
3379 683 3498 746 etsi
3536 681 3761 744 habuit
3796 679 3964 755 alios,
4004 711 4011 716 ·

902 801 938 843 a
997 790 1079 858 te,
1133 793 1391 847 narrant
1449 784 1710 866 quidam
1759 784 1988 858 Judaei,
2048 781 2220 863 quod
2282 778 2393 841 Sa-

903 880 1074 942 muel
1108 883 1378 944 contulit
1417 881 1589 945 Sauli
1625 882 1876 962 signum
1913 889 2083 957 tunc,
2119 879 2338 942 dicens
2375 893 2388 936 :

902 976 1015 1041 llle
1066 980 1356 1059 regnabit
1399 999 1514 1062 pro
1561 990 1642 1058 te,
1687 980 1799 1062 qui
1849 979 2179 1042 abscindet
2216 994 2391 1038 oram

905 1075 1256 1160 chlamydis
1288 1088 1432 1142 tuae.
1468 1079 1644 1142 Unde
1676 1098 1876 1161 quum
1907 1075 2394 1144 Davidfecisset

906 1173 1048 1252 hoe,
1090 1175 1336 1240 locutus
1377 1186 1471 1240 cst
1511 1177 1656 1240 Saul
1698 1178 1774 1240 ad
1817 1197 1962 1240 eum
1998 1197 2012 1240 :
2047 1176 2225 1238 Nunc
2260 1173 2391 1236 scio

905 1275 1076 1354 quod
1107 1275 1458 1339 certissime
1494 1285 1867 1356 regnaturus
1903 1275 2012 1338 sis,
2047 1278 2132 1337 Et
2163 1277 2393 1334 adora-

904 1374 1000 1431 vit
1029 1375 1200 1434 Saul
1229 1375 1605 1434 Dominum.
1642 1372 1892 1436 Samuel
1926 1390 2180 1454 quoque
2216 1387 2393 1449 roga-

902 1469 995 1532 vit
1035 1490 1150 1552 pro
1191 1470 1352 1553 ipso.
1905 1475 1912 1482 '

985 1572 1295 1651 Dixitque
1315 1575 1585 1634 Samuel
1600 1593 1623 1632 .·
1637 1573 1960 1633 Adclucite
1978 1574 2066 1631 ad
2087 1591 2186 1631 me
2205 1573 2391 1647 Aqay

900 1688 1108 1745 regem
1129 1673 1415 1731 Amalec,
1437 1672 1523 1731 Ec
1549 1673 1820 1740 oblatuS,
1843 1669 1906 1732 id
1931 1677 2025 1732 est
2055 1669 2385 1744 adductuS‚

899 1777 989 1828 esc
1018 1770 1079 1827 ei
1107 1771 1294 1846 Aqay
1315 1771 1822 1846 pinquis-simu&
1856 1778 2126 1830 tremens
2166 1786 2245 1829 ex
2274 1766 2393 1830 for-

2500 779 2631 859 jam
2664 778 2925 844 suerunt
2963 781 3179 845 occisi.
3211 786 3297 845 Ec
3328 785 3397 842 in
3430 783 3647 858 frusta
3676 781 3969 840 conscidit

2501 898 2647 938 eum
2678 883 2947 942 Samuel
2988 902 3203 942 cora-m
3233 882 3509 943 Domino
3554 883 3622 940 ln
3668 881 3965 956 Galqalis.

2502 975 2636 1039 Non
2688 979 3066 1060 simpliciter
3112 979 3423 1042 conscidit
3460 997 3605 1040 eum
3650 978 3717 1039 in
3758 976 3965 1053 frusta,

2504 1076 2614 1137 sed
2662 1094 2875 1139 coram
2918 1076 3185 1140 Domino
3232 1075 3387 1140 fecit
3434 1076 3575 1152 hoc,
3626 1076 3690 1137 id
3733 1083 3829 1138 est
3858 1075 3971 1138 vir-

2504 1179 2685 1236 tuose
2730 1182 2791 1236 et
2828 1175 2963 1238 zelo
3002 1175 3288 1256 justitiae,
3332 1193 3458 1238 non
3498 1193 3575 1238 ex
3612 1172 3970 1236 erudelitate

2502 1279 2611 1332 aut
2640 1291 2854 1336 amore
2883 1273 3259 1337 inordinatae
3285 1273 3603 1336 vindietae.
3634 1273 3787 1334 Nam
3818 1271 3971 1335 sicut

2504 1367 2739 1432 fecerat
2768 1371 2962 1452 Agag,
3000 1372 3091 1436 sic
3126 1371 3363 1435 factum
3394 1379 3491 1434 est
3520 1371 3601 1434 ei.

2580 1471 2766 1531 Abiit
2795 1481 3009 1532 autem
3047 1475 3317 1533 Samuel
3346 1474 3419 1532 in
3451 1473 3801 1542 Ramatha,
3820 1473 3972 1531 Saul

2506 1588 2649 1628 vero
2680 1572 2967 1631 ascendit
3000 1573 3072 1632 in
3100 1575 3365 1633 domum
3402 1591 3591 1632 suam
3630 1571 3705 1630 in
3738 1571 3968 1638 Gabaa,

2500 1677 2560 1726 el
2590 1688 2719 1728 non
2752 1671 2922 1728 vidit
2953 1674 3221 1730 Samuel
3250 1674 3429 1730 ultra
3458 1673 3625 1731 Saul
3664 1689 3860 1747 usque
3894 1671 3973 1728 ad

2501 1769 2674 1826 diem
2704 1771 2931 1828 mortis
2957 1788 3111 1830 sua».
3131 1767 3307 1842 Quod
3337 1769 3445 1842 ait,
3468 1767 3679 1849 Usque
3706 1767 3785 1829 ad
3815 1766 3969 1829 diem

899 1865 1142 1927 midine
1191 1867 1431 1943 mortiS,
1485 1886 1626 1949 quae
1672 1866 1956 1929 omnium
2009 1865 2388 1927 terribilium
2430 1865 2477 1927 B
2505 1865 2727 1927 mortis
2760 1885 2910 1942 suae,
2950 1866 3169 1930 referri
3203 1875 3412 1949 potest
3441 1876 3568 1929 tam
3610 1866 3687 1928 ad
3718 1873 3969 1928 mortem

899 1963 1443 2027 terribilissimum
1467 1975 1578 2028 est.
1595 1969 1679 2026 Ec
1698 1968 1877 2027 dia-it
1891 1969 2076 2043 Aqaq
2093 1986 2115 2024 .·
2137 1967 2394 2026 Siccine

901 2073 1158 2140 separat
1202 2085 1432 2125 amara
1479 2068 1691 2125 mors?
1732 2065 1860 2127 Hoc
1900 2064 2160 2145 quidam
2205 2081 2395 2145 expo-

905 2169 1069 2223 nunt
1119 2170 1420 2243 tanquam
1469 2163 1710 2226 dictum
1760 2183 1797 2225 a
1837 2163 2149 2239 Samuele,
2200 2171 2269 2224 ut
2311 2163 2394 2224 sit

855 2273 866 2285 ·
909 2279 1155 2336 sensuS,
1208 2261 1378 2342 quod
1429 2261 1680 2324 Samuel
1734 2262 1892 2324 dixit
1941 2261 2132 2342 Agag,
2186 2261 2249 2324 id
2298 2270 2395 2324 est

2504 1963 2835 2040 SamueliS,
2866 1983 3059 2046 quam
3091 1965 3319 2028 Saulis.
3353 1966 3561 2028 Potest
3598 1983 3853 2046 quoque
3884 1963 3972 2024 in-

2504 2061 2707 2141 telligi
2730 2062 2828 2125 vel
2854 2062 3189 2140 inclusive,
3208 2064 3310 2128 vel
3334 2063 3674 2127 exclusive.
3694 2063 3815 2125 Sed
3834 2079 3974 2144 quo-

2504 2179 2778 2241 cumque
2807 2161 3033 2224 horum
3068 2163 3459 2242 intelligatur
3488 2163 3973 2238 modorum,non

2503 2257 2755 2322 videtur
2798 2279 2983 2341 posse
3025 2260 3370 2338 verificari,
3404 2281 3601 2342 quum
3639 2259 3809 2322 infra
3838 2259 3976 2322 scri·

909 2357 1032 2439 ipsi
1062 2359 1236 2438 Agag
1267 2360 1422 2440 regi,
1459 2359 1726 2438 Siccine,
1764 2361 1826 2422 id
1866 2368 1960 2422 est
1991 2361 2187 2436 sicne,
2221 2380 2395 2442 sepa—

909 2464 1005 2518 rat
1035 2476 1248 2520 amara
1277 2477 1470 2535 morS,
1507 2459 1570 2521 id
1603 2468 1699 2520 est
1739 2459 1928 2522 timor
1967 2459 2190 2522 mortis
2230 2478 2397 2521 ama-

906 2573 1012 2630 rae,
1046 2573 1302 2618 sensum
1333 2564 1396 2618 et
1427 2557 1710 2619 animum
1746 2565 1924 2618 tuum
1954 2576 1990 2618 a
2021 2565 2104 2634 te,
2128 2557 2241 2638 qui
2264 2575 2393 2638 prae

907 2653 1128 2716 mortis
1159 2653 1422 2718 horrore
1461 2675 1529 2719 es
1569 2657 1751 2737 quasi
1794 2656 2104 2719 alienatus
2137 2675 2174 2717 a
2202 2675 2392 2724 sensu

2504 2365 2683 2438 ptum
2716 2357 2817 2431 sit,
2837 2359 3008 2440 quod
3041 2359 3186 2422 Saul
3218 2379 3363 2422 cum
3395 2360 3621 2424 ceteris
3651 2360 3975 2442 propheta—
4024 2379 4207 2432 ineam.
4261 2401 4262 2404 η

2504 2455 2596 2516 vit
2627 2474 2838 2519 coram
2871 2456 3183 2520 Samuele.
3218 2458 3311 2520 Ad
3341 2459 3511 2540 quod
3544 2458 3970 2539 respondetur,
4000 2445 4058 2485 ²⁴·

2505 2553 2676 2633 quod
2727 2553 2979 2616 Samuel
3028 2555 3189 2620 vidit
3240 2565 3391 2618 tunc
3439 2555 3691 2618 Saulem
3741 2573 3868 2618 non
3914 2555 3973 2616 in

2504 2653 2679 2731 regio
2711 2662 3039 2734 apparatu,
3074 2655 3183 2716 sed
3218 2654 3588 2737 prophetica
3626 2653 3978 2736 dispositio-

2506 2768 2605 2812 ne.
2642 2751 2904 2833 Insuper
2946 2752 3092 2814 Saul
3134 2753 3321 2816 morti
3363 2753 3635 2830 vicinuS,
3676 2752 3837 2815 vidit
3879 2753 3977 2815 Sa-
4001 2763 4206 2807 Ibidmm-

903 2870 1095 2933 quam
1127 2852 1366 2916 dictum
1401 2852 1480 2915 ab
1507 2854 1702 2934 Agag‚
1739 2855 1851 2935 qui
1890 2873 2156 2917 cernens
2192 2873 2261 2916 se
2291 2872 2394 2916 oc·
2504 2849 2780 2912 muelem
2826 2851 3201 2913 suscitatum
3253 2852 3330 2914 ad
3378 2851 3623 2928 horam,
3672 2851 3728 2913 si
3776 2859 3976 2914 tamen
4004 2830 4061 2870 ¹⁴·

905 2950 1271 3028 cidendum,
1309 2971 1385 3014 ex
1429 2953 1824 3016 desolatione
1867 2960 1930 3015 et
1973 2952 2393 3015 admiratione
2505 2966 2651 3010 vere
2694 2948 2761 3008 in
2805 2969 2919 3010 sua
2952 2967 3225 3031 persona
3266 2949 3595 3032 apparuit3
3632 2959 3694 3012 et
3738 2949 3977 3012 Samuel

907 3048 1065 3110 tanti
1124 3048 1462 3112 infortunii
1515 3049 1614 3113 sui
1670 3052 1917 3114 loeutus
1975 3059 2092 3129 est,
2147 3050 2394 3113 Siccine
2427 3046 2472 3109 C
2505 3045 2753 3108 Saulem
2803 3046 2985 3108 vidit.
3038 3045 3163 3109 Alii
3214 3066 3471 3130 quoque
3522 3048 3766 3125 dicunt,
3818 3047 3979 3130 quod

909 3157 1162 3229 separat
1203 3168 1415 3212 amara
1454 3154 1666 3212 mors?
1698 3150 1762 3213 id
1803 3157 1921 3227 est,
1954 3150 2131 3212 sicne
2165 3150 2398 3213 dividit
2506 3144 2653 3207 Saul
2698 3166 2843 3209 cum
2894 3148 3121 3210 ceteris
3171 3147 3349 3211 venit
3390 3148 3469 3209 ad
3518 3146 3871 3210 Samuelem
3920 3147 3977 3207 in

909 3264 1080 3308 mors
1111 3247 1338 3309 acerba
1375 3248 1694 3311 viventem
1737 3268 1774 3310 a
1817 3248 2116 3311 socictate
2155 3254 2219 3311 et
2258 3248 2397 3311 loco
2505 3245 2801 3307 extremis
2838 3245 3462 3328 laborantem,quum
3496 3245 3978 3329 infrascriptum

915 3342 1245 3407 vivorum?
1285 3346 1466 3427 quasi
1509 3346 1700 3423 dicat,
1732 3346 1984 3428 Utique.
2017 3349 2105 3407 Ec
2143 3350 2241 3407 ait
2280 3350 2401 3407 Sa·
2506 3343 2589 3405 sit
2624 3362 2637 3405 :
2672 3345 2949 3407 Mortuus
2978 3354 3075 3408 est
3105 3353 3315 3408 autem
3348 3345 3623 3423 Samuel,
3646 3354 3711 3408 et
3738 3363 3983 3425 congre-
4022 3352 4203 3397 manv.

915 3446 1089 3503 muel
1120 3464 1144 3502 .·
1189 3446 1374 3504 Sicut
1403 3446 1560 3521 fecit
1591 3448 1824 3525 absque
1855 3446 2072 3504 liberis
2101 3446 2400 3505 mulieres
2505 3452 2687 3523 gatus
2709 3445 2901 3507 estad
2924 3464 3069 3507 eum
3094 3445 3429 3507 universus
3451 3445 3660 3509 lsrael.
3682 3444 3800 3508 Sed
3823 3444 3981 3507 istud
4010 3422 4043 3459 ¹⁸

910 3542 1178 3616 yladius
1211 3552 1383 3612 tuuc,
1415 3542 1476 3604 id
1509 3550 1626 3618 est,
1663 3542 1828 3605 sieut
1861 3549 1924 3605 tu
1955 3542 2190 3605 multos
2222 3542 2403 3623 juve-
2510 3560 2638 3604 non
2680 3543 2933 3606 videtur
2976 3562 3219 3619 verum,
3255 3543 3407 3625 quia
3435 3544 3837 3624 congregatio
3882 3543 3983 3606 illa

904 2760 969 2814 et
995 2751 1198 2833 impos
1231 2753 1504 2816 mentis?
1536 2753 1824 2817 Secundo
1864 2755 2224 2836 exponitur,
2262 2763 2394 2816 tan-

636 3948 887 3999 Est-odam,

626 4014 649 4053 8
668 4026 679 4063 ;
713 4011 842 4053 Dent.

625 4086 720 4123 xxv,
739 4076 804 4124 ¹7,
823 4076 887 4116 18.

919 3658 1031 3701 nes
1062 3640 1374 3717 occidisti,
1408 3661 1521 3723 per
1550 3642 1722 3722 quod
1754 3650 1986 3703 matres
2023 3660 2243 3703 eorum
2275 3640 2404 3722 pri-

917 3739 1080 3801 vasti
1115 3738 1402 3802 filiorum
1437 3758 1696 3801 suorum
1729 3739 1978 3802 solatio.
2013 3739 2277 3813 Quidam
2314 3746 2405 3800 ta—

917 3856 1063 3899 men
1124 3845 1449 3919 exponunt
1505 3838 1625 3901 hoc
1673 3839 1752 3900 de
1799 3838 1972 3918 Agag
2019 3837 2082 3897 in
2135 3855 2406 3917 persona

919 3934 1084 4015 regis
1132 3934 1642 4011 Amalecitarum‚
1684 3935 1797 4016 qui
1849 3944 2132 4017 tempore
2179 3934 2405 4016 Moysis

917 4033 1226 4112 quosdam
1251 4031 1277 4094 f
1281 4033 1538 4095 iliorum⁴
1555 4033 1742 4096 lsrael
1776 4033 1841 4095 in
1873 4034 2122 4096 deserto
2152 4032 2402 4109 occidit,

920 4138 982 4192 et
1025 4138 1258 4193 matres
1301 4131 1666 4193 eorumdem
1715 4130 1871 4192 filiis
1921 4130 2052 4192 suis
2102 4130 2399 4213 privavit.

2512 3641 2723 3722 potius
2750 3642 2918 3704 faeta
2947 3650 3043 3705 est
3070 3642 3147 3703 ad
3176 3641 3613 3724 sepeliendum
3639 3640 3985 3706 honorifice

2513 3740 2892 3802 Samuelem.
2948 3740 3156 3803 Potest
3204 3740 3397 3803 etiam
3443 3740 3592 3815 dici,
3631 3740 3783 3822 quia
3824 3740 3986 3822 quod

2512 3838 2833 3901 modicum
2884 3846 2999 3915 est,
3049 3857 3164 3920 pro
3212 3838 3416 3901 nihilo
3474 3846 3825 3920 reputatur.
3876 3838 3991 3899 Un-

2514 3937 2613 4012 de,
2650 3937 2704 3998 si
2745 3945 2965 4019 postea
3005 3937 3167 3999 vidit
3204 3956 3373 4013 eum,
3414 3936 3534 3999 hoe
3564 3935 3685 3998 fuit
3714 3937 3899 4017 quasi
3930 3936 3989 3997 in

2518 4042 2884 4098 transcursu
2934 4055 3046 4098 seu
3096 4034 3566 4098 incidentaliter
3606 4043 3671 4097 et
3718 4036 3858 4097 sine
3908 4034 3993 4096 af-

2519 4132 2677 4195 fatu.
2716 4137 3161 4196 Verumtamen
3212 4136 3464 4211 luyebal
3500 4136 3768 4207 Samuel
3814 4136 3994 4198 Saul.

920 4230 1034 4290 Sic
1063 4231 1294 4307 absque
1326 4230 1545 4289 liberis
1575 4231 1699 4289 eric
1731 4231 1901 4289 inter
1933 4232 2234 4290 mulieres
2274 4248 2409 4288 ma-
2440 4229 2487 4290 D
2517 4234 2827 4311 quoniam
2869 4235 3222 4295 Dominum
3254 4234 3630 4310 paenitebat,
3658 4234 3831 4311 quod
3858 4252 3995 4291 con-

923 4336 1018 4387 ter
1062 4335 1196 4398 lua,
1246 4325 1309 4387 id
1351 4334 1467 4403 est,
1519 4335 1586 4389 tu
1635 4344 1892 4408 quoque
1942 4345 2111 4389 nunc
2162 4324 2409 4388 interfi-

921 4422 1108 4488 cieris
1145 4444 1160 4487 ε
1193 4442 1321 4505 quo
1368 4422 1558 4501 facte,
1594 4434 1796 4487 mater
1837 4433 1944 4487 tua
1973 4424 2215 4506 absque
2247 4422 2407 4486 filiis

920 4522 1062 4585 erit.
1105 4521 1334 4584 Dicunt
1377 4532 1588 4586 autem
1635 4522 1954 4599 nonnulli,
1988 4523 2158 4604 quod
2205 4530 2409 4586 mater

921 4620 1114 4701 hujus
1136 4620 1306 4702 Agag
1333 4621 1464 4702 jam
1495 4622 1662 4685 inter
1692 4622 1850 4684 alios
1871 4620 2251 4684 Amalecitas
2285 4619 2409 4683 fuit

919 4717 1148 4781 occisa.
1193 4718 1423 4801 Sieque
1465 4739 1577 4802 per
1622 4719 1817 4783 verba
1858 4718 1978 4782 ista
2020 4718 2403 4795 insinuatur,

920 4817 1092 4898 quod
1123 4817 1337 4881 nullus
1369 4837 1445 4881 ex
1476 4817 1634 4880 filiis
1669 4817 1842 4881 illius
1873 4827 2040 4881 esset
2067 4825 2410 4899 supersteS,

2516 4333 2825 4392 stiluisset
2854 4353 3066 4409 reyem
3098 4334 3266 4393 Saul
3292 4351 3487 4408 super
3513 4333 3741 4402 Israel,
3778 4330 3842 4391 id
3880 4336 3988 4404 est,

2518 4437 2777 4511 peecata
2819 4429 3025 4491 Saulis
3069 4428 3357 4505 deflevit,
3394 4436 3455 4491 et
3485 4428 3695 4510 ipsum
3746 4436 3996 4509 propter

2520 4546 2633 4589 sua
2664 4536 2945 4609 peecata,
2981 4546 3096 4609 per
3124 4546 3265 4609 quae
3292 4526 3527 4589 meruit
3558 4526 3647 4588 ita
3677 4525 3995 4607 reprobari

2519 4646 2556 4688 a
2584 4625 2889 4700 Domin03
2937 4634 2999 4688 et
3044 4626 3134 4688 ita
3174 4644 3363 4706 quem
3407 4624 3761 4706 increpavit
3794 4624 3857 4685 in
3890 4643 3999 4705 pu—

2520 4723 2711 4800 blice,
2745 4724 3102 4805 deploravit
3146 4723 3212 4785 in
3258 4722 3474 4785 abdito
3508 4740 3525 4785 :
3558 4740 3689 4803 quo
3730 4729 3992 4794 constat,

2521 4823 2691 4903 quod
2724 4842 2798 4885 ex
2830 4823 3090 4885 caritate
3124 4820 3359 4903 prodiit
3391 4820 3741 4902 increpatio
3770 4820 3901 4882 illa.
