4359 6250
612 879 646 922 ll
664 879 761 923 Cor.
775 878 870 927 133.

904 482 983 545 96

1681 494 2031 541 ΕΝΑΒΒΑΤΙΟ
2074 496 2136 539 ΙΝ
2179 490 2319 539 CAP-
2362 489 2491 536 1111
2533 490 2732 537 tosus.
2778 510 2859 521 -·
2900 493 3042 541 ΛΒΤ.
3089 494 3216 540 XXX

905 670 1028 733 fuit
1066 668 1249 752 quasi
1275 670 1708 751 juramentum
1741 685 1856 749 per
1891 666 2391 729 exsecrationem
2426 661 2477 723 A
2507 666 2600 729 cis
2648 682 2837 744 quam
2900 666 3254 745 posteritati
3304 686 3525 731 eorum
3575 674 3741 729 esset
3792 665 3859 729 in
3908 665 4005 728 si-

905 788 1016 831 seu
1049 767 1570 849 imprecationem
1605 764 1754 827 mali
1789 764 1854 827 in
1887 784 1954 827 se
1979 761 2395 846 ipsum,sicut

901 876 966 930 et
997 866 1153 928 illud
1184 865 1468 948 Apostoli
1491 885 1504 929 :
1527 865 1654 943 Ego
1679 872 1902 926 testem
1937 863 2166 926 invoco
2189 862 2389 923 Deum

906 966 971 1027 in
1003 965 1283 1027 animam
1322 982 1552 1039 meam,
1587 971 1708 1026 etc.
1743 966 1828 1023 Et
1857 966 1916 1023 si
1953 983 2027 1022 ea
2059 970 2267 1022 mente
2305 962 2396 1037 fe-

901 1068 1109 1126 cimus
1139 1064 1258 1127 hoc
1288 1062 1507 1139 altare,
1548 1072 1617 1123 ut
1647 1065 2018 1123 holocausta
2045 1070 2104 1121 et
2143 1060 2396 1135 sacrifi-

903 1166 1008 1224 cia
1055 1173 1114 1224 et
1155 1163 1466 1241 pacificas
1516 1162 1812 1221 victimas
1851 1180 2042 1236 super
2085 1178 2151 1217 eo
2197 1159 2395 1233 impo-

903 1284 1197 1323 neremus
1244 1262 1323 1324 ad
1377 1259 1837 1323 immolandum
1882 1276 2034 1320 vero
2077 1258 2226 1332 Deo,
2262 1258 2395 1333 ipse

900 1371 1149 1439 quan-at
1175 1371 1236 1421 et
1249 1361 1534 1437 judicet,
1566 1358 1631 1420 id
1671 1366 1789 1434 est,
1826 1356 2102 1419 debitam
2137 1372 2389 1437 poenam

900 1478 937 1521 a
986 1459 1170 1522 nobis
1212 1458 1513 1539 requirat,
1548 1475 1792 1537 nosque
1832 1454 2167 1536 dijudicet.
2209 1452 2393 1515 Deni-

899 1576 1025 1639 que
1055 1556 1494 1621 holocaustum
1525 1564 1620 1619 est
1651 1554 1858 1619 hostia
1877 1571 2023 1635 quae
2042 1552 2121 1614 ad
2151 1549 2389 1614 divinae

902 1656 1250 1739 majestatis
1294 1656 1600 1719 honorem
1645 1662 1776 1717 tota
1819 1650 2255 1723 comburitur;
2293 1668 2390 1711 sa-

901 1756 1220 1819 crificium
1257 1764 1468 1819 autem
1509 1772 1678 1817 nunc
1717 1752 1992 1815 sumitur
2033 1769 2148 1832 pro
2180 1748 2390 1813 hostia

2502 783 2697 845 gnum
2731 776 2794 829 et
2824 766 3195 829 memoriale
3228 784 3301 828 ac
3336 764 4001 845 argumentum,quod

2504 872 2568 925 et
2596 864 2721 945 ipsi
2752 874 2964 927 essent
2994 864 3267 946 populus
3300 863 3429 941 Dei,
3456 872 3519 927 et
3546 864 3650 944 jus
3682 863 4006 925 haberent

2504 961 2669 1024 sicut
2716 970 2779 1025 et
2818 970 3040 1026 ceterae
3090 962 3293 1025 tribus
3331 961 3542 1038 lsrael,
3585 961 3664 1023 ad
3713 959 4009 1024 offeren-

2504 1060 2655 1123 dum
2690 1081 2879 1143 super
2902 1062 3101 1125 altare
3131 1062 3262 1124 Dei.
3298 1062 3483 1123 Absit
3514 1082 3553 1121 a
3586 1062 3764 1121 nobis
3792 1063 4006 1119 scelus

2502 1163 2636 1233 hoe,
2672 1172 2745 1222 ut
2787 1165 3154 1223 recedamus
3198 1184 3239 1222 a
3282 1162 3581 1231 Domine,
3612 1170 3671 1221 et
3709 1160 3847 1236 ejus
3894 1178 4005 1217 ve-

2500 1261 2723 1336 sliqia,
2770 1259 2832 1321 id
2878 1268 2974 1323 est
3022 1268 3335 1343 praecepta
3381 1267 3446 1322 et
3492 1256 3765 1321 effectus
3798 1256 4004 1318 bene-

2504 1355 2687 1434 ficoS,
2722 1358 2966 1421 scilicet
3004 1378 3215 1421 arcam
3256 1357 3605 1421 testimonii
3655 1364 3719 1419 et
3764 1354 3992 1428 altare,

2500 1459 2965 1537 relinquamus,
3008 1456 3551 1531 Quemadmodum
3580 1454 3753 1518 enim
3787 1452 3987 1516 vesti-

2500 1554 2675 1635 gium
2702 1565 3110 1637 repraesentat
3133 1575 3277 1619 eum
3307 1556 3419 1637 qui
3454 1554 3612 1618 illud
3646 1550 3985 1635 impressit,

2500 1652 2587 1714 ita
2635 1655 2967 1736 sapientia,
3017 1653 3501 1737 omnipotentia,
3548 1651 3815 1733 justitia,
3870 1648 3983 1711 bo-

2501 1751 2666 1815 nitas
2697 1762 2760 1815 et
2791 1754 3140 1817 eminentia
3175 1754 3308 1830 Dei,
3352 1753 3419 1814 in
3462 1752 3603 1833 ejus
3646 1748 3979 1834 praeceptis

899 1874 1040 1936 quae
1061 1874 1176 1938 pro
1197 1854 1571 1917 remissione
1593 1850 1834 1935 peccati
1857 1846 2391 1913 offertur.Pacifi-
2417 1845 2464 1906 B
2499 1848 2969 1933 effectibusque
3018 1849 3297 1934 praesatis
3346 1851 3654 1915 relucent.
3708 1852 3983 1911 Exstru—

897 1972 972 2016 ca
1003 1972 1152 2017 vero
1183 1951 1441 2016 victima
1472 1960 1568 2015 est
1598 1950 1806 2013 hostia
1837 1967 1952 2031 pro
1983 1967 2159 2031 pace,
2186 1947 2389 2009 salute

895 2060 1007 2113 aut
1045 2051 1268 2131 gratia,
1320 2049 1717 2132 impetranda
1763 2054 1874 2111 aut
1919 2046 2380 2120 conservanda,

895 2150 1162 2215 Domino
1192 2150 1538 2213 immolata.
1573 2150 1660 2209 Et
1699 2168 1829 2208 non
1867 2168 1943 2206 ea
1985 2146 2191 2222 mayis
2221 2145 2389 2221 00ρί-

897 2252 1136 2311 tatione
1165 2260 1354 2329 atque
1386 2257 1688 2319 tractatu,
1720 2245 1786 2307 id
1823 2253 1920 2308 est
1959 2243 2231 2307 consilio
2272 2260 2385 2305 seu

895 2349 1374 2424 deliberatione,
1421 2357 1492 2409 ut
1534 2350 1912 2417 diceremus,
1947 2344 2012 2406 id
2056 2351 2174 2419 est,
2220 2342 2388 2403 inter

896 2466 1011 2511 nos
1072 2446 1487 2529 probabiliter
1534 2443 1929 2525 conjecimus
1978 2461 2052 2505 ac
2103 2439 2376 2503 contuli-

893 2566 1065 2621 mus3
1103 2546 1226 2622 vel,
1260 2546 1335 2607 Ut
1368 2545 1724 2608 diceremus
1754 2542 1960 2617 vobiS,
1997 2539 2381 2620 assignando

892 2663 1146 2707 causam
1187 2641 1634 2707 aedisicationis
1674 2641 1867 2722 hujus
1911 2637 2130 2701 altaris
2166 2655 2180 2700 ε
2231 2639 2385 2697 Cras

891 2745 1106 2804 dicent
1134 2746 1268 2821 fi'lii
1299 2743 1494 2801 vestri
1522 2742 1685 2818 filiis
1715 2741 1975 2807 φιοεινίε,
1999 2736 2064 2799 id
2095 2745 2217 2813 est,
2248 2752 2386 2817 pro-

893 2840 1192 2904 babiliter
1221 2840 1622 2921 suspicamur
1651 2857 1725 2901 ac
1758 2836 2383 2917 formidamuS,quod

893 2948 1176 3021 tempore
1219 2938 1598 3019 procedente
1631 2935 1869 3019 posteri
1914 2934 2105 2998 vestri
2148 2934 2381 2997 dicturi

2497 1960 2593 2009 eto
2640 1954 2843 2012 altari
2890 1954 2977 2012 ad
3024 1954 3391 2013 holocausta
3439 1960 3499 2010 et
3544 1951 3871 2026 sacrificia
3924 1958 3987 2007 et

2498 2050 2793 2110 victimas
2829 2054 3209 2127 offerendas,
3240 2060 3479 2127 praeter
3509 2052 3717 2111 altare
3752 2048 3973 2109 Domi-

2498 2150 2571 2208 ni
2608 2152 2781 2228 quod
2814 2157 3213 2210 eoestructum
3260 2159 3350 2210 est
3398 2159 3547 2211 ante
3598 2151 3975 2209 tabernacu-

2494 2250 2633 2309 lum
2669 2249 2829 2325 ejus.
2864 2248 3067 2310 Unum
3098 2245 3272 2312 enim
3309 2247 3511 2310 altare
3542 2246 3665 2309 fuit
3700 2246 3765 2309 in
3810 2245 3973 2309 atrio

2492 2353 2641 2408 ante
2688 2355 2750 2409 ct
2799 2355 2973 2409 extra
3030 2346 3262 2409 ostium
3316 2346 3729 2421 tabernaculi,
3780 2363 3973 2427 super

2494 2443 2665 2523 quod
2722 2444 3041 2508 sacrificia
3107 2444 3325 2527 populi
3392 2444 3852 2521 offerebantur,
3921 2452 3984 2507 et

2492 2542 2573 2603 de
2622 2542 2733 2605 illo
2778 2543 2911 2625 jam
2958 2561 3188 2607 sermo.
3232 2542 3419 2605 Aliud
3455 2544 3525 2605 in
3566 2541 3977 2606 tabernaculo

2494 2648 2650 2703 erat.

2577 2743 2819 2809 Quibus
2850 2742 3123 2811 audilis,
3145 2750 3265 2805 etc.
3290 2740 3401 2803 Hic
3434 2740 3733 2803 recitatur
3762 2758 3976 2822 quem·

2492 2838 2835 2903 admodum
2878 2839 3146 2903 Phinees
3185 2848 3248 2903 et
3291 2839 3403 2921 qui
3449 2858 3595 2903 cum
3646 2858 3721 2903 eo
3770 2849 3979 2915 erant,

2496 2936 2679 2999 valde
2722 2938 3068 3000 contentati
3120 2936 3379 3002 fuerunt
3428 2957 3505 3000 ex
3553 2938 3673 3000 ista
3723 2956 3985 3019 respon-

891 3037 1019 3099 sint
1053 3038 1323 3119 posteris
1355 3036 1589 3099 nostris
1617 3053 1631 3098 ε
1672 3038 1844 3104 Quid
1875 3037 2046 3095 vobis
2075 3044 2135 3095 et
2157 3036 2379 3094 Domi·
2417 3025 2462 3088 C
2493 3033 2694 3097 sione.
2746 3037 3061 3115 Dioeitque
3108 3038 3387 3098 Phinees
3434 3039 3617 3113 filius
3670 3038 3980 3098 Eleazari

888 3158 971 3198 no
1009 3140 1137 3199 Deo
1171 3141 1423 3199 Israel?
1464 3136 1526 3199 id
1566 3143 1682 3211 est,
1731 3154 1857 3198 non
1901 3133 2239 3217 pertinetis
2288 3134 2367 3194 ad

890 3235 1250 3310 Dominum,
1288 3253 1404 3297 nec
1454 3234 1606 3297 estis
1656 3234 1734 3296 de
1785 3241 1953 3296 sorte
2001 3240 2064 3294 et
2115 3249 2382 3294 numero

889 3333 1112 3414 populi
1144 3335 1305 3414 ejuS.
1340 3333 1533 3413 Cujus
1565 3331 1724 3394 ratio
1757 3331 2051 3392 subditur
2088 3349 2101 3392 :
2147 3333 2382 3392 Termi-

887 3453 1048 3493 num
1071 3434 1289 3508 posuit
1310 3433 1632 3492 Dominus
1655 3433 1829 3491 inter
1852 3451 1957 3490 vos
1981 3440 2040 3490 et
2071 3450 2185 3490 nos
2213 3434 2276 3506 (o
2304 3434 2378 3507 fi·

889 3532 971 3590 lii
1007 3533 1232 3592 Ruben
1269 3540 1327 3591 et
1369 3533 1540 3606 Gad)
1579 3532 1929 3590 Iordanem
1965 3530 2277 3604 fluvium,
2322 3539 2381 3588 et

887 3630 1128 3688 idcirco
1151 3637 1407 3705 partem
1437 3647 1568 3688 non
1597 3628 1841 3687 habetis
1865 3627 1934 3686 in
1967 3627 2242 3686 Domino
2270 3646 2293 3684 .·
2317 3624 2381 3686 id

887 3733 1005 3802 est,
1032 3744 1158 3789 non
1191 3724 1522 3808 estispars
1554 3722 1777 3807 populi
1807 3724 1964 3804 ejuS‚
1984 3741 2099 3786 nec
2131 3722 2381 3786 habetis

885 3823 989 3903 jus
1009 3823 1328 3888 offerendi
1361 3823 1428 3885 in
1451 3821 1861 3885 tabernaculo
1881 3821 2044 3902 ejuS‚
2061 3821 2162 3884 vel
2187 3839 2380 3903 super

885 3923 1082 3985 altare
1113 3922 1338 4004 ipsiuS,
1357 3940 1558 4003 quum
1586 3929 1751 3983 terra
1784 3918 2250 4001 promissioniS,
2270 3939 2379 4001 po-

885 4020 1038 4102 pulo
1071 4019 1182 4082 Dei
1218 4019 1553 4102 promissa,
1591 4017 1857 4080 finiatur
1889 4018 1969 4079 ad
1995 4017 2367 4082 ‘Jordanem.

885 4124 971 4182 Ει
1019 4121 1261 4180 ideirco
1299 4139 1424 4196 per
1470 4121 1639 4179 lianc
1688 4119 2102 4187 occasionem,
2153 4117 2219 4179 id
2280 4126 2375 4180 est

2489 3139 2777 3196 sacerdos
2820 3139 2909 3195 ad
2954 3157 3052 3196 eos
3082 3158 3106 3196 .·
3138 3138 3207 3200 N
3209 3156 3333 3198 une
3374 3138 3613 3196 seimus
3656 3139 3827 3216 quod
3870 3156 3980 3196 vo-

2492 3235 2736 3294 biscum
2785 3236 2870 3294 sit
2908 3237 3248 3306 Dominus,
3302 3238 3461 3315 quia
3503 3237 3711 3296 alieni
3748 3237 3895 3294 estis
3940 3257 3983 3295 a

2483 3335 3027 3409 praevaricatione
3062 3335 3202 3405 hac,
3244 3333 3395 3415 quia
3427 3342 3555 3395 tam
3586 3332 3848 3396 solliciti
3876 3352 3983 3396 ex-

2491 3430 2743 3492 stitistis
2764 3440 2826 3524 et
2854 3432 3007 3494 estis
3038 3432 3117 3494 ad
3150 3432 3659 3514 praecavendum,
3686 3431 3873 3494 etiam
3910 3432 3979 3494 in

2492 3525 2800 3603 futurum,
2836 3527 2941 3590 Dei
2974 3526 3331 3602 offensam3
3372 3538 3431 3588 et
3462 3530 3781 3589 liberastis
3808 3531 3981 3606 filios

2488 3629 2694 3686 Israel
2721 3631 2800 3686 de
2830 3648 3034 3688 manu
3061 3629 3334 3688 Domini
3364 3649 3387 3688 .·
3419 3626 3482 3689 id
3516 3635 3634 3704 est,
3670 3646 3784 3709 per
3812 3627 3979 3689 anti-

2488 3722 2872 3805 cipationem
2914 3726 3347 3807 praeservastis
3378 3733 3621 3788 ceteras
3658 3725 3859 3787 tribus
3898 3725 3979 3787 ls-

2490 3823 2616 3884 rael
2658 3842 2695 3885 a
2735 3842 2944 3905 poena‚
2978 3843 3121 3906 quae
3160 3823 3254 3886 eis
3299 3823 3685 3902 immineret,
3721 3824 3773 3885 si
3804 3842 3976 3887 com-

2490 3920 2825 3985 misissetis
2854 3922 3097 3985 crimen
3119 3923 3289 4004 quod
3323 3923 3747 4005 imposuimus
3768 3923 3972 3986 vobis.

2480 4023 2918 4101 Reversusque
2945 4032 3035 4082 est
3068 4042 3215 4082 eum
3238 4023 3655 4100 principibus
3683 4025 3772 4083 ad
3805 4023 3978 4099 filios

2483 4122 2710 4190 Israel,
2722 4130 2783 4180 et
2806 4121 3029 4181 retulit
3047 4121 3160 4181 eis.
3174 4122 3565 4200 Placuitque
3591 4139 3796 4181 sermo
3816 4141 3972 4181 eun-

883 4218 1129 4281 calvam
1170 4225 1234 4280 et
1279 4215 1502 4279 salsam
1555 4215 2056 4298 persuasionem,
2083 4227 2373 4278 avertent
2404 4222 2452 4284 D
2482 4219 2599 4276 ctis
2628 4220 3064 4280 audientibus.
3117 4221 3636 4298 Vocaveruntque
3663 4220 3799 4297 filii
3834 4221 3969 4280 Ru-

885 4315 1196 4392 l'ortassis,
1223 4316 1288 4377 id
1319 4324 1436 4391 est,
1462 4321 1748 4378 avertere
1773 4322 2094 4396 poterunt,
2119 4317 2255 4393 filii
2279 4337 2374 4376 ve-

882 4417 1006 4476 stri
1035 4417 1206 4492 filios
1239 4425 1481 4476 nostros
1515 4434 1558 4474 a
1593 4416 1818 4474 timore
1851 4416 2120 4475 Domini
2151 4433 2174 4475 .·
2221 4413 2373 4494 quia

881 4513 1172 4576 videntes
1203 4533 1272 4576 se
1303 4512 1391 4575 ita
1431 4511 1654 4593 repelli
1686 4530 1723 4573 a
1753 4512 1928 4574 cultu
1958 4513 2091 4589 Dei,
2126 4512 2206 4574 ad
2244 4511 2373 4575 ido-

885 4611 1199 4676 lolatriam
1229 4612 1476 4674 cadent.

963 4713 1356 4774 Putavimus
1399 4712 1617 4790 itaque
1647 4712 1903 4780 meliuS,
1934 4721 1994 4771 et
2023 4714 2319 4774 dioeimus
2350 4732 2372 4772 .·

883 4810 1320 4871 Eat-struamus
1351 4810 1528 4870 nobis
1561 4813 1790 4878 altare,
1809 4829 1938 4868 non
1970 4811 2042 4869 in
2073 4812 2374 4872 holocau-

879 4920 1001 4982 sta,
1035 4929 1238 4990 neque
1277 4912 1364 4969 ad
1399 4909 1697 4969 victimas
1741 4911 2117 4984 offerendas,
2149 4912 2259 4968 sed
2301 4912 2371 4971 in

883 5010 1316 5070 testimonium
1360 5010 1529 5068 inter
1572 5026 1684 5068 nos
1724 5015 1783 5066 et
1828 5026 1955 5076 vos,
1998 5016 2057 5066 et
2099 5008 2367 5068 sobolem

878 5118 1164 5170 nostram
1197 5117 1595 5185 vestramque
1618 5106 2105 5182 proqeniem,ut
2135 5108 2371 5167 servia-

879 5229 1022 5269 mus
1063 5209 1360 5276 Domino,
1409 5212 1529 5267 etc.
1565 5203 1796 5266 Textus
1840 5211 1938 5266 est
1982 5203 2231 5284 planus.
2277 5203 2369 5267 Ad

878 5306 996 5370 hoe
1037 5305 1277 5388 quippe
1317 5302 1608 5367 fecerunt
1649 5302 1846 5365 altare
1889 5301 2081 5380 istud,
2127 5310 2198 5365 ut
2234 5311 2365 5366 tam

2482 4318 2597 4376 ben
2631 4326 2692 4376 et
2718 4318 2856 4394 filii
2896 4320 3064 4387 Gad,
3086 4335 3398 4406 per-quos
3430 4325 3495 4379 et
3524 4316 3651 4379 filii
3684 4316 3969 4380 dimidiae

2483 4413 2685 4476 tribus
2706 4413 2985 4477 Manasse
3005 4415 3237 4477 dantur
3257 4414 3544 4494 intelligi,
3566 4420 3776 4477 altare
3804 4419 3976 4496 quod

2478 4523 2957 4585 exstruxerant,
2980 4515 3441 4575 Testimonium
3469 4525 3763 4576 nostrum
3794 4519 3971 4594 quod

2480 4614 2799 4673 Dominus
2832 4614 2967 4690 ipse
3002 4615 3089 4672 sit
3120 4614 3312 4684 Deus,
3352 4610 3416 4673 id
3462 4621 3580 4689 est,
3616 4614 3787 4694 quod
3832 4615 3968 4677 veri

2486 4709 2591 4772 Dei
2622 4709 2895 4792 populus
2916 4718 3107 4792 atque
3124 4710 3399 4774 cultores
3424 4731 3667 4774 sumus..
3690 4713 3845 4775 Nam
3873 4715 3978 4792 (ut

2480 4809 2789 4890 Josephus
2819 4811 3227 4891 protestatur)
3258 4810 3429 4872 hunc
3460 4809 3717 4873 titulum
3752 4830 3911 4893 supe
3924 4832 3979 4874 r-

2483 4906 2875 4989 scripserunt
2917 4907 3100 4976 altari
3140 4908 3219 4969 ad
3262 4917 3635 4992 perpetuam
3682 4910 3972 4973 veritatis

2483 5005 2877 5069 memoriam.

2573 5105 2662 5166 Ex
2711 5104 2826 5167 hac
2875 5103 3139 5168 historia
3186 5106 3527 5168 edocemur
3572 5106 3708 5170 zelo
3756 5106 3965 5170 divini

2481 5203 2741 5267 honoris
2794 5202 3060 5280 fervere,
3112 5221 3327 5266 amore
3385 5204 3651 5286 justitiae
3712 5204 3979 5267 inflam-

2480 5302 2663 5379 mari,
2713 5320 2827 5384 pro
2875 5308 3271 5383 posterorum
3321 5311 3683 5368 nostrorum
3724 5303 3975 5366 sollici-
