4359 6250
929 485 1049 548 432
1561 497 1907 544 manuario
1950 499 2011 544 m
2054 498 2190 544 car.
2238 497 2260 544 1
2301 498 2458 544 unm
2501 499 2751 545 saeuum
2783 500 3018 547 neuun.
3062 520 3143 530 —
3182 501 3325 547 aar.
3372 502 3393 547 1

928 671 1231 753 plangere
1273 671 1707 735 valetudinem
1754 678 1818 732 et
1862 668 2260 733 debilitatem
2309 687 2420 750 po—
2447 668 2496 730 A
2529 674 2722 734 niani
2749 694 2941 752 super
2969 695 3102 745 vos,
3133 674 3199 737 id
3237 683 3356 752 est,
3391 673 3772 737 infructuosi
3801 676 3884 738 de
3915 693 4024 737 ce-

926 770 1059 851 puli
1084 769 1294 846 Israel,
1316 769 1380 832 in
1405 769 1661 852 propria
1693 777 1860 832 terra
1880 788 1953 832 ac
1975 767 2131 832 locis
2152 765 2419 830 excelsis
2528 777 2662 834 tero
2694 771 2865 846 sitis;
2898 791 3044 836 nam
3087 771 3502 837 fructificatio
3533 781 3716 836 terrae
3745 773 4020 854 requirit

928 868 1195 949 turpiter
1227 869 1380 932 victi
1418 886 1432 930 ε
1469 889 1544 931 cx
1575 887 1703 950 quo
1737 867 1951 929 intulit
1984 865 2414 941 lamentand0‚
2527 867 2882 944 humorem,
2908 870 3039 935 imo
3065 880 3133 934 et
3151 871 3434 954 pluviam
3469 871 3535 933 in
3567 879 3732 935 terra
3757 872 4013 948 Judaeae,

922 967 1095 1048 quod
1124 968 1255 1047 jam
1287 986 1415 1031 non
1449 967 1725 1030 restabat
1764 966 1989 1028 modus
2022 963 2416 1028 defendendi
2523 965 2702 1045 juxta
2731 967 2891 1031 illud
2921 969 3394 1034 Deuteronomii
3429 988 3444 1032 ε
3479 970 3671 1033 Terra
3707 971 3786 1032 ad
3815 989 4014 1052 quam
4097 989 4212 1030 nm.
4237 1005 4280 1033 ι,

923 1064 1177 1146 plebem
1226 1085 1301 1128 ac
1344 1065 1637 1148 patriam,
1693 1064 1816 1126 nisi
1862 1083 1975 1146 per
2020 1061 2412 1144 sagittarium
2527 1065 2898 1146 ingrederiS‚
2933 1078 3269 1132 montuosa
3311 1077 3430 1146 est,
3473 1071 3552 1132 dc
3595 1069 3756 1132 coelo
3795 1081 4018 1151 exspe-
4051 1055 4114 1094 ¹⁰·
4137 1057 4196 1093 ¹¹·

922 1171 1147 1240 artem,
1165 1183 1277 1246 per
1306 1182 1501 1245 quam
1528 1163 1870 1226 debiliores
1901 1162 2288 1244 quandoque
2319 1179 2417 1221 su·
2524 1173 2702 1227 ctans
2751 1166 3059 1247 pluviam.
3106 1167 3336 1249 Sicque
3387 1167 3452 1230 in
3505 1167 3716 1230 verbis
3760 1167 3862 1229 his
3913 1177 4014 1230 ωε

925 1270 1149 1343 perant
1182 1261 1478 1324 fortiores
1512 1281 1525 1325 :
1562 1262 1728 1341 quod
1771 1278 1899 1324 non
1940 1258 2099 1323 solet
2139 1258 2227 1320 ita
2266 1276 2420 1321 con·
2525 1263 2932 1344 metonymia,
2984 1264 3290 1347 quoniam
3338 1283 3531 1328 causa
3581 1264 3839 1346 ponitur
3891 1283 4014 1347 pro

926 1360 1171 1441 tingere
1205 1359 1271 1422 in
1302 1359 1493 1423 bellis
1521 1379 1666 1442 quae
1699 1359 1869 1421 fiunt
1900 1357 1967 1420 in
1998 1357 2234 1438 gladio.
2270 1357 2414 1419 Ideo
2524 1357 2787 1438 effectu,
2823 1361 3120 1427 videlicet
3149 1381 3252 1426 ros
3284 1371 3347 1426 et
3375 1362 3595 1445 pluvia
3621 1381 3739 1445 pro
3771 1361 4010 1438 fructu,

927 1458 1119 1522 David
1172 1467 1469 1540 tanquam
1520 1456 1901 1540 prooemium
1951 1455 2256 1518 carminis
2315 1453 2412 1516 sui
2522 1457 2633 1537 qui
2665 1477 2742 1520 ex
2775 1478 2918 1524 rore
2947 1469 3011 1524 et
3042 1460 3260 1543 pluvia
3289 1459 3592 1523 nascitur.
3627 1463 3848 1541 Neque
3873 1463 4012 1520 sinc

923 1556 1253 1637 praemisit,
1278 1555 1715 1620 lamentatorie
1745 1555 1986 1631 dicenS,
2012 1553 2315 1635 Praecepit
2345 1562 2416 1615 ut
2525 1554 2615 1618 ibi
2645 1561 2795 1636 aare·
2812 1561 3303 1637 primitiarum,
3336 1559 3400 1621 id
3445 1567 3542 1622 est
3595 1568 3762 1622 terra
3801 1559 4012 1622 arabi-

924 1654 1225 1717 docerent
1255 1654 1428 1718 filios
1456 1655 1616 1718 Juda
1644 1673 1885 1717 arcum.
1982 1685 1989 1690 ·
2523 1653 2624 1731 lis,
2681 1655 2748 1718 in
2797 1676 2926 1738 qua
2976 1667 3317 1722 nascantur
3371 1657 3681 1739 gramina,
3733 1676 4008 1739 quorum

1002 1756 1221 1815 Nolite
1262 1757 1663 1816 annuntiare
1706 1755 1779 1814 in
1829 1755 2011 1822 Gelli,
2047 1751 2111 1813 id
2160 1759 2280 1827 est,
2329 1749 2414 1812 fa·
2523 1753 2850 1833 primitiva
2891 1755 3255 1819 offerantur
3291 1756 3604 1819 ministris
3645 1754 3865 1837 templi
3911 1775 4012 1817 se—
4089 1776 4212 1818 xm,

923 1859 1094 1916 ctum
1126 1852 1294 1915 istud
1329 1871 1455 1916 non
1489 1851 1828 1932 divulgetis
1861 1849 2063 1930 magis
2094 1868 2284 1930 quam
2317 1848 2412 1910 di-
2448 1851 2495 1914 B
2521 1852 2800 1914 cundum
2847 1854 3074 1934 legem.
3121 1856 3336 1937 ltaque
3369 1855 3576 1918 ‘David
3622 1854 4008 1936 imprecatus
4038 1853 4170 1886 ¹¹'''¹‘
4195 1850 4248 1882 ²³·

634 1967 893 2024 mmmm.
924 1950 1251 2030 vulgatum
1282 1959 1379 2015 est
1420 1951 1483 2012 in
1525 1950 1684 2012 urbe
1713 1948 2216 2023 philistinorum,
2251 1944 2411 2007 Geth
2521 1957 2617 2010 est
2647 1951 2834 2028 mala,
2869 1971 2980 2015 seu
3002 1952 3329 2016 maledixit
3355 1953 3458 2016 his
3489 1952 3839 2029 montibuS‚
3870 1971 4004 2016 non

924 2049 1204 2126 nomine,
1240 2071 1443 2131 neque
1472 2051 1877 2111 annuntietis
1908 2047 2029 2109 hoc
2069 2047 2143 2106 in
2172 2045 2410 2122 compi·
2518 2047 2689 2127 quod
2718 2059 2970 2114 montes
2999 2051 3424 2132 peccaverint,
3461 2052 3573 2114 sed
3604 2059 3862 2134 propter
3895 2051 4010 2112 ad-

922 2151 1005 2209 tis
1034 2153 1395 2218 Ascalonis‚
1418 2148 1481 2210 id
1512 2155 1610 2211 est
1638 2146 1862 2222 triviis,
1884 2164 2025 2228 quae
2056 2152 2205 2207 sunt
2233 2143 2410 2224 juxta
2519 2165 2702 2210 versa
2739 2157 2803 2212 et
2846 2149 3002 2213 vitia
3042 2170 3186 2232 quae
3228 2151 3632 2232 contigerunt
3679 2150 3746 2212 in
3783 2149 3898 2226 eis,
3935 2150 4006 2210 iu

916 2247 1140 2310 urbem
1168 2246 1531 2324 philistiim,
1554 2245 1813 2310 nomine
1842 2243 2131 2306 Ascalon.
2159 2240 2409 2323 Compi·
2516 2246 2998 2312 detestationem
3043 2250 3356 2312 malorum
3395 2249 3788 2331 hujusmodi.
3821 2249 4000 2311 Unde

912 2353 1045 2408 tum
1076 2347 1316 2428 quippe
1354 2354 1451 2408 est
1481 2345 1767 2422 trivium,
1802 2363 1913 2406 seu
1957 2343 2137 2406 locus
2174 2342 2242 2403 in
2275 2358 2404 2421 quo
2516 2344 2926 2427 subjungitur
2958 2349 3158 2428 :quia
3186 2349 3279 2406 ibi
3307 2349 3588 2424 abjectus
3617 2357 3708 2408 esc
3737 2351 4002 2424 clypeus

906 2453 1035 2507 tres
1066 2445 1185 2509 viae
1226 2453 1633 2520 concurrunt,
1668 2443 1737 2504 in
1782 2461 1909 2524 quo
1950 2441 2159 2505 solent
2197 2439 2403 2503 homi·
2513 2445 2811 2522 sortium,
2850 2445 2916 2508 id
2965 2454 3083 2522 est,
3119 2445 3312 2508 fortes
3355 2445 3546 2508 lsrael
3589 2444 4006 2526 perdiderunt

908 2563 1039 2606 nes·
1070 2543 1434 2620 convenire,
1489 2550 1553 2605 et
1602 2560 1887 2605 rumores
1937 2539 2273 2622 percipere
2331 2556 2404 2600 ac
2515 2542 2611 2604 vel
2645 2542 3018 2624 abJ‘ecerunt
3047 2543 3136 2606 ibi
3165 2543 3426 2626 clypeos
3456 2561 3604 2606 suos
3635 2563 3710 2606 ac
3739 2543 3868 2607 alia
3904 2563 4006 2606 ar-

904 2640 1288 2706 referre.'Ne
1306 2643 1474 2718 force
1494 2645 1793 2702 ioecentur
1813 2642 1975 2716 filice
1996 2639 2402 2706 Philia-iiim,
2511 2660 2616 2704 ma
2667 2650 2736 2704 ut
2783 2641 3054 2705 celerius
3105 2641 3418 2722 fugerent.
3463 2641 3600 2719 Vel,
3651 2642 3860 2724 clypei
3909 2642 4000 2704 ibi

907 2740 972 2802 id
1003 2749 1100 2802 est
1120 2739 1420 2803 mulieres
1451 2758 1524 2802 ac
1556 2747 1721 2802 natae
1750 2737 2236 2800 philistinorum
2263 2758 2279 2809 ς
2323 2755 2403 2796 ne
2510 2738 2743 2821 abJecti
2765 2749 2929 2816 sunt,
2943 2741 3008 2802 id
3031 2749 3128 2804 est
3145 2739 3340 2803 ablati
3361 2759 3476 2821 per
3495 2740 3712 2804 hostes
3731 2741 3844 2822 qui
3863 2760 4005 2822 spo-

906 2845 1225 2901 coesultent
1252 2842 1413 2916 filice
1434 2841 2060 2900 incircumcisorum.
2086 2833 2402 2917 Repetitio
2511 2836 2826 2900 liaverunt
2851 2846 3124 2902 armatos
3163 2838 3477 2902 HebraeOS.
3507 2841 3782 2916 clypeus
3811 2843 4004 2907 Saul,

911 2945 1009 3001 est
1046 2938 1333 3019 ejusdem
1378 2936 1732 3013 sententiae,
1777 2935 1929 3017 quia
1969 2933 2272 2997 Philistaei
2314 2932 2404 2994 in·
2508 2940 2698 3016 quasi
2739 2957 2870 2998 non
2909 2947 3062 2998 esset
3103 2947 3336 2998 unctus
3367 2941 3526 3007 oleo,
3556 2936 3622 2999 id
3652 2946 3771 3014 est,
3807 2937 4000 3000 etiam

912 3035 1271 3098 circumcisi
1306 3035 1585 3098 fuerunt.
1624 3032 1975 3097 Exsultatio
2003 3041 2217 3095 tamen
2259 3049 2404 3113 pro-
2435 3039 2478 3104 C
2513 3034 2660 3097 Saul
2711 3053 2819 3098 rex
2869 3035 3082 3099 viliter
3122 3035 3212 3098 ibi
3251 3035 3536 3117 dejectus
3583 3043 3702 3112 est,
3755 3035 4004 3118 clypeo-

911 3134 1051 3218 prie
1079 3133 1530 3217 dicitur,quasi
1560 3142 1739 3197 extra
1766 3152 1834 3195 se
1864 3132 2137 3207 saltatio,
2158 3131 2402 3194 scilicet
2511 3154 2636 3217 que
2664 3136 2948 3218 privatus
2975 3143 3278 3217 tanquam
3307 3154 3476 3198 unus
3507 3137 3586 3199 de
3617 3136 3879 3219 populo.

910 3233 1283 3297 exhilaratio
1312 3231 1598 3314 corporis
1638 3231 1703 3295 in
1744 3230 1927 3311 signa
1957 3230 2198 3293 laetitiae
2240 3228 2398 3293 foris
2586 3233 2778 3297 Porro
2807 3235 2978 3316 quod
3009 3233 3321 3317 sequitur,
3358 3237 3416 3296 A
3447 3235 3772 3312 sanquine
3805 3237 4002 3297 inter-

908 3350 1250 3414 erumpens
1272 3350 1347 3395 cx
1378 3330 1801 3394 redundantia
1832 3328 2155 3391 interioris
2175 3327 2400 3409 jucun·
2507 3333 2844 3410 sectorum,
2878 3335 2960 3393 ab
2993 3336 3187 3411 adipe
3213 3334 3518 3410 sortium,
3547 3332 3812 3413 quidam
3845 3333 4002 3397 refe-

902 3430 1180 3493 dationis
1211 3430 1278 3492 in
1308 3448 1561 3512 corpuS.
1588 3428 1818 3510 Sicque
1849 3434 2119 3510 possunt
2148 3427 2286 3490 haec
2318 3426 2398 3489 ad
2509 3437 2658 3492 runt
2686 3430 2766 3493 ad
2794 3429 2988 3493 verba
3017 3430 3388 3513 praehabita,
3413 3437 3484 3493 ut
3513 3430 3598 3492 sit
3627 3448 3856 3493 sensus
3875 3449 3892 3493 ε
3911 3431 4000 3495 Itu

898 3528 1146 3593 diversa
1179 3528 1425 3606 referri,
1462 3536 1534 3591 ut
1563 3527 1647 3589 sit
1670 3545 1893 3590 sensus
1930 3546 1944 3590 :
1980 3526 2067 3589 Ne
2099 3525 2394 3594 laetentur
2504 3527 2790 3610 abjectus
2833 3536 2929 3591 est
2965 3527 3226 3610 clypeus
3266 3527 3412 3591 Saul
3453 3536 3714 3611 propter
3755 3528 4000 3593 scelera

892 3627 1065 3691 intus
1117 3626 1181 3690 in
1225 3628 1435 3705 corde,
1475 3645 1592 3690 nec
1636 3624 1953 3689 exsultent
1996 3624 2381 3689 chorizando
2502 3645 2646 3709 quae
2693 3626 3031 3704 commisit,
3081 3626 3426 3691 occidendo
3475 3628 3838 3713 sacerdotes
3879 3628 4000 3691 Do-
4043 3644 4244 3700 meam.
4287 3628 4289 3655 ³

891 3746 963 3790 ac
1002 3725 1410 3810 tripudiando
1449 3726 1529 3788 de
1568 3743 1828 3788 suorum
1860 3722 2133 3788 victoria
2178 3732 2243 3785 et
2273 3724 2391 3786 He·
2505 3726 2814 3808 mini,qui
2844 3734 3027 3789 erant
3048 3725 3167 3788 viri
3199 3725 3466 3803 robusti,
3486 3744 3763 3809 quorum
3793 3726 3993 3791 robur
4027 3712 4091 3752 ¹⁸·

894 3826 1209 3891 braeorum
1231 3824 1935 3887 ruina.Consucverunt
1960 3821 2201 3885 etenim
2227 3821 2397 3904 puel·
2506 3844 2618 3907 per
2646 3825 2900 3907 adipem
2921 3825 3314 3905 designatur,
3340 3825 3420 3887 de
3438 3824 3672 3908 quibus
3693 3825 3762 3889 in
3787 3826 3996 3909 primo

902 3927 978 3991 1ae
1008 3934 1072 3989 et
1101 3924 1355 3988 feminae
1380 3923 1445 3985 in
1478 3922 1727 3987 choreis
1748 3929 1812 3985 et
1842 3921 2238 3985 sessionibus
2263 3921 2396 3983 suis
2505 3923 2670 3986 libro
2715 3922 3003 3986 habetur.
3039 3922 3174 3999 Vel,
3210 3921 3301 3985 ita
3333 3922 3583 3987 occisus
3623 3932 3724 3987 est
3752 3923 3900 3987 Saul
3931 3934 3996 3987 et

903 4044 976 4089 ac
1019 4024 1143 4089 viis
1186 4031 1443 4086 cantare
1482 4020 1859 4097 cantilenam,
1894 4020 1973 4083 de
2020 4020 2246 4103 populi
2295 4020 2396 4084 sui
2505 4022 2780 4105 populus
2809 4022 2950 4104 ejus
2988 4041 3027 4084 a
3056 4020 3366 4100 sanguine
3405 4020 3891 4086 interfectorum
3931 4031 3996 4086 et
4285 4060 4287 4065 ·

909 4121 1235 4204 triumpho
1254 4127 1318 4183 et
1336 4118 1840 4183 adversariorum
1866 4118 2223 4200 dejectione
2243 4136 2400 4181 com·
2504 4121 2691 4203 adipe
2721 4119 3005 4196 fortium,
3021 4118 3085 4181 id
3111 4126 3208 4182 cst
3236 4139 3275 4182 a
3293 4119 3646 4197 Philistaeis,
3665 4120 3733 4182 in
3756 4120 3996 4204 quibus

912 4220 1171 4302 positas».
1205 4218 1383 4281 Unde
1421 4226 1484 4281 et
1516 4237 1707 4300 supra
1746 4217 1811 4279 in
1851 4215 2060 4299 primo
2090 4216 2258 4281 libro
2289 4217 2399 4279 ha·
2429 4221 2478 4282 D
2508 4217 2710 4297 viguit
2740 4217 3001 4298 sanguis
3035 4224 3098 4279 et
3136 4216 3352 4298 adeps„
3387 4234 3501 4299 per
3526 4236 3672 4299 quae
3705 4218 3832 4283 duo
3867 4218 3996 4283 for-

661 4334 879 4389 ludam,
910 4319 1136 4382 betur:
1161 4317 1365 4392 Quum
1396 4324 1814 4380 reverteretur
1843 4315 2063 4393 David,
2098 4333 2430 4397 percuss00
2506 4315 2712 4379 titudo
2739 4314 3137 4397 exprimitur,
3180 4314 3484 4395 quoniam
3525 4324 3826 4397 praestant
3857 4334 3998 4379 cor-

618 4402 659 4451 ⁶⁹
681 4403 721 4445 ⁷·
909 4416 1248 4494 Philistum,
1273 4433 1539 4496 egressae
1572 4423 1723 4477 sunt
1756 4414 2057 4477 mulieres
2088 4414 2155 4477 in
2187 4432 2400 4477 occur·
2506 4414 2646 4496 pori
2679 4412 2895 4489 robur,
2917 4411 3096 4492 juxta
3125 4412 3284 4474 illud
3315 4412 3383 4473 in
3403 4411 3552 4477 Job:
3574 4413 3694 4475 Iste
3717 4414 3993 4477 moritur
4026 4434 4236 4479 suma

910 4534 1050 4579 sum
1091 4522 1437 4591 cantanteS,
1472 4514 1827 4594 chorosque
1866 4513 2173 4576 ducentes
2202 4520 2394 4593 atque
2506 4511 2825 4587 robustus,
2870 4510 3114 4573 viscera
3157 4510 3295 4592 ejus
3341 4510 3530 4593 plena
3577 4520 3728 4574 sunt
3771 4512 3990 4594 adipe.
4021 4512 4084 4551 ²⁸·
4283 4584 4285 4595 ἰ

908 4614 1213 4690 dicenteS‚
1230 4612 1545 4676 Percussit
1576 4610 1720 4673 Saul
1754 4609 1952 4687 mille,
1973 4618 2035 4673 et
2064 4610 2265 4672 David
2296 4611 2398 4672 de-
2504 4609 2769 4684 Quidam
2790 4618 3116 4690 exponunt
3136 4608 3267 4673 sic:
3293 4609 3380 4671 lta
3398 4608 3688 4690 abjectus
3711 4618 3806 4673 est
3838 4610 3992 4673 Saul

907 4732 1047 4777 cem
1078 4711 1301 4774 millia.
1328 4710 1392 4773 ln
1428 4709 1836 4793 praeinductis
1870 4707 2079 4771 verbis
2111 4708 2396 4789 loquitur
2504 4729 2541 4772 a
2571 4708 2880 4789 sanguine
2920 4706 3425 4785 interfectorum,
3472 4707 3538 4771 id
3579 4716 3676 4771 est
3723 4718 3995 4791 propter

906 4811 1105 4875 David
1146 4830 1259 4893 per
1298 4809 1556 4872 modum
1595 4807 1897 4890 optantiS,
1930 4825 2058 4889 quo
2088 4807 2234 4889 quis
2267 4826 2394 4871 non
2504 4816 2830 4891 peccatum
2871 4806 3041 4888 quod
3081 4804 3422 4883 commisit,
3458 4808 3824 4888 usurpando
3859 4808 3991 4870 sibi

906 4912 1127 4976 valens
1157 4907 1399 4991 aliquid
1432 4907 1709 4971 totaliter
1741 4905 2072 4987 impedire,
2104 4906 2287 4989 cupit
2322 4906 2396 4967 il·
2503 4905 2890 4970 sacerdotale
2929 4903 3246 4980 officium,
3291 4905 3550 4986 quando
3597 4905 3832 4969 obtulit
3881 4906 3994 4970 ho·
4037 4920 4226 4973 inqu

906 5010 1019 5073 lud
1058 5006 1368 5090 impedire
1405 5014 1713 5087 quantum
1756 5003 2062 5087 possibile
2102 5013 2198 5067 est
2231 5028 2246 5079 3
2293 5006 2391 5067 vel
2503 5007 2786 5069 locausta
2812 5010 2876 5066 et
2905 5002 3218 5078 victimas
3254 5010 3444 5084 prout
3473 5003 3540 5065 in
3575 5002 3782 5084 primo
3815 5003 3992 5069 libro
4017 4986 4056 5027 ⁹'

906 5106 1235 5191 prohibuit
1272 5106 1531 5169 modum
1575 5103 1727 5167 facti
1757 5102 2095 5167 Philistaeis
2140 5101 2388 5181 referri,
2503 5102 2728 5186 patuit.
2752 5102 2942 5165 Porro
2960 5100 3203 5164 Hebraei
3225 5108 3289 5164 et
3307 5101 3566 5183 quidam
3597 5102 3992 5183 expositores

903 5206 1139 5290 quibus
1172 5204 1491 5269 notorium
1525 5202 1647 5264 fuit
1679 5202 1889 5285 ipsum
1924 5202 2187 5265 factum.
2500 5200 2797 5266 catholici
2858 5199 3159 5263 inchoant
3203 5218 3462 5263 versum
3521 5209 3898 5281 sequentem
3957 5220 3994 5265 a

986 5308 1231 5369 Montes
1274 5306 1517 5375 Gelboe,
1550 5322 1664 5364 nec
1700 5322 1829 5375 roa,
1868 5322 1982 5364 nec
2010 5303 2252 5381 pluvia
2296 5322 2394 5363 ve-
2501 5300 2716 5365 verbis
2749 5297 2911 5376 istis,
2936 5297 2985 5360 A
3017 5297 3325 5379 sanguine
3362 5297 3874 5378 interfectorum,
3909 5300 3990 5363 ah
