4359 6250
974 519 1325 566 mannum
1367 520 1427 564 IN
1470 519 1605 565 CAP.
1654 519 1720 564 111
1762 519 1920 564 LIBRI
1963 519 2217 564 sacumm
2257 519 2480 565 REGUM.
2527 539 2608 549 -—
2649 521 2788 565 ΛΒΤ.
2837 521 2897 564 Vl
3348 501 3470 564 455

360 689 581 751 multa
608 689 853 772 quippe
882 698 945 752 et
976 689 1250 753 maxima
1280 690 1521 754 scelera
1551 690 1744 753 trahit
1775 692 1875 753 de-
1903 690 1951 752 Α
1982 692 2281 755 ducatum
2312 693 2629 767 exhibeat,
2649 692 2840 754 simul
2872 693 3106 754 cadunt
3137 691 3202 753 in
3235 691 3464 754 lacum.

362 791 669 852 testanda
696 797 760 852 et
792 789 1019 852 infelix
1048 789 1335 864 ambitio,
1364 789 1641 870 facitque
1671 789 1875 851 homi-

360 907 524 950 nem
574 887 809 969 jugiter
867 889 947 950 ad
993 907 1063 951 se
1110 888 1321 970 ipsum
1371 886 1731 951 inordinate
1780 907 1875 950 re-

360 985 643 1063 flexum,
697 987 879 1050 vanis
929 986 1425 1070 suspicionibuS,
1470 987 1872 1050 mordacibus

360 1085 775 1162 rancoribuS,
802 1093 863 1148 et
886 1104 1349 1167 nonnunquam
1371 1085 1689 1148 desiderio
1708 1103 1873 1148 mor-

358 1184 455 1246 tis
487 1183 655 1266 ejus,
691 1203 729 1246 a
755 1203 885 1266 quo
926 1184 1155 1246 metuit
1199 1183 1538 1266 praeveniri
1570 1203 1641 1247 ac
1673 1183 1867 1261 vinci,

362 1283 717 1366 repletum.
743 1281 965 1346 Efficit
984 1300 1239 1364 quoque
1268 1282 1593 1345 hominem
1616 1282 1875 1346 simula-

360 1390 607 1456 torem,
655 1381 985 1458 blandum,
1035 1381 1359 1458 callidum,
1396 1390 1459 1444 et
1503 1379 1697 1445 variis
1737 1401 1874 1464 pra-

365 1480 570 1543 cticis·
604 1488 1009 1562 occupatum,
1060 1489 1438 1562 apparenter
1477 1480 1776 1557 amicum,
1812 1488 1875 1542 et

362 1597 527 1642 vere
578 1579 849 1655 bostem,
885 1577 1207 1660 duplicem
1252 1586 1314 1640 et
1364 1577 1737 1658 bilinguem,
1789 1577 1877 1640 ita

368 1686 449 1740 ut
480 1677 852 1740 blandiatur
894 1677 961 1738 in
1003 1675 1285 1759 public0,
1318 1685 1379 1739 et
1421 1686 1644 1740 noceat
1684 1677 1751 1738 in
1781 1696 1877 1738 se-

82 1787 335 1839 Ps-mnss-
368 1784 579 1853 creto,
622 1776 1160 1857 quemadmodum
1204 1775 1295 1838 ait
1338 1775 1716 1838 Psalmista:
1758 1775 1872 1849 Qui

372 1876 739 1956 loquuntur
768 1893 989 1957 pacem
1017 1894 1161 1937 cum
1204 1873 1491 1956 proximo
1538 1893 1675 1951 suo,
1710 1875 1877 1936 mala
1913 1877 1958 1937 B
1984 1878 2099 1940 Per
2127 1878 2249 1941 hoc
2282 1877 2666 1954 insinuatur,
2687 1877 2859 1958 quod
2891 1875 3096 1940 bonus
3126 1883 3340 1958 pastor
3370 1876 3473 1938 de-

369 1982 591 2036 autem
638 1973 703 2035 in
734 1972 1035 2036 cordibus
1077 1991 1321 2037 eorum.
1353 1972 1401 2036 Ο
1448 1992 1640 2055 quam
1691 1973 1877 2034 multi

367 2080 739 2156 sequuntur
770 2071 835 2133 in
868 2071 968 2134 his
1007 2071 1309 2134 callidum
1356 2071 1539 2133 illum
1586 2071 1879 2135 ambitio-

366 2185 653 2252 sumque
694 2170 871 2248 Joab,
918 2169 1157 2252 quibus
1200 2187 1425 2249 graves
1470 2178 1619 2231 sunt
1660 2171 1739 2232 ad
1786 2169 1877 2234 vi-

366 2271 662 2334 dendum
696 2270 786 2347 hi,
824 2289 859 2332 a
888 2267 1123 2352 quibus
1155 2277 1382 2351 putant
1412 2267 1761 2346 humiliari,
1786 2278 1877 2331 at-

365 2387 501 2452 que
532 2389 571 2432 a
600 2369 975 2432 desideratis
1008 2367 1519 2450 promotionibus
1552 2368 1870 2450 impediri,

363 2478 481 2531 aut
510 2487 552 2530 a
581 2467 963 2530 stationibus
995 2465 1129 2529 suis
1161 2465 1433 2549 expelli!

448 2567 795 2648 Propterea
835 2565 1141 2628 Dominus
1189 2585 1263 2628 ac
1303 2564 1588 2628 Salvator
1629 2572 1694 2626 et
1742 2563 1875 2627 veri

368 2665 516 2746 ejus
550 2664 798 2742 vicarii,
832 2664 986 2745 justi
1021 2683 1093 2726 ac
1124 2663 1465 2746 sapienteS,
1499 2663 1731 2725 talibus
1768 2662 1878 2724 im-

369 2772 724 2847 precantur
752 2763 855 2826 vel
887 2763 1090 2843 magis
1123 2763 1478 2845 praedicunt
1506 2762 1640 2825 haec
1666 2761 1870 2824 mala:

372 2862 683 2924 videlicet
722 2861 987 2924 seminis
1034 2861 1307 2937 fluxum,
1354 2868 1424 2923 ut
1472 2859 1717 2922 scilicet
1765 2877 1877 2941 per

374 2961 578 3026 verba
591 2960 831 3042 quibus
852 2959 1171 3037 defluunt,
1190 2958 1352 3021 nihil
1375 2958 1720 3041 proficiant
1736 2977 1881 3022 con-

1982 791 2430 854 Verumtamen
2462 792 2606 873 pius
2627 791 2932 853 Dominus
2963 791 3134 873 ipsos
3165 791 3243 853 ad
3275 789 3472 873 poeni—

1984 891 2248 953 tentiam
2299 891 2666 954 cohortatur
2714 907 2727 951 :
2777 891 3094 961 scindite,
3148 888 3465 971 inquienS,

1982 993 2356 1051 vesti-menta
2380 1000 2609 1061 vestra,
2632 990 2697 1051 id
2721 996 2839 1066 est,
2864 1007 3058 1070 prava
3077 1007 3272 1070 opera
3293 987 3474 1050 dissi-

1980 1097 2149 1170 pate,
2174 1107 2437 1171 corpora
2460 1096 2670 1150 vestra
2699 1106 2812 1169 per
2843 1085 3099 1167 flagella
3117 1085 3474 1168 disciplinae

1981 1187 2304 1268 corrigite,
2339 1198 2401 1248 et
2429 1187 2858 1263 accinqimini
2886 1187 3110 1255 saec-ia,
3133 1184 3198 1247 id
3229 1192 3474 1266 estpoe-

1984 1285 2268 1348 nitentiae
2319 1285 2628 1361 vestibuS,
2675 1295 2733 1345 et
2775 1275 3073 1364 plcinyite
3120 1294 3270 1344 ante
3307 1305 3474 1343 exse·

1986 1386 2175 1465 quias
2205 1387 2448 1454 Abner,
2481 1383 2544 1446 id
2576 1392 2672 1446 est
2711 1383 3036 1465 deplorate
3073 1381 3472 1465 spiritualem

1982 1501 2200 1546 eorum
2236 1482 2585 1558 interitum,
2621 1501 2782 1564 quos
2821 1480 3306 1544 scandalizando
3349 1489 3474 1542 tra-

1982 1581 2162 1643 xistis
2205 1583 2280 1644 ad
2327 1581 2504 1658 vitia,
2539 1589 2602 1644 et
2649 1581 2918 1662 injurias
2959 1599 3119 1662 quas
3166 1578 3471 1663 proximis

1985 1680 2334 1760 irrogastiS,
2371 1679 2627 1742 deflete.

2064 1783 2270 1841 Porro
2301 1800 2418 1839 reo)
2447 1781 2668 1840 David
2710 1781 3091 1858 sequebatur
3132 1779 3468 1856 feretrum.

1984 1977 2091 2040 bet
2120 1995 2259 2039 esse
2291 1975 2623 2040 officiosus
2665 1975 2832 2038 circa
2876 1973 3235 2051 defunctos,
3268 1982 3331 2036 et
3369 1992 3473 2037 eo-

1985 2093 2127 2138 rum
2166 2083 2435 2139 mortem
2477 2093 2548 2136 ac
2597 2074 2815 2156 culpas
2865 2073 3126 2136 deflere.
3165 2071 3475 2146 Quemad-

1985 2175 2244 2237 modum
2289 2173 2481 2236 etiam
2521 2171 2715 2237 David
2765 2171 3233 2236 commendavit
3261 2172 3475 2234 Abner

1985 2272 2330 2355 sepultum,
2383 2271 2475 2335 sic
2521 2270 2790 2334 virtuosi
2842 2270 3085 2353 praelati
3136 2288 3475 2333 consueve-

1986 2380 2133 2434 runt
2154 2369 2841 2436 recommendationem
2865 2369 3074 2433 facere
3103 2376 3248 2452 post
3268 2369 3476 2450 sepul-

1990 2481 2190 2534 turam
2225 2471 2626 2534 subditorum
2661 2487 2942 2546 suorum,
2976 2486 3137 2550 quos
3170 2467 3334 2531 bene
3363 2468 3477 2529 mi-

1983 2589 2200 2650 grasse
2228 2567 2596 2644 confidunt3
2634 2568 2720 2630 ita
2749 2568 2920 2650 quod
2953 2587 3188 2628 manus
3217 2565 3473 2630 illorum

1986 2689 2115 2730 non
2140 2679 2294 2730 sunt
2325 2670 2563 2745 liyatoe,
2601 2666 2665 2730 id
2708 2675 2825 2744 est,
2861 2665 3264 2748 operationes
3307 2663 3476 2746 ipso-

1986 2787 2127 2836 rum
2162 2786 2289 2830 non
2322 2774 2470 2828 sunt
2489 2765 2764 2829 vinculis
2796 2765 3095 2829 vitiorum
3116 2762 3476 2827 constrictae

1986 2884 2060 2928 ac
2092 2863 2414 2947 impeditae
2443 2884 2480 2927 a
2510 2863 2687 2944 regni
2734 2862 3009 2926 coelestis
3055 2859 3470 2942 ingressione,

1989 2983 2103 3027 nec
2136 2967 2328 3040 pedes
2367 2981 2586 3026 eorum
2624 2972 2778 3022 sunt
2816 2963 3217 3042 compedibus
3252 2979 3479 3038 agyra-

374 3070 475 3124 tra
520 3062 769 3143 justos3
818 3067 880 3122 et
928 3058 1192 3142 lepram,
1247 3058 1312 3119 id
1362 3066 1459 3121 est
1508 3056 1877 3121 infectivam
1913 3064 1956 3127 C
1994 3065 2147 3135 vati,
2205 3061 2267 3122 id
2319 3069 2435 3138 est,
2489 3058 2764 3122 affectus
2815 3058 3100 3141 ipsorum
3149 3076 3277 3120 non
3328 3063 3480 3120 sunt

373 3159 738 3223 doctrinam
768 3185 783 3235 3
816 3156 1368 3221 effeminationem
1399 3175 1657 3240 quoque
1685 3166 1749 3219 et
1777 3159 1880 3220 de-

368 3258 722 3342 iectionem
756 3258 825 3319 in
856 3256 1026 3320 bello
1064 3256 1510 3333 tentationum,
1548 3256 1612 3317 in
1644 3255 1878 3337 quibus

374 3356 863 3431 succumbunt3
916 3364 981 3418 et
1031 3353 1395 3419 divinorum
1456 3354 1877 3437 privationem

374 3456 863 3520 charismatum.
900 3454 1079 3515 Tales
1121 3454 1291 3515 enim
1339 3451 1543 3534 iniqui
1588 3452 1881 3515 incidunt

374 3554 600 3617 omnia
631 3554 801 3616 mala
820 3553 957 3629 ista,
971 3552 1123 3634 quia
1144 3550 1457 3615 inutiliter
1488 3551 1873 3628 fabulantur,

374 3654 678 3735 ‘aliosque
709 3651 1013 3715 inficiunt
1049 3651 1381 3734 pravitatis
1412 3670 1541 3713 suae
1571 3650 1879 3733 exemplis

376 3772 453 3814 ac
500 3750 1075 3814 informationibus
1120 3748 1481 3826 venenosiS,
1515 3748 1883 3812 carnalibus

380 3866 645 3931 quoque
699 3847 1239 3930 concupiscentiis
1284 3846 1766 3924 effeminantur,
1819 3854 1881 3909 et

382 3950 543 4012 dum
586 3966 625 4009 a
670 3948 911 4010 mundo
954 3947 1055 4011 vel
1104 3945 1359 4008 diabolo
1401 3946 1879 4027 impugnantur,

387 4046 607 4109 statim
639 4046 1010 4108 vincuntur.
1044 4045 1188 4107 Ideo
1221 4043 1444 4127 inopes
1482 4052 1651 4122 sunt,
1682 4043 1885 4123 gratia

390 4164 465 4209 ac
515 4143 863 4208 virtutibus
912 4142 1221 4205 destituti.
1252 4141 1403 4216 Quae
1440 4142 1658 4205 omnia
1684 4142 1883 4204 etiam

1989 3169 2241 3224 terrena
2271 3159 2620 3242 cupiditate
2652 3166 2758 3220 aut
2789 3158 3028 3221 carnali
3060 3156 3347 3220 foeditate
3375 3158 3479 3220 de-

1988 3258 2216 3342 pressi,
2251 3258 2360 3321 sed
2392 3257 2708 3320 caritativi
2738 3275 2812 3318 ac
2843 3256 3051 3331 liberi,
3085 3257 3166 3319 ad
3196 3255 3480 3319 coelestia

1987 3357 2330 3421 elevantes.
2381 3355 2724 3431 PostremO,
2760 3372 2874 3436 per
2914 3354 3068 3418 Joab
3108 3354 3220 3436 qui
3267 3353 3478 3436 ipsum

1988 3456 2199 3518 Abner
2236 3453 2490 3529 occidit,
2535 3460 2744 3535 potest
2793 3451 3112 3532 designari
3161 3451 3474 3529 diaboluS,

1986 3554 2100 3636 qui
2131 3552 2576 3635 praedicatores
2616 3550 3114 3614 bonos-conatur
3155 3550 3480 3613 subverte-

1988 3671 2076 3728 re,
2112 3659 2175 3712 et
2219 3648 2882 3732 concupiscentiarum
2929 3667 3234 3711 mucrone
3275 3656 3479 3710 trans-

1989 3748 2229 3823 fodere,
2263 3756 2454 3828 atque
2493 3747 2577 3809 ab
2605 3746 2877 3809 aliorum
2925 3744 3340 3810 conversione
3377 3764 3479 3827 pe-

1990 3846 2162 3910 nitus
2197 3846 2526 3928 impedire.

2069 3945 2394 4008 Discamus
2425 3961 2575 4024 ergo
2614 3963 2690 4007 ex
2721 3943 2862 4007 isto
2901 3942 3181 4025 capitulo
3221 3961 3475 4005 omnem

1990 4043 2404 4106 ambitionem
2453 4042 2652 4119 odire,
2704 4059 2957 4104 omnem
3007 4040 3477 4104 simulationem

1995 4139 2622 4222 fraudulentiamque
2643 4139 2865 4216 vitare,
2887 4157 3004 4201 nec
3038 4138 3329 4221 injuriari
3350 4139 3484 4202 cui-

149 4291 357 4345 κωλῆ
392 4262 617 4308 eorum
660 4241 844 4319 filiis,
881 4241 943 4304 id
984 4249 1083 4303 est
1123 4240 1573 4317 imitatoribus,
1616 4239 1888 4322 discipu·
1916 4243 1966 4304 D
1994 4259 2210 4321 quam,
2266 4240 2375 4301 sed
2433 4257 2572 4302 esse
2631 4237 2864 4301 sinceri
2914 4258 2987 4302 ac
3032 4238 3188 4302 recti
3234 4238 3304 4301 in
3353 4258 3486 4303 om·-

134 4355 185 4395 Η.

393 4343 607 4425 lisque
657 4340 1047 4423 proveniunt
1090 4356 1105 4401 :
1148 4339 1302 4421 quia
1358 4338 1412 4400 si
1472 4357 1675 4402 caecus
1723 4356 1888 4402 caeco

1996 4338 2210 4400 nibus,
