4359 6250
1289 502 1637 549 manna-1⁸10
1681 502 1742 548 ιΝ
1783 502 1918 548 cap.
1967 504 2004 547 v
2042 503 2245 550 iosus.
2291 523 2369 533 —
2410 506 2553 552 aar.
2600 507 2664 553 ix
3436 493 3509 556 31

423 680 615 749 esset,
651 681 715 734 et
757 672 922 735 forte
963 673 1265 753 cognovit
1307 671 1454 754 quis
1498 680 1634 734 erat
1672 691 1748 735 ex
1780 671 1921 734 uni·
1948 671 1999 732 A
2024 673 2233 738 Josue.
2260 677 2471 748 Solve,
2498 679 2742 756 inquit,
2772 681 3274 740 calceamentum
3307 683 3387 740 de
3410 699 3515 756 pe-

423 772 728 834 versitate
789 790 1210 853 supernorum
1272 771 1636 853 spirituum.
1689 771 1919 832 Dicunt

422 879 638 932 autem
671 871 961 932 doctores
1000 869 1299 933 catholici
1340 878 1402 932 et
1441 870 1710 946 Hebraei,
1747 870 1917 950 quod

421 967 686 1030 Michael
735 967 877 1046 fuit,
921 967 1034 1050 qui
1086 969 1386 1050 princeps
1437 967 1680 1030 exstitit
1728 966 1920 1049 Syna-

421 1083 623 1148 gogae,
649 1068 999 1130 secundum
1041 1067 1211 1148 quod
1241 1065 1494 1129 Gabriel
1537 1066 1784 1128 locutus
1824 1073 1920 1128 est

121 1179 384 1228 numm.
419 1165 669 1229 Danieli
692 1183 705 1227 :
725 1167 936 1242 Nemo,
965 1164 1288 1247 inquien3‚
1325 1173 1422 1228 est
1451 1165 1707 1245 adjutor
1737 1183 1918 1227 meus

421 1264 489 1327 in
529 1265 834 1328 omnibus
872 1265 995 1341 his,
1033 1264 1158 1326 nisi
1189 1263 1449 1328 Michael
1482 1263 1782 1346 princeps
1814 1282 1920 1328 ve-

418 1374 574 1427 ster.
617 1365 694 1428 Et
740 1384 912 1428 nunc
958 1365 1170 1440 venio,
1223 1363 1287 1426 id
1339 1373 1456 1441 est,
1504 1372 1737 1446 praesto
1785 1365 1916 1445 jam

419 1485 562 1528 sum
595 1467 674 1528 ad
709 1466 991 1528 dandum
1015 1464 1134 1526 tibi
1156 1463 1495 1527 consilium
1527 1471 1717 1545 atque
1747 1463 1918 1527 auxi-

419 1566 603 1628 lium.
638 1566 818 1628 Unde
845 1575 908 1628 et
940 1574 1094 1627 tunc
1124 1563 1340 1627 docuit
1370 1563 1582 1646 ipsum
1610 1563 1797 1626 Josue
1837 1564 1916 1626 de

418 1664 610 1727 modo
639 1663 936 1745 capiendi
962 1662 1288 1726 civitatem
1308 1661 1580 1739 Jericho,
1601 1670 1664 1725 et
1682 1669 1753 1723 ut
1774 1681 1914 1724 eam

116 1779 294 1882 ...rosae
327 1793 384 1830 n,
419 1762 488 1824 in
533 1771 665 1826 toto
711 1762 949 1826 faceret
989 1761 1348 1839 anathema,
1386 1768 1576 1842 prout
1619 1761 1912 1843 sequenti

421 1861 627 1924 fertur
659 1860 965 1944 capitulo.

499 1963 588 2022 Et
618 1964 928 2028 adorans,
958 1962 1076 2020 ait.
1103 1957 1406 2020 Adoravit
1434 1956 1734 2036 angelum
1767 1958 1915 2020 ado—

417 2059 668 2122 ratione
698 2057 913 2134 duliae,
948 2065 1142 2138 atque
1174 2075 1288 2138 per
1318 2056 1586 2136 gratiam
1623 2055 1914 2120 discreti-

412 2156 562 2219 onis
598 2155 966 2237 spirituum,
991 2173 1066 2217 ac
1097 2153 1406 2217 instinctu
1432 2152 1652 2216 divino
1685 2172 1913 2235 cogno-

413 2255 530 2330 vit,
559 2254 733 2334 quod
763 2252 1030 2333 angelus
1062 2252 1270 2315 bonus
1301 2259 1455 2327 erat,
1485 2250 1912 2333 nonspiritus

415 2351 611 2414 fallax
655 2373 669 2415 :
704 2351 862 2415 alias
905 2349 1133 2413 fuisset
1179 2349 1527 2426 incautum,
1563 2350 1734 2431 quod
1782 2358 1911 2412 tam

413 2450 542 2513 cito
593 2448 973 2513 credidisset
1027 2448 1238 2512 verbis
1289 2447 1678 2531 apparentis.
1739 2450 1913 2518 Quid

412 2551 722 2609 domi-nus
743 2569 920 2610 meus
951 2551 1244 2628 loquitur
1275 2551 1362 2608 ad
1390 2568 1648 2607 servum
1677 2549 1912 2607 suum?

414 2645 560 2709 Fuit
602 2644 778 2710 enim
817 2645 1077 2709 Michael
1123 2645 1316 2708 etiam
1361 2644 1660 2727 princeps
1707 2644 1912 2726 ipsius

2026 774 2217 833 dibus
2265 775 2419 842 tuis,
2452 774 2515 835 id
2566 782 2683 851 est,
2718 775 2940 836 ambos
2990 775 3182 857 pedes
3214 783 3355 838 tuos
3389 777 3517 839 dis-

2028 869 2240 932 calcea
2282 879 2345 933 et
2375 872 2627 934 denuda
2672 881 2931 954 propter
2973 874 3394 937 reverentiam
3428 875 3517 938 lo-

2029 969 2111 1043 ci,
2147 968 2276 1031 imo
2306 969 2385 1031 ad
2422 970 2526 1032 Dei
2560 969 2867 1032 honorem
2909 971 2975 1032 in
3020 971 3157 1034 loco
3204 991 3339 1035 suc.
3375 974 3518 1036 Ideo

2030 1066 2325 1129 subditur
2375 1085 2388 1128 :
2432 1072 2637 1129 Locus
2680 1071 2858 1130 enim
2904 1072 2975 1132 in
3020 1092 3143 1150 quo
3183 1081 3338 1142 stas,
3376 1093 3520 1134 san-

2027 1175 2164 1226 ctus
2212 1177 2323 1236 est,
2382 1165 2446 1227 id
2496 1174 2593 1230 est
2640 1168 2979 1249 deputatus
3041 1171 3119 1232 de
3168 1178 3379 1232 cetero
3438 1170 3518 1232 ad

2027 1281 2221 1344 opera
2252 1270 2489 1340 sancta,
2527 1271 2595 1326 ut
2639 1264 2705 1325 in
2751 1283 2825 1327 eo
2871 1274 3346 1328 commorentur
3383 1267 3517 1329 veri

2027 1361 2135 1423 Dei
2179 1360 2500 1435 cultores3
2552 1370 2615 1424 et
2655 1361 2830 1425 locus
2874 1363 3016 1440 iste,
3052 1363 3163 1445 qui
3211 1363 3517 1427 hactenus

2025 1459 2269 1521 exstitit
2312 1458 2685 1541 inquinatus
2737 1479 2849 1542 per
2892 1460 3287 1524 idololatrias
3327 1471 3517 1544 atque

2029 1555 2312 1619 facinora
2340 1557 2857 1636 Chananaeorum,
2873 1577 3043 1621 nunc
3075 1559 3515 1623 sanctificatus

2023 1663 2121 1717 est
2149 1673 2263 1737 per
2293 1655 2647 1735 angelicam
2681 1656 2867 1718 istam
2900 1657 3304 1739 praesentiam
3336 1667 3400 1721 et
3428 1659 3515 1721 al-

2024 1752 2433 1831 locutionem,
2484 1755 2613 1817 imo
2663 1774 2776 1837 per
2824 1755 3251 1837 praesentiam·
3277 1757 3387 1819 Dei
3442 1757 3509 1819 in

1949 1863 1996 1926 Β
2023 1852 2247 1932 angelo
2279 1871 2415 1916 suo.
2452 1853 2671 1916 Simile
2708 1853 2857 1916 huic
2898 1854 3199 1936 praecepit
3243 1855 3509 1934 angelus
3538 1879 3805 1932 maan-‚a

2020 1951 2214 2033 Moysi
2246 1950 2415 2015 circa
2444 1952 2697 2014 rubum.
2716 1954 3016 2033 Fecitque
3043 1957 3250 2026 Josue,
3284 1965 3356 2016 ut
3384 1957 3511 2016 sibi

2019 2051 2242 2128 fuerat
2289 2053 2681 2128 imperatum
2729 2052 2810 2114 ab
2858 2050 3108 2132 angelo.
3159 2053 3505 2131 PostremO,
3580 2045 3583 2050 ’

2019 2167 2146 2230 qua
2175 2149 2331 2212 hora
2361 2149 2527 2212 facta
2558 2150 2641 2212 sit
2670 2148 2982 2231 apparitio
3024 2149 3165 2228 ista,
3201 2159 3264 2214 et
3293 2171 3374 2214 an
3408 2171 3511 2216 so-

2021 2247 2120 2308 lus
2159 2247 2348 2310 Josue
2395 2248 2692 2328 angelum
2738 2247 2931 2309 istum
2976 2247 3159 2326 vidit,
3202 2259 3394 2332 atque
3439 2251 3506 2314 in

2019 2345 2195 2426 quali
2225 2344 2447 2408 habitu
2478 2346 2845 2428 apparuerit
2886 2346 3150 2428 angelus
3198 2347 3339 2427 iste,
3377 2359 3511 2414 tex-

2022 2451 2121 2506 tus
2170 2461 2299 2506 non
2349 2443 2689 2526 exprimit3
2743 2445 2851 2507 scd
2902 2464 2978 2507 ex
3026 2445 3510 2511 circumstantia

2019 2543 2159 2623 ejus
2190 2551 2474 2624 apparet,
2493 2544 2661 2624 quod
2696 2543 2761 2605 in
2792 2543 2918 2621 die,
2954 2551 3017 2606 et
3046 2553 3308 2623 certum,
3333 2548 3505 2628 quod

2021 2659 2096 2704 eo
2127 2641 2450 2721 vigilante.

1545 3073 2193 3161 ARTICULUS
2270 3075 2391 3160 IX

1102 3350 1474 3397 smmTuAms
1526 3348 1906 3394 EXPLANATm
1958 3349 2222 3395 EJUSDEM
2274 3350 2548 3395 currum
2599 3351 2822 3405 QUINTI.

413 3632 968 3793 POSTQUAM
1026 3631 1384 3689 audierunt
1455 3646 1668 3687 omnes
1738 3646 1911 3703 reyes
1939 3625 1983 3688 C
2021 3626 2324 3703 minibuS,
2359 3629 2711 3709 praesertim
2741 3630 2820 3692 ad
2856 3630 3052 3695 fidem
3088 3631 3327 3711 electis,
3354 3654 3507 3716 quo·

560 3732 1108 3797 Amorrhaeorum,
1142 3736 1263 3791 etc.
1316 3727 1430 3791 Per
1478 3746 1658 3807 reges
1701 3727 1914 3789 Amor-

419 3830 738 3892 rhaeorum
787 3838 850 3891 et
898 3828 1420 3901 Chananaeorum,
1469 3824 1914 3905 intelliguntur

151 3949 310 4005 ephes.
330 3965 388 4001 n,
420 3928 750 4009 principes
780 3926 1224 3999 tenebrarum3
1259 3924 1371 4006 qui
1402 3923 1692 3986 habitant
1735 3933 1913 3983 trans

125 4014 186 4053 ¹2.

417 4029 792 4096 haiam-m,
816 4024 880 4086 id
899 4023 1086 4086 estin
1107 4022 1264 4085 vitio
1295 4021 1788 4103 elationiS,quod
1819 4027 1916 4084 est

419 4134 776 4186 extremum
810 4121 1160 4184 humilitati
1203 4121 1615 4185 contrarium.
1652 4119 1915 4182 Humili·-

418 4231 514 4285 tas
544 4222 791 4304 quippe
811 4240 925 4303 per
941 4220 1298 4296 Jordanem,
1318 4219 1428 4300 qui
1462 4220 1914 4301 interpretatur

415 4321 787 4397 descensuS,
851 4319 1160 4399 signatur.
1212 4321 1298 4379 Ει
1345 4321 1461 4399 qui
1501 4320 1914 4395 possidebant

416 4422 662 4497 Magno
691 4420 870 4479 mari
899 4422 1036 4478 loca
1057 4419 1455 4495 propinqua.
1479 4417 1593 4479 Per
1624 4416 1914 4498 Magnum

414 4537 613 4595 mare,
649 4515 1030 4599 exprimitur
1059 4514 1416 4577 amaritudo
1454 4534 1528 4577 ac
1572 4514 1783 4577 fluxus
1823 4516 1915 4577 in-

414 4616 858 4698 quietudoque
895 4614 1223 4678 vitiorum.
1258 4614 1420 4677 Loca
1463 4631 1614 4677 vero
1654 4614 1915 4697 propin—

415 4734 545 4796 qua
565 4714 718 4777 huic
749 4713 934 4788 mari,
955 4720 1106 4774 sunt
1130 4713 1322 4776 corda
1341 4713 1690 4789 instabilia,
1711 4732 1913 4795 prona

2022 3744 2223 3806 usque
2260 3745 2372 3808 per
2411 3726 2812 3808 Baptismatis
2853 3730 3121 3807 gratiam
3164 3732 3506 3795 introirent

2021 3824 2390 3901 Ecclesiam,
2454 3824 3138 3909 incorporarenturque
3199 3830 3446 3894 Christo
3490 3856 3505 3907 ς

2019 3925 2406 3983 dissolutum
2448 3933 2538 3985 est
2579 3944 2685 3984 cor
2725 3945 2947 3987 eorum
2980 3944 3003 3986 :
3038 3935 3187 3989 tunc
3232 3947 3511 4011 namque

2023 4020 2347 4103 principes
2392 4022 2796 4085 tenebrarum
2837 4023 3246 4089 vehementer
3279 4036 3513 4109 perter-

2024 4119 2130 4181 riti
2161 4128 2331 4197 sunt‚
2364 4120 2653 4184 videntes
2684 4140 2751 4184 se
2782 4122 3070 4203 quotidie
3102 4144 3139 4186 a
3172 4126 3342 4188 vasis
3374 4128 3509 4189 suis

2021 4219 2278 4301 expelli,
2316 4238 2432 4283 nec
2464 4237 2649 4301 posse
2677 4222 2897 4301 gratiae
2928 4222 3058 4299 Dei,
3094 4242 3238 4306 quae
3270 4225 3511 4307 ubique

2024 4324 2334 4380 terrarum
2374 4316 2883 4397 diffundebatur,
2919 4320 3236 4385 resistere.

2101 4419 2198 4477 Eo
2231 4426 2504 4494 tempore
2531 4418 2628 4477 ait
2654 4420 2973 4479 Dominus
3004 4424 3093 4480 ad
3118 4423 3307 4482 Josue
3327 4443 3350 4483 .·
3380 4426 3514 4485 Fac

2026 4517 2143 4575 tibi
2170 4519 2407 4576 cultros
2447 4516 2756 4591 lapidem,
2787 4526 2845 4577 et
2881 4519 3271 4579 circumcide
3297 4542 3514 4583 secun-

2021 4616 2104 4673 do
2151 4616 2323 4690 filios
2353 4616 2579 4675 Israel.
2631 4612 2733 4676 Sic
2785 4614 2948 4677 Deus
2995 4614 3175 4679 Pater
3223 4618 3384 4681 dixit
3432 4623 3510 4685 ad

2021 4711 2343 4773 Christum
2385 4711 2551 4774 inter
2588 4711 2880 4775 homines
2918 4725 3399 4780 conversantem
3440 4740 3511 4783 ac

414 4813 496 4875 ad
537 4812 852 4875 vanitates
896 4820 961 4875 et
1000 4810 1371 4892 iniquitates
1411 4811 1627 4875 saeculi
1666 4812 1857 4894 hujus
1895 4830 1908 4875 :
1942 4818 1991 4879 D
2022 4809 2495 4893 praedicantem‚
2532 4817 2601 4872 ut
2632 4808 2805 4872 lilios
2836 4811 3024 4874 lsrael
3066 4813 3259 4877 semel
3293 4835 3512 4900 corpo—

415 4912 554 4973 haec
605 4912 746 4973 loca
793 4909 1126 4992 possident
1173 4910 1515 4972 daemones.
1572 4910 1690 4972 Sed
1744 4919 1914 4991 post-

415 5030 614 5092 quam
635 5009 964 5091 principes
986 5008 1387 5086 tenebrarum
1412 5017 1726 5072 noverunt
1745 5013 1914 5089 quod

416 5112 740 5171 Dominus
769 5110 1058 5168 siccasset
1087 5112 1336 5183 fluenta
1355 5109 1664 5169 Iordanis
1694 5129 1910 5169 coram

411 5210 582 5286 filiis
602 5210 824 5274 Israel,
841 5210 1041 5267 donec
1063 5208 1432 5278 transirent,
1451 5206 1512 5268 id
1536 5214 1650 5282 est,
1665 5206 1909 5269 fontem

413 5314 482 5370 ct
505 5324 710 5388 aquas
730 5302 1036 5385 Baptismi
1067 5304 1420 5386 aperuisset
1450 5303 1768 5369 universis
1798 5304 1910 5368 ho-

2023 4908 2240 4971 raliter
2298 4907 2729 4985 circumciSOS,
2784 4908 3267 4976 circumcideret
3326 4916 3513 4997 spiri-

2022 5006 2278 5070 tualiter
2322 5007 2519 5069 altera
2560 5006 2701 5069 vice
2745 5007 2951 5070 cultro
3002 5007 3275 5091 lapideo,
3311 5012 3375 5075 id
3413 5024 3512 5077 est

2018 5105 2388 5169 acutissimo
2419 5106 2615 5171 verbo
2647 5124 2775 5168 suae
2807 5107 3277 5187 praedicationis
3318 5120 3381 5174 et
3407 5113 3509 5195 ju-

2019 5214 2132 5270 stae
2179 5203 2621 5285 correptionis,
2655 5203 2833 5267 Unde
2882 5205 3145 5267 verbum
3197 5206 3328 5286 Dei,
3375 5212 3507 5292 gla-
3560 5244 3795 5300 Ephoem,

2019 5306 2164 5369 dius
2213 5302 2475 5385 spiritus
2523 5302 2902 5384 appellatur.
2947 5303 3177 5386 Sicque
3219 5307 3504 5375 Christus
3535 5308 3601 5351 ¹⁷·
