4359 6250
1191 513 1539 560 manuario
1581 514 1643 558 m
1685 513 1820 559 (111.
1871 513 1975 560 vm
2015 514 2216 560 iosus.
2262 534 2343 544 —
2384 516 2524 561 11111.
2572 518 2675 562 xiv
3396 500 3474 564 49

463 684 680 766 ltaque
727 684 854 746 filii
893 685 1082 748 Israel
1125 686 1592 748 succenderunt
1629 689 1876 755 urbem,
1905 683 1958 745 A
1987 686 2450 764 holocaustum,
2470 690 2640 770 quod
2671 690 2749 752 ad
2782 686 3017 753 divin'ae
3048 693 3470 756 reverentiam

378 789 444 843 et
490 781 784 845 fecerunt
824 775 976 844 eam‘
1014 788 1344 845 tumulum
1387 786 1874 862 sempiternum,

378 879 444 942 id
497 889 613 958 est,
669 882 924 964 penitus
973 883 1442 958 destruxerunt,
1485 880 1666 962 quasi
1719 899 1875 942 nun-

375 997 570 1059 quam
631 980 1177 1056 reaedificandam,
1232 982 1404 1060 quod
1470 979 1595 1040 fuit
1653 997 1870 1041 eorum

373 1079 802 1159 propositum,
839 1079 1380 1161 quemadmodum
1413 1087 1476 1140 61
1516 1079 1594 1140 de
1623 1076 1871 1139 Jericbo

375 1175 815 1240 intenderunt.
867 1179 1088 1241 Postea
1138 1185 1348 1240 tamen
1403 1185 1668 1257 utraque
1721 1175 1872 1237 urbs

373 1273 502 1336 ruit
534 1275 944 1340 reaedificata.
973 1281 1212 1354 Regem
1260 1297 1508 1356 quoque
1554 1276 1696 1353 ejus
1738 1296 1874 1335 sus-

361 1377 602 1450 pendit
649 1375 836 1438 Josue
879 1377 950 1436 in
975 1377 1273 1455 patibulo
1319 1395 1516 1455 usque
1553 1377 1642 1434 ad
1672 1394 1874 1450 vespe-

373 1493 522 1532 ram
559 1483 622 1534 ει
653 1475 806 1534 solis
845 1493 1137 1534 occasum
1159 1497 1183 1546 ,·
1217 1475 1649 1552 praecepitque
1684 1476 1872 1533 Josue

368 1573 582 1643 sociis,
620 1571 686 1633 id
736 1579 832 1634 est
880 1571 1343 1654 pugnatoribus
1394 1570 1548 1646 suis,
1583 1581 1642 1630 et
1689 1574 1872 1646 depo-

368 1679 645 1730 suerunt
687 1673 964 1730 cadaver
1003 1671 1146 1747 ejus
1186 1673 1266 1729 de
1302 1689 1488 1729 cruce
1534 1677 1676 1750 post
1715 1667 1870 1730 solis

369 1783 672 1828 occasum
711 1785 726 1828 ε
775 1767 926 1848 quia
970 1766 1038 1828 in
1083 1766 1572 1830 Deuteronomio
1620 1767 1868 1847 jussum

1986 786 2337 866 majestatis
2388 787 2664 850 totaliter
2712 788 3223 866 comburebatur,
3268 791 3333 852 in
3384 791 3471 852 si-

1983 902 2180 962 gnum
2234 886 2403 964 quod
2458 885 2649 948 homo
2702 905 2771 948 se
2825 894 3024 950 totum
3080 887 3270 951 debet
3318 889 3465 965 Deo,

1982 981 2249 1064 ejusque
2288 983 2485 1044 cultui
2537 1003 2603 1044 se
2656 984 2931 1047 totaliter
2980 984 3239 1049 offerre.
3282 987 3471 1050 Porro

1980 1078 2190 1140 hostia
2221 1079 2494 1162 pacifica
2526 1081 2889 1159 vocabatur,
2924 1102 3068 1164 quae
3107 1103 3221 1164 pro
3267 1083 3471 1146 salute

1982 1196 2090 1238 seu
2116 1176 2635 1241 reconciliatione
2656 1178 3225 1244 offerebatur.Haec
3258 1189 3467 1244 tamen

1983 1272 2104 1336 filii
2137 1275 2325 1338 Israel
2371 1263 2735 1339 offerebant
2777 1278 2894 1340 hac
2927 1279 3086 1356 vice,
3122 1280 3313 1342 etiam
3354 1299 3469 1363 pro

1981 1373 2327 1453 gratiarum
2358 1375 2609 1438 actione
2639 1376 2717 1438 de
2748 1376 3033 1439 victoriis
3065 1377 3189 1440 sibi
3222 1379 3407 1441 datis,

2079 1476 2165 1534 Ec
2220 1475 2478 1551 scripsit
2535 1495 2730 1552 super
2791 1478 3036 1553 lapides
3084 1481 3471 1539 Deuterono-

1980 1573 2189 1631 mium
2224 1573 2378 1648 ἱερεῖς
2420 1575 2683 1650 Moysis.
2730 1573 3315 1654 Deuteronomium,
3351 1596 3468 1659 pro

1981 1668 2118 1749 lege
2161 1688 2273 1732 seu
2326 1688 2548 1733 norma
2589 1671 2792 1753 accipi
2845 1672 3025 1735 solet.
3070 1673 3246 1738 Unde
3294 1678 3467 1757 quod

1979 1765 2234 1843 dicitur,
2278 1768 2835 1831 Deuteronomium
2888 1769 3049 1850 legis
3100 1771 3314 1853 hujuS,
3370 1783 3468 1837 est

373 1862 520 1942 fuit,
557 1884 640 1928 ne
681 1873 824 1947 post
857 1865 1011 1929 solis
1050 1884 1344 1928 occasum
1387 1873 1743 1928 remaneret
1775 1883 1871 1926 ca·
1897 1865 1942 1926 B
1981 1865 2384 1930 intransitiva
2414 1868 2823 1943 constructio,
2860 1867 3025 1932 sicut
3066 1889 3265 1952 quum
3310 1873 3467 1936 dici-

133 1969 342 2022 Deut-m,
374 1963 568 2026 daver
601 1963 895 2046 suspensi
938 1964 1006 2025 in
1047 1983 1236 2026 cruce
1271 1984 1285 2027 :
1319 1962 1436 2037 Qui
1467 1962 1868 2043 adjudicatus

101 2035 239 2082 ²³¹²*
371 2061 590 2137 morti,
633 2080 982 2144 suspensus
1029 2061 1228 2125 fuerit
1266 2061 1332 2123 in
1384 2061 1693 2143 patibulo,
1739 2078 1867 2122 non

369 2160 777 2242 permanebit
806 2162 1076 2226 cadaver
1113 2160 1252 2241 ejus
1286 2161 1351 2222 in
1382 2160 1580 2240 ligno,
1616 2160 1725 2221 scd
1766 2176 1869 2220 eo-

367 2260 514 2322 dem
547 2259 654 2322 die
688 2259 1058 2341 sepelietur,
1085 2259 1236 2342 quia
1267 2259 1642 2321 maledictus
1673 2277 1711 2318 a
1740 2258 1866 2320 Deo

367 2359 602 2440 estqui
636 2359 874 2441 pendet
906 2358 973 2420 in
996 2359 1207 2438 ligno:
1235 2358 1354 2421 hoc
1385 2366 1502 2433 est,
1529 2356 1777 2419 sufficit
1807 2356 1863 2418 ei

368 2476 485 2539 pro
519 2475 712 2539 poena
743 2457 1174 2538 ignominiosa
1203 2456 1540 2519 crucifixio
1564 2459 1868 2518 sua.Pro-

351 2557 786 2636 ⁸feceruntque
815 2558 890 2616 in
919 2558 1055 2633 ipso
1089 2559 1368 2616 introitu
1399 2557 1706 2626 civitati&
1729 2575 1868 2614 con-

359 2665 534 2731 yesto
554 2675 750 2732 super
769 2675 918 2715 eum
939 2673 1172 2732 maqno
1195 2674 1416 2714 acervo
1450 2655 1747 2730 lapidum
1765 2670 1788 2712 .·
1804 2659 1868 2714 et

367 2752 490 2815 hoc
533 2752 658 2814 fuit
698 2752 994 2834 sepelitio
1027 2751 1192 2834 ejuS.
1230 2752 1372 2814 ideo
1411 2760 1620 2814 autem
1659 2752 1868 2832 proje-

367 2860 596 2914 cerunt
637 2859 704 2914 et
741 2851 956 2914 taliter
989 2851 1386 2933 sepelierunt
1429 2869 1576 2912 eum
1617 2849 1682 2910 in
1725 2848 1864 2931 ipso

367 2949 548 3012 urbis
581 2969 714 3012 suae
743 2949 1060 3030 ingressu,
1087 2957 1158 3011 ut
1189 2956 1355 3012 esset
1384 2948 1531 3011 aliis
1562 2949 1627 3009 in
1661 2967 1865 3010 exem-

364 3048 572 3132 plum,
607 3057 671 3111 et
701 3048 1072 3111 memoriale
1103 3048 1340 3112 divinae
1368 3047 1634 3130 justitiae
1663 3065 1736 3108 ac
1766 3045 1864 3127 ju-
1895 3049 1938 3112 C
1972 3044 2530 3109 Deuteronomium
2562 3045 2721 3126 legis
2745 3046 2993 3129 MoysiS,
3022 3049 3185 3111 sicut
3215 3060 3278 3112 61
3306 3053 3461 3116 Ι)611-

362 3158 476 3212 stae
505 3148 832 3213 vindictae.

462 3253 648 3310 Tunc
694 3249 1047 3324 aedificavit
1092 3250 1282 3308 Josue
1328 3250 1537 3306 altare
1586 3247 1860 3306 Domino

361 3351 492 3408 Deo
531 3350 744 3408 Israel
791 3364 908 3427 per
957 3364 1186 3407 manus
1236 3343 1677 3407 ministrorum
1727 3344 1861 3407 sive

361 3443 716 3521 artificum,
751 3446 826 3504 in
875 3454 1083 3504 monce
1123 3446 1352 3512 Hebal,
1396 3442 1742 3505 constituto
1793 3441 1860 3503 in

362 3562 617 3626 campo,
651 3548 818 3604 sicut
845 3552 1242 3620 praeceperat
1279 3544 1528 3619 Moyses
1565 3543 1861 3619 famulus

365 3644 644 3704 Domini
669 3643 836 3720 filiis
874 3645 1101 3703 Israel.
1135 3640 1314 3702 Unde
1362 3639 1429 3701 in
1479 3640 1863 3702 Deuterono—

116 3754 338 3807 mam-n,
365 3740 498 3802 mio
533 3739 843 3820 scriptum
877 3745 974 3799 est
1011 3757 1024 3800 :
1059 3736 1362 3818 Praeccpit
1392 3736 1630 3818 Moyses
1660 3756 1862 3819 popu-

109 3820 180 3860 Μ·
367 3838 450 3913 10,
477 3838 738 3900 dicens:
765 3836 966 3911 Quum
999 3834 1328 3897 transieris
1357 3835 1715 3913 Iordanem,
1742 3836 1862 3898 eri-

365 3956 478 4017 ges
534 3936 830 4015 ingentes
891 3933 1138 4016 lapides
1187 3942 1252 3995 et
1301 3934 1474 3997 calce
1534 3933 1860 4014 laevigabis

363 4054 498 4111 eOS,
534 4042 606 4097 ut
648 4032 854 4115 possis
889 4032 957 4094 in
987 4031 1080 4095 eis
1110 4032 1390 4095 scribere
1421 4032 1638 4095 omnia
1668 4032 1863 4096 verba

367 4134 526 4215 legis
567 4132 764 4214 hujus
797 4132 863 4193 in
895 4139 1110 4194 monte
1142 4130 1333 4193 Hebal
1361 4154 1374 4205 3
1419 4139 1482 4193 61
1510 4130 1862 4194 {edificabis

1978 1972 2102 2040 tur,
2123 1963 2336 2026 Virtus
2371 1965 2503 2042 Dei,
2540 1974 2603 2026 et
2642 1985 2839 2046 quum
2880 1966 2971 2028 ait
2999 1967 3360 2049 ApostoluS,
3394 1972 3459 2034 In
3546 1985 3711 2028 Mam«.

1977 2063 2435 2144 exspoliatione
2455 2064 2739 2145 corporis
2761 2065 2991 2127 carniS.
3013 2066 3460 2133 Verumtamen
3492 2051 3697 2154 “2223‘ss
3712 2126 3755 2162 m

1976 2161 2537 2224 Deuteronomium
2569 2162 2827 2244 proprie
2846 2163 3079 2226 dicitur
3110 2165 3209 2227 lex
3240 2185 3464 2230 secun·
3492 2175 3559 2216 ¹¹·

1977 2260 2077 2336 da,
2121 2259 2228 2321 ἀπὸ
2270 2273 2367 2321 τοῦ
2410 2265 2688 2344 δεύτερον,
2730 2262 2903 2342 quod
2947 2272 3044 2324 est
3085 2267 3458 2345 Secundum,

1977 2365 2039 2419 et
2066 2365 2254 2438 νόμος,
2280 2358 2454 2438 quod
2484 2367 2579 2420 est
2612 2359 2966 2441 lex.1taque
2998 2362 3255 2444 scripsit
3275 2365 3463 2430 Josue

1975 2475 2088 2538 per
2136 2475 2363 2518 manus
2412 2455 2795 2538 scriptorum
2847 2458 2912 2519 in
2963 2459 3286 2541 lapidibus
3331 2464 3463 2526 illis

1975 2573 2088 2635 per
2109 2554 2522 2636 sculpturam,
2539 2555 3011 2620 Deuteronomii
3042 2577 3325 2623 normam
3350 2582 3461 2625 seu

1975 2652 2458 2728 continentiam,
2513 2653 2613 2717 vel
2665 2662 2951 2717 tenorem
3004 2656 3160 2736 legis
3209 2659 3457 2742 Moysis

1977 2755 2158 2820 Quod
2198 2753 2311 2810 ille
2358 2753 2705 2827 digesserat
2755 2772 2970 2814 coram
3019 2757 3183 2833 filiis
3232 2761 3456 2821 Israel.

1973 2849 2211 2930 Moyses
2251 2848 2493 2931 quippe
2532 2849 2738 2911 adhuc
2784 2850 3029 2929 vivens,
3067 2852 3227 2916 filiis
3272 2855 3459 2920 Israel

1972 2947 2327 3030 proposuit,
2362 2946 2673 3028 exposuit,
2709 2955 2772 3010 61
2812 2948 2877 3010 111
2920 2950 3177 3032 scriptis
3218 2955 3461 3035 redegit
3489 2959 3751 3073 gitta&

1972 3144 2307 3208 teronomii
2338 3143 2543 3225 primo
2574 3142 3081 3209 innuitur.Circa
3112 3148 3235 3212 hoc
3256 3151 3459 3233 aliqui

1970 3244 2214 3319 dicunt,
2266 3242 2435 3323 quod
2484 3241 2672 3305 Josue
2722 3261 2850 3305 non
2902 3244 3161 3327 scripsit
3208 3246 3276 3309 in
3329 3249 3459 3313 illis

1969 3341 2311 3424 lapidibuS,
2358 3340 2482 3401 nisi
2514 3340 2733 3403 decem
2780 3351 3117 3425 praecepta,
3156 3356 3343 3427 prout
3391 3348 3457 3410 in

1967 3438 2456 3504 Deuteronomio
2515 3438 2849 3502 habentur.
2902 3440 3142 3515 Quibus
3196 3444 3459 3510 obviare

1968 3540 2242 3615 videtur,
2279 3538 2428 3619 quia
2455 3538 2555 3617 (ut
2586 3538 2931 3618 allegatum
2963 3543 3087 3613 est)
3117 3542 3355 3625 Moyses
3389 3545 3452 3607 in

1968 3636 2457 3701 Deuteronomio
2506 3636 2791 3717 loquitur
2838 3655 2852 3698 :
2898 3638 3117 3720 Eriges
3161 3640 3452 3722 ingentes
3499 3665 3748 3719 mama,

1971 3736 2235 3818 lapideS,
2279 3742 2349 3795 ut
2398 3734 2605 3817 possis
2648 3734 2716 3795 in
2768 3735 2861 3797 cis
2910 3732 3187 3801 scr'ibere
3236 3742 3453 3805 omnia
3481 3732 3579 3781 ‘³⁹³‘

1970 3834 2162 3899 verba
2194 3834 2350 3913 legis
2395 3833 2607 3915 hujus,
2641 3833 2951 3915 Josepbus
2990 3854 3246 3919 quoque
3288 3859 3458 3904 asse-

1972 3934 2054 4015 rit
2103 3932 2192 3995 ibi
2244 3932 2481 4013 scripta
2524 3931 2725 3994 fuisse
2774 3933 2975 3995 multo
3027 3934 3214 4015 plura
3262 3957 3455 4019 quam

1971 4033 2189 4095 decem
2220 4038 2557 4113 praecepta,
2575 4030 2875 4094 videlicet
2896 4032 3375 4099 benedictiones
3397 4047 3483 4101 61.

1971 4129 2473 4205 maledictioneS‚
2508 4130 2587 4191 de
2627 4129 2859 4209 quibus
2904 4129 2968 4190 in
3012 4130 3135 4194 isto
3179 4134 3461 4216 capitulo

367 4230 456 4293 ibi
488 4231 692 4293 altare
731 4229 1002 4292 Domino
1043 4229 1122 4291 (16
1164 4224 1509 4310 lapidibuS,
1542 4248 1707 4310 quos
1746 4230 1866 4292 fer·
1893 4229 1942 4290 D
1974 4228 2141 4291 infra
2189 4228 2479 4291 habetur.
2524 4228 2914 4309 Augustinus
2966 4230 3155 4292 etiam
3206 4235 3457 4314 quaerit,

368 4350 510 4392 rum
565 4348 695 4393 non
740 4328 970 4409 tetigit,
1005 4336 1068 4390 61
1108 4328 1187 4391 (16
1238 4327 1406 4390 saxis
1447 4327 1858 4406 informibuS,

367 4428 684 4512 impolitis
729 4447 742 4491 :
793 4428 978 4509 cujus
1028 4426 1322 4489 litteralis
1374 4426 1558 4504 ratio,
1613 4427 1737 4489 fuit
1783 4429 1862 4490 ad

367 4527 864 4591 discernendum
886 4525 1176 4589 Israelem
1209 4545 1248 4588 a
1277 4525 1755 4608 gentibuS,quae
1787 4528 1866 4591 de

369 4625 696 4708 lapidibus
747 4625 1044 4707 pretiosis
1106 4624 1324 4706 politis
1373 4632 1866 4688 construxerunt

145 4740 326 4783 wama
370 4724 597 4787 altaria
643 4723 836 4787 idolis
887 4724 1043 4785 suis.
1077 4726 1162 4785 Et
1207 4725 1574 4785 immolavit
1607 4723 1629 4746 *
1671 4745 1866 4803 super

370 4845 438 4884 eo
477 4828 852 4885 holocausta
881 4820 1282 4891 Domino,·id
1329 4830 1446 4899 est,
1484 4840 1596 4904 per
1637 4842 1863 4885 manus

373 4923 778 4986 sacerdotum
826 4920 1054 4984 offerri
1113 4920 1324 5002 jussit,
1379 4923 1865 5001 immolavitque

369 5025 682 5101 pacificas
712 5022 1012 5082 victimas
1057 5038 1170 5102 per
1221 5040 1448 5082 manus
1477 5022 1579 5100 (ut
1629 5029 1864 5084 tactum

372 5122 494 5201 est)
522 5120 926 5183 sacerdotum
962 5138 976 5181 :
1012 5126 1075 5181 et
1105 5118 1270 5181 forte
1300 5138 1415 5201 pro
1446 5118 1731 5200 qualibet
1763 5119 1867 5180 tri-

373 5216 458 5278 bu
486 5215 886 5280 offerebatur
917 5214 1192 5297 speciale
1227 5215 1690 5293 holocaustum,
1727 5236 1866 5297 spe-

371 5314 554 5378 cialis
572 5334 834 5397 quoque
854 5312 1128 5397 pacifica
1156 5314 1386 5377 hostia.
1401 5313 1864 5396 Diceba'turque

623 5448 690 5499 Τ.
722 5448 772 5499 3.

1972 4328 2294 4410 quomodo
2344 4328 2551 4408 potuit
2590 4334 2833 4389 tantum
2884 4328 3163 4393 scribere
3212 4330 3280 4392 in
3331 4332 3463 4394 illis

1972 4425 2320 4508 lapidibus.
2374 4422 2842 4489 Verumtamew‘
2884 4427 3189 4507 quoniam
3252 4430 3462 4494 littera

1971 4524 2373 4608 apertissime
2404 4524 2582 4602 dicit,
2617 4525 2785 4605 quod
2816 4534 2997 4587 erant
3035 4524 3323 4607 ingentia
3367 4550 3465 4592 sa-

1973 4644 2052 4686 xa
2093 4622 2403 4704 laevigata,
2441 4630 2734 4704 poterant
2782 4623 2983 4687 multo
3037 4625 3219 4706 plura
3268 4646 3463 4709 quam

1975 4723 2194 4785 decem
2225 4728 2540 4803 praecepta
2570 4721 2812 4784 exarari
2845 4720 2911 4783 in
2942 4722 3058 4785 eis.

2055 4823 2279 4883 Omnis
2320 4830 2537 4881 autem
2570 4824 2850 4897 populus
2894 4824 3124 4891 Israel,
3156 4821 3463 4887 videlicet

1974 4919 2155 5002 plebs
2188 4918 2570 4995 communiS,
2604 4929 2662 4978 et
2706 4920 2984 4996 majores
3024 4929 3210 4993 natu,
3242 4925 3463 4982 duces-

1971 5039 2116 5098 que,
2168 5024 2323 5099 puta
2363 5016 2688 5099 principes
2740 5016 3043 5095 tribuum,
3078 5029 3138 5080 et
3171 5020 3456 5097 judices,

1975 5115 2218 5179 scilicet
2266 5114 2532 5192 tribuni,
2586 5115 3013 5193 centuriones»,
3069 5117 3462 5199 quinquage-
3489 5138 3753 5193 emaum,

1976 5214 2160 5291 narii,
2198 5222 2260 5277 et
2306 5214 2552 5291 decani,
2588 5214 2667 5277 de
2715 5213 2950 5295 quibus
2997 5215 3064 5276 in
3103 5216 3317 5279 Exodo
3359 5218 3463 5280 ha·
3491 5206 3647 5255 ²¹'²⁵·

1973 5315 2182 5391 betur,
2214 5318 2468 5375 stabant
2508 5334 2589 5373 eoe
2632 5323 2906 5393 utraque
2940 5326 3132 5392 parte
3178 5336 3345 5378 arcae
3390 5320 3461 5379 in

3184 5449 3219 5500 4
