4359 6250
647 2451 680 2495 11
695 2453 798 2508 Περ.
813 2467 890 2504 xvi,

629 2517 696 2558 22.

919 469 1038 532 554

1467 488 1814 534 ENARRATIO
1857 489 1918 534 IN
1960 489 2096 534 GAP.
2143 489 2229 534 XX
2270 488 2429 534 1.an1
2470 489 2721 535 securim
2764 489 2986 536 REGUH.
3032 508 3113 520 —
3152 491 3295 536 ΛΒΤ.
3338 490 3467 536 XXX

919 657 1252 720 occasione
1289 658 1424 720 suis
1463 677 1532 721 se
1570 666 1905 740 opponunt
1941 657 2399 741 superioribuS,
2438 659 2486 720 Α
2520 658 2675 736 nati,
2699 659 3043 738 ambitiosi,
3068 661 3487 736 simulatoreS,
3512 659 3824 736 crudeles,
3845 659 4005 722 invi-

919 764 1111 837 atque
1141 757 1218 818 ad
1251 757 1548 834 schisma,
1573 757 1997 820 resistentiam
2019 777 2092 821 ac
2124 757 2407 820 inobedi-

917 855 1154 917 entiam
1173 856 1498 919 concitant
1515 856 1702 930 alios3
1726 865 2092 939 canuntque
2114 856 2403 932 buccina,

917 955 1189 1038 superbe
1215 963 1322 1016 aut
1345 954 1616 1019 facunde
1634 975 1744 1018 seu
1766 956 2118 1019 clamorose
2147 956 2408 1038 loquen-

914 1054 1017 1116 do.
1053 1053 1146 1116 Ad
1177 1055 1606 1118 extrusionem
1637 1074 1896 1137 quoque
1925 1055 2275 1137 superioris
2306 1055 2405 1118 sui

916 1153 1266 1234 adspirant,
1291 1161 1354 1216 et
1375 1153 1634 1236 seipsos
1673 1155 1752 1216 ad
1797 1154 2269 1236 praesidentiam
2306 1154 2405 1215 ni-

919 1260 1138 1314 tuntur
1168 1251 1476 1332 ingerere.
1516 1254 1656 1314 Viri
1685 1263 1902 1314 autem
1929 1256 2106 1315 Iuda
2129 1255 2407 1315 adhoese-

918 1359 1078 1412 runt
1106 1353 1246 1427 reyi
1275 1371 1388 1410 suo
1419 1372 1459 1412 a
1487 1354 1771 1412 Jordane
1802 1372 1999 1431 usque
2029 1355 2401 1414 Jerusalem.

919 1448 1020 1511 Sic
1050 1449 1185 1513 veri
1218 1448 1443 1512 fideles
1474 1451 1685 1527 corde,
1707 1469 1814 1513 ore
1845 1458 1908 1512 et
1927 1468 2118 1532 opere
2139 1449 2406 1513 Domino

917 1547 1303 1611 confitentes
1335 1547 1740 1612 confessione
1783 1549 2055 1632 propriae
2085 1549 2289 1631 culpae
2332 1569 2405 1614 ac

919 1646 1124 1709 laudis
1173 1646 1436 1724 divinae,
1488 1648 1813 1710 adhaerent
1859 1648 2106 1710 Christo
2157 1666 2286 1711 non
2337 1648 2403 1710 in

917 1745 1242 1829 prosperis
1276 1754 1542 1822 tantum,
1579 1746 1689 1808 sed
1719 1747 1908 1809 etiam
1943 1746 2011 1808 in
2043 1747 2347 1823 adversiS,
2369 1766 2406 1808 a

2519 759 2705 836 diosi,
2742 780 2814 823 ac
2842 762 3125 844 pessimi,
3160 763 3274 843 qui
3314 761 3741 844 proximorum
3786 769 4003 824 tenent

2518 867 2807 921 mentum
2847 860 3104 922 dextera
3140 879 3355 936 manu,
3400 860 3799 941 dulciterque
3836 859 4005 921 salu-

2518 958 2951 1033 tant‚sinistra
2978 978 3128 1023 vero
3156 960 3554 1036 occidunt‚et
3586 958 3883 1021 intestina
3904 977 4003 1021 eo—

2518 1075 2659 1118 rum
2690 1057 3059 1136 effundunt,
3094 1060 3248 1121 dum
3290 1058 3445 1141 ipsis
3479 1058 3837 1134 adulantur,
3869 1057 4003 1119 lau-

2518 1156 2757 1238 desque
2787 1155 3111 1234 exhibent,
3143 1176 3218 1220 ac
3255 1156 3411 1220 foris
3442 1156 3857 1238 applaudunt,
3892 1157 3999 1217 sed

2516 1255 2763 1318 occulte
2790 1255 3247 1336 obloquuntur,
3269 1263 3521 1331 nocent,
3539 1253 3864 1333 affligunt,
3888 1273 3999 1316 seu

2518 1354 2930 1436 supplantare
2960 1363 3294 1418 conantur.
3328 1354 3415 1416 De
3446 1352 3679 1434 quibus
3720 1351 4002 1433 loquitur

2515 1451 2821 1514 Jeremias
2873 1469 2887 1513 :

2518 1567 2779 1625 eorum3
2834 1570 3055 1634 pacem
3097 1570 3241 1613 cum
3286 1549 3489 1612 amico
3534 1567 3649 1611 suo
3694 1548 3995 1630 loquitur,

2514 1657 2580 1711 et
2627 1648 2875 1712 occulte
2926 1647 3107 1730 ponit
3156 1649 3216 1711 ei
3267 1646 3553 1710 insidias.
3598 1647 3779 1711 Unde
3824 1654 3885 1709 et
3932 1647 3995 1708 in

2514 1747 2871 1811 Proverbiis
2918 1747 3223 1810 asseritur
3275 1766 3289 1810 ε

919 1853 1205 1927 tempore
1235 1844 1333 1907 sui
1368 1844 1692 1926 Baptismi,
1718 1863 2052 1927 quousque
2083 1846 2160 1908 ad
2192 1865 2399 1927 super·
2442 1846 2488 1907 B
2519 1844 2819 1927 fictisque
2858 1847 3261 1909 sermonibus
3302 1847 3581 1928 loquitur
3618 1845 3824 1908 amico
3862 1863 3995 1918 suo,
4022 1843 4063 1870 ³·

919 1963 1066 2006 nam
1096 1943 1440 2007 Jerusalem
1476 1945 1924 2025 perducantur.
1945 1944 2020 2006 Et
2043 1944 2096 2006 si
2122 1943 2407 2025 aliquan-

919 2043 999 2105 do
1031 2043 1260 2105 cadant
1289 2044 1631 2125 peccando,
1653 2051 1921 2123 surgunt
1951 2043 2259 2106 veraciter
2279 2059 2408 2124 poe-

923 2141 1208 2205 nitendo.
1230 2145 1567 2222 Quumque
1597 2143 1862 2202 venisset
1893 2164 2010 2202 rex
2041 2144 2109 2202 in
2141 2145 2406 2202 domum

921 2264 1108 2304 suam
1149 2244 1222 2303 in
1250 2247 1628 2314 Jerusalem,
1667 2245 1818 2302 tulit
1855 2245 2068 2304 decem
2107 2245 2409 2303 mulieres

921 2344 1308 2402 concubinas
1339 2361 1506 2403 suas.
1533 2341 1648 2403 Per
1678 2341 2068 2404 concubinas
2099 2340 2296 2404 David
2326 2341 2408 2403 ab

921 2441 1236 2503 Absalone
1258 2438 1553 2521 pollutaS,
1578 2439 2019 2520 intelliguntur
2047 2438 2279 2502 animae
2298 2439 2411 2500 im-

923 2539 1240 2622 perfectae,
1276 2559 1313 2601 a
1342 2556 1749 2620 quocumque
1779 2537 2198 2600 haeresiarcha
2228 2539 2410 2601 dcce-

920 2647 1044 2721 ptae
1069 2656 1083 2701 t
1108 2638 1221 2720 qui
1253 2637 1675 2700 haeresiarcha
1694 2645 1878 2700 vocat
1907 2655 1975 2699 se
2007 2636 2219 2698 filium
2241 2637 2410 2699 Chri-

919 2738 1022 2814 sti,
1063 2738 1124 2801 id
1157 2746 1252 2800 est
1285 2756 1432 2799 vere
1469 2735 1750 2811 fidelem,
1787 2744 1848 2797 et
1878 2735 1944 2797 in
1974 2735 2297 2818 Baptismo
2340 2735 2405 2798 in

922 2836 1171 2900 Christo
1224 2844 1482 2898 renatus
1531 2843 1650 2897 est.
1701 2833 1988 2896 Christus
2038 2852 2189 2897 vero
2250 2833 2406 2896 tales

921 2934 1165 2998 animas
1193 2935 1577 3016 quandoque
1599 2933 1938 3009 illuminat,
1964 2933 2239 3013 gratiose
2271 2934 2410 2996 red-

917 3033 1122 3096 eundo
1141 3034 1218 3095 ad
1239 3051 1362 3108 eaS,
1379 3041 1568 3113 atque
1597 3032 1675 3093 ad
1696 3031 2191 3094 ecclesiasticam
2212 3031 2409 3093 unita·
2442 3030 2485 3092 C

921 3142 1046 3196 tem
1072 3132 1184 3194 has
1207 3132 1606 3195 reducendo:
1633 3151 1669 3193 a
1697 3131 1932 3213 quibus
1954 3131 2136 3212 quasi
2177 3130 2411 3193 disces-

921 3232 1013 3303 sit.
1030 3230 1530 3294 consolationem
1553 3249 1660 3292 seu
1681 3228 1946 3309 gratiam
1973 3230 2412 3311 suspendendo

921 3338 1029 3392 aut
1059 3328 1509 3404 subtrahendo,
1544 3329 1692 3390 dum
1743 3347 1848 3390 eas
1893 3328 2122 3389 tentari
2169 3337 2231 3389 et
2273 3327 2406 3389 falli

921 3427 1234 3511 permisit.
1267 3426 1428 3501 Quas
1474 3447 1670 3509 quum
1718 3427 1798 3489 ad
1832 3445 2045 3489 veram
2089 3427 2411 3489 reduxerit

917 3526 1142 3603 fidem,
1173 3526 1361 3589 tradit
1392 3525 1715 3601 custodiae,
1743 3526 2186 3607 praeservando
2218 3544 2289 3587 ac
2308 3544 2412 3613 ‚se-

920 3626 1200 3709 parando
1222 3644 1326 3687 eas
1358 3622 1438 3686 ab
1459 3623 1631 3686 omni
1658 3622 2096 3686 haereticorum
2129 3641 2412 3686 commu-

923 3724 1113 3787 nione
1144 3743 1214 3786 ac
1262 3722 1533 3805 pristina
1576 3722 1990 3804 deceptione3
2027 3740 2141 3784 nec
2181 3723 2259 3784 ad
2305 3742 2411 3785 eas

923 3822 1297 3903 ingreditur,
1330 3821 1477 3883 dum
1512 3821 1698 3883 solita
1728 3821 2164 3885 consolatione
2203 3821 2412 3903 privat

921 3922 1196 3996 easdem,
1232 3928 1302 3981 ut
1331 3920 1532 3999 magis
1565 3919 1906 3981 humilient
1937 3939 2025 3982 se.

913 4056 920 4061 ·
1000 4022 1192 4082 Dia-it
1224 4030 1439 4080 autem
1472 4040 1588 4079 rea:
1607 4022 1864 4080 Amasce
1883 4040 1906 4078 .·
1933 4021 2215 4079 Convoca
2246 4022 2413 4079 mihi

921 4139 1135 4179 omnes
1176 4120 1346 4177 viros
1381 4120 1560 4179 luda
1599 4119 1669 4177 in
1711 4118 1886 4177 diem
1927 4119 2211 4188 tertium,
2242 4127 2302 4177 ec
2344 4127 2412 4178 tu

2518 1952 2647 2006 rete
2678 1944 2974 2025 expandit
3005 1944 3277 2027 pedibus
3307 1943 3877 2026 ejuS.1mpiissima
3902 1962 4002 2004 au-

2516 2049 2645 2104 tem
2676 2042 2942 2106 ambitio
2973 2044 3059 2105 ita
3087 2051 3377 2119 excaecat,
3395 2042 3723 2126 pervertit,
3739 2041 4003 2105 obdurat

2516 2161 2626 2205 cor
2655 2141 2955 2217 hominiS,
2989 2150 3059 2203 ut
3089 2143 3155 2204 in
3187 2141 3402 2204 omnia
3431 2140 3671 2204 scelera
3700 2138 4000 2222 paulatim

2518 2239 2923 2316 labatur‚nec
2954 2239 3335 2322 propinquis
3364 2246 3600 2320 parcat,
3622 2254 3836 2318 neque
3860 2236 4005 2298 ami-

2519 2339 2653 2414 cis;
2706 2347 2769 2402 et
2816 2339 2989 2420 quod
3040 2335 3383 2400 manifeste
3438 2336 3645 2399 facere
3692 2333 4005 2398 erubescit

2520 2446 2632 2499 aut
2681 2437 2927 2519 nequit,
2980 2436 3229 2499 occulte
3288 2444 3651 2518 perpetrare
3698 2441 4003 2506 conetur:

2519 2537 2729 2618 justos
2778 2556 3033 2619 quoque
3085 2545 3149 2599 et
3196 2537 3493 2600 meliores
3538 2555 3629 2612 se,
3682 2534 3925 2597 nitatur
3968 2553 4008 2594 a

2520 2637 2893 2719 praelatione
2940 2636 3238 2716 dejicere,
3287 2644 3349 2698 et
3394 2635 3571 2697 omni
3620 2633 3853 2696 timore
3899 2633 4005 2694 Dei

2520 2734 2829 2814 neglect0,
2874 2754 2943 2797 sc
2982 2733 3193 2816 ipsum
3236 2733 3485 2796 studeat
3526 2730 3955 2795 inthronizare
3988 2749 4003 2791 t

2520 2833 2629 2895 sed
2670 2841 2732 2895 et
2778 2831 3059 2895 fautores
3098 2831 3221 2894 sibi
3262 2832 3471 2894 studet
3506 2828 3862 2911 acquirere,
3896 2846 4009 2910 per

2517 2949 2679 3012 quos
2711 2931 2931 3015 palliet
2961 2951 3077 2994 sua
3104 2931 3291 3007 mala,
3328 2939 3391 2994 et
3416 2930 3617 2993 bonos
3647 2936 3921 2992 accuset.

2624 3033 2781 3092 Joab
2836 3040 3052 3092 autem
3099 3040 3159 3090 ec
3208 3031 3439 3091 Abi-sai
3482 3029 3807 3106 persecut-i
3854 3037 4007 3086 sunt

2519 3133 2705 3193 Seba.
2750 3130 2851 3193 Sic
2897 3148 3025 3193 non
3070 3128 3277 3192 solum
3323 3128 3502 3211 justi,
3549 3128 3658 3191 sed
3708 3134 3775 3189 et
3822 3125 4007 3207 impii

2518 3228 2781 3310 quidam
2815 3227 3055 3310 praelati
3090 3236 3154 3290 et
3184 3226 3482 3303 officiati,
3508 3245 3621 3309 per
3651 3243 4011 3288 excommu-

2522 3327 2896 3404 nicationeS,
2932 3326 3789 3408 interdicta,.suspensiones,
3826 3343 4010 3405 pecu-

2522 3427 2899 3507 niarumque
2928 3426 3431 3502 extorsioneS,ae
3457 3424 3615 3487 alios
3644 3424 3869 3487 modos
3896 3442 4014 3505 pu-

2522 3526 2709 3587 niunt
2754 3525 3064 3607 quosdam
3109 3543 3270 3588 reos,
3305 3525 3726 3586 Exclamavit
3770 3524 4011 3593 mulier

2519 3627 2781 3702 sapiens
2824 3629 2905 3685 de
2950 3626 3232 3685 civitate.
3285 3623 3399 3685 Per
3457 3621 3791 3685 mulierem
3844 3620 4010 3683 hanc

2522 3724 2874 3806 sapientem
2919 3731 2983 3786 et
3022 3723 3453 3804 eloquentem,
3500 3719 3872 3801 designatur
3914 3740 4014 3782 sa-

2522 3840 2628 3884 cra
2667 3820 3153 3902 praedicatorum
3198 3818 3420 3900 religio
3464 3828 3527 3882 et
3566 3817 3881 3901 sapientia
3916 3837 4011 3880 sa-

2520 3920 2875 3997 cerdotum,
2913 3938 3056 4001 quae
3090 3919 3156 3980 in
3196 3918 3479 3982 Ecclesia
3520 3918 3774 3995 clamat,
3816 3924 4009 3999 atque

2522 4019 2601 4081 ad
2634 4017 2942 4100 inquisita
2972 4018 3331 4100 respondet,
3350 4026 3413 4081 et
3442 4017 3729 4099 increpat
3758 4034 3867 4079 eos
3896 4015 4006 4097 qui

2522 4137 2697 4180 sacra
2728 4116 2865 4180 loca
2908 4116 3363 4180 demoliuntur.
3398 4116 3598 4199 Caput
3626 4116 3817 4179 etiam
3852 4114 4010 4178 Seba

923 4220 1134 4278 adesto
1173 4236 1468 4293 praesens.
1506 4214 1607 4278 Sic
1651 4215 1935 4277 Salvator
1970 4214 2153 4296 jubet
2196 4215 2414 4296 praela-
2443 4215 2492 4276 D
2525 4216 2841 4298 amputari
2890 4224 3208 4299 procurat,
3252 4224 3316 4279 et
3364 4215 3623 4298 projicit
3664 4215 3789 4296 ipsi
3829 4214 4003 4289 Joab,

925 4315 1027 4389 tis,
1055 4322 1124 4376 ut
1155 4313 1444 4376 subditos
1477 4332 1624 4376 suos
1657 4314 1962 4377 reducant
1993 4313 2070 4375 ad
2103 4313 2313 4395 ipsum
2345 4314 2410 4375 in

925 4413 951 4476 f
956 4414 1057 4476 ide
1087 4412 1810 4495 superbenedictissimae
1830 4412 2172 4489 TrinitatiS‚
2195 4422 2257 4475 et
2278 4432 2413 4494 per-

923 4512 1226 4576 sonaliter
1264 4512 1476 4575 adsint
1513 4510 1817 4573 membris
1859 4530 1930 4573 ac
1972 4511 2199 4574 ovibus
2238 4510 2413 4573 Chri-

925 4612 1006 4675 sti
1047 4611 1170 4674 sibi
1200 4610 1579 4687 commissis,
1615 4628 1695 4672 ne
1723 4608 2275 4673 insufficientibus
2304 4631 2411 4675 eas

921 4710 1324 4775 committant
1367 4708 1644 4772 vicariis.
1680 4710 1870 4770 Dixit
1897 4709 2054 4769 Joab
2091 4711 2180 4768 ad
2219 4713 2412 4771 Ama-

2521 4314 2826 4397 quoniam
2887 4316 3331 4378 seditiosorum
3384 4312 3849 4395 rebelliumque
3906 4334 4005 4375 su-

2522 4413 2807 4497 perbiam
2854 4414 3132 4477 ostendit
3174 4433 3314 4477 esse
3360 4432 3507 4477 mox
3555 4412 3901 4495 perituram
3942 4420 3999 4475 et

2520 4513 3092 4576 condemnandam.
3138 4516 3296 4574 Fuit
3322 4532 3471 4590 erqo
3501 4514 3659 4575 Joab
3684 4530 3879 4589 super
3904 4532 4003 4570 ex-

2520 4614 2815 4673 ercitum.
2849 4611 3003 4673 Nam
3036 4620 3100 4675 et
3127 4610 3413 4674 Christus
3449 4610 3769 4673 interdum
3800 4608 3998 4672 ambi-

2522 4711 2718 4774 tiosos
2760 4730 2833 4773 ac
2876 4710 3106 4793 impios
3146 4710 3457 4791 permittit
3500 4710 3579 4772 ad
3626 4718 3872 4790 tempus
3916 4726 4001 4767 rc-

2944 1451 3184 1533 Sagitta
3240 1451 3581 1513 vulnerans
3639 1458 3737 1512 est
3784 1449 4001 1530 lingua
4038 1470 4243 1516 aemma.
4297 1487 4298 1490 =

3342 1749 3540 1810 Homo
3586 1745 3701 1829 qui
3750 1745 3998 1808 blandis
4024 1765 4261 1842 pmcn.
4297 1769 4298 1784 ³

2520 4828 2736 4890 gnare,
2790 4809 2902 4891 qui
2948 4817 3205 4892 propter
3255 4816 3511 4891 peccata
3562 4805 3805 4891 populi,
3852 4804 4001 4867 facit
4048 4811 4253 4855 mm*-
4297 4872 4298 4891 ἶ

919 4831 1060 4871 sam
1089 4831 1112 4869 .·
1147 4812 1363 4880 Salve,
1397 4810 1489 4869 mi
1515 4810 1745 4885 frater.
1785 4806 1900 4868 Per·
1927 4806 2081 4870 Joab
2121 4804 2241 4871 hoc
2273 4808 2411 4873 loco
4024 4880 4075 4919 3⁰

2522 4926 2789 4988 regnare
2828 4907 3248 4991 hypocritam.
4082 4912 4091 4921 '
4296 4972 4298 5003 ἦ

924 4909 1372 4989 intelliguntur
1423 4906 1712 4969 homines
1757 4904 2169 4982 fraudulenti,
2226 4928 2414 4973 vene-
