4359 6250
132 2559 165 2598 ἑ.
181 2571 224 2612 q.
242 2561 283 2601 ὁ.
300 2572 341 2602 c.

98 2617 201 2668 de
212 2619 345 2662 David

94 2685 131 2722 et
140 2681 191 2724 ι]
196 2683 341 2726 unvit-

943 503 1293 549 ENARRATIO
1336 503 1395 549 IN
1440 502 1577 548 CAP.
1624 501 1747 547 XXV
1790 500 1947 546 LIBRI
1989 500 2159 546 mum
2201 501 2425 548 REGUH.
2473 521 2552 530 —
2593 502 2735 548 ΛΒΤ.
2783 500 2928 546 xuu

3360 481 3477 544 397

372 673 640 752 divinae,
674 693 819 756 quae
858 675 1111 736 nullum
1153 675 1391 738 bonum
1424 674 1691 738 dimittit
1725 672 1877 734 irre·
1906 670 1957 733 A
1988 671 2112 734 mei
2134 673 2540 736 commissam
2570 673 2638 736 in
2670 673 2859 750 te,ita
2878 680 2948 735 ut
2979 671 3478 762 satisfactionem

370 780 830 848 muneratum3
875 783 935 833 et
980 793 1111 834 non
1148 776 1353 852 periit
1395 775 1755 852 quidquam
1798 773 1878 830 de

367 872 629 930 eunetis
666 891 813 950 quce
850 875 939 931 ad
976 891 1127 931 eum
1150 873 1611 950 pertinebant;
1647 879 1706 929 et
1736 871 1878 928 red-

366 971 553 1030 didit
598 971 768 1030 mihi
806 975 1057 1032 malum
1094 989 1217 1048 pro
1268 973 1447 1030 bone.
1475 972 1628 1029 Haec
1670 969 1877 1044 fizciat

366 1068 699 1128 Dominus
730 1069 1025 1128 inimicis
1044 1069 1286 1138 David,
1309 1078 1368 1128 et
1389 1071 1522 1128 hcec
1550 1069 1779 1134 addat,
1812 1064 1875 1126 id

367 1173 495 1242 est,
530 1166 1024 1248 prosperitatem
1077 1166 1183 1228 det
1234 1166 1529 1229 hostibus
1580 1164 1763 1240 meiS,
1808 1163 1874 1224 in

366 1264 619 1326 malum
654 1281 865 1328 meum
898 1265 1061 1327 bene
1094 1263 1391 1326 faciendo
1423 1263 1539 1340 eiS,
1565 1262 1731 1326 sicut
1759 1279 1875 1340 ego

368 1360 671 1424 benefeci
704 1363 855 1425 huic
883 1363 1099 1439 Nabal,
1125 1365 1185 1422 si
1214 1365 1533 1442 reliquero
1564 1365 1641 1422 de
1670 1361 1877 1422 omni-

369 1462 493 1520 bus
521 1481 666 1540 quoe
704 1464 793 1522 ad
822 1463 1040 1538 ipsum
1070 1463 1397 1538 pertinent
1426 1481 1627 1540 usqu-e
1658 1479 1875 1528 mane,

368 1561 773 1636 minyentem
820 1563 910 1621 ad
950 1562 1293 1636 parietem.
1338 1560 1509 1621 Istud
1559 1566 1659 1621 est
1705 1558 1877 1639 jura-

368 1665 669 1744 mentum
689 1675 804 1739 per
824 1657 1345 1734 exsecrationem,
1362 1675 1490 1739 quo
1507 1656 1731 1739 jurans
1752 1655 1874 1718 sibi

369 1755 503 1838 ipsi
542 1755 787 1819 malum
817 1755 1225 1838 imprecatur,
1261 1755 1385 1818 nisi
1422 1774 1609 1817 suum
1652 1754 1877 1836 imple-

1986 790 2192 834 meam
2234 790 2349 853 pro
2383 771 2516 834 viro
2557 789 2698 835 meo
2737 779 3048 853 accepteS.
3085 771 3186 835 Sic
3218 781 3280 834 et
3311 772 3475 854 Apo-

1987 869 2187 932 stolus
2235 870 2464 931 Paulus
2517 869 2736 933 scribit
2783 869 2858 932 ad
2907 869 3338 933 Philemonem
3396 872 3476 933 de

1986 966 2282 1031 Onesimo
2333 987 2517 1031 servo
2568 968 2743 1030 illius
2789 986 2802 1030 :
2854 967 2915 1030 Si
2967 969 3210 1050 aliquid
3259 969 3480 1032 nocuit
3508 990 3774 1044 metentis,

1988 1065 2127 1141 tibi,
2178 1067 2296 1129 hoc
2348 1065 2506 1129 mihi
2547 1067 2826 1148 imputa3
2881 1084 2997 1146 ego
3043 1068 3322 1130 reddam.
3357 1072 3476 1130 Lo-
3511 1055 3574 1096 ¹⁹·

1986 1175 2254 1243 quatur,
2303 1167 2568 1236 obsecr-0,
2617 1168 2866 1226 ancilla
2917 1175 3030 1226 tua
3081 1168 3153 1226 in
3203 1168 3477 1227 auribus

1990 1263 2141 1334 cuia,
2173 1273 2236 1324 et
2275 1265 2440 1324 audi
2483 1253 2673 1325 verba
2715 1265 2989 1340 famuloe
3035 1275 3180 1326 tuae.
3233 1267 3329 1327 Ne
3367 1287 3481 1344 po-

1986 1371 2125 1431 nat,
2158 1381 2289 1431 or0,
2321 1363 2626 1421 dominus
2656 1383 2830 1422 meu-s·
2861 1382 2977 1421 rex
2997 1362 3250 1444 :ipsum
3289 1363 3479 1425 David

1988 1459 2276 1522 nominat
2321 1476 2554 1537 regem,
2591 1460 2742 1540 quia
2785 1469 3014 1522 unctus
3058 1461 3187 1541 Jam
3237 1460 3380 1538 fuit,
3415 1469 3480 1524 et

1988 1555 2126 1638 ipsa
2154 1555 2510 1619 certissime
2539 1574 2685 1618 eum
2716 1557 2988 1619 credidit
3023 1565 3432 1638 regnaturum
3457 1582 3474 1632 3

1984 1676 2093 1716 cor
2110 1677 2304 1717 suum
2331 1675 2525 1734 super
2545 1658 2766 1717 virum
2786 1658 2986 1718 istum
3017 1659 3324 1738 iniquum
3347 1661 3476 1720 Na-

1986 1758 2111 1828 bal,
2156 1755 2276 1819 hoc
2319 1764 2435 1832 est,
2472 1774 2602 1819 non
2643 1757 2952 1837 ponderet
2990 1757 3156 1820 facta
3188 1766 3252 1820 et
3282 1757 3478 1822 verba

368 1855 543 1918 verit
570 1855 1027 1939 juramentum.
1052 1855 1141 1918 Ac
1172 1855 1225 1917 si
1258 1855 1466 1918 dicat:
1495 1854 1598 1917 Sic
1629 1853 1877 1916 accidat
1911 1855 1959 1919 B
1988 1852 2276 1935 improba
2308 1854 2500 1935 hujus
2533 1853 2760 1935 iniqui,
2795 1857 2955 1932 quia
2981 1859 3334 1916 secundum
3365 1877 3476 1917 no-

366 1953 563 2030 mihi,
596 1953 725 2016 nisi
754 1961 903 2017 ante
938 1973 1129 2017 mane
1168 1953 1296 2016 diei
1338 1952 1666 2034 sequentis
1706 1951 1874 2015 occi-

368 2055 533 2116 dero
571 2052 783 2135 ipsum
830 2053 1045 2131 Nabal,
1082 2061 1144 2115 et
1188 2051 1502 2134 quidquid
1548 2051 1765 2114 vivum
1807 2051 1875 2113 in

369 2153 569 2214 domo
620 2152 762 2233 ejus
812 2152 1140 2229 invenero,
1164 2159 1227 2213 et
1277 2158 1485 2214 cetera
1527 2150 1695 2213 bona
1736 2149 1875 2230 ejus

374 2251 645 2313 inventa
688 2251 1013 2332 diripiam.
1049 2251 1221 2312 Istud
1265 2249 1506 2330 juravit
1556 2248 1875 2330 loquendo

374 2367 529 2411 cum
560 2349 717 2411 viris
748 2348 882 2410 suis
905 2349 971 2410 in
992 2349 1097 2410 via
1126 2349 1204 2410 ad
1227 2346 1424 2410 Nabal
1452 2369 1467 2420 ;
1505 2346 1605 2409 vel
1626 2347 1783 2411 visis
1815 2354 1876 2408 et

373 2447 619 2509 auditis
662 2447 864 2509 servis
907 2445 1178 2525 Abigail,
1213 2446 1483 2508 durante
1527 2444 1734 2507 adhuc
1774 2461 1876 2506 ve-

374 2544 709 2608 hementia
740 2563 869 2607 suae
888 2543 1358 2607 commotionis.
1384 2543 1449 2605 ln
1484 2543 1601 2605 hac
1622 2560 1879 2623 quoque

367 2643 701 2725 juratione
723 2643 1075 2706 secundum
1102 2641 1529 2722 Augustinum
1562 2639 1871 2723 peccavit,

371 2742 537 2824 quia
564 2741 903 2804 temeraria
933 2739 1078 2817 fuit,
1109 2749 1173 2803 et
1208 2760 1283 2804 ex
1314 2739 1409 2802 ira
1440 2739 1872 2814 immoderata,

372 2860 505 2921 qua
536 2839 743 2903 voluit
788 2857 1011 2902 omnes
1054 2837 1437 2901 domesticos
1468 2837 1663 2900 Nabal
1709 2837 1875 2900 occi-

372 2939 557 3014 dere,
602 2957 802 3019 quum
854 2945 1065 3000 tamen
1117 2935 1183 2998 in
1231 2937 1349 2999 hac
1398 2955 1588 2999 causa
1638 2935 1879 2998 fuerint

1986 1973 2129 2012 men
2156 1973 2351 2013 suum
2379 1957 2616 2014 stultus
2651 1963 2764 2026 est,
2799 1953 2920 2015 hoc
2962 1962 3079 2031 est,
3117 1953 3380 2018 nomine
3412 1963 3478 2017 et

1986 2069 2055 2112 re
2102 2049 2318 2112 fatuus
2361 2058 2477 2126 est,
2511 2060 2572 2111 et
2614 2053 2900 2112 stultitia
2938 2062 3027 2112 est
3069 2073 3216 2113 cum
3259 2073 3348 2114 e0.
3387 2052 3478 2115 Si-

1985 2147 2246 2230 quidem
2296 2148 2490 2211 Nabal
2542 2149 2774 2211 stultus
2824 2148 3299 2232 interpretatur.
3334 2152 3478 2215 Ideo

1984 2246 2177 2310 verba
2225 2255 2290 2310 et
2331 2255 2508 2327 gesta
2558 2248 2758 2330 ipsius
2815 2266 2943 2311 non
2995 2257 3145 2311 sunt
3195 2251 3478 2314 curanda

1988 2345 2124 2409 viro
2146 2346 2470 2428 prudenti,
2505 2365 2704 2427 quum
2737 2355 2800 2409 et
2831 2346 2898 2408 in
2927 2347 3285 2412 Proverbiis
3309 2349 3476 2413 dica-

1988 2452 2127 2509 tur:
2153 2445 2288 2508 Non
2312 2445 2695 2526 respondeas
2717 2446 2914 2508 stulto
2946 2447 3296 2510 secundum
3329 2449 3476 2510 stul·
3521 2473 3774 2529 eroum,

1987 2543 2194 2605 titiam
2227 2562 2427 2619 suam,
2467 2561 2546 2605 ne
2585 2542 2643 2605 ei
2687 2541 2914 2604 similis
2945 2543 3278 2608 efficiariS.
3313 2547 3474 2611 Hinc
3504 2539 3546 2580 ⁴·

1989 2641 2243 2722 sapiens
2287 2659 2415 2704 non
2456 2641 2643 2704 debet
2680 2661 2748 2704 se
2793 2643 2989 2705 stulto
3029 2662 3353 2725 opponere
3395 2648 3475 2709 ad

1988 2738 2324 2802 rixandum
2351 2747 2460 2801 aut
2482 2738 3007 2820 belligerandum.
3024 2741 3284 2824 Propter
3305 2746 3475 2825 quod

1986 2836 2076 2899 ait
2102 2835 2445 2918 Apostolus
2477 2857 2490 2900 :
2525 2836 2822 2900 Libenter
2852 2837 3141 2901 suffertis
3175 2840 3480 2923 insipien·
3510 2862 3770 2968 1ξιιεοωι,

1990 2943 2103 3012 teS,
2144 2954 2346 3016 quum
2379 2935 2519 2997 sitis
2550 2935 2674 3018 ipsi
2705 2936 3045 3018 sapientes.
3080 2941 3219 3017 Eyo
3253 2951 3472 3002 autem

374 3037 800 3111 innocente83
834 3044 896 3099 et
926 3035 1219 3117 quamvis
1258 3033 1384 3097 fuit
1415 3043 1645 3097 unctus
1678 3034 1744 3095 in
1781 3052 1879 3096 re-
1912 3035 1957 3098 C
1988 3035 2234 3094 ancilla
2267 3043 2380 3094 tua
2409 3055 2538 3094 non
2571 3035 2713 3094 vidi
2743 3054 2978 3112 pueros
3010 3046 3172 3108 ταας,
3211 3042 3477 3100 domine

370 3152 552 3215 gem,
594 3135 880 3197 nondum
934 3142 1143 3196 tamen
1195 3131 1577 3214 fungebatur
1615 3131 1877 3213 jurisdi-

372 3234 597 3297 ctione
628 3233 847 3312 regali,
882 3252 999 3295 nec
1033 3232 1255 3294 debuit
1284 3250 1359 3294 ea
1395 3231 1599 3312 fungi,
1621 3231 1875 3295 vivente

373 3331 559 3395 Saul.
593 3331 899 3395 Praeterea
928 3330 1130 3411 aliqui
1159 3330 1403 3406 dicunt,
1449 3329 1619 3410 quod
1661 3329 1726 3391 in
1760 3329 1877 3391 hac

371 3429 725 3513 juratione,
760 3430 903 3493 Haec
935 3428 1127 3492 faciat
1156 3429 1319 3491 Deus
1352 3426 1632 3490 inimicis
1654 3426 1874 3503 David,

375 3547 499 3611 per
552 3528 847 3591 inimicos
897 3526 1115 3603 David,
1166 3525 1561 3607 intelligatur
1606 3525 1876 3607 ipsemet

376 3626 583 3689 David
630 3646 644 3690 :
690 3625 851 3689 alias
896 3626 1329 3706 juramentum
1380 3632 1547 3686 esset
1596 3622 1869 3699 nullum,

376 3727 497 3790 sed
533 3725 731 3806 magis
752 3723 1157 3787 derisorium.
1182 3723 1417 3785 Tamen
1450 3742 1526 3785 ex
1557 3721 1877 3804 praeindu-

376 3834 483 3889 cta
517 3824 917 3906 expositione
938 3830 1109 3905 patet
1128 3821 1320 3902 hujus
1342 3821 1730 3903 oppositum.
1747 3820 1875 3882 Ali-

378 3942 581 3987 enum
624 3921 815 3985 etiam
856 3918 1409 4002 impropriumque
1454 3918 1724 3995 videtur,
1762 3938 1877 4000 per

379 4020 685 4083 inimicos
730 4019 947 4093 David,
995 4017 1353 4099 intelligere
1398 4016 1606 4099 ipsum
1652 4017 1873 4093 David,

380 4118 683 4201 quamvis
744 4117 1065 4180 interdum
1116 4116 1183 4178 in
1233 4115 1577 4198 Scripturis
1627 4116 1874 4197 aliquid

1987 3134 2105 3202 mi,
2135 3153 2290 3213 quos
2321 3136 2602 3195 misisti:
2624 3152 2785 3215 quos
2818 3134 2871 3196 si
2903 3134 3229 3213 vidissem,
3266 3156 3480 3220 repor-

1987 3238 2228 3293 tassent
2247 3231 2503 3313 copiose
2533 3251 2674 3313 quae
2705 3232 3050 3314 petierunt.
3078 3238 3270 3297 Nunc
3301 3257 3476 3313 erqo,

1986 3330 2247 3389 domine
2277 3331 2395 3399 mi,
2427 3332 2592 3390 vivit
2623 3333 2941 3393 Dominus
2961 3343 3022 3393 et
3053 3334 3218 3395 vivit
3247 3338 3476 3397 anima

1990 3436 2104 3488 tua
2132 3447 2155 3489 .·
2187 3427 2308 3489 hoc
2348 3435 2463 3504 est,
2499 3428 2662 3490 sicut
2701 3448 2921 3491 verum
2965 3439 3060 3493 est
3111 3432 3279 3511 quod
3313 3434 3480 3497 Deus

1988 3524 2170 3601 vivit,
2205 3532 2268 3586 et
2315 3525 2503 3587 etiam
2553 3525 2768 3589 anima
2819 3535 2946 3605 tua,
2981 3528 3072 3590 sic
3122 3548 3339 3592 verum
3385 3541 3482 3594 est

1988 3623 2158 3703 quod
2190 3641 2420 3704 pueros
2452 3631 2590 3686 tuos
2621 3642 2750 3687 non
2782 3625 2955 3699 vidi;
2990 3629 3109 3705 qui
3139 3632 3480 3705 prohibuit

1991 3732 2071 3790 te,
2102 3742 2181 3783 ne
2213 3725 2461 3782 venires
2494 3725 2564 3784 in
2593 3726 3003 3800 sanquinem,
3046 3725 3166 3788 hoc
3196 3736 3313 3804 est,
3358 3729 3482 3790 mi-

1990 3820 2393 3883 sericorditer
2422 3820 2761 3898 ordinavit,
2798 3830 2866 3883 ut
2905 3841 3080 3885 nunc
3113 3843 3228 3905 per
3259 3844 3478 3888 meum

1988 3937 2324 3981 occursum
2354 3918 2683 3995 avertariS,
2707 3928 2776 3982 ut
2809 3939 3014 4002 spero,
3049 3941 3084 3983 a
3115 3930 3225 3986 tuo
3256 3942 3484 4005 propo-

1989 4016 2111 4080 sito
2152 4025 2374 4080 contra
2415 4016 2610 4079 Nabal
2660 4027 2994 4101 concepto,
3030 4029 3093 4083 et
3139 4040 3321 4084 mens
3374 4033 3480 4086 tua

1987 4116 2065 4178 ad
2097 4114 2397 4196 pietatem
2430 4115 2853 4193 flectatur,ita
2886 4125 2953 4179 ut
2982 4138 3017 4180 a
3049 4120 3307 4202 propria
3327 4140 3483 4185 con-

380 4238 503 4302 pro
550 4236 667 4281 suo
708 4215 1027 4280 contrario
1065 4215 1442 4297 accipiatur,
1478 4215 1589 4277 ubi
1633 4216 1711 4277 ad
1759 4215 1877 4278 hoc
1910 4220 1959 4281 D
1990 4214 2256 4277 scientia
2298 4214 2693 4296 prohibearis
2735 4216 2815 4279 ab
2847 4218 3256 4282 exsecutione
3297 4220 3475 4283 illius

379 4318 515 4381 alia
562 4335 750 4380 causa
800 4314 1200 4377 rationabilis
1250 4313 1631 4394 assignatur,
1686 4323 1877 4395 atque

381 4438 459 4479 ex
500 4412 985 4478 circumstantia
1033 4412 1259 4475 litterae
1306 4410 1492 4475 facile
1538 4413 1877 4493 perpendi-

383 4524 513 4591 tur,
549 4514 719 4595 quod
750 4512 841 4575 ita
870 4519 1177 4573 sumatur.

466 4617 685 4682 Quum
706 4622 922 4673 aute-m
946 4612 1208 4671 vidisset
1228 4611 1498 4686 Abiyait
1519 4609 1727 4691 ipsum
1751 4612 1881 4671 Da-

384 4716 528 4782 vid,
578 4712 918 4791 festinavit
964 4718 1025 4769 et
1072 4710 1397 4769 descendit
1443 4712 1525 4769 de
1570 4710 1781 4778 asino,
1822 4719 1883 4770 et

374 4812 669 4888 procidit
697 4828 915 4869 eoram
934 4808 1154 4868 David
1180 4826 1375 4883 super
1402 4808 1639 4885 faciem
1667 4828 1878 4875 suam,

384 4928 453 4971 se
504 4907 837 4970 humiliter
885 4905 1367 4988 prosternendo,
1412 4913 1481 4966 ut
1528 4904 1621 4967 sic
1670 4905 1873 4968 oratio

386 5026 507 5071 sua
536 5006 725 5069 fieret
755 5004 877 5086 ipsi
900 5003 1099 5069 David
1129 5012 1326 5084 grata,
1360 5014 1421 5065 ec
1450 5006 1753 5065 adoravit
1780 5026 1883 5066 su-

378 5128 503 5185 per
525 5116 790 5175 terram,
822 5112 883 5164 et
910 5104 1139 5163 cecidit
1170 5105 1258 5163 ad
1282 5104 1469 5179 pedes
1498 5104 1664 5179 eju-3,
1692 5113 1751 5163 et
1782 5106 1885 5164 di-

385 5210 491 5267 xit
513 5226 537 5265 .·
557 5208 645 5266 In
674 5224 775 5264 me
794 5205 901 5274 sit,
935 5202 1194 5262 domine
1222 5202 1339 5272 mi,
1372 5203 1506 5262 kaec
1536 5203 1881 5279 iniquita-3,

388 5305 453 5367 id
472 5312 597 5381 est,
614 5300 773 5365 mihi
804 5300 1050 5382 imputa
1081 5298 1649 5379 transgressionem
1671 5299 1886 5364 mariti

1992 4312 2343 4394 propositi3
2389 4324 2447 4373 et
2478 4317 2758 4376 salvavit
2792 4336 3064 4379 manum
3105 4328 3303 4379 tuam-
3334 4323 3476 4393 tibi,

1992 4410 2055 4473 id
2105 4418 2222 4488 est,
2255 4431 2292 4474 a
2333 4420 2507 4475 tanto
2546 4421 2804 4494 peccato
2849 4417 3258 4497 praeservavit
3301 4427 3480 4500 pote-

1991 4516 2218 4571 statem
2267 4528 2377 4572 seu
2425 4529 2683 4574 manum
2737 4520 2932 4591 tuam,
2979 4514 3096 4578 hoc
3137 4525 3231 4578 est
3283 4526 3345 4579 te
3390 4518 3483 4600 ip-

1991 4628 2157 4673 sum.
2193 4612 2276 4671 Et
2317 4630 2493 4670 nunc
2529 4616 2697 4687 fiant
2739 4614 2907 4673 sicut
2950 4615 3166 4674 Nabal
3216 4616 3476 4677 inimici

1995 4710 2117 4778 tui,
2148 4719 2208 4769 et
2251 4710 2369 4788 qui
2407 4720 2709 4788 quaerunt
2737 4714 3000 4773 domino
3029 4733 3162 4773 meo
3206 4717 3480 4779 malum.

1990 4806 2119 4869 Hoc
2147 4806 2334 4869 multi
2363 4818 2690 4888 exponunt
2717 4808 2810 4872 sic
2853 4830 2867 4875 t
2909 4808 3156 4873 Inimici
3191 4811 3281 4874 tui
3317 4810 3483 4875 fiant

1992 4904 2171 4967 stulti
2221 4913 2284 4968 et
2333 4904 2630 4987 improbi,
2667 4906 3200 4987 quemadmodum
3255 4910 3474 4973 Nabal.

1994 5002 2113 5066 Sed
2145 5022 2270 5066 non
2301 5003 2552 5066 videtur
2590 5004 2760 5085 quod
2791 5004 3074 5068 virtuosa
3104 5016 3168 5069 et
3193 5009 3472 5090 prudens

1994 5101 2226 5165 mulier
2265 5101 2395 5179 illa,
2431 5102 2778 5183 imprecata
2815 5102 2898 5165 sit
2938 5103 3083 5166 aliis
3131 5107 3298 5170 mala
3345 5107 3482 5170 cul-

1997 5218 2113 5282 pae.
2147 5200 2290 5263 ldeo
2322 5200 2572 5263 videtur
2605 5201 2696 5263 sic
2722 5204 3168 5283 exponendum
3193 5204 3480 5270 :Inimici

1998 5298 2088 5365 tui
2126 5298 2290 5365 fiant
2333 5297 2497 5361 sicut
2538 5298 2754 5375 Nabal,
2797 5300 2859 5362 id
2909 5309 3027 5378 est,
3063 5302 3331 5367 adversa
3364 5322 3482 5386 pro
