4359 6250
122 1980 254 2023 Luc-x
289 1983 312 2006 ⁸

113 3564 234 3608 Bebr.
244 3580 294 3615 vi,
308 3570 332 3607 ‘a'

987 467 1336 558 ’ENARRATIO
1379 512 1442 558 IN
1483 511 1620 558 cAP.
1666 510 1734 556 111
1774 509 1932 556 LIBRI
1973 509 2144 556 PRllss
2184 508 2409 555 REGUH.
2454 527 2535 538 —
2576 507 2717 554 ΛΒΤ.
2765 507 2871 553 vlu

3350 487 3465 550 281

367 683 520 746 data
569 682 917 765 procedite,
960 682 1304 764 quaerendo
1353 680 1622 746 consilia
1667 690 1730 745 et
1779 701 1874 744 re-
1902 682 1953 743 A
1983 681 2237 752 Israeli,
2258 680 2321 742 id
2352 687 2467 756 est,
2489 676 2807 744 universis
2839 677 2907 739 in
2935 673 3217 757 generali
3247 682 3311 736 et
3340 673 3469 735 sin-

368 799 633 863 sponsa,
660 789 724 843 et
753 782 832 844 ad
860 781 1206 864 Prophetas
1238 799 1354 864 pro
1387 781 1619 844 talibus
1649 779 1873 843 confu-

367 880 588 962 giatis.
613 883 703 942 Et
731 883 945 942 evenit
973 901 1178 942 sermo
1212 882 1540 943 Samuelis
1569 882 1868 942 universo

1982 779 2150 861 gulis
2203 777 2743 860 interrogantibus
2786 794 2953 852 eum,
2988 772 3258 854 contigit
3297 772 3468 854 quod

1981 877 2074 941 eis
2106 877 2419 960 praedixit.

1453 1309 2108 1397 ARTICULUS
2191 1309 2406 1393 VIII

1073 1589 1152 1634 DE
1205 1587 1543 1634 SPIRITUALI
1595 1585 1780 1632 umus
1831 1584 2105 1630 camum
2155 1584 2356 1628 TERTu
2408 1583 2789 1629 INTELLECTU.

435 1869 482 1920 Ἴ
505 1871 760 1931 ERMO
785 1870 1058 1931 Domini
1085 1879 1226 1930 erat
1249 1871 1590 1948 preciosus.
1625 1866 1752 1929 Hoc
1781 1871 1878 1927 est
1914 1860 1960 1922 B
1991 1863 2103 1944 qui
2149 1854 2368 1927 videre
2419 1882 2545 1928 non
2595 1874 2842 1945 queunt
2892 1865 3239 1942 lucernam,
3275 1864 3337 1926 id
3383 1873 3480 1927 est

519 1967 696 2049 quod
737 1965 828 2030 ait
867 1967 934 2028 in
973 1967 1318 2047 Evangelio
1355 1965 1644 2027 Christus
1680 1981 1694 2025 :
1729 1962 1878 2025 Mes-

374 2066 470 2129 sis
500 2066 728 2143 multa,
754 2066 1030 2148 operarii
1062 2073 1274 2129 autem
1307 2063 1492 2147 pauci
1527 2080 1540 2126 :
1579 2080 1726 2124 nam
1757 2061 1876 2124 etsi

375 2165 514 2227 sint
545 2164 732 2227 multi
771 2164 885 2247 qui
925 2163 1140 2229 verbis
1178 2163 1528 2239 abundant,
1562 2159 1751 2244 pauci
1793 2167 1877 2220 ta-

372 2282 529 2326 men
566 2263 1008 2340 inveniuntur,
1045 2263 1113 2324 in
1145 2261 1381 2345 quibus
1413 2261 1544 2325 vita
1574 2267 1638 2323 et
1667 2277 1875 2323 mores

372 2360 596 2424 verbis
646 2360 1121 2442 praedicationis
1175 2359 1582 2424 concordent.
1638 2357 1876 2420 Idcirco

371 2477 593 2523 sermo
624 2477 848 2523 eorum
881 2459 1334 2535 contemnitur,
1372 2477 1488 2520 nec
1520 2457 1751 2538 dignus
1782 2463 1878 2518 est

371 2554 591 2622 sermo
633 2557 886 2621 Domini
928 2558 1259 2640 appellari,
1293 2577 1494 2639 quum
1540 2556 1750 2638 potius
1796 2556 1878 2617 sit

371 2657 624 2721 locutio
675 2655 978 2720 vanitatis
1037 2663 1100 2719 et
1157 2656 1420 2718 verbum
1482 2655 1872 2738 cupiditatis,

369 2775 576 2838 quam
617 2754 904 2818 caritatis
945 2762 1008 2818 et
1047 2763 1233 2818 rec'tae
1262 2754 1640 2818 intentionis
1675 2772 1688 2817 ε
1724 2754 1879 2817 alic-

371 2855 490 2937 qui
527 2855 594 2916 in
627 2853 858 2937 primis
880 2853 1298 2935 praedicarent
1323 2852 1878 2935 sibimetipsis.De-

373 2953 601 3036 nique,
629 2953 1109 3034 praedicandum
1139 2961 1236 3015 est
1265 2961 1552 3034 tempore
1581 2960 1878 3034 opportu-

1989 1961 2377 2044 Sapientiam
2430 1963 2627 2026 Patris
2680 1964 3095 2039 incarnatam,
3131 1983 3241 2026 seu
3283 1963 3477 2028 verba

1990 2059 2148 2140 legis
2180 2060 2435 2139 divinae,
2469 2061 2621 2141 quia
2652 2080 2780 2125 non
2812 2062 3049 2125 habent
3080 2061 3501 2124 intellectum-

1991 2157 2334 2222 formatum
2364 2179 2438 2222 ac
2469 2159 2632 2224 bene
2651 2160 3055 2242 dispositum.
3072 2159 3321 2224 Etenim
3341 2160 3472 2223 ani·
3500 2175 3765 2224 monum.

1989 2259 2177 2320 malis
2198 2258 2388 2321 homo
2422 2277 2550 2322 non
2583 2259 2854 2342 percipit
2884 2280 2958 2324 ea
2990 2279 3129 2341 quae
3158 2267 3307 2322 sunt
3336 2259 3468 2323 Dei.

1988 2357 2112 2420 Nec
2144 2357 2311 2438 sapit
2331 2357 2423 2420 eis
2456 2357 2781 2440 Scriptura
2810 2359 3049 2436 divina,
3070 2377 3261 2440 quam
3292 2367 3477 2422 vocat

1990 2455 2313 2518 lucernam
2353 2457 2463 2537 qui
2503 2456 2593 2519 ait
2628 2476 2642 2521 :
2676 2458 2961 2520 Lucerna
3000 2457 3271 2541 pedibus
3315 2458 3476 2521 meis
3536 2471 3767 2522 Ps-exvm.

1988 2555 2255 2617 verbum
2289 2555 2612 2617 tuum.Isti
2642 2574 2899 2638 quoque
2930 2574 3058 2619 non
3091 2564 3359 2638 possunt
3388 2556 3476 2618 vi·
3507 2537 3599 2577 ¹⁰⁵·

1990 2653 2138 2715 dere
2188 2652 2513 2716 lucernam
2552 2654 2684 2731 Dei,
2719 2654 2782 2716 id
2832 2662 2949 2730 est,
2983 2654 3203 2717 divina
3249 2673 3476 2736 praece-

1989 2759 2096 2833 pta
2124 2753 2451 2816 attendere
2481 2763 2543 2816 et
2574 2752 2841 2836 implere
2872 2754 3377 2817 recusant.Unde
3408 2753 3475 2816 in

1989 2848 2473 2915 proverbiorum
2521 2853 2685 2917 libro
2729 2852 2999 2917 habetur
3034 2872 3047 2916 :
3091 2854 3473 2932 Mandatum,
3508 2868 3771 2918 Pron-vuas-

1991 2949 2248 3012 lucerna
2278 2960 2373 3014 est
2399 2976 2413 3027 ς
2456 2961 2521 3014 et
2552 2952 2673 3030 lex,
2698 2951 2845 3026 lux;
2880 2960 2943 3014 et
2963 2952 3065 3015 via
3085 2953 3254 3030 vitae,
3278 2952 3481 3017 incre-

371 3071 482 3128 n0,
518 3060 586 3114 et
617 3070 749 3115 non
782 3050 980 3113 nimis
1011 3069 1200 3134 saepe,
1239 3069 1354 3114 nec
1387 3050 1581 3113 nimis
1611 3069 1773 3128 raro,
1809 3059 1880 3112 ut
1909 3044 1952 3105 C
1991 3049 2165 3130 patio
2197 3047 2578 3133 disciplinae.

369 3159 614 3213 cuncta
635 3151 992 3214 moderetur
1012 3149 1324 3213 discretio.
1339 3151 1484 3213 Ideo
1507 3168 1689 3231 super
1711 3150 1880 3213 hunc

373 3249 594 3311 locum
631 3248 720 3310 ait
750 3248 1170 3330 Hieronymus
1205 3265 1220 3310 τ
1255 3248 1622 3312 Praedicatio
1653 3249 1708 3311 si
1741 3267 1884 3311 rara

373 3356 498 3421 est,
535 3363 670 3409 non
701 3345 990 3421 sufficit3
1035 3347 1088 3407 si
1111 3347 1386 3423 assidua,
1423 3346 1695 3410 vilescit.
1729 3347 1884 3409 Prae-

374 3443 734 3508 dicandum
766 3453 861 3507 est
894 3444 1110 3526 itaque
1141 3463 1329 3526 saepc,
1365 3445 1475 3507 sed
1517 3464 1644 3507 non
1689 3444 1881 3507 nimis

336 3601 346 3610 .
376 3542 715 3619 continue,
739 3561 942 3623 quum
972 3541 1142 3605 dicat
1162 3543 1498 3624 Apostolus
1524 3561 1538 3605 :
1564 3543 1755 3607 Terra
1785 3562 1884 3605 su-

376 3660 494 3724 per
521 3660 595 3704 se
616 3640 984 3706 venientem
1015 3660 1183 3723 saepe
1214 3640 1442 3704 bibens
1477 3642 1768 3720 imbrem,
1790 3662 1885 3705 ac-

373 3739 540 3822 cipit
586 3737 1128 3802 benedictionem.
1164 3739 1354 3803 Terra
1385 3740 1552 3803 bibit
1583 3740 1877 3819 imbrem,

377 3839 536 3901 dum
590 3836 870 3919 populus
922 3837 1148 3900 devote
1196 3845 1260 3899 et
1302 3838 1488 3900 avide
1526 3837 1705 3902 audit
1754 3826 1882 3902 ser-

376 3952 669 4001 monem.
714 3934 906 3998 Porro
954 3934 1066 4016 qui
1117 3935 1462 3999 indiscreta
1497 3937 1882 4000 assiduitate

239 4072 298 4105 η.
337 4088 350 4099 .
378 4033 920 4110 sermocinantur,
943 4032 1307 4116 figurantur
1331 4053 1446 4117 per
1473 4033 1881 4100 seminifluos

377 4134 490 4215 qui
523 4140 712 4197 erant
743 4134 1096 4196 secundum
1129 4133 1332 4215 legem
1366 4133 1703 4197 immundi.
1740 4135 1882 4199 Ideo

381 4330 692 4412 loquariS‚
709 4330 862 4411 quia
879 4329 1239 4412 despicient
1263 4331 1619 4394 doctrinam
1641 4333 1880 4416 eloquii

271 4448 300 4489 ε.
381 4430 500 4492 tui.
549 4428 893 4510 Itemque:
938 4428 1057 4491 Ubi
1107 4447 1236 4492 non
1288 4437 1384 4492 est
1429 4430 1708 4509 audituS,
1757 4450 1881 4496 non

272 4542 282 4552 ·
379 4527 689 4591 effundas
717 4544 1101 4591 sermonem.

456 4630 546 4689 In
577 4628 806 4687 diebus
827 4628 966 4687 illis
995 4646 1126 4687 non
1151 4636 1292 4688 erac
1312 4628 1476 4687 visio
1497 4630 1846 4706 manifesta
1861 4652 1884 4690 .-

380 4725 534 4805 quia
587 4724 743 4786 dum
793 4724 1126 4805 negligens
1183 4733 1442 4807 praeest,
1498 4726 1885 4792 illuminatio

250 4858 272 4885 x
301 4858 352 4895 ιι,
379 4824 562 4887 deest
609 4821 942 4903 subjectis.
978 4824 1122 4887 Ideo
1167 4823 1257 4885 ait
1300 4822 1596 4888 Salomon
1632 4843 1646 4887 ε
1682 4825 1882 4899 Quum

383 4922 570 5004 impii
614 4920 1012 5003 sumpserint
1043 4921 1498 5005 principatum,
1534 4933 1744 5004 gemet
1774 4945 1885 5008 po-

385 5021 600 5102 putus,
637 5022 794 5082 Heli
825 5021 1088 5097 jacebat
1135 5022 1210 5082 in
1262 5026 1393 5082 loco
1439 5044 1580 5093 suc,
1608 5036 1668 5084 ec
1711 5029 1884 5087 ocu-li

377 5121 518 5195 esus
569 5121 1045 5195 ealiqaverant.
1083 5118 1196 5182 Per
1245 5120 1380 5182 Heli
1433 5121 1883 5205 intelliguntur

379 5217 630 5299 praelati
663 5216 938 5294 remissi,
966 5216 1248 5295 inutileS‚
1285 5220 1452 5282 mala
1481 5224 1882 5285 consuetudi-

379 5333 460 5378 ne
498 5324 563 5379 et
603 5314 783 5379 vitiis
825 5313 1184 5394 inveterati,
1220 5317 1411 5381 corde
1437 5318 1874 5400 obtenebrati,

2073 3152 2156 3211 Et
2198 3154 2447 3213 vocavit
2485 3153 2803 3213 Dominus
2840 3154 3129 3215 Samuel.
3175 3152 3483 3226 Quemad-

1993 3248 2255 3310 modum
2298 3249 2601 3311 Dominus
2636 3268 2751 3331 per
2781 3250 3079 3331 juvenem
3122 3250 3481 3315 Samuelem

1993 3346 2314 3426 redarguit
2362 3366 2577 3410 senem
2622 3347 2780 3425 Heli,
2817 3348 2905 3410 ita
2952 3349 3239 3430 quotidie
3288 3369 3482 3432 quos-

1993 3442 2160 3519 dam,
2205 3444 2317 3525 qui
2368 3444 2564 3507 vitam
2614 3464 2794 3509 suam
2851 3446 2919 3507 in
2970 3447 3379 3528 negligentiis
3422 3458 3486 3512 et

1991 3540 2164 3603 vitiis
2218 3550 2680 3624 transegerunt,
2717 3544 2983 3628 corripit
3022 3546 3331 3609 Dominus
3370 3567 3485 3629 per

1989 3640 2278 3720 juniores
2297 3643 2561 3706 devotos
2583 3652 2646 3706 et
2668 3643 2968 3708 fervidoS.
2992 3646 3261 3721 Quidam
3292 3646 3484 3710 etiam

1993 3738 2058 3799 in
2101 3758 2233 3803 suae
2269 3742 2713 3806 conversionis
2747 3744 3005 3808 exordio
3040 3746 3235 3808 tantis
3265 3745 3485 3826 gratiae

1991 3837 2179 3900 donis
2211 3840 2554 3921 replentur,
2583 3850 2839 3924 tamque
2860 3851 3118 3907 strenue
3142 3864 3215 3907 ac
3246 3843 3484 3906 instan-

1993 3942 2087 3998 ter
2130 3936 2504 4018 prosiciunt,
2548 3940 2720 4023 quod
2765 3941 3047 4005 seniores
3091 3944 3309 4025 pigros
3352 3942 3481 4006 cito

1996 4037 2361 4117 praecedunt
2388 4056 2401 4100 :
2435 4040 2673 4121 quibus
2703 4040 3000 4122 specialis
3030 4040 3360 4105 humilitas
3383 4060 3483 4106 ne-

1991 4134 2267 4198 cessaria
2306 4155 2558 4219 semper
2591 4147 2703 4217 est,
2738 4148 2930 4220 atque
2962 4139 3233 4203 sollicite
3270 4141 3483 4205 obser-

293 4269 349 4305 m‚
377 4232 468 4294 ait
509 4230 846 4313 Scriptura
879 4248 893 4293 ε
928 4231 996 4293 ln
1027 4231 1292 4294 auribus
1326 4232 1768 4315 insipientium
1802 4254 1883 4297 ne
1915 4236 1964 4297 D
1992 4234 2220 4296 vanda.
2253 4233 2575 4299 Postremo
2607 4256 2947 4319 pensemus
2980 4239 3046 4300 in
3086 4248 3257 4301 textu
3290 4239 3484 4320 hujus

1992 4330 2271 4413 capituli,
2291 4352 2483 4415 quam
2515 4344 2807 4418 prompte
2837 4336 3157 4413 obediens,
3179 4355 3373 4418 quam
3395 4336 3485 4401 vi-

1993 4431 2080 4511 gil
2108 4440 2172 4495 et
2197 4432 2423 4509 alacer,
2450 4452 2644 4514 quam
2676 4433 2901 4497 docilis
2925 4455 2997 4498 ac
3023 4434 3367 4517 dirigibilis
3392 4434 3485 4497 fu-

1995 4530 2116 4594 erit
2156 4531 2407 4594 Samuel
2449 4532 2517 4593 in
2562 4532 2991 4597 adolescentia
3029 4554 3162 4612 sua,
3201 4535 3312 4616 qui
3354 4543 3483 4597 tam

1995 4629 2124 4691 cito
2151 4649 2225 4693 ac
2248 4648 2415 4711 saepe
2440 4630 2504 4691 in
2530 4630 2669 4712 ipsa
2698 4639 2884 4695 nocte
2904 4632 3185 4695 cucurrit
3210 4632 3288 4695 ad
3320 4633 3479 4709 Heli,

1995 4736 2058 4790 et
2087 4728 2146 4790 ei
2182 4728 2248 4789 in
2280 4729 2527 4792 cunctis
2559 4748 2705 4793 mox
2736 4730 2966 4810 paruit.
2994 4730 3167 4804 Quod
3202 4731 3254 4792 si
3292 4731 3483 4794 alicui

1998 4825 2193 4889 fuerit
2222 4826 2468 4909 aliquid
2500 4828 2795 4909 specialis
2828 4828 3206 4905 devotionis,
3252 4830 3485 4891 illumi-

1996 4926 2272 4991 nationis
2312 4935 2421 4989 aut
2462 4927 2727 4990 visionis
2768 4946 3043 5010 superne
3083 4946 3479 5007 concessum,

1993 5044 2398 5107 nequaquam
2434 5026 2685 5088 incaute
2714 5034 2777 5089 et
2808 5026 2946 5089 sine
2978 5026 3261 5107 legitima
3297 5027 3485 5091 ratio-

1994 5143 2074 5187 ne
2105 5124 2168 5186 id
2192 5125 2731 5207 prodat,pensans
2750 5126 2922 5207 quod
2955 5126 3236 5207 loquitur
3267 5126 3477 5205 lsaiaS‚

1993 5222 2315 5285 Secretum
2352 5242 2565 5286 meum
2596 5223 2776 5301 mihi,
2814 5242 2894 5285 ne
2925 5223 3004 5286 de
3032 5231 3243 5287 cetero
3282 5224 3478 5287 simili
3508 5230 3761 5301 mxumo.

1991 5322 2158 5384 dono
2199 5320 2507 5402 privetur.
