4359 6250
113 4969 352 5025 Sap.1v,8,⁹.

1019 532 1366 579 ENAnnATlo
1410 532 1470 577 m
1513 532 1648 577 CAP.
1696 531 1717 576 1
1758 529 1916 577 LIBRI
1957 529 2156 575 ‘remu
2198 528 2421 575 REGUM.
2468 546 2548 559 —·-
2590 528 2731 574 ΛΒΤ.
2777 527 2822 572 u

3340 505 3458 569 587

365 726 451 765 no
485 714 707 765 nostro
737 706 877 782 reyi
896 705 1138 775 David,
1161 702 1867 779 dicente8.·Amplificet
1896 699 1946 762 A
1979 709 2143 760 tenet
2187 719 2389 759 cornu
2436 700 2692 768 altaris,
2733 699 2954 758 dicens
2998 717 3021 756 .·
3062 698 3245 757 Jurec
3293 695 3463 755 mihi

367 808 548 865 Deus
568 824 800 865 nomen
815 804 1182 865 Salomonis
1199 822 1391 880 super
1411 820 1642 862 nomen
1667 810 1868 871 tuum,

365 914 428 964 et
460 906 841 981 maqnificet
863 904 1167 963 thronum
1193 902 1334 977 ejus
1352 920 1545 977 super
1568 902 1870 961 thronum

371 1014 587 1065 tuum.
629 1005 716 1063 Et
756 1002 1060 1062 adoravit
1103 1020 1220 1059 γεω
1261 1001 1480 1060 David
1524 1001 1598 1059 in
1645 1002 1868 1058 lectulo

365 1122 510 1172 suo,
547 1103 818 1178 insuper
853 1111 914 1161 et
952 1102 1087 1161 hoec
1128 1104 1374 1159 locutus
1415 1108 1506 1158 esc
1540 1119 1562 1157 .·
1597 1098 1870 1158 Benedi-

367 1212 513 1261 ctus
541 1202 864 1262 Dominus
885 1202 1058 1259 Deus
1079 1202 1304 1269 Israel,
1331 1199 1448 1277 qui
1475 1198 1656 1257 dedit
1683 1197 1870 1257 hodie

365 1303 696 1360 sedentem
745 1302 816 1359 in
863 1300 1022 1359 solio
1075 1318 1206 1359 meo
1257 1298 1624 1358 videntibus
1667 1297 1870 1355 oculis

367 1400 554 1460 meis,

451 1499 697 1561 Ter-riti
725 1508 878 1558 sunt
907 1517 1081 1574 erqo,
1111 1506 1170 1557 et
1200 1503 1627 1556 surreoeerunt
1657 1512 1870 1553 omnes

367 1600 492 1677 qui
544 1598 819 1657 invitati
865 1600 1138 1677 fuerant
1187 1597 1266 1655 ab
1309 1594 1601 1662 Adonia,
1638 1601 1698 1652 et
1748 1591 1871 1650 ivit

369 1698 825 1776 unusquisque
869 1698 942 1755 in
989 1696 1168 1754 viam
1211 1714 1419 1753 suam.
1467 1691 1644 1768 Puto,
1697 1691 1870 1771 quod

365 1794 676 1857 Ionathas
716 1814 791 1856 ex
835 1793 1150 1855 industria
1189 1800 1253 1855 et
1292 1791 1373 1854 de
1413 1790 1682 1853 consilio
1716 1788 1869 1852 Joab

1977 818 2094 858 rem
2132 801 2439 859 Salomon
2483 799 2692 868 hodie,
2732 800 2903 876 quod
2940 816 3071 856 non
3110 796 3462 871 interficiat

1975 918 2236 959 servum
2263 917 2455 957 suum
2478 899 2725 974 yladiO.
2760 897 3075 975 Dioeitque
3102 898 3409 957 Salomon
3440 914 3461 952 .·

1980 999 2058 1059 Si
2085 999 2292 1075 fuerit
2324 998 2428 1057 vir
2458 999 2679 1066 bonu-3,
2700 995 2765 1058 id
2798 1003 2915 1071 est,
2951 993 3005 1056 si
3036 994 3115 1055 de
3146 1001 3354 1057 cetero
3383 991 3464 1055 ab

1980 1098 2101 1160 isto
2134 1104 2195 1159 et
2224 1095 2543 1158 similibus
2584 1093 2963 1159 criminibus
2995 1092 3369 1157 custodierit
3396 1112 3467 1156 se

1979 1196 2355 1271 immunem,
2376 1216 2505 1255 non
2534 1198 2713 1255 cadet
2742 1214 2859 1254 nec:
2889 1214 3057 1254 unus
3077 1195 3339 1273 quidem
3358 1212 3464 1253 oa-

1973 1298 2182 1375 pillas
2200 1295 2339 1371 ejus
2360 1297 2429 1355 in
2456 1304 2715 1365 terram,
2732 1293 2798 1356 id
2816 1301 2930 1369 est,
2950 1292 3041 1355 nil
3062 1291 3211 1355 mali
3236 1291 3464 1355 faciam

1979 1393 2074 1469 θὶς
2107 1396 2214 1454 sin
2244 1403 2455 1455 autem
2492 1396 2737 1453 malum
2768 1395 3107 1453 inventum
3147 1392 3353 1468 fuerit
3391 1392 3467 1450 in

1977 1514 2068 1565 en,
2089 1493 2151 1555 id
2186 1501 2281 1556 est
2310 1490 2554 1575 aliquid
2582 1481 2935 1567 criminale,
2962 1488 3311 1571 praesertim
3345 1487 3468 1551 cri-

1980 1611 2126 1655 men
2159 1592 2323 1656 laesae
2346 1590 2707 1673 majestatis
2726 1587 3071 1671 adspiratio
3101 1588 3180 1649 ad
3210 1604 3470 1667 regnan—

1979 1692 2152 1767 dum,
2190 1690 2526 1753 seminatio
2571 1686 2907 1752 seditionis
2948 1686 3016 1748 in
3050 1684 3312 1767 popu10,
3358 1692 3470 1747 aut

1979 1788 2330 1871 partialitas
2371 1796 2591 1851 contra
2631 1794 2863 1866 regem,
2898 1794 2961 1848 et
2991 1783 3469 1847 communitatis

367 1903 570 1974 atque
589 1893 896 1955 Abiathar
924 1892 1159 1954 mansit
1196 1891 1260 1952 in
1293 1890 1451 1953 urbe
1469 1890 1548 1951 ad
1583 1908 1870 1971 perscru-
1907 1888 1951 1949 B
1981 1887 2279 1961 turbatio,
2330 1890 2663 1959 morietur,
2704 1885 2769 1949 id
2816 1893 2934 1961 est,
2976 1883 3189 1946 statim
3237 1881 3468 1946 faciam

367 1994 665 2068 tandum,
687 1992 740 2053 si
773 1992 1016 2072 aliquid
1050 1991 1142 2053 ibi
1173 1998 1468 2071 ageret-ur
1500 1989 1635 2052 sive
1667 1989 1870 2050 insur-

367 2100 554 2169 geret
597 2098 820 2153 contra
867 2090 1202 2165 Adoniam,
1248 2097 1315 2151 ut
1360 2088 1520 2150 illud
1565 2087 1870 2151 velociter

370 2190 727 2267 nuntiaret,
761 2190 930 2253 sicut
969 2198 1033 2251 et
1079 2188 1233 2251 fecit
1276 2205 1290 2249 :
1335 2188 1519 2269 cujus
1564 2186 1871 2251 relatione

369 2288 615 2365 audita,
643 2288 847 2352 territi
878 2295 1028 2349 sunt
1057 2288 1166 2369 qui
1201 2284 1632 2349 interfuerunt
1658 2284 1872 2349 convi—

369 2388 508 2465 vio,
539 2408 620 2451 ne
650 2386 1157 2469 indignationem
1190 2386 1385 2448 David
1418 2404 1489 2448 ac
1523 2384 1671 2447 novi
1705 2384 1870 2465 regis

372 2489 807 2551 incurrerent.
843 2488 1134 2547 Adonias
1169 2495 1385 2546 aulem
1429 2487 1657 2545 timens
1685 2487 1868 2545 Salo-

371 2586 1062 2657 monem,surreoeit,et
1091 2586 1254 2645 abiit
1283 2586 1356 2644 in
1389 2586 1870 2644 tabernaculum

371 2686 676 2756 Domini,
726 2685 1057 2763 tenuitque
1103 2703 1306 2743 cornu
1353 2685 1608 2753 altarv'S,
1661 2688 1730 2742 ut
1781 2679 1870 2743 ibi

372 2784 582 2846 tutius
625 2783 978 2846 exsisteret.
1022 2782 1176 2843 Nam
1224 2783 1300 2843 ad
1346 2782 1542 2843 altare
1579 2781 1873 2844 holocau-

373 2892 653 2958 storum,
705 2882 874 2963 quod
926 2889 1060 2943 erat
1117 2880 1417 2957 exteriuS,
1471 2888 1764 2962 poterant
1811 2888 1873 2943 et

371 2980 678 3061 vulgares
712 2980 1042 3055 accedere3
1077 2979 1154 3041 ad
1183 2978 1387 3062 ,altare
1419 2996 1568 3041 vero
1601 2979 1870 3061 thymia-

1980 2005 2124 2050 eum
2155 1986 2383 2050 occidi.
2409 1988 2592 2048 Misit
2623 2006 2767 2063 erqo
2803 2006 2919 2045 rex
2950 1988 3257 2047 Salomon
3285 1983 3471 2045 mini-

1981 2095 2143 2150 stros
2192 2086 2511 2163 solenneS,
2545 2095 2604 2146 et
2641 2087 2870 2145 edua-it
2916 2105 3064 2146 eum
3111 2086 3190 2145 ab
3236 2086 3466 2154 altari,

1982 2205 2109 2249 non
2129 2185 2463 2261 violenter,
2488 2204 2685 2267 quum
2710 2192 2875 2247 esset
2898 2183 2987 2245 ibi
3011 2183 3185 2246 locus
3208 2182 3465 2261 refugii,

1982 2286 2092 2348 sed
2126 2286 2441 2367 persuasit
2479 2284 2537 2347 ei
2578 2303 2691 2366 per
2731 2283 2992 2346 nuntios
3034 2290 3103 2345 ut
3140 2281 3472 2345 confiden-

1981 2393 2076 2447 ter
2105 2384 2530 2464 egrederetur,
2554 2384 2898 2445 dummodo
2928 2383 3007 2445 de
3038 2390 3248 2445 cetero
3278 2380 3471 2444 vellet

1981 2502 2048 2545 se
2077 2482 2240 2545 bene
2262 2481 2496 2544 habere
2514 2506 2527 2557 ;
2546 2491 2605 2543 et
2633 2483 2953 2557 ingressus
2976 2479 3304 2563 palatium,
3325 2482 3473 2539 ado-

1981 2582 2156 2643 ravit
2185 2578 2553 2643 adoratione
2584 2578 2775 2642 duliae
2804 2599 3013 2655 reyem
3037 2581 3469 2645 Salomonem,

1986 2680 2494 2760 recognoscendo
2524 2698 2591 2743 se
2625 2677 2785 2740 nihil
2807 2678 2971 2760 juris
3002 2676 3236 2740 habere
3268 2677 3344 2738 ad
3379 2694 3471 2738 re-

1983 2779 2331 2859 gnandum,
2386 2778 2496 2841 sed
2551 2777 2951 2841 Salomonem
2998 2795 3138 2839 esse
3188 2775 3471 2856 legitime

1988 2877 2347 2940 institutum
2382 2877 2447 2939 in
2480 2894 2714 2955 regem.
2749 2877 3063 2956 Dioeitque
3098 2877 3162 2935 ei
3200 2896 3316 2934 rex
3346 2878 3469 2937 Sa-

1989 2980 2194 3038 lomon
2213 2996 2236 3036 .·
2254 2979 2421 3038 Vade
2453 2978 2523 3037 in
2550 2980 2811 3036 domum
2836 2985 3037 3036 tuam.
3058 2973 3203 3035 Filii
3233 2973 3471 3036 etenim

372 3079 594 3156 matiS,
621 3077 980 3142 sacerdotes
1012 3078 1356 3141 dumtaxat..
1384 3078 1446 3140 ln
1486 3076 1873 3141 Scholastica
1913 3078 1956 3143 C
1989 3074 2152 3156 regis
2184 3074 2380 3139 David
2420 3073 2649 3138 adultae
2682 3082 2746 3138 ct
2775 3072 2980 3138 virilis
3022 3072 3247 3151 aetatis,
3282 3071 3473 3136 habe-

371 3187 595 3242 autcm
642 3175 848 3240 fertur
891 3175 1178 3254 historia,
1212 3178 1384 3258 quod
1429 3177 1634 3240 tenuit
1675 3195 1873 3241 cornu

371 3277 602 3340 altaris
643 3276 1077 3359 thymiamatis
1128 3294 1141 3338 :
1194 3277 1367 3358 quod
1418 3295 1546 3340 non
1595 3278 1874 3341 creditur

373 3396 630 3440 verum.

459 3478 548 3537 Ec
595 3475 1076 3536 nunciaverunt
1123 3477 1480 3546 Salomoni,
1531 3477 1810 3536 dicentes
1851 3499 1874 3538 .·

373 3578 543 3637 Ecce
580 3575 877 3636 Adonias
918 3574 1148 3634 timens
1191 3594 1400 3650 reyem
1437 3576 1870 3648 Salomonem,

1985 3175 2140 3238 bant
2184 3175 2485 3257 specialia
2515 3173 2875 3237 habitacula
2902 3173 3216 3254 quaedam,
3252 3189 3475 3253 quam-

1986 3276 2084 3338 vis
2131 3275 2209 3338 ad
2255 3274 2561 3356 placitum
2603 3273 2845 3336 fuerint
2888 3272 2953 3335 in
2999 3271 3260 3354 palatio.
3294 3271 3473 3333 Unde

1983 3384 2046 3437 et
2073 3375 2315 3438 dictum
2348 3381 2445 3436 est
2474 3372 2637 3435 libro
2669 3373 2967 3448 secund0,
3002 3374 3173 3454 quod
3204 3371 3472 3433 Thamar
3514 3393 3547 3437 ιι
3564 3395 3763 3448 neam..

1984 3473 2220 3536 mansit
2248 3473 2702 3536 contabescens
2735 3471 2801 3533 in
2832 3472 3021 3534 domo
3043 3471 3321 3535 Absalon
3355 3468 3474 3534 fra·
3500 3458 3567 3499 ²⁰·

1985 3572 2098 3634 tris
2131 3571 2251 3634 sui.

1530 4003 2177 4089 ARTICULUS
2251 4003 2339 4087 II

1161 4279 1238 4322 DE
1293 4277 1632 4324 smut'ruALl
1691 4277 1874 4323 HUJUS
1932 4276 2209 4322 carnum
2266 4275 2434 4321 Pium
2492 4275 2699 4321 SEXSU.

527 4561 586 4619 T
604 4579 722 4618 rex
750 4560 973 4619 David
999 4567 1318 4618 senuerat.
1351 4557 1465 4620 Per
1497 4557 1694 4620 David
1726 4575 1879 4640 prae-
1911 4559 1961 4620 D
1989 4557 2157 4633 vitae,
2207 4555 2519 4639 sapientia
2567 4554 2883 4648 salutari3‚
2925 4576 3066 4639 quae
3118 4556 3183 4619 in
3232 4556 3480 4619 Christo

540 4655 858 4736 figuratus
901 4664 999 4719 est
1036 4655 1344 4732 ChristuS,
1391 4656 1500 4737 qui
1547 4656 1614 4718 in
1656 4657 1881 4736 juven-

382 4765 524 4819 tute
555 4775 670 4818 sua
701 4762 798 4818 est
828 4753 1200 4830 crucifixuS,
1237 4753 1474 4818 idcirco
1505 4773 1632 4818 non
1671 4755 1884 4817 senuit

381 4855 570 4919 senio
601 4854 940 4936 corporali,
963 4854 1071 4916 sed
1105 4853 1446 4936 spirituali,
1467 4855 1546 4917 de
1577 4873 1703 4935 quo
1735 4854 1884 4916 scri-

383 4963 570 5037 ptum
615 4961 714 5016 est
761 4970 774 5014 τ
821 4952 1125 5016 Senectus
1169 4953 1552 5016 venerabilis
1598 4962 1716 5030 est,
1754 4972 1883 5017 non

379 5055 718 5130 diuturna,
747 5070 956 5132 neque
985 5070 1296 5115 annorum
1330 5070 1597 5116 numero
1630 5072 1886 5136 compu-

383 5161 541 5215 tata.
576 5151 730 5215 Cani
773 5158 985 5213 autem
1026 5159 1174 5212 sunt
1215 5168 1436 5213 sensus
1477 5151 1779 5228 hominiS‚
1824 5161 1882 5214 et

381 5259 538 5314 aetas
571 5249 918 5313 senectutis
947 5248 1076 5311 vita
1109 5248 1537 5311 immaculata.
1562 5249 1702 5313 Haec
1735 5269 1885 5331 ergo

381 5357 684 5412 senectus
741 5356 838 5412 est
895 5364 1144 5410 morum
1201 5346 1547 5424 maturitas
1600 5347 1884 5430 probitas

1991 4674 2239 4718 summe
2267 4654 2297 4716 f
2299 4663 2545 4718 uerunt.
2568 4659 2902 4736 Quumque
2922 4659 3281 4733 operiretur
3301 4658 3481 4716 vesti-

1991 4758 2126 4826 bus,
2151 4775 2281 4816 non
2311 4758 2660 4832 calefiebat.
2696 4754 2810 4817 Per
2848 4761 3053 4817 vestes
3097 4754 3481 4835 quandoque

1993 4853 2440 4934 intelliguntur
2470 4852 2762 4915 homines
2784 4851 3063 4933 aliquem
3086 4853 3481 4916 circumdan-

1991 4962 2107 5030 teS,
2143 4952 2322 5034 juxta
2362 4952 2519 5014 illud
2557 4951 2728 5014 lsaiae
2763 4968 2777 5013 ε
2812 4951 2920 5013 His
2958 4950 3257 5014 omnibus
3294 4952 3480 5033 quasi
3510 4967 3771 5018 lamma.

1995 5051 2374 5116 vestimento
2406 5049 2755 5114 ornaberis.
2792 5049 2908 5113 Sed
2939 5049 3135 5112 Judaei
3168 5049 3279 5130 qui
3310 5051 3484 5114 Chri-

1995 5159 2161 5213 stum
2194 5150 2261 5212 in
2293 5168 2484 5212 carne
2526 5148 2691 5210 inter
2728 5167 2834 5211 eos
2874 5147 3305 5212 ambulantem
3348 5169 3483 5212 cor-

1995 5246 2298 5328 poraliter
2347 5246 2797 5328 sequebantur,
2846 5252 2909 5309 et
2957 5245 3156 5308 instar
3206 5246 3479 5309 vestium

1993 5343 2472 5410 circumdabant
2520 5361 2691 5424 eum,
2740 5362 2867 5407 non
2917 5341 3367 5424 calefecerunt,
3412 5343 3477 5408 id
