4359 6250
1305 510 1654 558 summario
1696 511 1758 556 m
1801 511 1936 556 car.
1986 512 2004 556 1
2044 509 2246 556 iosus.
2296 528 2376 540 —-
2416 510 2557 555 aar.
2605 509 2650 554 11
3446 489 3517 552 ss

435 701 558 746 nus
612 681 914 767 praelatus
969 681 1094 763 legi
1158 682 1508 765 subjectuS.
1559 681 1719 742 Dum
1778 695 1928 761 ergo
1955 679 2006 742 A
2036 678 2128 742 xit
2163 697 2177 742 ε
2214 678 2385 743 Dabo
2417 679 2597 743 vobis
2628 697 2699 744 os
2730 689 2793 742 et
2822 677 3225 763 sapientiam,
3259 676 3363 740 cui
3391 694 3523 740 nou
3558 692 3819 742 Lamum&

431 781 714 864 populus
744 780 1132 846 christianus
1154 779 1438 842 divinam
1471 778 1930 860 transgreditur

433 877 666 963 legem,
703 879 1117 963 conqueritur
1164 880 1326 942 Deus
1369 887 1433 942 et
1475 878 1760 960 loquitur
1803 876 1930 940 cui·

431 997 712 1060 cumque
736 978 916 1043 fideli
939 979 1224 1061 praelato,
1239 978 1476 1059 Moyses
1503 997 1724 1042 servus
1749 997 1930 1040 meus

433 1077 783 1141 defunctus
833 1085 928 1142 est
973 1095 986 1139 :
1037 1077 1192 1159 quia
1240 1077 1340 1140 lex
1387 1078 1532 1139 data
1591 1095 1628 1138 a
1685 1095 1808 1152 me,
1863 1075 1930 1138 in

434 1177 942 1240 Christianorum
987 1176 1289 1241 cordibus
1331 1177 1460 1257 jam
1506 1174 1750 1238 deficit.
1796 1174 1932 1238 Om-

119 1293 404 1350 mscsppm,
436 1293 549 1338 nes
600 1275 774 1338 enim
817 1294 962 1356 quae
1005 1294 1140 1350 sua,
1195 1293 1326 1337 non
1366 1293 1509 1356 quae
1558 1292 1698 1336 mea
1757 1281 1926 1350 sunt,

101 1360 178 1397 ²¹·
434 1381 756 1455 quaerunt,
811 1372 900 1435 ita
959 1373 1130 1455 quod
1189 1371 1350 1435 illud
1409 1371 1582 1434 Isaiae
1645 1370 1932 1434 videatur

131 1492 404 1542 ham-‚s
435 1471 774 1553 impletum
829 1488 843 1533 :
896 1469 1054 1545 Quia
1105 1468 1484 1552 transgressi
1534 1477 1684 1531 sunt
1735 1469 1926 1549 legoe,

435 1579 844 1634 mutaverunt
872 1570 1000 1652 juS,
1029 1569 1501 1653 dissipaverunt
1534 1568 1743 1632 foedus
1774 1587 1932 1631 sem-

434 1670 784 1753 piternum.

516 1774 753 1846 Sur-qe,
783 1779 843 1829 et
877 1771 1090 1830 transi
1114 1771 1464 1831 ,Iordanem
1505 1767 1724 1839 istum,
1761 1778 1830 1828 tu
1870 1777 1930 1827 ec

2035 787 2337 862 poterunt
2388 778 2683 842 resistere
2726 788 2790 842 et
2831 777 3265 842 contradicere
3304 794 3525 840 omnes

2036 878 2383 942 adversarii
2432 879 2651 943 vestri.
2705 878 2990 961 Denique
3048 885 3296 941 constat
3354 877 3525 959 quod

2040 979 2279 1061 populo
2338 977 2707 1056 christiano,
2762 978 2816 1040 si
2877 977 3164 1041 obediret
3221 975 3522 1060 perfecte,

2039 1076 2217 1140 nulla
2276 1086 2489 1160 posset
2546 1095 2702 1158 gens
2761 1077 3128 1160 praevalere.
3182 1079 3369 1138 Sicut
3421 1076 3530 1153 fui

2037 1198 2185 1238 cum.
2218 1181 2461 1255 Moyse,
2494 1179 2589 1238 ita
2628 1198 2735 1237 ero
2764 1187 2824 1237 et
2857 1187 3083 1238 tecum.
3118 1174 3532 1249 Quemadmo-

2039 1277 2192 1339 dum
2226 1275 2395 1338 enim
2436 1276 2601 1339 Deus
2631 1276 3037 1358 omnipotens
3069 1275 3273 1355 legem
3304 1273 3531 1356 Moysis

2039 1394 2153 1458 per
2184 1376 2435 1439 diversa
2474 1375 2785 1438 miracula
2821 1382 2885 1438 et
2922 1373 3225 1457 praeclara
3257 1372 3531 1454 Spiritus

2039 1473 2252 1536 Sancti
2286 1473 2667 1536 charismata
2697 1471 3129 1548 confirmavit,
3164 1471 3275 1558 ita,
3309 1470 3438 1534 imo
3468 1477 3531 1533 et

2040 1571 2629 1654 incomparabiliter
2698 1570 2902 1652 magis
2962 1578 3024 1632 et
3079 1568 3527 1644 excellentiuS‚

2038 1670 2470 1750 evangelicam
2515 1670 2719 1751 legem
2765 1668 3239 1744 constabilivit3
3277 1667 3529 1750 fuitque

2037 1769 2201 1831 Deus
2233 1788 2379 1832 eum
2409 1769 2657 1832 Christo
2677 1767 2937 1831 homine
2957 1766 3380 1830 ineffabiliter
3398 1785 3531 1847 gra-

432 1870 646 1928 omm's
667 1871 954 1945 populus
987 1877 1212 1928 cecum.
1245 1867 1361 1930 Per
1388 1866 1726 1929 Jordanem
1767 1865 1931 1930 desi·
1965 1863 2010 1926 B
2043 1867 2287 1944 tiosiuS‚
2336 1867 2828 1948 gloriosiusque,
2864 1886 3057 1948 quam
3105 1885 3251 1928 cum
3296 1865 3523 1947 Moyse,

133 1983 318 2026 uacet«.
338 2000 402 2034 n..
432 1961 665 2049 gnat'ur
695 1965 1078 2048 Baptismus,
1112 1965 1397 2029 Christus
1428 1973 1640 2028 autem
1670 1965 1930 2028 Joannis

110 2054 181 2092 ¹⁶·
434 2066 826 2148 baptismum
850 2064 1196 2147 suscipere,
1215 2064 1343 2128 Deo
1362 2064 1540 2128 Patre
1563 2063 1926 2145 instigante,

155 2183 402 2232 aetnam,
431 2153 733 2246 dignatus
763 2171 880 2241 est,
917 2173 980 2227 et
1010 2182 1232 2227 omnes
1262 2165 1373 2246 qui
1414 2160 1820 2227 crediderunt
1863 2163 1928 2226 in

109 2250 178 2294 ²⁶·
199 2249 275 2287 ²⁷·
433 2255 782 2342 Chri'stum,
814 2283 931 2348 per
968 2263 1201 2326 Christi
1233 2262 1624 2346 Baptismum
1667 2262 1932 2325 transie-

435 2357 873 2445 runtss‘purgati
907 2373 1057 2426 sunt
1087 2372 1150 2426 et
1181 2360 1665 2443 salvati‚sicque
1694 2361 1775 2424 ad
1805 2381 1931 2424 coe-

431 2447 612 2526 lesti's
633 2461 1082 2544 promissionis
1103 2462 1392 2544 perducti
1416 2469 1564 2522 sunt
1587 2460 1926 2542 regionem.

430 2562 694 2638 Rursus,
727 2560 1018 2624 Jordanis
1051 2561 1500 2643 interpretatur
1533 2561 1874 2624 descensus
1909 2578 1922 2622 :

431 2681 548 2744 per
576 2679 770 2743 quem
803 2668 1058 2724 notatur
1087 2659 1438 2736 humilium,
1475 2678 1588 2742 per
1618 2678 1808 2740 quam
1835 2657 1929 2740 ip-

432 2769 636 2824 semet
664 2759 974 2823 Dominus
1003 2759 1182 2822 Iesus
1213 2768 1276 2822 et
1308 2757 1588 2821 universi
1619 2756 1930 2820 Christifi-

97 2875 400 2930 emuna-,z
433 2847 612 2922 deles
639 2857 1154 2922 ambulaverunt.
1198 2855 1564 2920 Exinanivit
1593 2856 1828 2920 etenim
1861 2875 1928 2918 se

118 2969 400 3074 figant?
433 2959 666 3040 ipsum,
682 2966 746 3020 et
766 2956 927 3019 dixit
947 2974 962 3018 ε
982 2956 1098 3031 Qui
1117 2975 1186 3020 se
1202 2954 1512 3032 humiliat,
1523 2954 1921 3018 exaltabitur.

2039 1985 2156 2028 nee
2189 1965 2433 2027 dimisit
2454 1985 2623 2042 eum,
2645 1984 2761 2028 nec
2794 1964 3138 2046 dereliquit
3166 1982 3280 2046 per
3310 1963 3527 2044 gratim
3569 1985 3822 2031 Jmmm.

2037 2073 2148 2126 aut
2190 2063 2409 2143 gloriae
2455 2062 2949 2125 subtractionem
3002 2069 3111 2124 aut
3157 2061 3527 2124 diminutio·
3557 2050 3622 2089 ²⁹·

2041 2181 2210 2238 nem,
2246 2162 2542 2244 quamvis
2576 2161 2640 2223 in
2672 2161 2970 2224 Passione
3014 2159 3347 2241 reliquerit
3378 2179 3523 2222 eum

2037 2269 2347 2344 quantum
2392 2259 2470 2323 ad
2512 2260 2947 2343 apparentiam
2990 2260 3329 2341 quamdam
3364 2265 3527 2320 exte-

2039 2360 2271 2422 riorem
2304 2367 2366 2422 et
2397 2359 2893 2422 subtractionem
2937 2357 3141 2421 solitae
3171 2357 3527 2420 redundan-

2038 2459 2140 2522 tiae
2171 2457 2625 2521 consolationis
2670 2477 2707 2519 a
2746 2457 3059 2540 superiori
3092 2464 3269 2539 parte
3298 2457 3528 2520 animae

2037 2577 2167 2621 suae
2206 2557 2271 2618 in
2315 2565 2559 2639 partem
2606 2556 2809 2638 ipsius
2856 2555 3228 2620 infe-riorem
3269 2575 3347 2619 ac
3391 2575 3528 2618 sen-

2037 2658 2315 2722 sitivam.
2358 2658 2616 2738 Propter
2659 2657 2831 2738 quod
2878 2657 3161 2739 pendens
3208 2655 3274 2717 in
3310 2674 3520 2730 cruce,

2036 2756 2337 2820 clamavit
2372 2773 2385 2817 :
2420 2756 2584 2818 Deus
2616 2775 2815 2832 meuS,
2852 2757 3015 2818 Deus
3047 2774 3248 2830 metm,
3271 2764 3339 2817 ut
3368 2753 3525 2836 quid
3626 2767 3793 2811 Mateta.

2037 2853 2434 2936 dereliquisti
2478 2857 2627 2917 me?
2662 2855 3039 2931 Conforcare
3080 2864 3139 2914 ec
3176 2863 3302 2914 esto
3341 2855 3527 2914 robu-
3557 2846 3682 2882 xxvn.
3710 2833 3780 2874 ⁴⁶·

2033 2964 2191 3015 stus.
2225 2953 2511 3017 Christus
2544 2954 2608 3014 in
2641 2953 2815 3016 omni
2849 2953 3083 3016 virtute
3115 2951 3527 3015 immobiliter

3608 2375 3775 2418 ,uatem

3556 2454 3667 2492 xxvi,
3680 2443 3819 2493 3738.

143 3094 400 3143 guum„
431 3058 716 3139 Itemque
750 3071 765 3117 ε
799 3055 1033 3118 Discite
1063 3075 1100 3117 a
1131 3074 1254 3132 me,
1290 3053 1442 3138 quia
1473 3054 1647 3116 mitis
1689 3073 1830 3116 sum
1865 3061 1927 3116 et
1958 3052 2003 3116 C
2036 3052 2357 3136 perfectus
2392 3052 2516 3114 fuit
2548 3072 2620 3115 ac
2652 3051 2899 3114 stabilis
2928 3050 3009 3113 ab
3040 3050 3297 3114 exordio
3331 3049 3529 3113 incar-

118 3162 330 3208 ὓμνων
355 3160 400 3200 ³·
431 3153 698 3219 humilis
719 3157 932 3219 eorde.
953 3156 1070 3217 Et:
1105 3154 1235 3218 Nisi
1268 3154 1559 3218 conversi
1590 3154 1842 3218 fueritis
1865 3162 1927 3216 et

431 3254 814 3319 efficiamini
847 3253 1014 3318 sicut
1043 3253 1318 3336 parvuli,
1345 3271 1471 3316 non
1504 3252 1824 3315 intrabitis
1857 3253 1925 3314 in

431 3372 700 3433 regnum
731 3353 1064 3417 eoelorum.
1100 3351 1258 3415 Hinc
1290 3371 1402 3435 per
1430 3351 1652 3415 Isaiam
1695 3352 1785 3414 ait
1825 3372 1928 3415 su-

115 3477 400 3525 1⁸.xt.wn,!.
431 3452 633 3535 perbo
682 3470 698 3515 ε
746 3453 1085 3528 Descende,
1129 3452 1279 3515 sede
1324 3450 1390 3513 in
1436 3450 1721 3532 pulvere.
1765 3449 1925 3524 Quid

431 3560 530 3615 est
561 3551 782 3613 sedere
813 3550 878 3611 in
913 3550 1198 3631 pulvere,
1225 3548 1352 3611 nisi
1383 3548 1448 3610 in
1483 3548 1757 3631 propriae
1787 3548 1927 3612 vili·

432 3650 584 3712 tatis
633 3659 696 3713 et
743 3649 951 3731 culpae
994 3648 1506 3712 consideratione
1549 3648 1924 3729 quiesceret

427 3749 733 3811 Praelatus
764 3764 916 3827 ergo
946 3746 1198 3829 plebem
1234 3746 1355 3809 sibi
1386 3746 1790 3810 commissam
1825 3747 1926 3809 de-

431 3850 541 3911 bet
585 3847 652 3909 in
697 3845 1062 3909 humilitate
1104 3846 1482 3927 praecedere,
1519 3846 1741 3929 sicque
1779 3867 1926 3910 eum

432 3947 564 4009 illis
595 3946 660 4009 in
696 3953 926 4009 terram
958 3945 1291 4007 Beatorum
1325 3945 1585 4009 intrare.

531 4048 796 4107 Omnem
845 4048 1054 4104 locum
1111 4064 1300 4123 quem
1349 4046 1696 4105 calcaverit
1745 4047 1929 4105 vesci-

423 4147 616 4221 ,qlum
659 4145 848 4222 pedis
895 4143 1114 4214 vestri,
1169 4145 1342 4203 vobis
1398 4146 1678 4205 tradam.
1733 4143 1926 4206 Totus

2033 3153 2334 3217 nationis,
2361 3154 2676 3228 Attamen,
2701 3151 2999 3214 Passione
3021 3152 3316 3227 instante,
3336 3168 3528 3233 spon-

2033 3260 2094 3315 te
2125 3252 2429 3334 quasdam
2452 3251 2782 3334 passiones
2807 3249 2904 3314 vel
2928 3250 3139 3332 potius
3170 3249 3530 3337 propassio·
3608 3270 3774 3313 ,natm

2035 3371 2146 3414 nes
2177 3351 2545 3434 assumpsit,
2588 3359 2650 3413 et
2690 3369 2802 3432 per
2834 3350 3093 3412 modum
3134 3346 3527 3411 infirmantis
3556 3335 3818 3385 ⁸¹“¹’³⁷’²⁸·

2033 3471 2101 3513 se
2140 3449 2385 3512 habuit.
2420 3450 2679 3531 Propter
2716 3449 2887 3530 quod
2928 3446 3223 3529 apparuit
3252 3446 3309 3509 ei
3341 3464 3527 3527 ange·
3593 3468 3819 3515 Lunna,

2034 3549 2132 3611 lus
2155 3550 2234 3613 de
2255 3547 2439 3625 eoelo,
2459 3548 2668 3630 ipsum
2690 3546 3081 3622 confortanS,
3097 3546 3161 3607 id
3193 3554 3308 3622 est,
3327 3546 3526 3607 instar
3554 3532 3623 3573 ⁴³·

2032 3648 2455 3711 confortantis
2476 3666 2543 3710 se
2565 3646 2828 3723 habens,
2854 3654 2917 3708 et
2937 3644 3360 3709 consolatoria
3389 3662 3527 3727 pro-

2037 3747 2245 3810 ferens
2279 3746 2492 3822 verba,
2516 3744 2812 3808 videlicet
2833 3744 3104 3826 qualiter
3136 3762 3267 3807 suae
3298 3743 3525 3806 merito

2035 3844 2351 3928 passionis
2385 3844 2827 3925 redempturus
2860 3850 3025 3906 esset
3057 3862 3257 3925 genus
3299 3844 3522 3906 huma-

2035 3964 2214 4021 num,
2250 3951 2313 4006 et
2342 3942 2511 4006 veris
2546 3942 2847 4005 fidelibus
2880 3941 3203 4024 regionem
3246 3942 3523 4007 mansio-

2037 4063 2190 4105 num
2221 4042 2575 4107 coelestium
2609 4042 2951 4105 divisuruS.

2101 4142 2406 4204 Praeterea
2427 4161 2542 4224 per
2553 4142 2740 4205 Josue
2759 4141 3125 4221 designatur
3145 4141 3527 4223 quicumque

168 4261 248 4302 1²2.
271 4274 314 4304 n.
335 4262 380 4301 a.
432 4242 677 4331 quippe
705 4240 883 4305 orbis
914 4248 1248 4315 terrarum,
1283 4240 1531 4303 Christo
1562 4249 1626 4303 et
1655 4242 1793 4324 ejus
1815 4242 1929 4304 Ec·
1957 4244 2006 4307 D
2037 4240 2355 4323 praelatus,
2399 4249 2614 4322 pastor
2662 4249 2724 4303 et
2772 4240 3025 4323 praesuL
3069 4240 3173 4303 cui
3222 4240 3526 4303 Dominus
3566 4326 3575 4333 ·

431 4340 646 4404 elesiae
677 4349 774 4403 est
812 4358 1155 4403 concessus
1186 4359 1259 4402 ac
1291 4338 1608 4415 subdituS,
1644 4341 1928 4405 domina-

179 4456 258 4497 Ρ..
284 4468 400 4503 ω..
433 4449 668 4520 turque
695 4438 982 4501 Christus
1013 4455 1051 4499 a
1083 4437 1240 4499 mari
1273 4457 1475 4519 usque
1515 4440 1591 4501 ad
1633 4458 1830 4517 mare,
1865 4450 1928 4504 et

431 4559 470 4601 a
505 4536 778 4599 flumine
823 4554 1029 4618 usque
1061 4536 1136 4597 ad
1173 4536 1478 4599 terminos
1517 4537 1690 4601 orbis
1735 4546 1929 4602 terra-

177 4646 350 4688 -vauh-
433 4654 602 4697 rum.
633 4634 814 4697 Unde
843 4642 906 4695 et
939 4632 1101 4695 dixit
1135 4650 1148 4694 :
1183 4634 1338 4696 Data
1381 4641 1477 4696 est
1519 4634 1673 4697 mihi
1717 4636 1928 4699 omnis

133 4722 274 4759 ¹¹'''¹'
299 4712 368 4751 ¹⁸·
431 4742 715 4817 potestas
747 4732 811 4794 in
844 4730 1008 4795 coelo
1037 4740 1101 4795 et
1132 4730 1199 4794 in
1234 4741 1418 4794 terra.
1437 4736 1676 4795 Nullus
1688 4739 1927 4813 poterit

431 4834 608 4893 vobis
645 4834 956 4892 resiscere.
990 4830 1242 4893 Certum
1296 4839 1410 4907 est,
1449 4832 1694 4893 nullum
1741 4851 1927 4914 posse

431 4930 734 4993 resistere
777 4928 1048 5005 Christo,
1083 4929 1206 4991 nisi
1253 4938 1563 5011 quantum
1611 4929 1748 5012 ipse
1792 4951 1928 5013 per-

137 5042 399 5089 doctum-xm.
430 5028 702 5091 miserit.
739 5027 919 5090 Pater
949 5047 1223 5109 namque
1252 5028 1466 5091 omnia
1497 5028 1672 5091 dedit
1707 5029 1770 5089 in
1806 5049 1929 5092 ma-

125 5106 148 5143 ³
434 5148 558 5189 nus
588 5128 730 5208 ejus
752 5150 766 5199 ;
793 5135 856 5188 et
888 5126 1024 5207 ipse
1045 5126 1332 5188 Christus
1356 5146 1574 5189 rursus
1597 5128 1675 5190 de
1697 5146 1764 5189 se
1788 5128 1925 5211 ipso

122 5246 399 5295 zaram-12³.
429 5225 522 5289 ait
551 5226 630 5288 ad
663 5225 906 5288 Patrem
936 5242 950 5286 ε
987 5225 1162 5287 Sicut
1193 5225 1424 5287 dedisti
1457 5226 1515 5287 ei
1548 5234 1923 5307 potestatem

427 5323 642 5387 omnis
685 5321 918 5386 earniS.
968 5322 1112 5386 Suis
1156 5342 1412 5405 quoque
1453 5324 1788 5407 discipulis
1835 5327 1923 5389 di—

125 4523 164 4561 8.

2037 4339 2399 4421 specialiter
2428 4339 2633 4421 jubet,
2653 4339 2992 4422 persuadet
3022 4359 3093 4402 ae
3127 4339 3430 4420 loquitur,
3458 4347 3526 4401 ut

2035 4438 2431 4502 confortetur
2471 4439 2538 4501 in
2578 4438 2753 4503 omni
2788 4439 3023 4503 virtute
3064 4449 3127 4502 et
3162 4438 3367 4521 gratia
3398 4438 3529 4521 Spi-

2039 4539 2195 4601 ritus
2228 4538 2460 4616 Sancti,
2498 4538 2626 4602 imo
2660 4547 2833 4602 tanto
2870 4538 3211 4603 virtuosior
3248 4557 3389 4602 esse
3428 4556 3527 4601 co-

2036 4647 2244 4716 netur,
2294 4656 2419 4718 quo
2466 4637 2755 4719 pluribus
2800 4638 3119 4721 praesidet,
3169 4646 3233 4700 et
3280 4636 3525 4699 altioris

2035 4744 2133 4799 est
2179 4736 2574 4799 auctoritatis
2632 4745 2739 4799 aut
2791 4736 3232 4818 professioniS‚
3288 4744 3349 4798 et
3397 4752 3525 4816 quo

2036 4833 2221 4916 plura
2250 4843 2443 4916 atque
2473 4835 2713 4916 maj0ra
2743 4836 3018 4916 desuper
3056 4835 3223 4897 dona
3266 4832 3526 4897 sortitus

2037 4941 2153 5008 est,
2190 4940 2253 4996 et
2298 4952 2412 5015 pro
2458 4932 2751 5015 pluribus
2799 4932 3158 4995 redditurus
3201 4940 3297 4994 est
3338 4931 3525 4994 ratio-

2037 5049 2207 5105 nem,
2242 5041 2311 5093 ut
2341 5032 2609 5094 aliorum
2646 5030 3149 5094 imbecillitatem
3195 5040 3257 5093 et
3297 5029 3525 5111 imper·
3555 5052 3819 5101 cumana.

2037 5128 2377 5191 sectionem
2432 5130 2635 5193 valeat
2685 5138 3079 5211 supportare,
3125 5137 3187 5191 et
3237 5128 3301 5190 in
3355 5129 3523 5191 bono
3601 5153 3819 5201 noman,

2037 5227 2293 5290 vincere
2343 5228 2601 5289 malum.
2640 5228 2855 5309 ltaque
2904 5246 3155 5291 omnem
3208 5225 3525 5306 evangeli·
3554 5218 3621 5259 ²¹·

2033 5345 2171 5388 cam
2225 5325 2424 5406 legem
2476 5324 2663 5387 debet
2710 5345 2981 5402 servare,
3038 5344 3117 5388 ne
3164 5345 3201 5388 a
3250 5324 3521 5388 subditis
