4359 6250
894 427 1015 494 408
1402 444 1749 490 manuario
1792 444 1853 490 m
1896 445 2031 490 car.
2080 444 2273 490 xxvm
2315 445 2472 490 unm
2513 445 2680 492 rann
2721 445 2946 492 nscuu.
2991 465 3072 476 —
3110 446 3253 492 Anr.
3299 445 3464 492 nvn

898 616 1199 686 tendebat
1240 614 1586 679 defendere
1633 633 1845 696 regem
1889 615 2080 678 Achis
2128 624 2386 699 propter
2412 614 2463 677 A
2494 615 2692 697 liique
2723 634 3012 679 acumen.
3041 619 3500 696 Com-aluitque
3517 617 3888 688 Dominum,
3909 627 3968 678 et

898 713 1220 777 beneficia
1251 714 1374 776 sibi
1402 713 1619 777 abillo
1649 713 1950 790 exhibita,
1975 723 2285 795 quantum
2320 713 2384 775 id
2491 735 2621 774 non
2669 717 3000 793 respondit
3041 717 3126 784 ei,
3179 735 3378 794 neque
3415 734 3539 792 per
3583 716 3858 784 somnia,
3904 715 3970 778 id

896 811 1107 875 facere
1142 811 1455 894 potuisset
1487 811 1626 874 sine
1654 811 1962 894 culpabili
1997 811 2244 875 Israelis
2281 811 2384 874 lae-
2493 821 2587 874 est
2627 831 2739 895 per
2782 813 3058 876 visiones
3097 832 3240 895 quae
3277 812 3426 875 fieri
3465 813 3674 877 solent
3712 813 3778 874 in
3817 833 3971 876 som·
4272 889 4273 898 ἵ

894 910 1095 974 sione.
2493 911 2641 988 niis,
2675 911 2855 993 juxta
2895 911 3056 974 illud
3097 913 3162 973 in
3201 911 3316 975 Job
3354 930 3367 974 :
3401 913 3518 974 Per
3557 912 3876 975 somnium
3903 913 3969 974 in
4015 937 4228 984 lotum.
4272 943 4273 1000 ξ

886 1062 899 1068 -
974 1015 1243 1074 Samuel
1281 1023 1499 1073 autem
1542 1023 1833 1074 mortuus
1874 1023 1985 1084 esc,
2018 1023 2077 1073 ec
2113 1014 2382 1090 planoeic
2492 1008 2739 1073 visione
2789 1018 3098 1073 nocturna
3143 1010 3348 1092 aperit
3395 1028 3580 1073 aures
3629 1010 3908 1074 virorum
3951 1003 4140 1084 3¹⁵'¹⁶·
4272 1005 4273 1010 ’

892 1130 1041 1171 eum
1087 1113 1296 1171 omnis
1325 1113 1557 1180 Israel,
1586 1121 1647 1171 et
1685 1113 2074 1188 sepelierunt
2116 1132 2264 1170 eum
2310 1112 2382 1170 in
2492 1129 2692 1187 neque
2714 1127 2834 1186 per
2851 1112 3220 1169 sacerdotes.
3254 1109 3596 1172 Consuevit
3625 1117 3837 1172 autem
3867 1110 3973 1172 Do-

619 1205 1218 1268 lfleo-xxv212amatlza
1280 1208 1433 1266 urbe
1478 1226 1630 1276 sua,
1679 1205 2220 1286 quemadmodum
2275 1223 2383 1266 su·
2491 1207 2705 1268 minus
2748 1225 2862 1287 per
2900 1206 3274 1288 pontificem
3315 1206 3674 1289 specialiter
3719 1225 3976 1289 respon-

600 1273 637 1314 ¹'
895 1324 1008 1387 pra
1043 1313 1139 1366 est
1168 1303 1559 1386 descriptum
1596 1321 1609 1365 :
1645 1311 1707 1366 et
1737 1304 1908 1366 istud
1942 1304 2248 1386 repetitur
2277 1303 2382 1365 hic
2491 1304 2661 1381 dere,
2697 1313 2758 1367 et
2791 1304 2922 1381 ille,
2959 1313 3109 1387 puta
3137 1305 3459 1382 Abiathar,
3500 1324 3614 1388 pro
3655 1315 3806 1369 tunc
3843 1316 3976 1368 erat

894 1409 1152 1485 propter
1197 1410 1569 1484 sequentem
1616 1402 1973 1478 historiam,
2015 1403 2079 1463 in
2121 1422 2250 1484 qua
2288 1421 2384 1464 re·
2491 1421 2637 1465 cum
2687 1403 2906 1465 David.
2941 1404 3279 1485 Indignum
3319 1422 3576 1485 quoque
3622 1423 3692 1466 se
3741 1403 3976 1467 fecerat

892 1500 1232 1563 suscitatus
1272 1518 1387 1562 suo
1429 1500 1617 1563 modo
1652 1499 2056 1563 describitur.
2093 1504 2177 1562 Ec
2216 1503 2385 1562 Saul
2493 1501 2640 1564 Saul
2673 1519 2978 1583 responso
3009 1501 3231 1564 divino
3262 1521 3374 1583 per
3413 1503 3797 1578 sacerdotes,
3827 1503 3974 1584 quia
4272 1563 4273 1572 ,

892 1601 1157 1660 abstulit
1196 1619 1411 1676 magos
1440 1610 1499 1660 et
1542 1601 1779 1660 ariolos
1808 1603 1887 1659 de
1926 1609 2124 1670 terra,
2156 1599 2222 1661 id
2263 1608 2378 1676 est,
2491 1598 2900 1663 Achimelech
2929 1599 3302 1682 pontificem
3337 1619 3480 1663 cum
3513 1600 3656 1662 aliis
3695 1602 3976 1664 sacerdo-
4017 1621 4212 1676 meam,
4272 1611 4273 1684 ζ

893 1699 973 1760 de
993 1716 1191 1779 regno
1220 1717 1335 1760 suo
1369 1697 1513 1760 illos
1536 1697 1801 1780 expulit,
1838 1698 1936 1760 vel
1960 1698 2194 1760 occidit
2222 1718 2384 1780 quos
2492 1698 2662 1761 tibus
2695 1699 2912 1760 multis
2936 1698 3314 1781 impiissime
3333 1699 3696 1763 trucidavit.
3711 1699 3974 1773 Quidam
4003 1687 4057 1727 ¹⁸·

893 1795 1101 1878 potuit
1133 1795 1445 1873 invenire,
1480 1797 1583 1859 vel
1616 1797 1734 1858 sub
1765 1815 1954 1878 poena
1986 1797 2210 1859 mortis
2245 1816 2386 1879 pro—
2417 1799 2464 1860 B
2491 1797 2660 1860 circa
2691 1797 2812 1859 hoc
2843 1796 3066 1859 scribit
3097 1815 3112 1860 :
3147 1797 3284 1860 Non
3316 1796 3643 1879 respondit
3673 1797 3734 1860 ei
3767 1797 3970 1861 Domi-

892 1894 1104 1958 hibuit
1148 1893 1241 1958 eis
1288 1915 1473 1957 usum
1522 1894 1964 1975 hujuscemodi
2008 1895 2162 1958 artis
2209 1893 2387 1958 nefa·
2491 1916 2610 1959 nus
2654 1914 2768 1978 per
2809 1897 3184 1972 sacerdoteS‚
3219 1894 3524 1977 quoniam
3567 1913 3678 1958 eos
3721 1896 3968 1972 occidit,

893 1993 1023 2056 riae.
1058 1993 1249 2074 Magis
1286 2003 1497 2057 tamen
1530 1993 1802 2070 videtur,
1838 1994 2008 2075 quod
2043 1993 2196 2056 fecit
2229 1994 2384 2058 tales
2491 2003 2753 2077 excepto
2801 1994 3104 2058 Abiathar
3149 2012 3162 2055 ε
3199 1996 3369 2075 quod
3418 2012 3548 2057 non
3595 2004 3694 2057 est
3743 1994 3974 2058 intelli-

892 2091 1119 2156 occidi.
1156 2093 1334 2156 Unde
1374 2093 1441 2154 in
1482 2091 1806 2173 aliquibus
1854 2092 2128 2155 textibus
2169 2092 2387 2156 subdi-
2489 2095 2788 2174 gendum,
2843 2092 3023 2174 quasi
3075 2092 3224 2155 Saul
3271 2092 3578 2156 occiderit
3619 2111 3844 2157 omnes
3887 2113 3974 2156 sa-

894 2201 999 2254 tur
1032 2210 1046 2254 ε
1081 2191 1158 2253 Et
1199 2190 1522 2254 interfecit
1552 2209 1661 2253 eos
1690 2191 1804 2272 qui
1843 2190 2155 2273 pythones
2199 2191 2387 2255 habe-
2490 2192 2778 2254 cerdotes
2827 2210 2943 2253 suo
2981 2199 3267 2273 tempore
3309 2191 3708 2266 exsistenteS‚
3755 2200 3972 2274 praetet

893 2289 1047 2352 bant
1098 2289 1163 2352 in
1210 2298 1452 2366 ventre,
1503 2289 1569 2351 id
1618 2299 1734 2366 est,
1783 2298 1985 2353 artem
2034 2289 2383 2353 suscitandi
2490 2290 2815 2367 Abiathar,
2851 2290 2963 2353 sed
3005 2290 3362 2354 sacerdotes
3402 2289 3723 2371 quierant
3765 2291 3832 2352 in
3861 2291 3972 2352 No-

894 2395 1179 2451 mortuos
1209 2387 1515 2466 gerebant
1555 2387 1623 2449 in
1666 2396 1899 2451 mente.
1935 2388 2384 2451 Verumtamen
2490 2390 2591 2451 be.
2627 2388 2743 2462 Qui
2779 2397 2990 2452 autem
3023 2388 3088 2450 in
3118 2386 3262 2451 aliis
3295 2388 3562 2450 urbibus
3592 2406 3971 2452 commanse-

895 2486 1015 2549 hoc
1045 2503 1175 2549 non
1213 2495 1309 2548 est
1350 2485 1416 2548 in
1446 2485 1729 2562 Hebraen,
1767 2505 1883 2548 nec
1925 2486 1987 2548 in
2036 2485 2218 2548 libris
2257 2505 2387 2550 cor·
2492 2487 3025 2564 runt,manebant
3045 2486 3680 2568 superstiteS.Neque
3690 2507 3812 2564 per
3829 2491 3970 2549 Pro-

892 2584 1106 2647 rectis.
1154 2583 1446 2665 Denique
1489 2583 1636 2647 Saul
1684 2582 1937 2648 videtur
1982 2583 2125 2646 illos
2170 2584 2386 2647 abstu-
2483 2589 2734 2663 pheta&
2764 2584 2874 2665 qui
2906 2586 3004 2665 (ut
3045 2584 3350 2664 creditur)
3379 2583 3640 2646 fuerunt
3671 2584 3970 2648 Samuelis

612 2703 864 2756 Lev.xx,o.
896 2683 1047 2746 lisse
1076 2683 1212 2746 zelo
1244 2683 1421 2763 legiS‚
1441 2702 1643 2765 quum
1674 2682 1983 2765 scriptum
2010 2683 2093 2744 sit
2118 2703 2131 2747 ε
2156 2682 2387 2745 Anima
2492 2684 2826 2766 discipuli:
2849 2701 3123 2766 quorum
3155 2682 3569 2765 responsione
3588 2692 3848 2766 propter
3865 2704 3970 2746 sua

894 2801 1039 2863 quae
1082 2781 1499 2846 declinaverit
1540 2782 1620 2844 ad
1662 2798 1878 2859 magos
1923 2788 1987 2844 et
2032 2781 2290 2858 ariOIOS‚
2323 2791 2386 2844 et
2493 2790 2751 2866 peccata
2781 2781 2904 2845 fuit
2935 2783 3258 2863 indignus.

896 2879 1209 2943 fornicata
1238 2879 1432 2943 fuerit
1461 2898 1605 2942 cum
1638 2879 1753 2956 eiS,
1790 2878 2178 2942 interficiam
2209 2879 2385 2943 illam
2570 2884 2886 2961 Dixitque
2914 2884 3083 2943 Saul
3110 2884 3310 2941 servis
3337 2883 3476 2942 suis
3497 2902 3520 2941 .·
3555 2883 3833 2949 Qua-:rite
3860 2883 3972 2942 mi-

638 2993 855 3038 laida-1.
897 2979 976 3041 de
1024 2977 1235 3040 medio
1284 2978 1507 3060 populi
1557 2977 1678 3040 sui.
1714 2978 1996 3059 Itemque
2043 2996 2056 3040 :
2094 2979 2206 3042 Vir
2250 2979 2386 3041 sive
2418 2983 2464 3047 C
2492 2983 2566 3041 Ιιι·
2609 2982 2947 3040 mulierem
2987 2982 3318 3041 habentem
3349 2982 3731 3057 pythonem,
3776 2979 3842 3042 id
3885 2988 3974 3042 est

895 3075 1151 3154 mulier,
1175 3076 1241 3139 in
1262 3075 1497 3159 quibus
1527 3076 1909 3159 pythonicus
1930 3077 2029 3141 vel
2051 3076 2387 3141 divinatio-
2493 3087 2688 3142 artem
2723 3077 3051 3141 divinandi
3084 3079 3271 3142 modo
3301 3084 3619 3160 praetacto,
3653 3088 3714 3139 et
3745 3081 3975 3139 vadam

900 3175 1001 3237 nis
1031 3175 1293 3257 spiritus
1327 3174 1541 3251 fuerit,
1567 3184 1770 3239 morte
1800 3176 2129 3239 moriatur.
2148 3176 2215 3238 In
2239 3176 2390 3240 Exo-
2495 3182 2582 3239 ad
2610 3198 2778 3247 eam,
2813 3188 2872 3237 ec
2909 3179 3274 3238 sciscitabor
3303 3198 3426 3255 per
3463 3178 3651 3236 illam
3681 3184 3974 3241 eventum

616 3288 869 3341 scadan.
899 3274 982 3336 do
1006 3292 1263 3355 quoque
1296 3291 1309 3335 :
1343 3272 1664 3336 Maleficos
1694 3292 1822 3336 non
1853 3273 2115 3356 patieris
2145 3273 2382 3337 vivere.
2494 3274 2672 3338 belli.
2709 3275 2886 3338 Circa
2931 3276 3051 3338 hoc
3081 3274 3372 3355 Magister
3412 3274 3478 3336 in
3519 3273 3806 3337 historiis
3837 3275 3978 3337 scri-

608 3355 672 3395 ¹⁸·
896 3371 1113 3454 Aliqui
1146 3381 1355 3434 tamen
1387 3370 1739 3449 affirmant,
1764 3374 1935 3453 quod
1966 3372 2109 3435 illos
2132 3373 2383 3451 occidit,
2494 3374 2590 3436 bit
2625 3392 2638 3437 :
2672 3374 3018 3457 Pythonem
3051 3374 3309 3455 quidam
3350 3373 3572 3436 dicunt
3613 3382 3814 3437 artem
3847 3393 3978 3437 esse

899 3469 1051 3552 quia
1081 3470 1380 3533 dicebant
1410 3470 1619 3552 ipsum
1651 3470 1845 3533 David
1880 3479 2313 3550 regnaturum.
2497 3471 2843 3536 suscitandi
2876 3480 3180 3548 mortum,
3217 3492 3407 3553 quam
3437 3470 3698 3553 Pythius
3729 3472 3978 3535 adinve-

983 3571 1485 3649 Conyreyatique
1514 3578 1665 3629 sunt
1696 3570 2090 3640 Pln‘listiim,
2119 3580 2178 3630 et
2211 3591 2389 3630 vene-
2497 3572 2620 3653 nit-3
2639 3570 2822 3652 quasi
2844 3570 3316 3647 dicat‚Quaerite
3343 3570 3503 3632 mihi
3528 3570 3865 3633 mulierem
3885 3590 3980 3653 pe-

898 3678 1082 3738 runt,
1112 3678 1171 3729 et
1212 3670 1652 3729 castrametati
1692 3677 1844 3728 sunt
1887 3671 1955 3729 in
2007 3671 2290 3738 Sanam,
2323 3668 2385 3731 id
2498 3670 2682 3731 ritam
2709 3670 2862 3731 artis
2895 3668 3092 3731 illius.
3113 3668 3278 3742 Quod
3301 3668 3596 3748 congruit
3615 3668 3894 3745 Hebrae0,
3915 3670 3978 3731 in

898 3775 1016 3843 est,
1051 3766 1231 3848 juxta
1267 3766 1491 3853 urbem
1534 3765 1627 3828 sic
1658 3763 1915 3829 dictam.
1950 3765 2127 3829 Unde
2166 3775 2388 3831 vocata
2497 3788 2624 3851 quo
2657 3767 2906 3848 legitur,
2934 3768 3256 3831 Mulierem
3287 3768 3660 3833 Baalathob:
3696 3785 3978 3831 santam

624 3880 866 3938 lvfleqav,
896 3874 992 3929 est
1034 3865 1265 3927 mulier
1303 3864 1675 3928 SunamitiS.
1713 3866 2133 3941 Conqreyavie
2170 3876 2388 3927 autem
2499 3886 2774 3949 namque
2805 3867 3258 3950 interpretatur
3277 3867 3669 3942 domina30s
3697 3874 3980 3941 ver0,est

608 3948 673 3990 ¹²·
899 3967 1067 4026 sauz
1108 3966 1491 4025 universum
1526 3966 1760 4032 Israel,
1792 3962 1856 4023 id
1909 3971 2025 4039 est,
2076 3964 2387 4044 quosdam
2497 3985 2729 4030 nomen
2750 3966 3123 4027 arrisimus.
3149 3964 3335 4039 Quasi
3368 3966 3557 4043 dicat,
3582 3964 3854 4039 Quaerito
3873 3964 3982 4026 mi-

900 4062 1069 4127 viros
1112 4063 1191 4125 de
1229 4061 1499 4142 singulis
1532 4061 1851 4138 tribubuS‚
1886 4060 2148 4124 familiis
2180 4070 2244 4125 et
2273 4063 2387 4125 do·
2497 4066 2562 4127 hi
2595 4064 2952 4141 mulierem,
2977 4083 3121 4145 quae
3148 4063 3233 4125 sit
3252 4063 3512 4127 domina
3541 4082 3652 4125 seu
3684 4063 3980 4145 magistra

896 4160 1111 4223 mibus
1155 4159 1514 4223 Israeliticae
1558 4158 1783 4242 plebis,
1807 4170 1868 4220 et
1913 4162 2087 4220 venit
2132 4163 2205 4221 in
2249 4163 2387 4222 Gel-
2419 4167 2468 4228 D
2497 4164 2648 4226 artis
2695 4163 2890 4225 illius,
2935 4162 3195 4245 Pythius
3241 4162 3381 4240 iste,
3417 4163 3768 4225 secundum
3806 4162 3978 4225 Glos-

898 4262 1006 4319 boe
1024 4284 1051 4331 ,·
1094 4268 1154 4319 et
1205 4260 1372 4318 vidit
1412 4262 1579 4319 Saul
1626 4268 1837 4317 castra
1878 4260 2272 4329 Philistiim,
2321 4257 2383 4319 id
2496 4281 2652 4337 sam,
2701 4268 2964 4323 vocatur
3006 4260 3231 4342 Apollo
3267 4280 3378 4323 seu
3418 4259 3715 4336 Phoebus,
3759 4259 3978 4321 barum

898 4365 995 4419 est
1025 4353 1469 4419 fortitudinem
1502 4364 1563 4417 et
1592 4355 2069 4418 multitudinem
2110 4356 2386 4435 agminis
2495 4359 2725 4421 artium
2758 4358 3052 4422 inventor
3081 4367 3144 4421 et
3172 4358 3398 4437 cultor,
3435 4376 3471 4419 a
3499 4376 3628 4439 quo
3656 4356 3980 4439 pythonis-

894 4454 1470 4530 Philistinorum‚et
1493 4456 1713 4515 timuit
1741 4464 1799 4515 et
1828 4456 2093 4533 eoepavit
2122 4476 2230 4514 cor
2247 4456 2388 4533 ejus
2497 4478 2580 4521 sae
2610 4466 2802 4539 atque
2834 4456 3166 4540 pythonici
3194 4454 3348 4519 dicti
3379 4466 3550 4519 sunt.
3585 4456 3850 4518 Videtur
3877 4455 3982 4517 de

896 4556 1119 4616 nimis.
1150 4553 1287 4617 Non
1336 4552 1507 4615 enim
1559 4552 1838 4635 speravit
1888 4553 1953 4614 in
2000 4553 2288 4631 Domino,
2325 4562 2387 4617 et
2495 4576 2671 4619 mum
2702 4556 2838 4620 haec
2877 4575 2979 4619 ars
3013 4556 3080 4617 in
3119 4553 3499 4617 mulieribus
3543 4554 3866 4637 praecipue
3893 4554 3981 4617 vi-

890 4653 1065 4734 justo
1095 4651 1206 4715 Dei
1244 4652 1488 4734 judicio
1528 4652 1739 4716 ablata
1783 4660 1878 4716 est
1922 4652 1979 4716 ei
2019 4653 2285 4715 audacia
2323 4662 2387 4715 et
2493 4655 2728 4735 guisse.
2771 4655 2926 4717 Nam
2965 4662 3028 4717 et
3069 4652 3215 4716 Saul
3259 4654 3506 4716 locutus
3556 4661 3672 4730 est,
3718 4651 3980 4725 Quaerite

894 4750 1383 4832 magnanimitas
1415 4750 1707 4832 pristina,
1743 4750 2046 4832 quoniam
2079 4750 2216 4813 dies
2247 4750 2384 4833 ejus
2495 4753 2653 4815 mihi
2685 4754 3019 4816 mulierem
3066 4752 3407 4815 habentem
3437 4750 3784 4833 pythonem
3809 4774 3825 4825 ς
3855 4769 3977 4813 non

894 4850 1219 4933 praefinita
1253 4870 1291 4913 a
1320 4851 1467 4927 Deo,
1500 4851 1631 4932 jam
1674 4850 1872 4913 venit.
1907 4850 2084 4914 Unde
2114 4858 2242 4913 tam
2276 4852 2384 4913 im·
2493 4852 2674 4929 dixit,
2708 4851 2980 4925 Quaerite
3009 4851 3170 4913 mihi
3201 4850 3409 4913 virum
3455 4849 3668 4913 talem.
3703 4850 3776 4910 In
3813 4848 3976 4912 Actis

894 4950 1254 5013 moderatus
1284 4968 1357 5012 ac
1389 4949 1732 5014 vehemens
1767 4950 1975 5026 timor,
2012 4948 2136 5011 fuit
2166 4950 2387 5032 proba·
2493 4968 2752 5032 quoque
2783 4949 3226 5032 Apostolorum
3260 4947 3490 5029 legitur
3521 4947 3600 5010 de
3631 4946 3846 5030 puella
3873 4966 3977 5028 ps·
3999 4970 4197 5016 Aemus.

893 5048 1023 5111 bile
1072 5048 1347 5127 signum,
1395 5049 1569 5129 quod
1621 5045 1742 5109 fuit
1790 5048 2165 5112 vincendus,
2215 5048 2383 5112 Talis
2493 5048 2800 5124 timuisse,
2831 5068 2974 5130 quae
3019 5066 3317 5127 magnum
3362 5044 3635 5129 praebuit
3671 5055 3974 5127 quaestum

890 5146 1125 5211 etenim
1160 5147 1350 5209 timor
1382 5146 1713 5227 infrigidat
1740 5156 1934 5229 atque
1953 5146 2249 5209 debilitat
2279 5147 2382 5210 ho·
2490 5147 2622 5210 suis
2651 5146 2928 5209 dominis
2968 5146 3336 5208 divinando.
3372 5146 3461 5207 Ex
3501 5143 3602 5207 his
3645 5143 3976 5207 innotescit

891 5245 1153 5323 minem,
1187 5252 1250 5307 et
1276 5264 1478 5312 ,usum
1530 5244 1795 5326 impedit
1836 5244 2122 5331 rationiS,
2170 5244 2380 5309 consi·
2488 5242 2939 5308 defectuositas
2971 5244 3140 5320 Saul,
3163 5243 3277 5325 qui
3307 5262 3504 5325 quum
3528 5242 3711 5324 quasi
3743 5243 3878 5307 zelo
3897 5241 3976 5305 le-
