4359 6250
869 446 988 511 140

1683 464 2028 511 malumno
2069 464 2131 509 IN
2174 464 2311 511 CAP.
2358 465 2395 507 V
2434 463 2708 511 mmmm.
2751 482 2833 493 ·-
2872 462 3013 509 ΛΒΤ.
3059 463 3125 511 lx

869 633 1043 707 Quod
1075 635 1185 711 ait,
1223 634 1430 699 Stellae
1463 644 1906 717 pugnaverunt
1938 643 2160 699 contra
2193 634 2357 697 Sisa-
2383 632 2432 695 A
2466 652 2578 715 per
2607 634 2903 713 angelum
2952 653 3091 697 esse
3122 633 3607 714 intelligendum
3648 631 3945 715 spiritum

866 751 1034 811 ram,
1091 753 1492 815 nequaquam
1543 743 1638 797 est
1686 734 2130 797 mathematice
2175 733 2355 795 intel-

864 832 1216 914 ligendum,
1261 832 1443 914 quasi
1498 832 1676 895 fatali
1707 832 2191 896 constellatione
2234 832 2355 895 hoc

862 940 1114 1012 gestum
1146 932 1248 1009 sit,
1285 933 1396 995 sed
1427 932 1732 1014 quoniam
1779 932 2250 995 coruscationes
2292 940 2353 995 et

865 1030 1120 1110 fulgura
1170 1031 1248 1093 de
1289 1032 1550 1093 sublimi
1597 1032 1688 1093 sic
1726 1030 2091 1094 ferebantur
2135 1031 2204 1092 in
2250 1031 2357 1093 ho-

864 1138 1016 1205 steS‚
1058 1129 1241 1210 quasi
1283 1128 1490 1193 sidera
1537 1130 1920 1194 laberentur.
1965 1130 2201 1211 Estque
2249 1129 2356 1211 hy-

865 1227 1227 1309 perbolicus
1259 1246 1489 1291 sermo.

956 1330 1222 1387 Torrens
1271 1330 1454 1389 Cison
1503 1329 1707 1387 traxit
1749 1331 2068 1389 cadavera
2107 1348 2353 1397 eoram,

867 1423 1168 1487 videlicet
1194 1425 1690 1488 Chananaeorum
1731 1426 2108 1501 occisorum,
2144 1444 2257 1488 seu
2290 1425 2353 1486 in

869 1521 983 1586 illo
1030 1530 1310 1586 torrente
1353 1542 1704 1587 mersorum
1750 1533 1858 1587 aut
1901 1525 2351 1606 projectorum.

877 1624 1143 1681 Torrens
1177 1622 1540 1693 Cadumim,
1586 1632 1830 1683 torrens
1871 1624 2080 1693 Cison,
2123 1620 2188 1682 id
2233 1630 2351 1698 est,

872 1725 1115 1781 torrens
1158 1718 1268 1781 ille
1298 1719 1508 1795 Cison,
1544 1718 1931 1781 assimilatus
1962 1728 2058 1783 est
2090 1720 2354 1782 torrenti

2464 733 2647 796 illum
2678 733 3059 812 angelicum,
3096 752 3208 815 per
3251 752 3439 815 quem
3484 731 3727 795 fiebant
3755 732 3950 794 Debo-

2464 851 2549 895 rae
2579 822 2999 897 revelationes
3020 832 3426 915 prophetieae.
3451 832 3667 913 Itaque
3688 830 3949 911 angelus

2460 931 2652 1013 jussit
2682 950 2795 1013 per
2838 931 3143 994 Deboram
3190 931 3481 994 maledici
3524 930 3804 1007 diabole,
3835 931 3949 1011 qui

2468 1038 2735 1111 praeerat
2790 1029 3187 1105 ChananaeiS,
3241 1029 3597 1111 ceterisque
3644 1028 3951 1110 apostatis

2464 1128 2707 1207 angelis
2736 1128 2846 1209 qui
2880 1137 3061 1191 erant·
3082 1147 3223 1191 cum
3259 1128 3392 1190 illo.
3417 1128 3593 1190 Unde
3624 1126 3953 1209 subjungi-

2466 1235 2569 1287 tur
2602 1244 2616 1289 :
2653 1230 3015 1287 maledicite
3058 1229 3526 1288 habitatoribus
3552 1229 3717 1305 ajax,
3752 1226 3817 1287 id
3854 1234 3953 1289 est

2464 1325 2707 1404 angelis
2739 1326 2925 1388 malis
2948 1325 3223 1407 principi
3256 1343 3370 1387 suo
3400 1308 3859 1388 cohaerentibus
3881 1325 3949 1387 in

2466 1425 2627 1505 ipSO,
2663 1424 2846 1505 quasi
2880 1424 2943 1486 in
2966 1432 3135 1487 terra
3162 1424 3565 1487 manentibus
3593 1448 3608 1499 3
3640 1425 3800 1503 quia
3820 1444 3951 1484 non

2466 1533 2779 1583 venerunt
2808 1526 2897 1584 ad
2933 1524 3267 1583 aua-ilium
3299 1524 3591 1592 Domini,
3621 1522 3687 1584 id
3732 1530 3829 1585 est
3870 1523 3949 1584 ad

2464 1620 2899 1685 auxiliandum
2922 1621 3160 1703 populo
3176 1620 3297 1695 Dei,
3312 1624 3381 1697 in
3404 1622 3807 1699 adjutorium
3827 1624 3955 1699 for-

2469 1723 2863 1782 tis-simorum
2890 1722 3051 1797 eju-s,
3086 1720 3149 1783 id
3190 1728 3287 1783 est
3322 1720 3399 1782 ad
3442 1717 3951 1782 subveniendum

871 1816 1225 1895 Cadumim,
1264 1817 1508 1881 seilicet
1547 1818 1707 1881 mari
1757 1818 1967 1881 Rubro
2003 1837 2017 1880 :
2053 1819 2357 1900 quoniam
2394 1824 2441 1885 B
2469 1818 2741 1881 ducibus
2772 1817 2986 1896 Israel,
3020 1818 3129 1881 sed
3159 1817 3360 1896 magis
3389 1819 3466 1880 ad
3504 1816 3951 1880 resistendum.

873 1915 1038 1977 sicut
1067 1935 1242 1979 mare
1285 1916 1564 1979 Rubrum
1613 1916 1800 1979 traxit
1847 1917 2156 1980 cadavera
2186 1918 2362 1999 AEgy-

875 2015 1154 2096 ptiorum
1188 2014 1252 2077 in
1277 2034 1347 2078 se
1375 2034 1752 2093 mersorum,
1773 2016 1865 2078 sic
1896 2024 2140 2079 torrens
2171 2016 2361 2079 Cison

875 2113 1184 2177 cadavera
1216 2114 1739 2177 Chananaeorum.
1771 2114 2104 2176 Cadumim
2149 2124 2361 2177 autem

878 2210 1351 2293 interpretatur,
1386 2212 1814 2293 antiquorum,
1850 2222 1914 2275 et
1943 2213 2219 2275 sumitur
2249 2230 2364 2295 pro

602 2320 847 2363 &odam
879 2309 1039 2371 mari
1070 2310 1302 2387 Rubro,
1332 2310 1395 2371 in
1427 2330 1554 2392 quo
1585 2312 1704 2373 sub
1725 2312 1930 2393 Moyse
1961 2313 2224 2394 antiqua
2253 2312 2366 2373 mi-

881 2408 1094 2470 racula
1125 2417 1274 2470 sunt
1304 2418 1587 2491 peracta3
1615 2410 1782 2473 istud
1815 2429 1966 2474 vero
1997 2411 2239 2473 bellum
2273 2409 2367 2472 fa-

880 2514 1049 2570 ctum
1083 2515 1180 2569 est
1207 2507 1387 2589 juxta
1416 2517 1760 2571 torrentem
1791 2509 2003 2573 Cison.
2033 2513 2363 2577 Cbnculcca

877 2608 1103 2666 anima
1137 2626 1299 2675 mea,
1330 2609 1635 2669 robustos,
1669 2607 1797 2669 Hoc
1829 2616 2036 2689 potest
2075 2626 2213 2671 esse
2244 2626 2365 2669 vox

881 2704 1126 2785 populi,
1179 2704 1568 2767 cohortantis
1617 2724 1684 2767 se
1732 2706 1810 2767 ad
1861 2706 2364 2769 conculcandum

589 2812 852 2865 ‚tomum
883 2802 1162 2864 hostium
1193 2802 1377 2879 colla,
1414 2804 1760 2866 secundum
1806 2806 1978 2886 quod
2009 2805 2197 2867 Josue
2236 2804 2369 2886 jus-

884 2899 967 2962 sit
1006 2900 1406 2981 principibus
1450 2902 1634 2965 lsrael
1687 2921 1924 2984 ponere
1973 2903 2167 2985 pedes
2218 2921 2367 2965 suos

2471 1919 2921 1981 Verumtamen
2968 1916 3304 1979 litteralius
3349 1916 3476 1979 dici
3522 1925 3751 1999 potest,
3783 1918 3957 1998 quod

2470 2016 2734 2096 angelus
2782 2014 2976 2097 jussit
3018 2014 3313 2077 maledici
3364 2014 3628 2097 pree-sato
3672 2016 3811 2078 viro
3854 2033 3961 2097 po-

2475 2114 2633 2177 tenti
2680 2114 2937 2178 nomine
2978 2114 3199 2190 Meroz,
3233 2122 3297 2176 et
3336 2122 3517 2177 terrae
3566 2133 3639 2176 ac
3686 2113 3963 2176 subditis

2474 2214 2794 2296 ejuS,quia
2817 2232 3186 2275 succurrere
3207 2213 3549 2275 noluerunt
3570 2212 3729 2275 filiis
3750 2213 3957 2281 Israel.

2554 2314 2902 2374 Benedicta
2925 2314 2997 2371 in
3005 2322 3099 2373 ter
3116 2313 3420 2371 mulieres
3438 2314 3625 2373 Jahel
3644 2332 3813 2371 umor
3836 2316 3965 2373 Ha—

2474 2414 2583 2471 ber
2616 2412 2841 2483 Cinoei,
2883 2411 2945 2472 id
2982 2419 3079 2473 est
3110 2410 3295 2473 laude
3330 2410 3521 2491 digna
3548 2418 3614 2472 et
3654 2410 3957 2486 virtuosa,

2476 2510 2659 2591 quasi
2716 2528 2845 2571 una
2902 2508 3317 2571 laudabilium
3370 2508 3777 2585 feminarum,
3832 2529 3960 2573 non

2474 2620 2685 2673 tamen
2716 2609 3013 2672 omnibus
3053 2608 3195 2671 aliis
3224 2608 3520 2684 sanctior,
3556 2609 3963 2689 quemadmo-

2473 2709 2627 2771 dum
2674 2706 3045 2769 Christit'era
3092 2706 3287 2787 Virgo
3342 2706 3577 2769 dicitur
3623 2706 3959 2770 benedicta

2478 2808 2645 2869 inter
2676 2805 3009 2879 mulieres;
3037 2816 3096 2866 et
3126 2807 3540 2865 benedicatur
3568 2808 3637 2866 ‘in
3672 2808 3962 2867 taberna-

2475 2910 2615 2967 culo
2644 2924 2786 2974 sao,
2816 2904 2879 2966 id
2909 2912 3006 2966 est
3044 2924 3081 2965 a
3118 2902 3250 2965 suis
3290 2902 3674 2980 domesticiS‚
3708 2904 3963 2985 maj0ri-

883 3018 1074 3080 super
1105 2998 1269 3062 colla
1307 3017 1527 3079 regum
1558 3001 2074 3065 Chananaeorum.
2111 3002 2223 3065 Vel
2257 3002 2370 3064 De-
2398 3001 2442 3065 C
2477 3023 2604 3087 que
2640 3004 2847 3084 gratia
2887 3002 3227 3085 impleatur
3265 3022 3304 3063 a
3341 3002 3627 3079 Domino,
3659 3004 3960 3083 quoniam

881 3098 1036 3162 bora
1067 3097 1154 3160 ait
1185 3097 1304 3162 hoc
1336 3098 1403 3160 in
1434 3119 1548 3163 sua
1579 3119 1868 3183 persona,
1895 3108 1966 3163 ut
1995 3100 2078 3164 sit
2107 3118 2363 3164 sensus:

883 3197 1218 3274 Conculca,
1245 3198 1454 3260 anima
1475 3218 1636 3275 mea,
1661 3198 1976 3277 robustos,
2005 3200 2067 3261 id
2092 3209 2209 3276 est,
2234 3201 2369 3263 zelo
2481 3206 2553 3275 ti,
2590 3207 2689 3263 lac
2716 3204 2894 3262 dedit
2925 3223 2947 3262 .·
2980 3200 3042 3262 id
3072 3209 3188 3277 est,
3216 3199 3439 3263 Sisarae
3469 3201 3815 3283 postulanti
3839 3203 3961 3264 sibi
4032 3219 4259 3261 naim.

883 3297 1146 3379 justitiae
1176 3297 1499 3379 vilipende
1520 3299 1634 3360 hos
1655 3298 2040 3362 Chananaeos
2070 3299 2227 3362 olim
2250 3299 2371 3362 for-

886 3405 1003 3458 teS.
1034 3399 1297 3473 Unyulw
1325 3417 1632 3476 equorum
1653 3400 2044 3468 ceciderunt,
2062 3399 2374 3475 fuqienti-

887 3498 1000 3555 bas
1022 3497 1288 3574 impetu,
1307 3506 1366 3556 et
1379 3516 1498 3572 per
1511 3516 1786 3574 pra²ceps
1809 3499 2140 3556 ruentibus
2159 3498 2375 3574 fortis-

887 3595 1071 3654 simis
1106 3595 1386 3655 hostium
1407 3613 1429 3655 .·
1461 3593 1523 3656 id
1555 3603 1669 3671 est,
1703 3595 1857 3656 dum
1879 3594 2267 3676 potentiores
2308 3595 2375 3656 in

890 3692 1167 3756 exercitu
1189 3692 1412 3756 Sisarae
1434 3692 1960 3756 festinantissime
1983 3693 2284 3773 fugerent,
2301 3693 2379 3755 fu

890 3790 1250 3872 giendoque
1271 3791 1741 3873 praecipitanter
1771 3800 2159 3869 corruerent,
2188 3793 2377 3855 etiam

893 3888 1148 3969 ungulae
1198 3907 1505 3970 equorum
1558 3889 1844 3970 ipsorum
1893 3890 2182 3973 cont-ritae
2234 3901 2383 3953 sunt

897 3986 1129 4050 ictibus
1161 3986 1513 4066 grandiniS,
1549 3989 2005 4066 coruscatione,
2043 3998 2107 4052 et
2145 3990 2385 4072 asperi-

899 4094 1026 4149 tate
1066 4085 1373 4148 loeorum.
1407 4085 1594 4160 Quasi
1637 4085 1806 4149 dicat
1840 4106 1854 4149 ε
1888 4088 2050 4163 Quid
2091 4089 2158 4150 in
2208 4097 2385 4153 tanta

901 4191 1270 4266 tempestate
1301 4192 1485 4264 putas
1517 4184 1840 4266 equitibus
1870 4187 2221 4250 accidisse?

982 4283 1352 4344 Μαῑειίιόἱεε
1404 4292 1587 4344 terra,²
1623 4286 1860 4357 Meroz,
1897 4288 2072 4346 dia-it
2114 4291 2384 4364 anyelus

901 4383 1187 4443 Domini.
1239 4380 1459 4457 Meroz,
1513 4390 1583 4443 ut
1633 4381 1698 4443 in
1751 4381 2134 4447 Scholastica
2185 4385 2386 4448 fertur

900 4479 1186 4556 historia,
1209 4479 1331 4541 fuit
1349 4499 1515 4541 unus
1537 4481 1614 4543 de
1647 4481 2042 4563 principibus
2062 4484 2380 4546 Chanaan.

901 4579 977 4640 Et
1026 4577 1481 4659 interpretatur
1529 4580 1748 4656 Meroz,
1792 4599 2117 4658 arcanum,
2165 4583 2387 4665 sicque

904 4697 1017 4759 per
1047 4677 1242 4740 Meroz
1281 4677 1501 4740 Glossa
1543 4686 1607 4740 et
1635 4679 1746 4741 alii
1788 4680 1975 4742 multi
2020 4681 2389 4762 intelligunt

903 4775 1328 4840 adversariam
1361 4783 1757 4856 potestatem,
1789 4797 1932 4858 quae
1954 4789 2221 4859 praeerat
2240 4780 2389 4842 Cha-

908 4874 1166 4944 nanaeiS.
1188 4884 1250 4937 et.
1270 4893 1376 4938 eos
1408 4884 1628 4938 contra
1659 4874 1831 4938 filios
1852 4875 2042 4939 Israel
2074 4877 2385 4941 incitavit.

904 4974 1018 5036 Per
1048 4974 1344 5052 angelum
1379 4992 1526 5035 vero
1570 4974 1827 5055 quidam
1871 4974 2244 5056 intelligunt
2282 4977 2393 5038 De·-

909 5073 1125 5136 boram
1174 5072 1662 5154 prophetissam,
1696 5073 1794 5136 vel
1837 5075 2027 5136 Barac
2058 5075 2325 5136 missum
2358 5095 2395 5136 a

907 5172 1032 5234 Deo
1066 5189 1180 5252 pro
1222 5170 1596 5235 liberatione
1638 5172 1925 5247 Israelis;
1960 5173 2096 5251 alii,
2131 5173 2396 5236 Michae-

909 5269 1032 5330 lem
1066 5269 1179 5349 qui
1211 5278 1476 5350 praeerat
1499 5269 1861 5352 Synagogae.
1886 5273 1963 5336 Et
1993 5272 2207 5356 potius
2240 5280 2395 5354 puto

2478 3105 2725 3167 hostem
2758 3101 2979 3184 populi
3025 3100 3135 3164 Dei
3178 3100 3432 3164 occidit.
3466 3105 3723 3182 Aquam
3743 3113 3965 3180 peten-

2479 3302 2616 3365 dari
2646 3319 2872 3381 aquam
2906 3300 2983 3362 ad
3006 3299 3374 3381 potandum,
3400 3299 3575 3362 dedit
3604 3299 3699 3362 lac
3719 3300 3961 3378 bibere,

2482 3409 2553 3462 ut
2584 3399 2813 3463 fortius
2844 3397 3256 3474 obdormiret,
3282 3405 3352 3459 ut
3373 3395 3614 3459 dictum
3644 3406 3739 3460 est
3769 3399 3833 3460 in
3863 3418 3969 3461 ex-

2484 3498 2799 3582 positione
2822 3497 3235 3579 praecedentis
3257 3496 3551 3578 capituli3
3576 3508 3634 3558 et
3656 3499 3723 3558 in
3734 3500 3973 3575 phiala

2478 3600 2858 3677 principum
2892 3597 3124 3656 obtulit
3168 3596 3228 3657 ei
3272 3597 3604 3672 butyrum,
3638 3595 3702 3657 id
3750 3605 3869 3670 est,
3905 3595 3971 3658 in

2490 3695 2598 3758 tali
2647 3693 3023 3776 repositorio
3061 3711 3190 3774 quo
3233 3692 3555 3775 principes
3602 3692 3694 3755 uti
3742 3693 3971 3770 solent,

2488 3793 2723 3858 obtulit
2756 3792 2816 3855 ei
2849 3791 3302 3874 pinguedinem
3336 3790 3537 3868 laetiS,
3576 3789 3739 3854 forte
3770 3792 3847 3854 ad
3872 3811 3981 3856 co-

2492 3891 2871 3955 medendum
2914 3898 2985 3951 ut
3024 3908 3217 3971 super
3246 3889 3460 3951 cibum
3495 3889 3703 3952 adhuc
3734 3899 3984 3972 potaret

2492 3993 2569 4054 de
2602 3991 2764 4052 lacte
2786 4007 2799 4050 :
2825 3988 2997 4069 quod
3020 4005 3145 4050 non
3174 3985 3299 4048 fuit
3320 3987 3702 4069 praecedenti
3732 4007 3987 4070 expres-

2492 4109 2633 4152 sum
2665 4087 2967 4170 capitulo.
3000 4088 3359 4148 Sinis-tram
3393 4106 3658 4146 manum
3686 4088 3867 4146 mist'c
3894 4089 3987 4147 ad

2417 4190 2465 4251 D
2492 4193 2771 4258 clavum,
2790 4197 2849 4246 et
2871 4189 3203 4246 deoeteram
3222 4187 3310 4246 ad
3338 4186 3675 4263 fabrorum
3694 4189 3975 4246 malleos.

2494 4289 2793 4350 Percussi
2798 4297 2941 4366 tque
2974 4286 3297 4354 Sisaram,
3330 4303 3619 4364 quoerens
3662 4285 3735 4344 in
3774 4287 3985 4362 capite

2496 4387 2757 4448 vulneri
2778 4388 2982 4444 locum
2998 4407 3025 4454 ,·
3044 4391 3103 4442 et
3126 4392 3371 4460 tempus
3393 4383 3607 4442 valide
3618 4383 3981 4459 perforans,

2494 4488 2667 4545 incer
2684 4486 2879 4560 pedes
2904 4483 3045 4560 eju-s·
3084 4483 3244 4541 ruit.
3278 4479 3480 4554 Quum
3512 4479 3684 4543 enim
3726 4479 3981 4543 clavum

2496 4585 2637 4663 ejus
2675 4580 2869 4662 capiti
2916 4578 3239 4661 infigeret,
3272 4597 3403 4660 prae
3436 4579 3653 4641 dolore
3682 4597 3983 4660 experge-

2499 4682 2704 4744 factus
2734 4688 2850 4755 est,
2888 4686 2950 4741 et
2979 4677 3186 4759 primo
3218 4677 3461 4759 impetu
3501 4676 3780 4739 nondum
3812 4677 3983 4740 victa

2500 4789 2745 4854 nat-ura,
2790 4777 2979 4858 ejecit
3024 4796 3091 4837 se
3134 4777 3213 4838 de
3257 4776 3421 4838 lecto
3466 4775 3532 4837 in
3574 4783 3825 4837 terram.
3866 4779 3985 4836 De-

2498 4881 2653 4957 fecit
2696 4887 2755 4936 ec
2800 4885 3091 4935 mortuus
3133 4883 3241 4934 est.
3292 4873 3367 4934 Et
3415 4881 3567 4934 tunc
3610 4883 3759 4932 ante
3791 4877 3987 4950 pedes

2499 4979 2638 5055 ejus
2660 4976 3045 5040 volvebatur,
3062 4991 3397 5053 quousque
3432 4969 3708 5032 animam
3739 4969 3989 5032 exhala-

2503 5075 2629 5146 vit3
2662 5083 2721 5133 et
2740 5073 2999 5148 jacebat
3028 5072 3352 5131 ewanimis
3380 5080 3438 5129 ec
3481 5071 3888 5141 verser-abili&
3922 5069 3987 5130 id

2502 5181 2619 5246 est,
2662 5187 2894 5250 eorpus
2939 5169 3077 5249 ejus
3122 5167 3505 5231 exstinctum
3543 5166 3743 5247 jacuit
3779 5174 3849 5228 ut
3890 5186 3991 5229 ea-

2504 5271 2717 5332 daver.

4012 2722 4130 2765 Luc.
4142 2735 4173 2769 ι,
4190 2724 4256 2762 25.

3986 2786 4054 2827 ⁴2.

3998 3285 4064 3324 19.
