4359 6250
658 767 858 820 lBeo.,m

615 832 682 880 20.
705 831 750 872 2¹
768 843 790 881 ;,
805 843 876 880 vu,

616 895 690 944 1s;
715 905 788 943 xn,
808 894 851 935 2.

617 2435 654 2480 11
665 2435 772 2492 Req-
786 2437 884 2487 1,¹5.

621 2699 666 2740 9.

905 470 1024 533 328

1476 488 1824 536 ENARRATlo
1867 489 1928 534 IN
1970 489 2108 535 cAP.
2153 488 2266 535 xm
2306 487 2465 534 unm
2506 487 2675 534 mum
2724 487 2948 533 REGUM.
2992 505 3073 516 ·—
3114 486 3256 533 ΛΒΤ.
3300 487 3424 533 XXV

905 658 1088 740 argui
1119 668 1347 740 potest,
1373 661 1679 742 quoniam
1704 661 1884 741 Juxta
1905 657 2397 741 praehabita‚Sa-
2424 657 2477 718 A
2505 660 2785 718 Jonaclza
2814 660 2889 719 in
2928 661 3145 718 Gabaa
3170 659 3550 736 Benjamin,
3580 656 3645 718 id
3688 664 3789 719 est
3838 656 3987 718 urhe

865 797 876 816 .
907 757 1079 820 muel
1112 757 1323 820 adhuc
1362 757 1732 820 adolescens
1770 757 1966 839 coepit
2005 775 2144 819 esse
2173 755 2396 838 populi

906 856 1121 937 judex,
1149 855 1364 918 statim
1396 864 1541 937 post
1567 855 1812 919 obitum
1834 855 1994 918 Heli.
2013 855 2156 916 Fuit
2185 862 2395 916 autem

908 973 1101 1018 senex
1132 953 1203 1017 111
1233 953 1494 1017 exordio
1527 954 1707 1035 regni
1740 953 1909 1030 Saul,
1939 961 2008 1015 ut
2037 953 2400 1035 praeceden-

909 1051 958 1114 u‘
989 1051 1259 1114 habetur
1297 1052 1578 1134 capitulo
1614 1071 1626 1116 ε
1672 1070 1824 1135 ergo
1863 1051 2104 1115 diutius
2141 1049 2397 1132 praefuit

909 1169 1101 1232 quam
1135 1151 1320 1212 annis
1351 1151 1603 1232 viginti.

925 1289 932 1293 -
991 1253 1074 1312 Et
1113 1252 1360 1311 duobus
1389 1252 1586 1311 arenis
1615 1253 1913 1328 regnavit
1945 1250 2081 1333 ipse
2122 1250 2268 1313 Saul
2298 1271 2398 1310 su-

900 1369 1024 1426 per
1054 1353 1284 1420 Israel,
1312 1349 1464 1429 quia
1495 1349 1744 1412 duobus
1773 1349 1960 1411 annis
1989 1349 2250 1432 praefuit
2278 1349 2399 1410 vir-

911 1454 1112 1522 tuose,
1138 1445 1368 1510 deinde
1411 1447 1760 1529 tyrannice.
1794 1447 1974 1511 Circa
2015 1448 2134 1510 hoc
2178 1447 2400 1511 scribit

908 1543 1170 1625 quidam
1201 1561 1215 1606 ε
1249 1545 1458 1608 Potest
1487 1545 1806 1627 dici,quia
1835 1553 1980 1628 post
2008 1547 2166 1608 duos
2198 1565 2398 1610 annos

911 1643 1090 1722 regni
1113 1642 1318 1705 Saulis
1342 1642 1479 1726 ipse
1501 1644 1697 1706 David
1728 1644 1794 1705 in
1817 1663 2028 1725 regem
2050 1664 2087 1706 a
2108 1644 2399 1708 Samuele

912 1749 1008 1804 est
1028 1749 1282 1818 unctuS‚
1309 1751 1372 1805 et
1400 1751 1631 1806 extunc
1663 1743 1809 1805 Saul
1841 1761 1968 1806 non
2001 1743 2291 1824 regnavit
2322 1745 2399 1807 de

2507 755 2619 817 illa
2668 756 2733 817 in
2777 765 2944 818 sorte
2992 755 3323 836 Beniamin
3366 755 3508 831 sita,
3549 775 3693 837 quae
3738 757 3991 834 (secun-

2505 856 2657 918 dum
2700 855 3063 935 Magistrum
3114 855 3179 916 in
3230 854 3541 933 historiis)
3592 853 3717 916 fuit
3762 853 3988 917 civitas

2503 953 2771 1016 Phinees
2815 953 2941 1016 filii
2980 953 3282 1030 Eleazari,
3318 953 3377 1015 id
3415 961 3510 1015 est
3542 953 3697 1016 urbs
3730 951 3856 1014 sibi
3886 954 3991 1014 de-

2506 1060 2725 1134 putata
2767 1053 2845 1115 ad
2880 1052 3321 1129 habitandum,
3355 1060 3420 1114 et
3460 1051 3527 1113 in
3578 1051 3690 1114 illa
3736 1051 3987 1114 Eleazar

2506 1148 2707 1212 fertur
2744 1149 3053 1232 sepultus.
3089 1143 3537 1213 Verumtamen
3582 1149 3649 1210 in
3687 1149 3877 1212 Josue
3917 1148 3985 1209 li-

2504 1248 2619 1311 bro
2650 1248 2882 1328 legitur
2910 1267 2924 1312 :
2960 1248 3215 1311 Eleazar
3248 1257 3535 1311 mortuus
3568 1240 3687 1325 est,
3720 1257 3783 1311 et
3812 1267 3985 1330 sepe-
4020 1269 4225 1322 Inuum,
4269 1247 4270 1276 ³

2508 1347 2745 1409 lierunt
2772 1367 2917 1409 eum
2952 1346 3017 1408 in
3038 1347 3339 1424 Gabaath,
3364 1365 3507 1428 quae
3526 1347 3673 1409 data
3700 1355 3799 1410 est
3828 1347 3889 1410 ei
3918 1347 3983 1408 in

2507 1445 2721 1508 monte
2742 1445 3079 1527 Ephraim:
3106 1445 3171 1507 in
3202 1463 3329 1526 quo
3346 1454 3559 1508 monte
3580 1463 3707 1508 non
3742 1445 3986 1509 videtur

2508 1543 2631 1606 sita
2668 1543 2869 1606 fuisse
2911 1542 3190 1606 Gabaath
3238 1562 3351 1606 seu
3389 1542 3597 1606 Gabaa
3632 1543 3982 1625 Benjamin.

2506 1647 2711 1705 Porro
2754 1653 3032 1704 celerum
3072 1647 3391 1721 populum
3438 1645 3711 1714 remisit,
3754 1664 3989 1706 unum-

2508 1763 2815 1822 quemque
2850 1744 2921 1803 in
2958 1744 3370 1803 tabernacula
3400 1763 3541 1802 sua.
3568 1745 3651 1803 Et
3673 1746 3987 1819 percussit

910 1839 1076 1920 jure,
1112 1840 1222 1903 sed
1253 1847 1500 1903 tantum
1521 1841 1891 1923 usurpative
1918 1859 1930 1903 :
1957 1841 2098 1905 ideo
2129 1861 2400 1924 sequen·
2434 1839 2478 1900 B
2505 1843 2817 1901 Jonathas
2876 1843 3217 1902 stationem
3264 1841 3802 1911 Philiscinorum,
3850 1863 3989 1922 quce

911 1945 1006 2000 tes
1045 1937 1196 1999 anni
1241 1938 1420 2019 regni
1460 1938 1664 2021 ipsius
1703 1939 1808 2003 hic
1849 1947 2235 2004 resecantur.
2280 1940 2399 2003 Sed

911 2044 1132 2098 contra
1172 2036 1315 2114 hoc,
1349 2045 1571 2118 utpote
1611 2038 1782 2119 quod
1815 2037 1961 2100 Saul
1997 2046 2229 2100 extunc
2272 2057 2399 2101 11011

913 2135 1202 2216 regnavit
1223 2136 1300 2198 de
1321 2135 1484 2217 jure,
1501 2134 1825 2218 objicitur,
1844 2136 1998 2217 quia
2024 2133 2254 2213 adhuc,
2272 2136 2400 2199 imo

913 2252 1118 2316 usque
1149 2233 1227 2296 ad
1258 2231 1461 2296 finem
1493 2233 1639 2298 vitae
1670 2253 1820 2312 suae,
1847 2234 2110 2298 retinuit
2143 2234 2265 2298 sibi
2296 2235 2401 2317 jus

915 2331 1124 2412 regale
1157 2350 1269 2395 seu
1301 2331 1538 2412 regiam
1569 2341 1945 2414 potestatem
1976 2342 2038 2396 et
2065 2333 2404 2396 auctorita-

915 2440 1065 2494 tem.
1089 2431 1350 2513 Propter
1380 2432 1550 2511 quod
1572 2431 1770 2494 David
1801 2431 2005 2494 occidi
2033 2432 2227 2513 jussit
2255 2433 2403 2496 ado-

916 2530 1282 2606 lescentem,
1319 2527 1429 2609 qui
1463 2548 1531 2592 se
1562 2528 1812 2591 Saulem
1855 2529 2162 2592 occidisse
2192 2531 2403 2613 perhi—

635 2633 886 2686 meam-1,
916 2627 1078 2705 buit,
1098 2627 1420 2708 Davidque
1451 2627 1684 2710 saepius
1715 2626 2079 2701 dixitzQuis
2111 2631 2404 2692 extendet

915 2744 1140 2790 manus
1182 2745 1327 2788 suas
1370 2725 1437 2786 in
1477 2725 1786 2788 christum
1821 2725 2093 2804 Domini,
2129 2735 2193 2789 et
2223 2727 2405 2790 inno-

619 2827 888 2898 ,lbfd-fflvss·
915 2844 1067 2889 cens
1097 2823 1266 2886 erit?
1295 2823 1473 2886 Unde
1503 2831 1566 2886 et
1595 2831 1816 2905 pectus
1848 2843 2032 2885 suum
2065 2826 2401 2907 percussit,

819 2951 826 2958 ·
915 2942 992 2987 eo
1022 2924 1192 3004 quod
1233 2922 1626 3003 chlamydem
1659 2921 2034 2985 abscidisset
2064 2922 2259 2986 illius.
2295 2925 2405 2987 lta·

914 3041 1042 3105 que
1073 3021 1219 3084 Saul
1250 3021 1458 3084 adhuc
1489 3020 1840 3103 permansit
1869 3041 2060 3084 verus
2093 3042 2166 3086 ac
2203 3023 2405 3105 legiti-
2437 3024 2480 3087 C
2514 3023 2685 3104 quod
2713 3020 3016 3083 Philistaei
3046 3020 3300 3101 cognito
3334 3039 3409 3083 eo
3438 3023 3607 3103 quod
3643 3021 3996 3089 1666111110-

909 3140 1056 3184 -mus
1088 3139 1197 3183 rex
1226 3119 1747 3198 1srael,habendo
1770 3130 2128 3203 respectum
2150 3124 2229 3185 ad
2262 3124 2401 3205 ejus

913 3218 1354 3282 auctoritatem
1405 3226 1468 3282 et
1517 3218 1755 3300 regiam
1802 3227 2182 3300 potestatem
2222 3246 2236 3295 3
2291 3223 2401 3285 sed

911 3326 1224 3401 quantum
1269 3318 1346 3380 ad
1398 3317 1730 3400 potestatis
1777 3336 1906 3380 suae
1950 3317 2241 3395 abusum,
2279 3318 2403 3381 suit

914 3424 1244 3499 tyrannus,
1300 3416 1559 3479 Talibus
1609 3425 1824 3479 autem
1877 3416 2279 3499 principibus
2330 3438 2402 3481 ac

914 3514 1215 3597 praelatiS‚
1250 3522 1562 3597 quantum
1603 3515 1682 3577 ad
1714 3534 1787 3578 ea
1817 3534 1960 3597 quae
1998 3515 2078 3577 ad
2116 3516 2399 3597 ipsorum

912 3610 1140 3677 officia
1178 3612 1522 3694 pertinent,
1561 3621 1858 3675 tenentur
1897 3613 2140 3675 subditi
2182 3613 2403 3677 obedi-

915 3731 1005 3789 re,
1042 3720 1346 3793 tanquam
1377 3710 1546 3775 veris
1588 3710 2050 3793 superioribuS‚
2083 3721 2275 3793 prout
2305 3732 2404 3774 su-

914 3828 1026 3892 per
1068 3810 1418 3874 secundum
1458 3809 1952 3885 Sententiarum,
1991 3810 2404 3875 distinctione

913 3908 1160 3985 ultima,
1187 3907 1458 3970 Thomas
1498 3908 1796 3971 declarat.

909 4046 914 4053 ·
993 4010 1079 4069 Ec
1098 4010 1287 4084 eleqit
1315 4008 1441 4066 sibi
1468 4010 1634 4069 Saul
1667 4009 1796 4068 tria
1828 4010 2043 4069 millia
2072 4011 2151 4067 de
2172 4012 2397 4081 Israel,

915 4104 984 4169 id
1003 4114 1100 4168 est
1119 4104 1238 4166 tria
1257 4104 1466 4166 millia
1483 4104 1765 4167 virorum
1788 4105 2215 4183 Hebraeorum,
2240 4126 2401 4189 quos

2508 1949 2647 2000 erat
2696 1941 2769 2000 in
2819 1942 3058 2000 Gabaa.
3092 1938 3395 2002 Philistaei
3445 1946 3748 2020 tanquam
3796 1939 3989 2003 domi-

2512 2045 2735 2099 nantes
2771 2036 2931 2099 filiis
2969 2037 3179 2114 lsrael,
3212 2021 3702 2114 construirerunt
3742 2057 3853 2101 seu
3890 2039 3990 2100 ha-

2511 2137 2788 2200 buerunt
2818 2136 2883 2197 in
2917 2145 3081 2198 terra
3116 2135 3401 2217 ipsorum
3433 2135 3571 2198 loca
3604 2137 3854 2200 munita
3880 2157 3987 2200 5611

2516 2233 2841 2310 fortalitia,
2887 2234 2954 2296 in
2985 2232 3217 2314 quibus
3250 2242 3599 2315 posuerunt
3627 2233 3983 2313 bellatores,

2514 2333 2625 2415 qui
2676 2333 2986 2414 populum
3034 2332 3225 2395 lsrael
3286 2341 3617 2396 servarent
3663 2333 3783 2396 sub
3840 2335 3989 2415 jugo

2513 2431 2877 2494 philistiim.
2919 2431 3029 2492 Est
3073 2431 3289 2512 itaque
3332 2450 3577 2509 56115115,
3612 2434 3783 2513 quod
3817 2434 3989 2496 Jona-

2516 2532 2655 2612 thas
2691 2530 2756 2592 in
2788 2529 2947 2592 urbe
2974 2529 3185 2592 Gabaa
3222 2529 3348 2592 tale
3376 2537 3651 2592 castrum
3692 2531 3985 2608 obtinuit,

2512 2639 2577 2694 et
2603 2629 2954 2692 Philistaeos
2989 2627 3148 2690 inibi
3180 2627 3555 2691 constitutos
3578 2631 3834 2694 occidit.

2598 2731 2776 2797 Quod
2805 2747 3007 2806 quum
3038 2729 3367 2788 audissent
3396 2719 3790 2800 Philistiim,
3830 2735 3992 2792 Saul

2514 2828 2745 2888 cecinit
2796 2828 3068 2886 buccina
3114 2827 3189 2885 in
3234 2827 3417 2885 omni
3466 2836 3663 2896 terra,
3710 2831 3929 2889 dicens
3968 2851 3991 2888 .·

2514 2927 2815 2987 Audiam
2848 2926 3121 2986 Hebroei.
3157 2922 3304 2985 Saul
3337 2943 3451 3006 pro
3488 2934 3661 2988 certo
3698 2927 3989 3009 conjecit,

2514 3121 2761 3198 nathaS,
2810 3140 2885 3183 ex
2926 3119 3363 3201 indignatione
3397 3140 3543 3183 mox
3582 3126 3996 3189 convenirent

2512 3221 2591 3283 ad
2638 3219 3143 3301 impugnandum
3182 3218 3597 3283 Israeliticum
3636 3222 3941 3303 populum
3976 3240 3989 3286 ε

2516 3319 2656 3381 11160
2687 3318 2893 3380 voluit
2922 3336 3110 3400 super
3147 3317 3269 3381 hoc
3310 3337 3497 3380 suum
3527 3319 3835 3401 populum
3869 3324 3996 3385 avi-

4010 1335 4067 1373 32.

2512 3437 2673 3493 sare,
2707 3426 2777 3479 ut
2807 3437 2874 3479 se
2904 3416 3333 3480 observarent.
3358 3416 3516 3480 Hinc
3542 3418 3721 3480 misit
3740 3421 3995 3485 nuntios
4058 3460 4061 3468 =

2513 3515 2625 3597 qui
2657 3514 2986 3597 praemisso
3016 3514 3303 3577 buccina)
3332 3515 3569 3592 sonitu,
3588 3518 3997 3583 annuntiave-

2514 3622 2663 3675 runt
2691 3613 2825 3675 haec
2854 3613 3013 3695 ipsa.
3036 3612 3195 3675 Hinc
3227 3612 3542 3691 subditur,
3562 3617 3641 3675 Ec
3660 3617 3997 3677 universus

2515 3715 2720 3774 Israel
2750 3714 3011 3773 audivit
3040 3705 3486 3789 hujuscemodi
3518 3713 3773 3788 famam
3802 3736 3826 3773 .·
3848 3719 4001 3778 Per-

2513 3813 2707 3871 cussit
2730 3813 2897 3871 Saul
2914 3804 3254 3870 stationem
3269 3810 3803 3886 Phili-sciuerunt,
3824 3814 3999 3894 juxta

2514 3927 2772 3970 sensum
2812 3907 3253 3989 praehabitum.
3296 3906 3469 3981 Quod
3502 3908 3675 3970 enim
3703 3910 3998 3973 Jonathas

2517 4014 2751 4087 egerat,
2786 4025 2895 4067 rex
2922 4014 3129 4081 terrea,
3154 4004 3455 4068 videlicet
3484 4004 3652 4082 Saul,
3682 4008 4001 4089 judicaba-

2516 4114 2619 4167 tur
2658 4103 2908 4181 fecisse,
2944 4104 3110 4167 sicut
3147 4103 3413 4167 victoria
3450 4100 3729 4168 militum
3768 4108 4001 4171 adscri—

917 4203 1240 4286 reputavit
1279 4203 1357 4265 ad
1398 4202 1842 4285 praeliandum.
1863 4201 2159 4268 fortiores
2206 4214 2267 4267 et
2297 4225 2401 4267 au·
2436 4208 2481 4270 D
2513 4202 2685 4265 bitur
2712 4202 3010 4284 principi.
3036 4204 3123 4263 Et
3150 4204 3359 4263 eremit
3380 4222 3444 4262 se
3467 4205 3672 4264 Israel
3696 4208 3999 4271 adversus

913 4301 1199 4364 daciores
1235 4320 1251 4365 τ
1283 4311 1473 4383 atque
1501 4303 1600 4382 (ut
1637 4301 1839 4383 aliqui
1879 4301 2251 4384 opinantur)
2280 4304 2401 4367 hoc

919 4398 1092 4475 fecit,
1118 4418 1315 4481 quum
1349 4408 1674 4480 regnasset
1703 4420 1818 4483 per
1845 4419 2086 4462 annum
2117 4420 2313 4463 unum
2338 4412 2401 4465 et

913 4499 1096 4575 (11105,
1152 4498 1215 4561 111
1261 4506 1356 4562 est
1403 4506 1550 4581 post
1596 4508 1724 4562 tres
1764 4516 1986 4561 annos.
2038 4499 2270 4563 Tamen
2322 4503 2401 4565 de

915 4596 1044 4658 illis
1076 4596 1278 4659 tribus
1317 4598 1603 4659 millibus
1633 4596 1807 4661 dedit
1844 4597 2022 4660 mille
2052 4598 2171 4660 sub
2207 4618 2400 4661 manu

911 4694 1194 4760 Ionathae
1226 4694 1347 4758 filii
1389 4696 1488 4758 sui
1529 4696 1938 4778 primogeniti
1979 4716 2052 4759 ac
2093 4697 2401 4760 strenuio-

915 4794 1025 4856 115.
1050 4793 1227 4858 Unde
1256 4794 1706 4876 subjungitur:
1730 4797 1816 4856 Et
1841 4805 2028 4856 erant
2057 4816 2205 4855 cum
2237 4798 2403 4857 Saul

914 4896 1042 4953 duo
1080 4896 1297 4954 millia
1339 4897 1412 4953 in
1451 4896 1785 4957 Machmas
1817 4903 1878 4953 et
1914 4895 1987 4953 in
2031 4902 2243 4954 monte
2283 4898 2403 4954 Be-

919 4995 1069 5063 thel,
1104 4990 1167 5053 id
1207 4999 1304 5054 est
1343 4991 1409 5052 in
1452 4989 1607 5053 locis
1647 5010 1758 5053 seu
1799 4990 2063 5053 urbibus
2104 4990 2255 5068 illis,
2290 5010 2403 5073 per

917 5107 1188 5170 quarum
1216 5089 1522 5152 terminos
1551 5088 1752 5166 magis
1784 5097 2030 5169 poterat
2067 5087 2401 5152 Philistaeis

915 5195 1134 5269 patere
1178 5186 1499 5266 ingressus
1537 5186 1615 5249 ad
1657 5185 1844 5249 lsrael
1881 5204 1894 5248 :
1934 5185 2074 5249 ideo
2119 5186 2268 5249 Saul
2312 5187 2401 5250 ibi

915 5284 1216 5367 opposuit
1263 5303 1352 5348 se.
1389 5287 1574 5346 Mille
1611 5294 1828 5345 autem
1869 5284 1991 5347 viri
2031 5294 2213 5348 erant
2256 5306 2403 5347 cum

2514 4302 2901 4364 sz'listiim.
2939 4299 3140 4381 Supra
3174 4300 3481 4382 scriptum
3522 4309 3637 4379 est,
3675 4302 3995 4367 Humiliati

2511 4408 2661 4461 sunt
2690 4398 3051 4475 Philistiim,
3095 4417 3213 4461 nec
3250 4408 3687 4480 apposuerunt
3724 4400 3895 4464 ultra
3930 4412 3997 4465 ut

2510 4497 2806 4561 venirent
2838 4496 2904 4558 in
2938 4496 3241 4559 terminos
3281 4497 3512 4571 Israe13
3554 4500 3728 4579 quod
3761 4498 3995 4565 factum

2510 4605 2607 4659 est
2636 4606 2921 4677 tempore
2952 4594 3260 4657 Samuelis
3300 4614 3314 4659 :
3354 4596 3677 4676 quomodo
3706 4617 3858 4679 ergo
3886 4609 3997 4663 sta-

2512 4694 2601 4756 tio
2650 4693 3128 4756 philistinorum
3177 4692 3299 4755 fuit
3342 4693 3550 4755 adhuc
3597 4693 3663 4755 in
3712 4703 3883 4760 terra
3924 4698 3997 4761 ls-

2512 4791 2676 4869 rael,
2728 4792 2875 4855 Saul
2927 4794 3285 4871 regnante?
3332 4792 3565 4854 lterum
3617 4792 3861 4857 dictum
3906 4806 3997 4860 est

2514 4890 2835 4966 ibi‚Facta
2878 4899 2973 4952 est
3016 4908 3243 4952 manus
3288 4889 3538 4952 Domini
3584 4910 3778 4973 super
3814 4894 3999 4957 Phili-

2513 5000 2697 5053 staeos
2738 4990 2987 5053 cunctis
3028 4988 3250 5051 diebus
3283 4988 3593 5052 Samuelis
3628 5011 3642 5055 :
3678 5010 3829 5073 ergo
3870 4994 3995 5075 jam

2512 5084 2673 5152 ante
2690 5089 3031 5171 imperium
3054 5088 3222 5163 Saul,
3240 5088 3439 5151 erexit
3469 5108 3537 5151 se
3562 5090 3753 5154 lsrael
3784 5104 3997 5157 contra

2511 5188 2872 5249 philistiim.
2909 5187 3001 5249 Ad
3032 5186 3311 5269 primum
3344 5188 3788 5268 respondetur,
3830 5194 3995 5274 quod

2511 5286 2588 5348 ad
2628 5293 2873 5348 certum
2904 5293 3155 5366 tempus
3186 5300 3316 5348 11011
3351 5283 3736 5349 introierunt
3770 5297 3995 5353 terram

4054 4312 4225 4365 measu-

4026 4380 4081 4421 13.

4054 4898 4197 4943 Ibida
