4359 6250
602 893 865 940 Num.xxvn,

606 955 742 996 18-20.

629 1088 749 1131 Ιὸὲά.
771 1091 839 1132 23.

601 1187 736 1230 Josue
749 1187 866 1236 1,t-9.

895 483 972 548 20

1753 500 2100 546 ENARRATIO
2144 500 2205 545 IN
2248 501 2385 545 GAP.
2429 499 2495 545 111
2536 499 2738 546 JOSUE.
2786 520 2862 530 --
2906 501 3047 546 An'r.
3096 502 3131 542 V

895 671 996 733 his
1033 670 1230 752 objici
1266 678 1474 754 potest
1519 688 1532 732 :
1570 671 1877 734 Dominus
1923 671 2094 733 enim
2145 669 2384 752 incepit
2415 669 2466 730 A
2574 673 2887 750 Dixitque
2903 675 3094 733 Josue
3116 673 3205 731 ad
3222 671 3394 747 filios
3416 673 3665 731 Israel:
3688 671 3995 730 Accedite

893 770 1080 832 Josue
1129 768 1425 845 exaltare,
1478 771 1734 850 quando
1785 768 1975 850 Moysi
2040 768 2381 844 revelavit,

896 869 1064 948 quod
1099 867 1236 950 ipse
1264 868 1450 930 Josue
1483 868 1848 930 succederet
1877 867 1935 928 ci
1970 866 2035 928 in
2068 867 2387 948 principa-

898 967 1244 1040 tu3deinde
1275 966 1572 1029 exaltavit
1593 985 1738 1028 eum
1771 984 1884 1047 per
1904 965 2387 1047 Moysen‚quan-

897 1067 978 1129 do
1007 1065 1244 1147 Moyses
1277 1065 1397 1128 hoc
1429 1064 1638 1147 ipsum
1672 1063 1910 1146 populo
1943 1064 2232 1127 recitavit
2266 1090 2281 1140 3
2324 1073 2387 1125 et

898 1164 1084 1227 tertio
1115 1163 1339 1244 magis,
1380 1165 1637 1245 quando
1668 1171 1813 1245 post
1851 1171 2117 1226 mortem
2161 1163 2387 1244 Moysis

899 1261 1184 1345 praesecit
1213 1281 1359 1325 eum
1392 1261 1631 1344 populo
1663 1261 1849 1324 lsrael
1881 1261 2205 1326 universo.
2230 1259 2386 1334 Quo-

895 1363 1084 1426 modo
1125 1379 1274 1442 ergo
1320 1379 1488 1422 nunc
1519 1359 1716 1442 coepit
1758 1378 1904 1422 eum
1949 1359 2270 1422 exaltare?
2310 1359 2385 1420 Et

847 1479 862 1487 ·
896 1457 1431 1539 respondendum,
1465 1457 1635 1537 quod
1683 1455 1850 1517 istud
1896 1455 2384 1536 intelligendum

659 1971 824 2015 Mami.

603 2049 743 2084 xxvtn,
777 2037 840 2077 18.

602 2364 864 2416 Aehvnmo.

645 2658 759 2701 laid.
783 2659 847 2702 12.

666 4132 838 4178 Ezeeh.

613 4208 726 4247 xxvt.
757 4200 798 4242 5.

613 4324 864 4377 Ibidxxvn,

599 4390 642 4440 4,
659 4390 727 4433 ³2.

893 1564 989 1618 est
1029 1556 1109 1618 de
1147 1554 1527 1618 exaltatione
1561 1553 1727 1617 facta
1773 1573 1885 1636 per
1931 1555 2185 1634 signum
2218 1562 2385 1617 exte-

895 1655 1028 1717 rius
1059 1653 1537 1731 miraculosum,
1565 1653 1893 1730 sensibile,
1928 1661 2118 1734 atque
2148 1653 2229 1715 de
2260 1671 2385 1715 ma-

897 1751 1308 1815 nifestatione
1361 1750 1763 1814 exaltationis
1814 1750 2151 1832 praelaticae
2205 1749 2385 1832 prius

2493 771 2640 842 leue,
2673 780 2733 831 et
2763 773 2989 830 audite
3021 772 3281 830 verbum
3314 769 3581 829 Domi-ni
3612 769 3733 828 Dei
3764 769 3989 828 vestri.

2494 867 2723 928 Dicunt
2750 866 3009 948 quidam
3042 868 3212 948 quod
3243 868 3431 929 Josue
3460 864 3622 927 dixit
3646 864 3841 926 vcrba
3864 865 3992 925 ista

2496 965 2896 1047 principibus
2928 965 3173 1048 populi,
3209 984 3336 1028 non
3376 963 3616 1047 populo
3649 963 3786 1040 toti,
3822 981 3989 1044 quo-

2495 1065 2669 1126 niam
2720 1073 2885 1128 totus
2936 1065 3213 1147 populus
3265 1083 3392 1127 non
3435 1063 3747 1145 potuisset
3792 1062 3989 1127 verba

2494 1161 2634 1243 ejus
2674 1162 2916 1224 audire.
2953 1162 3072 1225 Sed
3106 1162 3274 1224 istud
3321 1180 3448 1224 non
3482 1160 3736 1224 videtur
3782 1159 3987 1222 textui

2494 1279 2864 1338 consonare,
2918 1261 3223 1343 quoniam
3287 1260 3619 1323 evidenter
3667 1257 3979 1333 affirmat,

2493 1360 2665 1440 quod
2697 1360 2856 1422 dixit
2887 1360 3007 1421 ista
3028 1359 3409 1440 generaliter
3440 1359 3518 1421 ad
3552 1357 3724 1422 filios
3757 1357 3981 1419 lsrael:

2492 1476 2655 1539 quos
2686 1466 2747 1520 et
2780 1459 2920 1521 ideo
2966 1458 3361 1534 convocavit,
3397 1465 3469 1518 ut
3510 1476 3752 1532 omnes»,
3786 1474 3988 1537 quan-

2494 1563 2627 1617 tum
2656 1553 2681 1616 s
2685 1556 2799 1619 ieri
2821 1556 3049 1638 potuit,
3071 1575 3215 1618 cum
3246 1555 3562 1618 audirent.
3578 1554 3987 1628 Quemadmo-

2494 1655 2646 1717 dum
2692 1663 2900 1717 autem
2944 1654 3148 1717 Aaron
3194 1654 3563 1735 frequenter
3611 1651 3987 1734 loquebatur

2494 1753 2575 1815 ad
2606 1754 2912 1836 populum
2943 1753 3337 1828 universum,
3359 1753 3447 1814 ita
3476 1761 3538 1815 et
3566 1752 3753 1814 Josue
3782 1751 3984 1814 omni-

898 1851 1142 1914 collatae
1177 1869 1191 1912 ε
1228 1850 1394 1912 sicut
1442 1857 1506 1912 et
1553 1849 1838 1913 Christus
1873 1857 2017 1930 post
2066 1867 2245 1910 suam
2294 1867 2387 1909 re-
2422 1851 2469 1914 B
2496 1851 2614 1914 bus
2647 1861 2889 1935 poterat
2922 1852 3097 1933 loqui
3134 1869 3147 1913 :
3181 1851 3518 1933 multique,
3544 1852 3697 1913 dum
3728 1868 3989 1930 congre-

899 1949 1352 2012 surrectionem
1407 1948 1655 2010 locutus
1705 1957 1822 2024 est,
1875 1948 2027 2009 Data
2079 1954 2175 2008 est
2223 1945 2384 2008 mihi

897 2048 1106 2112 omnis
1151 2055 1426 2130 potestas
1472 2047 1538 2108 in
1573 2046 1736 2109 coelo
1772 2054 1834 2109 et
1873 2046 1939 2108 in
1983 2055 2148 2109 terra
2184 2065 2197 2109 :
2243 2061 2385 2126 quae

897 2155 1107 2210 tamen
1136 2145 1266 2228 jam
1297 2154 1442 2209 ante
1472 2145 1532 2207 ei
1566 2143 1688 2207 fuit
1715 2145 1967 2207 donata.
2001 2145 2088 2207 De
2119 2143 2387 2207 Samari-

894 2246 1061 2308 tanis
1090 2263 1345 2326 quoque
1378 2243 1443 2306 in
1485 2242 1746 2306 Actibus
1782 2241 2006 2319 fertur,
2040 2244 2212 2324 quod
2245 2242 2384 2324 Spi-

895 2344 1054 2406 ritus
1077 2342 1340 2405 Sanctus
1373 2341 1658 2404 nondum
1690 2341 1866 2404 venit
1897 2341 1962 2402 in
1992 2359 2383 2422 quemquam

897 2440 1174 2517 illorum,
1209 2448 1362 2523 puta
1392 2458 1506 2523 per
1551 2438 1804 2521 signum
1849 2433 2174 2504 sensibile.
2220 2438 2384 2503 lnvi-

896 2539 1170 2604 sibiliter
1212 2546 1422 2601 tamen
1455 2537 1631 2602 venit
1660 2546 1808 2600 ante
1851 2536 1917 2598 in
1950 2555 2080 2612 eoS‚
2122 2538 2381 2619 quando

893 2658 931 2702 a
959 2638 1252 2720 Philippo
1282 2637 1551 2699 diacono
1584 2634 2095 2717 baptizabantur.

983 2741 1074 2799 Tu
1094 2747 1309 2798 autem
1330 2738 1612 2814 praecipe
1639 2735 2071 2795 sacerdotibus
2100 2736 2218 2814 qui
2236 2755 2385 2812 por-

2494 1959 2745 2030 gantur,
2787 1951 2851 2013 in
2894 1950 3045 2013 satis
3093 1969 3289 2032 parvo
3334 1957 3503 2012 stant
3546 1949 3705 2013 loco.
3744 1949 3871 2012 lmo
3922 1956 3987 2010 et

2496 2049 2795 2113 Dominus
2848 2068 3065 2112 vocem
3116 2049 3300 2112 Josue
3350 2049 3558 2131 potuit
3604 2046 3988 2111 confortare.

2495 2152 2579 2210 In
2608 2152 2743 2220 hoc,
2768 2150 3011 2228 inquit,
3039 2149 3253 2208 scietis
3281 2151 3454 2228 quod
3473 2150 3791 2209 Dominus
3808 2151 3983 2209 Deus

2497 2248 2739 2318 vivens,
2763 2248 2875 2328 qui
2906 2245 3327 2310 essentialiter
3356 2246 3580 2310 vivens
3610 2253 3726 2320 est,
3748 2252 3809 2309 et
3843 2245 3985 2327 ipsa

2494 2364 2654 2426 pura
2685 2353 2747 2408 et
2786 2344 3213 2408 actualissima
3253 2345 3405 2420 vita,
3440 2347 3514 2405 in
3546 2346 3753 2404 medio
3786 2346 3984 2404 vestri

2494 2453 2608 2513 est,
2640 2444 2702 2505 id
2736 2452 2830 2506 est
2862 2443 2927 2504 in
2958 2443 3257 2506 cordibus
3288 2443 3515 2505 vestris
3546 2461 3660 2525 per
3690 2443 3977 2524 gratiam,

2496 2561 2607 2604 seu
2652 2551 2908 2624 paratus
2951 2549 3046 2604 est
3078 2540 3259 2604 vobis
3291 2540 3617 2617 adsistere,
3652 2551 3712 2602 et
3740 2543 3983 2618 disper-

2494 2643 2600 2700 det
2648 2642 2721 2700 in
2763 2649 3093 2716 conspectu
3150 2649 3350 2699 vestro
3404 2640 3870 2708 Chananaeum,
3918 2648 3980 2698 et

2498 2741 2857 2809 Heclueum,
2890 2741 3225 2806 Hevaeum,
3256 2747 3315 2797 ec
3344 2740 3784 2808 Pherezoeum,
3834 2739 3985 2797 Ger-

896 2846 1036 2897 tant
1065 2855 1285 2896 arcam
1323 2835 1614 2911 foederis,
1645 2843 1704 2893 ec
1733 2835 1842 2892 dic
1867 2835 1958 2892 eis
1991 2854 2012 2892 .·
2040 2835 2253 2902 Quam
2285 2834 2382 2893 in·
2486 2855 2763 2912 yesoeum
2811 2857 3057 2915 quoque
3103 2847 3162 2896 ct
3207 2838 3596 2904 lebusaeum,
3638 2845 3697 2895 et
3740 2837 3973 2896 Amor-

884 2933 1091 3010 yressi
1107 2932 1374 3008 fueritis
1389 2939 1647 3008 partem
1666 2949 1854 3006 aquoe
1871 2931 2383 2997 Jordanis-,state
2493 2936 2768 3004 rlzoeam,
2797 2935 3105 2996 tradendo
3154 2951 3261 2996 eos
3314 2933 3379 2994 in
3432 2952 3657 2996 manus
3709 2940 3977 3009 vestraS,

894 3033 967 3092 in
996 3051 1093 3092 ea.
1135 3029 1313 3092 Circa
1343 3028 1462 3091 hoc
1494 3027 1716 3090 scribit
1756 3027 1917 3110 Lyra
1952 3044 1966 3088 :
2001 3026 2230 3089 Dicunt
2260 3027 2377 3091 He·
2411 3035 2455 3098 C
2492 3040 2600 3094 aut
2630 3031 2813 3094 aliter
2843 3032 3211 3109 occidend0,
3249 3041 3319 3094 ut
3350 3031 3521 3094 infra
3560 3031 3626 3093 in
3660 3039 3833 3094 textu
3872 3033 3985 3094 ha-

892 3130 1069 3207 braei,
1087 3129 1258 3211 quod
1291 3128 1647 3192 sacerdotes
1669 3135 1981 3190 steterunt
2012 3126 2077 3188 in
2107 3126 2378 3190 Iordane

892 3247 1091 3312 prope
1137 3228 1364 3310 ripam,
1419 3246 1531 3308 per
1580 3245 1774 3307 quam
1826 3226 2371 3307 ingrediebantur,

890 3345 1225 3410 quousque
1246 3333 1413 3390 totus
1445 3324 1721 3407 populus
1753 3324 2178 3406 pertransivit.
2199 3325 2374 3399 Quod

891 3426 1187 3509 reprobat
1207 3424 1385 3507 Lyra,
1400 3423 1704 3506 quoniam
1729 3423 1792 3485 in
1802 3421 1827 3484 s
1830 3443 1898 3486 ra
1919 3423 2380 3505 habetur,quod

891 3524 1143 3587 stabant
1191 3523 1256 3584 in
1307 3522 1517 3584 medio
1564 3522 1876 3584 Jordanis.
1927 3522 2378 3585 Verumtamen

891 3622 1204 3704 quidquid
1248 3621 1327 3683 de
1359 3620 1622 3684 veritate
1666 3620 1750 3681 sit
1793 3620 1986 3701 huJus
2030 3619 2209 3697 dicti,
2245 3620 2379 3684 haec

893 3720 1250 3803 reprobatio
1273 3738 1398 3781 non
1431 3718 1778 3781 convincit.
1797 3718 2040 3781 Dicitur
2071 3720 2242 3781 enim
2264 3720 2381 3783 ali-

890 3818 1046 3900 quid
1087 3836 1226 3880 essc
1267 3817 1332 3878 in
1379 3815 1610 3893 medio,
1656 3834 1784 3879 non
1825 3817 2031 3879 solum
2073 3820 2378 3899 quoniam

892 3936 1072 3998 aeque
1103 3916 1296 3978 distat
1329 3914 1410 3976 ab
1431 3923 1702 3995 utroque
1734 3918 2162 3993 extremo‚sed
2187 3920 2379 3981 ctiam

891 4015 1195 4097 quoniam
1219 4014 1384 4075 inter
1403 4012 1530 4074 duo
1551 4020 1828 4075 extrema
1848 4014 2383 4097 consistit,quem-

893 4114 1232 4176 admodum
1265 4112 1332 4173 in
1363 4110 1688 4173 Ezechiele
1721 4109 1922 4174 fertur
1942 4112 2021 4174 de
2052 4113 2382 4195 Tyro‚Sic-

2493 3132 2698 3195 betur.
2726 3136 2884 3195 Ecce
2912 3153 3067 3193 area
3086 3135 3349 3212 scederis
3372 3134 3637 3193 Domini
3657 3136 3980 3193 antecedet

2493 3252 2601 3292 vos
2620 3252 2741 3309 per
2773 3234 3125 3292 Iordanem
3165 3253 3187 3291 .·
3220 3230 3339 3293 hoc
3369 3239 3484 3307 est,
3520 3249 3634 3312 per
3663 3230 3783 3294 hoc
3815 3248 3979 3312 opus

2492 3328 2972 3411 supernaturale
3003 3329 3215 3392 scietis
3245 3329 3414 3409 quod
3448 3328 3979 3405 dico,secundum

2490 3428 2659 3508 quod
2702 3447 2892 3489 causa
2936 3446 3047 3509 per
3078 3425 3384 3490 effectum
3430 3445 3614 3487 suum
3646 3427 3984 3507 cognosci-

2493 3535 2616 3588 tur.
2650 3529 2893 3588 Parace
2935 3528 3273 3586 duodecim
3304 3527 3476 3586 viros
3517 3528 3595 3585 de
3638 3525 3977 3588 duodecim

2493 3628 2783 3686 tribubus
2811 3628 3038 3695 Israel,
3071 3626 3359 3701 sinyulos
3380 3644 3503 3701 per
3528 3626 3821 3701 sinyulas
3866 3627 3982 3685 tri-

2491 3726 2603 3784 bus
2624 3744 2647 3784 .·
2681 3723 2741 3784 id
2774 3731 2890 3799 est,
2915 3723 2994 3784 de
3022 3721 3308 3803 qualibet
3337 3722 3510 3785 tribu
3545 3722 3731 3785 Israel
3763 3721 3981 3803 eligite

2492 3841 2689 3883 unum
2722 3821 2952 3897 virum,
2988 3830 3055 3883 ut
3087 3820 3423 3882 duodecim
3465 3820 3587 3883 viri
3620 3820 3715 3882 illi
3748 3819 3979 3883 tollant
4008 3844 4153 3888 Josue
4173 3848 4275 3897 ιω.

2489 3923 2568 3984 de
2601 3921 2807 3983 medio
2836 3920 3124 3983 Jordanis
3168 3919 3466 3982 desiccati
3498 3919 3833 3983 duodecim
3884 3939 3981 3981 sa-

2492 4038 2589 4093 xa,
2626 4026 2695 4079 ut
2735 4018 2797 4080 in
2830 4017 3119 4099 sequenti
3156 4018 3456 4080 recitatur
3486 4018 3793 4100 capitulo.

2572 4120 2655 4177 Ec
2684 4138 2885 4195 quum
2906 4119 3245 4194 posuerint
3276 4119 3547 4194 vestigia
3570 4120 3815 4195 pedum
3837 4138 3983 4178 suo·

892 4210 1058 4275 catio
1089 4228 1462 4291 sagenarum
1499 4208 1619 4271 erit
1646 4208 1712 4270 in
1745 4208 1955 4272 medio
1986 4211 2201 4273 maris.
2222 4211 2382 4294 Ipsa·
2414 4220 2462 4283 ι)
2492 4235 2641 4275 rum
2659 4216 3022 4283 sacerdote&
3047 4217 3167 4294 qui
3186 4224 3455 4291 portant
3477 4235 3697 4276 arcam
3714 4215 3981 4291 foederis

892 4328 1018 4391 que
1049 4308 1248 4390 Tyrus
1282 4307 1346 4369 in
1377 4308 1568 4370 corde
1603 4315 1666 4369 et
1698 4307 1762 4368 in
1795 4308 2004 4371 medio
2036 4309 2229 4371 maris
2260 4312 2383 4374 sita

894 4406 1094 4469 fuisse
1138 4404 1204 4467 in
1247 4404 1575 4486 Prophetis
1619 4405 2022 4468 describitur.
2057 4407 2187 4471 lmo
2232 4409 2376 4471 talis

892 4505 1120 4568 modus
1141 4503 1461 4584 loquendi,
1476 4501 1776 4583 frequens
1797 4513 1892 4565 est.
1915 4503 1980 4566 in
2005 4504 2374 4587 ScripturiS.

892 4606 1218 4679 Praeterea,
1264 4600 1436 4682 quod
1480 4602 1835 4664 sacerdotes
1875 4610 2187 4666 steterunt
2229 4624 2376 4667 cum

893 4724 1039 4766 arca
1068 4721 1194 4765 non
1229 4701 1416 4781 longe
1455 4719 1492 4760 a
1523 4700 1681 4781 ripa,
1718 4701 1964 4764 videtur
1995 4722 2070 4764 ex
2102 4722 2176 4766 eo
2208 4706 2378 4786 quod

895 4800 1087 4883 paulo
1137 4808 1277 4882 post
1330 4798 1561 4879 legitur
1601 4797 1854 4871 :Quum
1905 4802 2235 4881 posuerint
2286 4822 2381 4864 sa-

2491 4313 2761 4374 Domini
2787 4313 2911 4373 Dei
2942 4314 3260 4373 universae
3294 4322 3498 4383 terrae,
3525 4315 3592 4373 in
3624 4314 3814 4393 aquis
3840 4316 3981 4374 Jor-

2488 4412 2704 4482 daniS,
2729 4430 2912 4489 aquoe
2939 4431 3081 4489 quae
3112 4412 3453 4488 inferiores
3486 4420 3661 4481 sunt,
3706 4410 3826 4474 hoc
3856 4418 3973 4487 est,

2487 4528 2632 4590 quae
2664 4507 2829 4570 infra
2859 4525 3076 4570 eorum
3109 4509 3299 4589 pedes
3322 4508 3716 4585 exstiterunt,
3749 4514 3977 4571 decur-

2488 4617 2631 4668 rent
2660 4606 2927 4669 inferius
2958 4624 3135 4669 more
3166 4606 3373 4683 solito,
3418 4618 3611 4687 acque
3650 4610 3977 4684 deficient,

2490 4706 2553 4767 id
2582 4714 2699 4782 est,
2726 4705 2891 4767 ultra
2912 4723 3039 4768 non
3062 4705 3351 4787 operient
3387 4705 3655 4767 fundum
3683 4705 3977 4768 Jordanis

2488 4825 2602 4889 per
2632 4806 2907 4887 spatium
2939 4811 3304 4886 competens
3331 4828 3345 4879 ;
3371 4826 3515 4883 quae
3543 4815 3759 4866 autem
3789 4807 3981 4865 desu-

891 4899 1178 4962 cerdotes
1210 4897 1477 4979 vestigia
1517 4898 1748 4978 pedum
1783 4916 2042 4960 suorum
2087 4900 2158 4962 in
2193 4902 2379 4983 aquis
2479 4926 2601 4984 per
2623 4906 2909 4973 veniunt,
2932 4906 3005 4963 in
3028 4924 3162 4964 una
3194 4908 3354 4964 mole
3384 4906 3743 4977 consistent,
3761 4923 3979 4966 ascen-

889 4997 1202 5073 Jordanis,
1236 5016 1417 5079 aquae
1449 4996 1784 5059 inferiores
1815 4998 2155 5060 decurrent
2186 5007 2377 5081 atque
2488 5004 2696 5067 dendo
2729 5004 2793 5064 in
2824 5002 3133 5077 altum,ut
3166 5000 3335 5063 infra
3363 5002 3979 5065 habeturJordanis

892 5095 1221 5161 deficient.
1269 5096 1549 5177 ltemquc
1607 5112 1620 5156 ε
1676 5094 1977 5175 Ingressis
2027 5096 2120 5159 eis
2168 5099 2381 5161 Jorda-
2489 5114 2706 5164 autem,
2738 5103 2918 5178 ripas
2952 5102 3124 5160 alvei
3152 5103 3260 5161 sui
3305 5112 3583 5180 tempore
3618 5102 3829 5161 messis
3860 5102 3982 5162 im·

892 5216 1061 5272 nem,
1098 5194 1368 5276 pedibus
1420 5212 1641 5257 corum
1693 5194 1758 5256 in
1809 5202 1988 5277 parte
2031 5215 2214 5277 aquae
2262 5198 2382 5260 tin·
2480 5198 2925 5279 pleverat,hoc
2956 5206 3072 5276 est,
3100 5217 3300 5280 usque
3328 5200 3407 5261 ad
3440 5198 3611 5282 ripas
3644 5197 3759 5260 ruit
3790 5198 3981 5280 aquis

890 5296 1032 5373 ctiS,
1069 5302 1379 5357 steterunt
1407 5312 1608 5376 aquae,
1649 5301 1770 5357 etc.
2493 5297 2814 5380 impletuS,
2843 5304 2915 5359 ut
2944 5296 3141 5359 moris
3184 5304 3280 5359 est
3318 5296 3378 5359 ei
3426 5306 3707 5380 tempore
3748 5295 3979 5359 messis
