4359 6250
1155 518 1502 565 manuario
1545 520 1608 564 ιΝ
1649 520 1787 565 ω.
1833 517 1938 565 x1v
1977 517 2180 565 iosus.
2228 538 2309 549 -
2348 520 2491 564 aar.
2536 518 2667 565 xxu
3378 502 3457 565 75

367 691 705 772 promissa,
741 699 805 754 et
849 691 1134 754 nondum
1179 699 1398 773 aperta
1430 699 1581 753 tunc
1624 690 1746 752 fuit
1771 690 1859 771 ja·
1887 688 1938 753 A
1970 688 2143 753 nisse
2166 690 2231 753 in
2254 690 2534 766 Hebron;
2562 692 2768 755 necin
2796 693 2917 755 hoc
2948 692 3335 755 credendum
3363 697 3459 752 est

365 810 494 852 nua
527 791 711 871 regni
742 790 1042 853 coelcstis.
1078 792 1166 853 De
1197 790 1314 853 hac
1354 799 1567 853 autem
1606 789 1858 853 Domini
1972 789 2170 852 Rabbi
2204 790 2547 869 Salomoni,
2570 792 2871 874 quoniam
2899 791 3315 854 Numerorum
3344 798 3459 852 ter-

251 920 332 954 m,
369 888 855 970 pollicitatione,
892 898 956 952 et
986 889 1066 952 de
1096 889 1217 954 ista
1257 889 1520 952 materia
1560 888 1860 952 scribitur
1970 889 2308 954 tiodecimo
2323 891 2401 953 de
2420 891 2751 954 duodecim
2768 889 3265 973 exploratoribus
3284 907 3461 969 gene-

365 988 432 1050 in
465 988 784 1052 NumeriS.
811 992 1266 1067 Quadraqinta
1296 1000 1356 1050 et
1383 992 1669 1070 quinque
1696 990 1862 1048 anni
1973 988 2189 1052 raliter
2219 989 2451 1070 legitur
2488 1008 2501 1053 ε
2536 988 2973 1055 Ascenderunt
3001 992 3081 1052 ad
3111 989 3462 1065 meridiem,
3518 1005 3751 1051 Num-nn.

363 1100 544 1159 sunt,
572 1111 655 1149 av
683 1110 808 1169 quo
841 1092 1088 1149 loc-utus
1131 1100 1220 1149 est
1249 1092 1567 1150 Dominus
1599 1090 1858 1147 verbum
1972 1096 2035 1150 et
2063 1098 2375 1153 venerunt
2409 1090 2472 1151 in
2498 1090 2769 1153 Hebron.
2794 1090 2983 1152 Porro
3005 1088 3071 1150 in
3107 1097 3320 1150 monte
3342 1088 3462 1177 hoc
3492 1071 3559 1111 ²³·

129 1502 235 1543 Ibid.
251 1516 336 1551 xm,

93 1569 134 1593 ὖ.

133 1706 240 1748 ibid.
257 1722 338 1756 xiv,

95 1773 154 1817 33,
173 1772 234 1810 3ί.

366 1191 546 1248 istud
566 1191 656 1248 ad
679 1192 959 1264 sisoysen,
979 1192 1238 1268 quando
1266 1188 1636 1249 ambulabat
1660 1188 1860 1246 Israel

361 1308 484 1366 per
499 1289 942 1347 solitudinem.
960 1286 1402 1369 Exploratores
1427 1303 1700 1367 namque
1722 1286 1864 1347 mis-

367 1386 423 1447 si
460 1384 713 1447 fuerant
746 1406 783 1447 a
816 1384 1024 1467 Moyse
1054 1403 1224 1448 anno
1257 1386 1532 1447 secundo
1565 1384 1865 1463 egressio-

373 1483 472 1544 nis
503 1484 692 1546 lsrael
737 1504 812 1547 ex
842 1484 1132 1565 AEgypm,
1166 1492 1229 1547 et
1261 1490 1404 1565 post
1435 1483 1572 1545 dies
1601 1484 1866 1565 quadra-

369 1586 548 1665 ginta
601 1583 949 1658 redierunt,
987 1592 1268 1666 tuncque
1305 1582 1474 1645 dicta
1503 1590 1653 1644 sunt
1673 1581 1866 1645 verba

371 1685 530 1747 haec.
558 1682 704 1744 Filii
734 1700 992 1764 quoque
1013 1681 1200 1753 lsrael
1233 1681 1298 1742 in
1332 1681 1581 1743 deserto
1603 1681 1867 1761 quadra-

371 1784 552 1862 ginta
596 1782 783 1843 annis
829 1781 1057 1844 morati
1103 1788 1274 1856 sunt,
1307 1778 1538 1841 deinde
1586 1779 1648 1840 in
1703 1788 1868 1841 terra

1973 1196 2153 1250 erant
2182 1189 2465 1265 Enacim,
2503 1189 2565 1251 id
2596 1198 2693 1251 est
2722 1190 3009 1271 gigantes
3050 1188 3182 1250 nati
3213 1189 3291 1251 de
3321 1186 3465 1249 stir-

1975 1307 2053 1370 pe
2084 1288 2276 1351 Enac.
2312 1290 2391 1349 Si
2418 1292 2586 1366 forte
2620 1291 2706 1349 sit
2736 1291 3053 1350 Dominus
3093 1308 3365 1357 mecum,
3406 1297 3466 1347 et

1965 1396 2234 1463 potuero
2262 1391 2471 1447 delere
2489 1408 2611 1458 eos,
2642 1390 2811 1447 sicut
2833 1390 3137 1464 promisit
3180 1388 3365 1447 mihi.
3402 1386 3466 1449 Si

1975 1486 2281 1549 Dominus
2311 1486 2483 1549 istud
2513 1486 2887 1568 promiserat
2928 1485 3077 1549 huic
3107 1485 3320 1562 Calcb,
3354 1504 3469 1547 cur

1975 1584 2085 1661 ait,
2123 1585 2185 1647 Si
2221 1583 2405 1661 forte,
2429 1584 2611 1666 quasi
2644 1585 2724 1647 de
2753 1584 3019 1647 veritate
3049 1584 3349 1647 dubitans
3380 1584 3470 1645 di-

1977 1684 2113 1745 vini
2155 1683 2499 1765 promissi?
2545 1683 3001 1765 Respondctur,
3035 1683 3208 1765 quod
3258 1683 3369 1760 ait,
3405 1682 3468 1745 Si

1980 1782 2164 1858 forte,
2190 1782 2269 1844 ad
2303 1781 2755 1844 insinuandum
2783 1781 3249 1844 flexibilitatem
3285 1780 3469 1844 liberi

371 1884 672 1946 Chanaan
721 1900 830 1943 sex
880 1879 1066 1942 annis
1115 1878 1385 1960 praeliati
1444 1885 1593 1939 sunt
1648 1885 1868 1939 contra
1903 1879 1948 1939 B
1977 1880 2250 1957 arbitrii,
2286 1899 2397 1962 per
2438 1881 2607 1961 quod
2655 1880 2900 1943 obicem
2946 1899 3183 1963 ponere
3225 1888 3470 1961 poterat

369 1981 764 2043 Chananaeos
811 1996 825 2042 ε
861 1978 1082 2058 sicque
1121 1977 1545 2058 quadraginta
1581 1975 1868 2057 quinque

374 2080 704 2141 fluxerunt
733 2075 884 2139 anni
915 2096 953 2138 a
983 2084 1270 2155 tempore
1303 2073 1475 2136 illius
1505 2072 1868 2155 promissio—

370 2180 472 2241 nis
513 2178 594 2240 ad
630 2175 820 2239 Caleb
855 2174 1058 2237 factae.
1094 2175 1302 2236 Hodie
1332 2175 1652 2249 octoqinta
1681 2174 1869 2251 quiu-

369 2300 494 2359 que
530 2296 862 2337 annorum
903 2295 1071 2345 sum,
1106 2275 1200 2331 sio
1231 2276 1448 2332 valens
1489 2281 1560 2331 ut
1597 2291 1664 2330 eo
1703 2275 1869 2330 vale-

370 2381 512 2437 bam
581 2386 881 2451 tempore,
932 2374 1192 2452 quando
1249 2374 1338 2431 ad
1392 2372 1868 2446 explorandum

371 2478 608 2537 missus
626 2493 790 2533 sum.
811 2475 849 2532 I
849 2473 998 2530 llius
1021 2473 1092 2529 in
1115 2489 1215 2529 me
1238 2470 1536 2545 temporis
1555 2468 1868 2547 fortitudo

374 2595 576 2654 usque
595 2573 788 2633 hodie
807 2579 1193 2649 perseverat,
1217 2577 1347 2628 tam
1367 2569 1456 2626 aci
1475 2568 1870 2633 bellandum,

369 2695 570 2754 qua-m
611 2675 700 2733 ad
727 2671 1192 2748 qradz‘endum.
1227 2666 1354 2728 Hoc
1390 2664 1871 2748 supernaturale

371 2772 630 2835 videtur
661 2769 884 2831 fuisse.
916 2764 1218 2828 Homines
1264 2772 1472 2826 tamen
1507 2772 1657 2826 tunc
1703 2782 1873 2825 com-

373 2871 660 2935 muniter
693 2868 991 2933 vixerunt
1021 2863 1287 2940 diutim,
1313 2884 1501 2945 quam
1540 2881 1708 2924 nunc
1736 2879 1749 2922 :
1786 2861 1874 2923 id-

370 2972 544 3035 circo
579 2988 698 3033 nec
719 2976 853 3031 erat
875 2976 1026 3029 tunc
1050 2964 1137 3026 ita
1167 2963 1484 3041 mirabile,
1504 2963 1670 3025 sicut
1703 2980 1872 3023 nunc

1981 1977 2337 2060 impletioni
2385 1977 2829 2059 promissionis
2879 1979 3153 2053 divinae3
3194 1979 3343 2041 item
3389 1980 3466 2041 ad

1982 2075 2380 2138 innuendum
2406 2076 2576 2157 quod
2599 2077 2763 2139 Deus
2793 2076 3009 2139 omnia
3039 2077 3238 2139 libere
3260 2096 3469 2159 opera-

1984 2183 2106 2251 tur,
2133 2183 2195 2237 et
2216 2175 2353 2255 ejus
2376 2174 2623 2237 occulta
2652 2175 2891 2255 judicia
2924 2176 3216 2238 homines
3248 2175 3465 2238 latent.

1982 2274 2170 2336 Recte
2203 2273 2393 2336 etiam
2428 2274 2607 2351 dixit,
2633 2274 2697 2336 Si
2722 2273 2885 2337 forte
2908 2274 3207 2338 Dominus
3239 2274 3323 2336 sit
3345 2293 3470 2337 me-

1979 2392 2148 2449 cum,
2174 2374 2237 2435 id
2266 2381 2360 2434 est
2392 2374 2957 2455 supernaturaliter
2976 2373 3157 2454 juvet
3178 2392 3300 2449 mc,
3320 2390 3472 2453 quo-

1981 2471 2152 2534 niam
2200 2472 2371 2534 viros
2416 2472 2563 2535 illos
2599 2470 2885 2552 gigantes
2924 2472 3195 2535 naturali
3236 2472 3471 2534 virtute

1982 2570 2287 2651 nequibat
2320 2570 2677 2634 devincere.
2702 2570 3086 2632 Habitabant
3110 2588 3365 2651 quoque
3388 2569 3474 2650 gi-

1979 2678 2203 2748 gantes
2238 2668 2303 2730 in
2336 2676 2552 2731 monte
2584 2668 2726 2745 hoc,
2761 2668 2825 2730 id
2857 2676 2953 2731 est
2999 2667 3064 2729 in
3100 2667 3369 2731 urbibus
3410 2676 3473 2729 et

1985 2765 2311 2829 fortalitiis
2342 2768 2483 2829 sitis
2517 2768 2580 2829 in
2615 2775 2831 2831 monte
2862 2766 3005 2830 isto.

2063 2870 2541 2945 Renedioeicque
2569 2870 2632 2925 ei
2657 2871 2873 2937 Josue,
2907 2866 2970 2928 id
3004 2874 3119 2943 est,
3156 2884 3474 2928 commen-

1984 2964 2160 3027 davit
2191 2965 2361 3028 hunc
2391 2964 2602 3042 Caleb,
2638 2973 2701 3027 et
2738 2965 2905 3027 bona
2946 2966 3329 3046 imprecatus
3379 2971 3475 3026 est

371 3080 563 3149 esset,
601 3070 670 3131 in
701 3066 964 3131 homine
995 3064 1319 3145 octoginta
1356 3062 1644 3144 quinque
1678 3079 1874 3124 anno·
1902 3067 1945 3132 C
1984 3063 2042 3126 ci
2069 3081 2083 3126 :
2110 3064 2263 3146 quia
2293 3064 2391 3127 vir
2422 3072 2556 3126 erat
2586 3082 2830 3144 magnae
2858 3063 3077 3144 gratiae
3106 3082 3179 3127 ac
3200 3062 3469 3138 virtutis

373 3189 514 3232 rum
549 3176 790 3231 tantam
827 3163 1272 3228 fortitudinem
1295 3180 1454 3243 esse,
1475 3169 1713 3242 quanta
1741 3168 1874 3222 erat

373 3270 439 3333 in
473 3287 550 3333 co
585 3263 1115 3349 quadragenario.

453 3373 560 3431 Da
589 3386 740 3443 erqo
769 3365 942 3425 mihi
971 3372 1251 3424 montem
1278 3364 1502 3431 istum,
1532 3381 1718 3440 quem
1740 3365 1876 3437 pol-

374 3470 602 3528 licitus
650 3475 740 3525 est
781 3465 1103 3525 Dominus
1154 3471 1208 3521 te
1253 3481 1499 3541 quoque
1546 3462 1871 3521 audiente.

373 3566 644 3640 Quidam
678 3581 792 3646 per
811 3569 1094 3625 montem
1127 3559 1494 3639 intelligunt
1517 3558 1737 3621 urbem
1772 3577 1878 3621 no-

376 3665 556 3728 mine
585 3661 840 3725 Hebron
869 3679 882 3722 :
919 3659 1024 3722 cui
1055 3657 1438 3740 expositioni
1469 3677 1596 3720 non
1627 3656 1877 3720 videtur

376 3779 734 3826 consonare
771 3759 944 3841 quod
987 3757 1303 3835 subditur,
1331 3759 1405 3824 in
1445 3777 1568 3836 quo
1600 3757 1877 3817 Enacim

375 3870 558 3930 sunt,
599 3869 658 3920 et
709 3861 897 3919 urbes
943 3877 1197 3934 maqnce
1240 3866 1433 3936 atque
1482 3857 1775 3916 munitm.
1811 3855 1877 3916 ln

379 3960 637 4023 Hebron
679 3956 924 4038 quippe
974 3974 1103 4019 non
1135 3962 1314 4017 erant
1363 3952 1732 4034 hujusmodi
1779 3972 1878 4014 ur-

377 4060 514 4122 bes,
548 4056 739 4120 Petiit
781 4073 932 4136 ergo
973 4053 1095 4116 sibi
1137 4053 1275 4115 dari
1318 4061 1622 4129 montem,
1667 4052 1731 4113 id
1783 4060 1877 4114 est

379 4158 594 4220 locum
628 4155 812 4217 illum
843 4161 1241 4227 montanum,
1277 4159 1586 4233 quantum
1628 4152 1704 4212 ad
1737 4170 1876 4232 par-

1983 3183 2056 3226 ac
2079 3163 2105 3224 l'
2110 3163 2204 3225 uit
2220 3163 2316 3226 eis
2337 3164 2646 3227 ambobus
2665 3163 2922 3245 grandis
2945 3163 3106 3226 ratio
3125 3163 3381 3225 amandi
3406 3181 3473 3224 se

1987 3262 2263 3326 invicem
2292 3262 2591 3324 familiari
2619 3262 3066 3344 praecipuoque
3090 3280 3320 3338 amore,
3338 3271 3471 3324 tum

1987 3369 2247 3443 propter
2276 3361 2582 3423 virtutum
2618 3359 3128 3438 similitudinem,
3155 3369 3290 3422 tum
3323 3359 3474 3441 quia

1987 3461 2065 3523 de
2096 3468 2192 3522 tot
2222 3459 2510 3522 millibus
2542 3459 2875 3522 hominum
2918 3458 3154 3540 pariter
3186 3477 3475 3521 numera-

1990 3558 2091 3636 tis,
2130 3557 2255 3640 ipsi
2299 3558 2425 3620 duo
2471 3559 2797 3620 dumtaxat
2841 3557 3209 3639 superstites
3250 3566 3469 3630 erant3

1989 3668 2047 3717 et
2082 3660 2359 3718 tradidit
2389 3659 2451 3716 ei
2482 3660 2737 3719 Hebron
2770 3661 2841 3717 in
2863 3659 3337 3734 possessionem.
3362 3655 3476 3719 Ve-

1991 3765 2347 3819 rumtamen
2378 3757 2557 3837 juxta
2603 3753 2971 3837 praehabita,
3019 3755 3270 3817 Hebron
3324 3763 3475 3818 tunc

1992 3854 2114 3916 ruit
2157 3856 2477 3917 destructa
2526 3872 2637 3937 per
2683 3854 2890 3931 Josue,
2937 3853 3231 3935 quamvis
3274 3853 3475 3935 aliqui

1987 3954 2223 4028 dicant,
2251 3954 2419 4034 quod
2452 3971 2578 4015 non
2611 3952 2677 4014 in
2712 3961 2862 4016 toto.
2888 3957 3105 4032 Atque
3133 3974 3214 4012 εει)
3242 3973 3309 4012 eo
3338 3954 3475 4030 fuit

1989 4055 2247 4112 Hebron
2302 4055 2485 4112 Calcb
2533 4055 2675 4130 filio
2712 4055 2991 4129 Jepnone
3040 4057 3329 4114 Cenezaeo
3380 4074 3477 4113 us·

1987 4172 2107 4230 que
2137 4153 2211 4210 in
2236 4161 2614 4228 praesentem
2660 4153 2861 4230 diem,
2893 4153 3051 4228 quia
3098 4161 3345 4212 secutus
3386 4161 3474 4211 est

377 4265 528 4330 tem,
569 4255 636 4316 in
667 4273 794 4334 qua
826 4258 1084 4315 steterat
1115 4250 1388 4313 Hebron.
1425 4248 1873 4311 Verumtamen
1907 4252 1954 4313 D
1986 4251 2343 4310 Dominum
2382 4253 2589 4310 Deum
2628 4253 2853 4310 Israel.
2899 4253 3143 4310 Nomen
3191 4253 3474 4320 Hebron,

375 4354 443 4416 in
480 4354 650 4415 libro
673 4351 1091 4414 Numerorum
1117 4367 1246 4410 non
1278 4347 1532 4427 legitur,
1558 4347 1729 4428 quod
1758 4347 1877 4408 Do-

373 4453 592 4515 minus
631 4448 929 4532 promisit
979 4446 1098 4528 ipsi
1142 4445 1333 4509 Calcb
1381 4445 1551 4534 hunc
1593 4454 1874 4509 montem

371 4562 484 4616 aut
517 4550 769 4614 Hebron
801 4547 1122 4623 distincte,
1150 4547 1260 4608 sed
1296 4544 1360 4606 in
1404 4544 1686 4625 generali
1718 4542 1877 4605 dixit

373 4651 451 4713 ad
484 4669 635 4713 eum
668 4667 782 4730 per
811 4646 1062 4728 Moysen
1099 4662 1113 4706 :
1148 4645 1338 4707 Terra
1377 4663 1570 4725 quam
1610 4642 1878 4706 calcavit

375 4769 490 4832 pes
526 4757 695 4822 tuuS‚
729 4745 851 4809 crit
883 4743 1200 4826 possessio
1239 4751 1342 4804 tua
1369 4759 1382 4804 :
1419 4760 1532 4825 per
1561 4742 1733 4824 quod
1756 4741 1875 4803 Do-

377 4849 593 4910 minus
627 4844 958 4918 innuebat,
992 4842 1162 4923 quod
1193 4842 1449 4931 daretur
1479 4841 1537 4904 ei
1571 4849 1757 4917 terra,
1792 4840 1879 4903 lo-

375 4965 492 5008 cus
533 4964 645 5007 seu
687 4962 835 5026 pars
881 4951 1084 5017 terrm,
1122 4960 1314 5023 quam
1347 4940 1548 5019 magis
1589 4939 1873 5020 eligeret.

379 5044 493 5107 Vel
517 5043 572 5104 si
599 5041 767 5104 facta
788 5050 886 5104 est
910 5040 974 5100 in
998 5038 1257 5121 speciali
1282 5037 1620 5120 promissio
1642 5038 1774 5114 ista,
1790 5037 1881 5098 di-

381 5142 658 5205 cendum
683 5148 800 5216 est,
816 5139 988 5220 quod
1008 5137 1197 5200 Calcb
1223 5136 1286 5198 in
1311 5156 1424 5199 sua
1445 5137 1879 5218 exploratione

380 5239 852 5324 perambulavit
871 5238 1040 5300 hunc
1064 5237 1424 5300 locumNon
1444 5245 1653 5298 tamen
1676 5236 1879 5298 dicen·

381 5341 534 5402 dum
566 5347 685 5414 est,
713 5337 878 5399 sicut
907 5336 1170 5417 quidam
1201 5335 1311 5412 ait,
1339 5335 1545 5398 solum
1567 5334 1758 5398 Calcb
1782 5353 1880 5398 ve-

1985 4356 2176 4408 an-tea
2238 4349 2582 4408 vocabatur
2645 4349 3085 4416 Cariatkarbe‚
3143 4349 3315 4428 quod
3376 4348 3476 4410 in-

1987 4454 2390 4527 terpretatur,
2436 4445 2661 4508 civitas
2711 4454 3006 4526 quatuor,
3040 4464 3114 4508 eo
3166 4447 3335 4527 quod
3382 4447 3474 4509 ibi

1988 4546 2054 4607 in
2087 4544 2393 4626 spelunca
2424 4545 2688 4626 duplici,
2727 4543 2791 4605 in
2830 4563 2979 4625 agro
3012 4563 3211 4626 prope
3250 4547 3473 4610 urbem

1986 4643 2261 4720 Hebron,
2317 4643 2549 4724 sepulti
2602 4644 2731 4704 sint
2782 4652 3054 4724 quatuor
3100 4644 3475 4708 Patriarchae

1986 4762 2132 4805 cum
2166 4741 2298 4804 suis
2332 4741 2632 4804 uxoribus
2669 4759 2683 4802 ε
2723 4742 2896 4823 quod
2928 4743 3007 4804 de
3047 4743 3249 4804 tribus
3282 4743 3476 4806 Patri-

1987 4841 2219 4917 archiS‚
2256 4840 2555 4903 videlicet
2591 4840 2930 4917 Abraham,
2964 4840 3132 4902 isaac
3164 4849 3231 4902 et
3258 4841 3472 4916 Jacob,

1989 4938 2423 5019 uxoribusque
2454 4957 2698 5015 eorum,
2736 4939 2905 5014 Sara,
2937 4938 3217 5001 Rebecca
3246 4947 3309 5001 et
3338 4938 3469 5014 tia,

1989 5038 2452 5100 dubitationem
2502 5055 2627 5099 non
2675 5037 2887 5112 habet,
2926 5056 3125 5118 quum
3169 5037 3233 5099 in
3277 5037 3477 5099 Gene-

1990 5137 2041 5197 si
2091 5137 2209 5200 hoc
2254 5137 2520 5216 legatur.
2557 5137 2642 5198 De
2680 5135 2886 5217 primo
2929 5144 3163 5211 autem,
3200 5144 3352 5218 puta
3398 5137 3476 5198 de

1993 5237 2189 5298 Adam
2236 5243 2299 5297 et
2342 5235 2491 5310 Eva,
2541 5234 2696 5315 quid
2740 5234 3143 5297 sentiendum
3190 5235 3293 5311 sit,
3331 5252 3476 5296 mox

1994 5343 2307 5416 tangetur.
2330 5333 2594 5407 Quidam
2625 5351 2774 5395 vero
2806 5331 3158 5409 affirmant,
3184 5334 3356 5414 quod
3387 5333 3477 5396 di-

3543 4867 3652 4908 Gen.
3670 4879 3769 4916 xxv,

3505 4933 3544 4975 9.
3560 4933 3625 4979 ¹⁰3
3644 4941 3768 4978 xxxv,

3505 4994 3640 5041 27-29;
3656 5004 3766 5040 xiix,

3505 5057 3643 5104 2943st
3660 5067 3768 5104 xxtn,

3508 5123 3572 5160 19.
