4359 6250
1213 490 1561 536 ENARRATIO
1605 490 1666 535 m
1707 489 1845 535 car.
1895 490 1928 534 v
1971 488 2244 536 tunicum.
2288 510 2369 520 —
2409 490 2551 537 aar.
2598 489 2639 536 x
3349 474 3459 537 14¹

443 664 579 722 Per
594 664 949 740 fenestram
967 663 1312 738 respiciens
1333 664 1629 723 ululabat
1653 670 1859 723 mater
1891 660 1940 723 A
1967 665 2266 732 Domine,
2311 662 2375 724 id
2426 671 2522 725 est
2569 663 2845 726 indurati
2897 662 3146 744 tyranni
3198 670 3263 725 et
3312 680 3457 743 per-

353 760 528 833 esus,
559 759 836 821 sollicita
866 777 981 841 pro
1029 758 1168 822 filio
1199 778 1335 835 suc,
1371 778 1446 822 eo
1489 760 1660 840 quod
1695 759 1863 821 ultra
1970 770 2290 824 secutores
2323 761 2529 842 plebis
2561 770 2684 824 tuae
2716 761 2930 823 fidelis
2958 778 2972 822 :
3000 761 3169 841 quod
3202 760 3337 823 zelo
3367 761 3463 840 ju-

353 858 784 919 constitutum
819 858 1094 919 tardaret
1127 857 1363 920 reverti
1401 876 1413 918 :
1452 857 1692 920 idcirco
1725 876 1863 939 per·
1971 858 2160 921 stitiae
2193 868 2255 921 et
2286 879 2362 921 ex
2392 878 2605 921 amore
2639 860 2788 921 boni
2830 858 3187 921 communis
3220 857 3465 939 profer-

358 955 578 1017 timuit
611 957 785 1037 quod
834 956 1156 1019 evenisset
1199 956 1280 1030 ei,
1317 956 1859 1037 quemadmodum
1973 966 2089 1033 tur,
2111 976 2239 1020 non
2261 976 2337 1020 ex
2368 976 2647 1034 rancore,
2666 956 2794 1020 imo
2816 957 3026 1039 potius
3049 976 3123 1019 ex
3146 956 3463 1038 spirituali

357 1062 626 1115 noverat
666 1062 730 1116 et
770 1054 913 1115 aliis
954 1063 1178 1117 contra
1213 1053 1389 1115 filios
1432 1054 1621 1116 lsrael
1661 1053 1866 1135 praeli-
1973 1075 2209 1132 amore,
2236 1064 2550 1136 quatenus
2587 1056 2831 1119 scilicet
2862 1055 3045 1137 impii
3079 1055 3145 1116 in
3178 1055 3309 1117 vita
3344 1056 3464 1118 hac

361 1152 624 1214 antibus
673 1152 988 1215 evenisse.
1041 1152 1314 1215 Noverat
1363 1152 1602 1233 quippe
1653 1151 1868 1215 vetula
1975 1155 2346 1237 puniantur,
2384 1174 2463 1217 ne
2504 1154 2568 1215 in
2614 1154 2828 1217 futuro
2867 1154 3123 1235 gravius
3168 1155 3465 1217 condem-

363 1249 500 1326 illa,
521 1251 801 1333 qualiter
830 1252 995 1315 Deus
1027 1250 1316 1313 filiorum
1348 1251 1539 1314 Israel
1572 1250 1868 1331 frequen·
1977 1261 2230 1329 nentur,
2257 1261 2321 1314 et
2352 1272 2430 1315 ne
2456 1252 2730 1316 vivendo
2756 1252 3018 1329 diutim,
3043 1252 3300 1332 gravius
3334 1270 3471 1333 pec·

369 1360 468 1412 ter
497 1358 848 1431 pugnasset
886 1367 1002 1431 pro
1037 1350 1150 1427 eiS,
1194 1358 1256 1413 et
1302 1348 1514 1413 forsan
1552 1348 1714 1412 vidit
1762 1357 1872 1410 aut
1977 1359 2145 1428 cent,
2190 1360 2379 1431 atque
2424 1350 2895 1413 damnationem
2937 1359 3301 1413 mereantur
3343 1369 3469 1411 ma-

370 1450 663 1532 percepit
713 1458 1118 1532 tempestates
1164 1450 1306 1513 illas
1348 1450 1414 1512 in
1464 1468 1608 1513 aere
1658 1448 1870 1511 subito
1975 1450 2193 1531 jorem.
2231 1452 2359 1519 Qui
2386 1460 2601 1510 autem
2632 1452 2925 1527 diligunt
2957 1459 3009 1509 te
3042 1448 3363 1529 spirituali
3406 1456 3469 1511 et

373 1547 578 1610 factas
629 1566 642 1610 ε
693 1558 954 1631 propter
1001 1550 1168 1630 quod
1221 1548 1610 1625 formidavit,
1658 1547 1869 1610 filium
1979 1547 2195 1611 infusa
2246 1547 2610 1623 dilectione,
2666 1550 2834 1607 sieut
2886 1552 2980 1608 sol
3032 1550 3103 1608 in
3158 1558 3305 1607 ortu
3354 1566 3467 1606 suo

367 1666 564 1709 suum
585 1666 732 1709 cum
764 1647 896 1709 suis
927 1665 1002 1710 eo
1032 1666 1173 1711 esse
1203 1666 1601 1730 percussum,
1623 1654 1731 1708 aut
1761 1645 1873 1708 ali·
1975 1650 2289 1723 splendet,
2320 1649 2415 1707 ita
2446 1648 2744 1715 rutilent,
2777 1646 2839 1707 id
2880 1654 2990 1721 est,
3027 1644 3211 1707 donis
3248 1644 3471 1724 gratiae

367 1754 468 1807 ter
499 1745 820 1807 interisse.
858 1749 941 1808 E'l
973 1750 1052 1807 cle
1084 1750 1406 1807 eoenaeulo
1438 1747 1815 1823 loquebatur
1846 1766 1869 1803 .·
1978 1744 2043 1806 in
2077 1744 2372 1827 praesenti
2404 1744 2653 1826 copiose
2681 1742 3143 1819 clarificentur,
3170 1751 3233 1805 et
3263 1744 3329 1804 in
3362 1761 3471 1824 pa-

368 1846 505 1903 Car
539 1854 836 1905 moratur
873 1846 1124 1921 reyrecli
1165 1866 1400 1905 carreis
1443 1845 1584 1920 ejus
1607 1846 1637 1903 ἒ
1667 1864 1868 1922 quare
1895 1846 1942 1907 B
1980 1844 2100 1906 tria
2127 1844 2482 1920 Beatorum,
2518 1842 2701 1905 donis
2732 1842 2949 1921 gloriae
2982 1842 3469 1924 praeclarissime

365 1945 802 2003 tardaverunt
843 1946 1036 2020 pedes
1083 1946 1564 2022 quaclriyarum
1617 1945 1803 2002 illius
1840 1944 1870 2001 ?
1977 1944 2378 2017 decorentur,
2426 1941 2553 2003 imo
2595 1940 3041 2021 glorificentur
3087 1942 3153 2003 in
3201 1958 3467 2022 corpore
3506 1962 3761 2015 ,uanam-1,

376 2041 520 2101 Una
549 2043 908 2117 sapientior
939 2044 1162 2115 ceteris
1195 2043 1506 2102 umoribus
1539 2042 1704 2119 ejus,
1735 2048 1858 2102 etc.
1978 2050 2042 2105 et
2071 2040 2305 2115 anima,
2324 2048 2388 2102 et
2419 2038 2707 2119 fulgeant
2736 2040 2901 2102 sicut
2930 2039 3024 2101 sol
3055 2040 3122 2100 in
3152 2056 3346 2121 regno
3366 2038 3473 2101 Pa·
3498 2027 3565 2067 ⁴³·

363 2139 613 2201 Deinde
643 2137 945 2201 recitatur
989 2139 1264 2220 qualiter
1303 2158 1502 2201 nurus
1535 2158 1671 2215 sua,
1705 2138 1871 2200 scili·
1980 2139 2094 2202 tris
2137 2138 2435 2201 eoelestiS.
2477 2138 2655 2201 Unde
2696 2139 2793 2217 (ut
2840 2136 3068 2217 fertur)
3107 2137 3173 2199 in
3210 2138 3471 2202 Hebraeo

366 2245 474 2300 cet
515 2256 646 2298 una
691 2255 956 2300 uxorum
998 2237 1242 2313 Sisarae,
1291 2238 1503 2301 socrui
1548 2256 1678 2300 suae
1726 2255 1872 2299 con-
1979 2237 2269 2312 habetur,
2313 2235 2488 2297 Sicut
2536 2235 2629 2299 sol
2680 2236 2746 2297 in
2796 2234 3172 2298 fortitudine
3216 2256 3351 2313 sua,
3399 2236 3461 2297 id

367 2335 680 2399 solatoria
707 2335 906 2398 verba
936 2336 1284 2417 respondit,
1320 2345 1384 2399 et
1420 2336 1612 2418 plana
1639 2344 1736 2399 est
1770 2335 1872 2397 lit-
1981 2345 2078 2399 est
2105 2344 2236 2397 tam
2266 2335 2435 2398 clare
2468 2342 2537 2397 ut
2569 2334 2685 2411 sol,
2720 2335 2975 2416 quando
3015 2334 3124 2396 lux
3157 2333 3310 2398 solis
3349 2334 3472 2397 erit
3513 2346 3760 2398 laumas.

369 2444 534 2497 tera.
1982 2433 2503 2516 septempliciter,
2539 2432 2603 2495 id
2638 2440 2733 2496 est
2766 2432 2999 2514 septies
3040 2429 3243 2513 major
3275 2452 3471 2515 quam

452 2534 782 2597 Postremo
842 2533 1085 2596 Debora
1139 2534 1455 2597 convertit
1513 2552 1870 2597 sermonem
1986 2552 2154 2595 nunc
2184 2540 2300 2607 est,
2326 2540 2397 2594 ut
2426 2531 2615 2593 Isaias
2636 2530 2954 2612 aitzquod
2977 2530 3041 2591 in
3069 2529 3277 2592 futura
3296 2550 3475 2593 mun-

363 2651 564 2695 suum
597 2633 676 2694 ad
707 2632 1161 2709 Dominum,'·et
1189 2632 1508 2694 canticum
1549 2652 1735 2694 suum
1775 2631 1878 2694 de-
1985 2630 2049 2692 di
2111 2630 2521 2694 innovatione
2581 2628 3026 2710 complebitur.
3098 2630 3477 2709 Quievitque

361 2740 520 2795 vote
561 2730 914 2795 concludit.
968 2733 1082 2793 Sic
1121 2741 1397 2808 pereant
1441 2731 1701 2791 inimici
1751 2732 1873 2801 tui,
1988 2740 2161 2791 terra
2182 2750 2304 2806 per
2333 2730 2779 2809 quadrayinta
2808 2748 3031 2789 annos,

1522 3090 2170 3248 ARTICULlJ’S
2258 3161 2331 3246 X

1183 3432 1497 3478 HYSTICA
1557 3432 1872 3478 EJUSDEu
1929 3432 2218 3477 CANTICI
2276 3432 2686 3479 Expost'rlo.

516 3715 788 3788 EBORA
809 3714 1102 3795 designat
1123 3713 1493 3789 Ecclesiam,
1514 3732 1627 3776 seu
1659 3732 1877 3775 unam·
1903 3713 1948 3777 C
1982 3712 2287 3794 quoniam
2320 3713 2537 3774 datum
2559 3721 2655 3774 est
2684 3713 2863 3776 vobis
2886 3733 2923 3776 a
2942 3714 3088 3790 Deo,
3110 3733 3237 3779 non
3260 3716 3466 3779 solum
3518 3737 3752 3795 emim»...

516 3834 842 3897 quamque
863 3814 1142 3876 animam
1161 3831 1308 3876 vere
1328 3812 1873 3888 devotamgssarac,
1985 3819 2054 3872 ut
2097 3811 2367 3874 credatis
2409 3810 2475 3872 in
2515 3809 2857 3888 Christum,
2904 3830 3125 3875 verum
3164 3813 3353 3876 etiam
3398 3824 3468 3878 ut
3496 3802 3563 3844 ²⁹·

355 3934 524 3978 vere
560 3913 918 3976 virtuosum
963 3911 1322 3993 principem
1363 3929 1475 3972 seu
1511 3909 1868 3991 praelatum.
1981 3909 2312 3991 patiamini
2344 3927 2459 3991 pro
2492 3908 2624 3972 illo.
2658 3911 2927 3980 Audite,
2958 3931 3154 3988 reyes,
3182 3915 3458 3975 auribus

355 4013 656 4076 Ecclesia
689 4029 840 4092 ergo
874 4027 1018 4073 cum
1058 4008 1218 4070 filiis
1255 4007 1387 4070 suis
1428 4008 1872 4090 contemplans
1970 4010 2308 4085 percipite,
2331 4010 2685 4087 principe-3,
2720 4007 2784 4070 id
2816 4015 2913 4070 est
2955 4009 3238 4072 universi
3272 4013 3467 4094 majo-

356 4110 697 4174 bencfieia
727 4107 1092 4184 Salvatoris·‚
1115 4115 1179 4169 et
1203 4106 1479 4188 qualiter
1505 4105 1871 4170 visibilibus
1983 4124 2079 4167 res
2111 4113 2301 4187 atque
2333 4105 2762 4186 minore3,qui
2784 4104 3139 4170 efficaciter
3157 4127 3270 4172 vos
3292 4109 3465 4192 ipsos

355 4231 440 4274 ac
488 4208 925 4273 invisibilibus
968 4206 1259 4270 hostibus
1304 4225 1472 4288 saepe
1503 4205 1723 4270 divina
1750 4205 1872 4267 vir-
1981 4214 2085 4266 aut
2127 4204 2285 4267 alios
2328 4203 2719 4284 gubernatiS,
2764 4203 2875 4285 qui
2905 4205 3058 4267 estis
3098 4226 3297 4288 genus
3343 4209 3469 4273 ele-
3497 4227 3757 4284 ipanus.

361 4317 512 4372 tute
555 4305 911 4390 praevaluit,
958 4304 1212 4368 assidue
1251 4313 1314 4367 et
1355 4313 1535 4384 grata
1575 4323 1648 4366 ac
1687 4305 1872 4368 devo·
1979 4311 2172 4380 ctum,
2224 4303 2433 4384 regale
2474 4303 2917 4366 sacerdotium.
2966 4308 3101 4382 Esqo
3143 4327 3313 4378 sum,
3355 4329 3465 4386 eqo

359 4407 626 4472 tissima
664 4413 880 4468 mente
907 4403 1244 4467 Dominum
1279 4403 1514 4478 laudat,
1550 4411 1612 4466 et
1643 4402 1868 4465 fideles
1975 4423 2120 4464 sum
2160 4424 2303 4482 quae
2330 4405 2605 4463 Domino
2644 4422 2901 4473 canam,
2933 4409 3217 4481 psallam
3247 4408 3466 4467 Domi-

356 4507 486 4590 qui
535 4525 686 4570 vere
734 4512 885 4567 sunt
931 4502 1169 4564 milites
1219 4501 1473 4578 Christi,
1526 4501 1815 4565 hortatur
1848 4519 1862 4562 :
1975 4522 2058 4562 no
2087 4505 2216 4563 Deo
2236 4505 2461 4563 Israel.
2488 4500 2770 4564 Ecclesia
2798 4520 3072 4583 namque
3101 4512 3198 4565 est
3226 4523 3461 4586 sponsa

361 4609 506 4677 Qui
532 4615 756 4683 sponte
783 4603 1105 4664 obtulistis
1133 4605 1214 4662 de
1242 4604 1448 4662 Israel
1475 4603 1736 4660 animas
1767 4621 1867 4660 ve-
1974 4601 2084 4662 Dei
2111 4599 2460 4676 carissima,
2494 4599 2598 4662 cui
2628 4600 2957 4681 potissime
2997 4603 3301 4684 competit
3332 4603 3459 4667 Deo

347 4719 534 4768 seras
563 4707 654 4764 ad
673 4704 1071 4780 periculum,
1093 4700 1441 4760 benedicite
1461 4701 1776 4760 Domino:
1798 4698 1864 4761 id
1973 4707 2229 4762 cantare
2259 4717 2331 4760 ac
2360 4698 2652 4780 psallere.
2688 4697 2808 4760 Sed
2840 4707 2902 4760 et
2930 4718 3330 4781 unaquaeque
3360 4703 3464 4764 de-

347 4814 482 4880 est,
529 4821 666 4878 vOS,
700 4797 1190 4873 ChristifideleS,
1226 4796 1362 4860 veri
1404 4795 1701 4859 Israelitae
1747 4816 1860 4878 per
1972 4804 2119 4860 vota
2148 4815 2419 4879 persona
2451 4797 2575 4859 Deo
2599 4795 2837 4877 jugiter
2880 4796 3131 4878 psallat,
3164 4797 3347 4879 juxta
3390 4800 3461 4861 il-

345 4896 1120 4982 contemplationem,qui
1143 4895 1540 4977 spiritualem
1565 4893 1859 4958 militiam
1897 4902 1940 4962 Ι)
1972 4896 2080 4957 lud
2109 4895 2340 4957 Psalmi
2376 4912 2389 4955 :
2423 4894 2794 4957 Benedicam
2820 4894 3157 4956 Dominum
3183 4896 3249 4957 in
3282 4899 3460 4960 omni
3490 4916 3751 4970 Paxxxnna

347 4998 728 5066 voluntarie
758 4994 1218 5076 assumpsistiS,
1243 5002 1306 5056 et
1324 5012 1442 5057 con
1454 5002 1546 5056 tra
1577 4995 1865 5056 adversa·
1973 5003 2280 5076 tempore,
2305 5012 2555 5075 semper
2584 4993 2720 5054 laus
2746 4992 2885 5074 ejus
2917 4991 2983 5054 in
3014 5012 3123 5056 ore
3144 5014 3306 5058 meo.
3331 4997 3461 5058 Un-

354 5101 500 5164 rios
531 5095 688 5158 fidei
721 5114 834 5158 seu
869 5092 1226 5156 invisibiles
1256 5091 1654 5155 adversarios
1685 5091 1864 5155 forti·
1972 5094 2050 5155 de
2073 5091 2409 5174 Apostolus
2431 5091 2832 5153 exhortatur:
2858 5090 3193 5155 Cantantes
3216 5102 3279 5156 et
3299 5095 3463 5176 psal·
3529 5115 3755 5172 Effemv.

359 5211 466 5262 ter
515 5193 839 5259 dimicatis
889 5200 999 5255 aut
1045 5190 1418 5266 dimicastiS,
1472 5191 1596 5254 Deo
1654 5200 1862 5272 grates
1975 5192 2176 5254 lentes
2199 5190 2265 5252 in
2286 5188 2583 5252 cordibus
2606 5188 2835 5251 vestris
2856 5188 3135 5253 Domino.
3153 5190 3461 5265 Quocirca
3492 5181 3557 5222 ¹⁹·

358 5294 730 5380 rependite,
761 5299 827 5356 et
868 5308 1059 5355 omne
1100 5289 1341 5353 bonum
1368 5289 1431 5351 ei
1470 5288 1810 5352 adscribite
1844 5307 1862 5353 ε
1974 5289 2257 5372 loquitur
2286 5287 2583 5370 Origenes
2611 5303 2625 5348 ε
2660 5287 2831 5350 Beati
2869 5286 2979 5369 qui
3012 5298 3280 5370 possunt
3316 5309 3461 5354 can-
