4359 6250
85 1904 112 1947 ΙΙ
124 1906 220 1947 nar.
233 1920 284 1953 m,
298 1908 336 1947 9.

985 522 1333 572 ΕΝΑΒΒΑΤῙΟ
1375 526 1438 571 ΙΝ
1479 524 1617 571 cat).
1664 525 1724 569 v1
1767 522 1924 569 mim
1965 523 2163 570 TERTII
2204 522 2429 570 REGUM.
2475 543 2555 553 --
2597 524 2739 569 ΛΒΤ.
2784 524 2849 570 lx

3342 502 3459 567 617

363 710 542 764 extra
573 699 924 763 Jerusalem
969 718 1168 781 prope
1211 696 1648 779 lapidicinam,
1693 706 1867 759 ante-
1893 690 1944 753 A
1974 694 2235 777 quearia
2282 695 2449 758 sacta
2496 696 2575 758 de
2623 695 2833 759 cedro,
2876 694 3067 758 Porro
3115 694 3458 776 laquearia,

361 820 563 881 quam
597 799 1054 862 deferebantur
1093 798 1172 860 ad
1211 796 1470 860 aedificii
1515 796 1747 860 locum.
1785 799 1866 857 Et

365 903 644 960 malleus
686 910 748 960 et
788 900 1051 969 seo-urie,
1089 897 1152 959 id
1201 905 1298 959 est
1334 894 1664 958 martellus
1713 894 1868 957 lato-

357 998 480 1074 mi,
515 1016 648 1079 quo
680 1017 830 1060 saxa
859 996 1240 1077 sculpuntur
1271 1002 1380 1057 aut
1410 992 1862 1075 praeciduntur,

359 1106 424 1155 et
473 1117 666 1157 omne
722 1097 1219 1173 ferramentum,
1273 1092 1700 1156 necessarium
1752 1110 1866 1173 pro

365 1192 658 1277 lapidum
691 1192 1034 1255 situatione
1053 1200 1118 1255 et
1136 1192 1550 1267 connexione,
1568 1210 1694 1253 non
1715 1201 1869 1251 sunt

366 1296 604 1355 audita
638 1296 710 1353 in
731 1297 917 1354 domo
937 1314 1139 1372 quum
1159 1294 1598 1369 testificaretur
1617 1312 1640 1349 .·
1661 1289 1722 1352 id
1745 1299 1862 1367 est,

367 1391 676 1454 notabilis
708 1410 902 1455 sonus
935 1390 1504 1453 instrumentorum
1528 1388 1782 1451 illorum
1806 1396 1868 1449 et

366 1490 808 1553 consimilium
842 1488 932 1552 ibi
968 1508 1096 1552 non
1129 1488 1274 1550 fuit..
1298 1488 1490 1563 Istud,
1515 1487 1866 1550 secundum

366 1591 707 1670 quosdam,
751 1590 832 1651 ad
873 1589 1117 1671 lapides
1157 1596 1403 1650 tantum
1443 1595 1540 1651 est
1589 1584 1870 1649 reseren-

366 1690 522 1751 dum
563 1707 576 1750 :
613 1688 766 1770 quia
809 1696 880 1750 ut
925 1688 1169 1764 dicunt,
1205 1685 1538 1769 oportebat
1585 1686 1866 1747 tabulata

366 1787 570 1851 clavis
604 1786 1014 1851 consolidari.
1049 1786 1202 1849 Nam
1235 1794 1299 1847 et
1328 1786 1606 1848 secundo
1635 1783 1868 1845 Parali-

1976 795 2327 857 secundum
2377 795 2707 871 Isidorum,
2760 813 3074 857 cameram
3124 802 3353 857 ornant
3400 804 3463 857 et

1977 894 2323 973 subtegunt
2366 911 2379 955 :
2432 894 2650 975 sicque
2693 894 3015 975 laquearia
3054 893 3463 957 nominantur

1975 1012 2115 1075 quae
2147 992 2343 1074 tignis
2382 992 2837 1072 affigebantur,
2874 993 2960 1055 ita
2996 994 3167 1074 quod
3208 992 3273 1055 in
3305 992 3462 1074 ipsis

1976 1092 2160 1174 quasi
2212 1091 2721 1174 illaqueabantur
2766 1111 2837 1154 ac
2887 1092 3458 1173 subjungebantur,

1976 1210 2090 1273 pro
2139 1191 2369 1273 majori
2418 1191 2667 1253 decore.
2698 1193 2785 1251 Et
2826 1193 3176 1268 aedificavit
3222 1194 3465 1251 tabuta-

1979 1300 2114 1351 tum
2144 1310 2338 1367 super
2365 1310 2615 1349 omnem
2641 1291 2929 1359 domum,
2963 1288 3025 1351 id
3062 1298 3157 1351 est
3203 1288 3268 1350 in
3308 1306 3463 1372 gyro

1977 1387 2171 1450 totius
2214 1387 2438 1468 templi
2496 1387 2561 1448 in
2609 1386 2738 1449 alto
2776 1404 2789 1449 :
2823 1387 2995 1467 quod
3036 1386 3160 1448 suit
3202 1387 3461 1450 tertium

1977 1487 2357 1563 tabulatum,
2390 1487 2467 1549 de
2506 1504 2632 1567 quo
2678 1484 2830 1547 satis
2875 1485 3002 1566 jam
3053 1485 3295 1549 dictum
3324 1496 3457 1562 est3

1975 1590 2261 1666 quinque
2288 1588 2520 1647 cubitis
2539 1588 2917 1647 altitudinis
2938 1606 2961 1643 .·
2992 1585 3145 1666 quia
3172 1586 3464 1649 clausura

1976 1684 2241 1747 tabulati
2282 1683 2479 1760 illius,
2513 1702 2655 1765 quae
2698 1691 2833 1746 erat
2862 1683 3044 1764 quasi
3084 1704 3304 1746 murus
3344 1684 3465 1747 ele-

1975 1792 2156 1847 vatus
2209 1782 2273 1844 in
2326 1782 2721 1845 extremitate
2768 1782 3059 1859 tabulati,
3095 1802 3175 1845 ne
3223 1783 3301 1846 de
3351 1783 3462 1846 illo

367 1904 693 1968 pomenon
728 1886 1036 1968 scriptum
1067 1893 1184 1961 est,
1221 1884 1340 1947 Sed
1381 1892 1440 1945 et
1473 1878 1685 1947 clavo's
1715 1882 1866 1944 fecit
1903 1877 1948 1938 B
1975 1881 2119 1962 quis
2151 1882 2426 1957 caderet,
2464 1880 2589 1942 suit
2634 1880 2699 1941 in
2733 1880 2931 1942 altum
2968 1881 3315 1945 ascendens
3349 1902 3463 1963 per

366 2002 596 2047 aureos
625 2008 640 2057 3
674 1992 738 2046 et
770 1983 1008 2046 ibidem
1040 1982 1266 2045 asserit
1295 1980 1534 2057 Glossa‚
1571 1981 1741 2062 quod
1773 1980 1862 2041 la-

365 2083 561 2146 minae
618 2102 826 2146 aureae
879 2102 1024 2146 cum
1068 2082 1265 2145 clavis
1317 2080 1450 2143 illis
1508 2078 1866 2161 affigeban-

364 2190 470 2243 tur
493 2181 848 2263 parietibus
881 2181 1102 2262 templi
1140 2197 1154 2241 :
1191 2180 1360 2262 quod
1392 2178 1531 2241 sine
1553 2178 1866 2260 percepti-

361 2280 480 2341 bili
505 2297 669 2342 sono
701 2278 845 2342 sieri
880 2297 1006 2341 non
1047 2278 1321 2341 valebat.
1357 2276 1571 2357 Aliqui
1604 2277 1862 2339 demum

361 2376 727 2453 affirmant,
763 2379 932 2459 quod
967 2376 1210 2458 lapides
1242 2375 1687 2439 incidebantur
1724 2394 1865 2437 san-

359 2477 562 2555 guine
593 2476 832 2539 vermis
864 2476 1220 2557 cujusdam,
1257 2473 1532 2537 habente
1561 2473 1860 2537 virtutem

361 2574 760 2657 hujusmodi,
783 2575 1133 2637 secundum
1159 2574 1327 2655 quod
1360 2573 1670 2653 sanguine
1701 2570 1861 2635 hirci

360 2673 682 2737 scinditur
712 2673 876 2755 lapis
922 2673 1389 2736 adamantinus,

446 2776 704 2835 Ostium
733 2775 956 2833 lateris
987 2773 1190 2832 medii
1219 2773 1290 2833 in
1313 2772 1565 2848 pariete
1593 2782 1731 2831 erat
1759 2774 1864 2831 do-

361 2894 512 2933 mus
541 2875 844 2945 deoeteroe,
879 2872 943 2934 id
976 2880 1092 2947 est,
1128 2871 1324 2952 janua
1354 2870 1476 2932 sita
1505 2877 1568 2933 et
1599 2870 1766 2932 sacta
1797 2870 1861 2931 in

361 2970 578 3033 medio
621 2968 837 3032 lateris
879 2988 990 3033 seu
1030 2969 1291 3051 parietis
1343 2968 1586 3050 templi,
1624 2968 1746 3031 suit
1797 2968 1860 3031 in

1974 1979 2252 2061 spatium
2292 1980 2577 2061 quinque
2628 1979 3011 2057 cubitorum,
3047 1980 3323 2062 demptis
3372 1980 3463 2043 lo-

1972 2078 2086 2155 ciS,
2109 2078 2173 2139 in
2207 2077 2440 2159 quibus
2474 2076 2734 2140 fuerunt
2764 2078 3028 2140 cancelli
3051 2096 3064 2141 :
3090 2098 3281 2161 super
3299 2097 3461 2160 quos

1972 2176 2347 2239 exsistentes
2397 2176 2633 2239 ibidem
2685 2196 2753 2239 se
2801 2184 3092 2257 poterant
3138 2177 3457 2259 apodiare,

1972 2283 2036 2338 et
2066 2274 2237 2336 infra
2266 2274 2615 2356 adspicere.
2651 2275 2807 2337 Hinc
2841 2274 3233 2338 dicitPetrus
3253 2277 3463 2339 Come-

1974 2382 2106 2435 stor
2141 2391 2155 2435 :
2194 2374 2279 2435 De
2307 2372 2646 2435 altitudine
2678 2373 2935 2435 illorum
2979 2373 3247 2436 laterum
3281 2374 3461 2453 igno-

1923 2528 1932 2538 .
1975 2491 2209 2547 ramuS‚
2246 2472 2371 2533 nisi
2400 2473 2477 2534 de
2507 2490 2827 2553 supremo,
2862 2474 3031 2553 quod
3066 2473 3361 2537 habuerit
3395 2474 3462 2536 in

1973 2569 2312 2633 altitudine
2342 2570 2595 2633 cubitos
2626 2572 2933 2652 quinque.
2962 2575 3043 2633 Et
3073 2576 3327 2651 operuit
3353 2577 3463 2633 do·-

1975 2690 2156 2730 mum
2181 2670 2396 2749 *ligynis
2444 2672 2746 2730 cedrini-9.
2778 2670 2987 2731 Murus
3026 2689 3302 2752 namque
3350 2691 3461 2735 seu

1974 2768 2182 2850 paries
2229 2766 2551 2830 inferioris
2591 2767 2715 2831 loci
2760 2787 2873 2833 seu
2915 2769 3267 2832 mansionis
3305 2779 3464 2833 tem-

1975 2867 2088 2950 pli,
2115 2867 2402 2949 undique
2437 2865 2559 2929 tuit
2590 2867 2826 2931 tabulis
2855 2868 3133 2932 cedrinis
3164 2878 3457 2951 opertus:

1975 2966 2291 3047 siquidem
2333 2965 2606 3048 parietes
2646 2975 2826 3029 erant
2856 2966 3114 3049 lapidei,
3150 2969 3261 3031 sed
3307 2985 3462 3050 ope-

362 3067 612 3151 pariete
635 3067 856 3150 templi
881 3067 1256 3132 meridiano.
1277 3068 1454 3131 Unde
1476 3068 1542 3130 in
1571 3066 1864 3131 Historiis
1899 3064 1943 3128 C
1974 3064 2303 3128 riebantur
2335 3064 2613 3128 cedrinis
2644 3065 2987 3129 asseribus,

364 3165 574 3228 fertur
613 3165 846 3228 {Juxta
877 3165 1130 3230 'terram
1179 3175 1314 3229 erat
1361 3166 1594 3229 ostium
1647 3165 1863 3229 lateris

361 3263 562 3327 medii
626 3264 694 3325 in
743 3263 985 3345 pariete
1037 3265 1263 3327 domus
1307 3264 1600 3340 dexterae,
1656 3264 1719 3326 id
1767 3271 1864 3326 est

361 3360 758 3436 meridianae,
795 3362 915 3425 hoc
961 3371 1056 3424 est
1095 3360 1161 3423 in
1202 3370 1379 3443 parte
1423 3370 1486 3424 et
1527 3381 1710 3425 muro
1759 3382 1863 3424 au-

361 3459 543 3521 strali
582 3459 787 3541 ipsius
826 3461 1074 3522 domuS.
1119 3459 1278 3522 Hinc
1308 3460 1417 3522 alii
1450 3460 1673 3523 dicunt
1707 3478 1720 3521 :
1756 3459 1863 3523 Os-

360 3557 551 3634 tium,
589 3577 704 3639 per
729 3559 899 3639 quod
935 3566 1070 3621 erat
1100 3576 1400 3621 ascensus
1434 3559 1500 3620 in
1533 3559 1862 3640 superiora

359 3656 622 3733 solaria,
666 3666 799 3720 erat
842 3659 907 3720 in
957 3658 1169 3721 medio
1217 3658 1477 3740 parietis
1526 3658 1861 3721 meridiani

359 3755 545 3836 juxta
573 3763 830 3818 terram.
864 3755 1077 3818 Nihilo
1114 3755 1328 3818 minus
1372 3777 1408 3819 a
1448 3764 1624 3838 parte
1659 3757 1862 3820 orien-

361 3853 478 3915 tali
533 3853 891 3916 intrabatur
942 3854 1007 3914 in
1060 3854 1368 3936 templum
1415 3872 1428 3915 :
1477 3874 1622 3917 nam
1673 3864 1736 3918 et
1784 3857 1862 3918 de

361 3949 530 4032 prael'
531 3960 636 4013 ato
659 3951 822 4014 ostio
838 3951 1148 4033 Iosephus
1171 3952 1422 4016 videtur
1443 3971 1548 4014 sen
1558 3952 1862 4035 tire‚quod

363 4050 492 4112 fuit
525 4049 591 4110 in
623 4049 859 4130 angulo
891 4051 1057 4112 muri
1104 4051 1170 4112 in
1216 4059 1396 4132 parte
1427 4051 1742 4113 orientali.
1781 4056 1862 4114 Et

355 4169 478 4226 per
510 4149 854 4220 cochleam,
890 4149 953 4210 id
1000 4157 1096 4211 est
1126 4167 1458 4210 ascensum
1503 4149 1864 4213 anfractuo-

2051 3166 2138 3224 Ec
2165 3165 2381 3241 factus
2408 3173 2497 3224 est
2524 3185 2727 3225 sermo
2758 3168 3028 3226 Domini
3064 3169 3151 3226 ad
3181 3169 3464 3227 Salomo-

1971 3284 2145 3334 nem,
2173 3264 2417 3332 dic-ene,
2451 3263 2512 3325 id
2544 3272 2661 3340 est,
2688 3264 2990 3326 Dominus
3022 3283 3135 3346 per
3165 3265 3460 3345 angelum

1974 3362 2038 3424 in
2071 3362 2319 3426 visione
2346 3362 2507 3424 dixit
2536 3363 2615 3424 ad
2647 3381 2789 3425 eum
2814 3367 3087 3424 :Domus
3116 3367 3249 3426 leoec
3266 3385 3463 3444 quam

1969 3462 2356 3538 oedificaS,si
2385 3463 2819 3521 ambulaveris
2850 3464 2922 3522 in
2946 3464 3281 3539 proeceptis
3310 3465 3463 3523 meis

1974 3567 2470 3640 perseveranter,
2510 3569 2569 3618 et
2602 3561 2873 3636 judicia
2924 3581 3061 3621 mea
3109 3562 3363 3638 feceris,
3404 3572 3464 3622 et

1971 3659 2349 3717 custodieris
2378 3659 2601 3717 omnia
2634 3661 2945 3718 mandata
2978 3679 3137 3730 mea,
3151 3662 3462 3736 yradiens

1962 3775 2084 3832 per
2103 3775 2178 3814 ea
2196 3779 2221 3825 ,·
2238 3757 2509 3832 firmabo
2528 3775 2881 3816 sermonem
2902 3777 3115 3817 meum
3141 3759 3258 3816 tibi
3276 3779 3463 3836 quem

1973 3857 2221 3914 locutus
2266 3874 2409 3913 sum
2458 3857 2546 3912 ad
2573 3855 2793 3914 David
2830 3865 3087 3932 patrem
3141 3865 3347 3926 tuum,
3398 3855 3460 3917 id

1971 3959 2088 4027 ost,
2116 3950 2601 4033 promissionem
2632 3971 2825 4033 quam
2856 3952 2914 4016 ei
2950 3952 3075 4016 feci
3106 3954 3185 4016 de
3216 3973 3463 4017 succes-

1973 4050 2152 4113 sione
2184 4050 2421 4114 sobolis
2453 4069 2583 4113 suae
2614 4050 2679 4113 in
2704 4069 3131 4134 regno,opere
3160 4052 3463 4135 adimple-

1972 4148 2076 4211 bo.
2111 4151 2199 4210 Et
2228 4151 2524 4209 habitabo
2557 4151 2629 4210 in
2672 4153 2880 4210 medio
2907 4153 3199 4228 filiorum
3234 4155 3463 4222 Israel,

362 4265 534 4322 sum,
569 4253 948 4322 tortuosum,
985 4253 1048 4308 et
1087 4247 1271 4328 quasi
1315 4246 1714 4324 circularem,
1751 4269 1862 4312 seu
1891 4247 1940 4310 D
1974 4247 2037 4308 id
2069 4254 2164 4310 est
2195 4246 2259 4308 in
2283 4247 2519 4328 templo
2541 4247 2685 4323 isto,
2706 4247 3099 4311 exaudiendo
3122 4249 3210 4312 ibi
3243 4269 3462 4332 preces

362 4364 480 4426 per
523 4345 758 4424 gradus
803 4343 891 4406 ita
921 4339 1286 4427 dispositoS,
1325 4349 1746 4407 ascendebant
1785 4348 1864 4409 de

363 4440 598 4505 infima
636 4449 814 4524 parte
857 4450 919 4505 et
963 4442 1295 4505 mansione
1347 4443 1590 4524 templi,
1627 4446 1699 4503 in
1745 4466 1865 4504 me-

359 4543 552 4602 dium
585 4545 1012 4611 caenaculum,
1047 4540 1110 4603 id
1154 4549 1250 4603 est
1285 4541 1360 4602 ad
1393 4541 1670 4623 primum
1703 4542 1865 4605 sola-

364 4638 554 4714 rium,
574 4639 745 4720 quod
771 4639 970 4701 instar
1000 4639 1314 4702 coenaculi
1339 4639 1600 4716 factum,
1623 4641 1866 4702 exstitit

363 4737 648 4800 medium
691 4737 857 4801 inter
907 4735 1208 4800 infimum
1250 4737 1473 4819 templi
1516 4738 1747 4815 locum,
1801 4749 1864 4802 et

363 4837 535 4899 inter
581 4837 932 4899 secundum
977 4855 1051 4898 ac
1099 4855 1468 4918 supremum
1517 4837 1656 4918 ejus
1700 4837 1864 4901 sola-

363 4935 556 5011 rium,
591 4945 652 4995 et
683 4957 722 4995 a
753 4937 962 4995 medio
995 4937 1062 4996 in
1093 4937 1388 5006 tertium,
1414 4934 1477 4996 id
1515 4943 1610 4997 est
1653 4955 1864 5017 supre-

361 5053 541 5096 mum
577 5032 799 5115 templi
833 5033 1160 5096 solarium.

451 5136 532 5194 Ec
571 5133 928 5209 (edificavit
970 5133 1262 5201 domum,
1291 5141 1350 5191 et
1389 5135 1860 5193 consummavit

360 5251 528 5292 eam.
561 5231 746 5292 Tema
776 5249 1024 5309 quoque
1045 5233 1308 5290 domum
1341 5232 1752 5309 laquearibus
1771 5252 1860 5291 ce-

359 5329 608 5398 drini-3,
640 5326 704 5389 id
743 5335 860 5404 est,
905 5326 1192 5389 trabibus
1244 5326 1465 5409 templi
1515 5327 1732 5389 affixit
1773 5329 1858 5391 la-

1972 4345 2313 4422 orantium,
2348 4354 2407 4408 et
2442 4348 2830 4428 acceptando
2856 4364 3075 4410 eorum
3109 4347 3464 4412 oblationes

1972 4453 2163 4526 atque
2196 4444 2539 4526 obsequia:
2568 4445 2789 4528 sicque
2819 4445 2884 4507 in
2915 4445 3214 4509 cordibus
3244 4466 3462 4510 eorum

1973 4562 2086 4625 per
2116 4542 2383 4624 gratiam
2416 4545 2895 4619 commorabor3
2930 4556 2989 4606 et
3021 4566 3149 4606 non
3189 4549 3467 4606 derelin-

1973 4663 2170 4722 quam
2195 4647 2515 4720 populum
2537 4665 2749 4704 meum
2772 4647 2997 4705 Israel.
3020 4645 3088 4706 ln
3120 4644 3219 4705 his
3252 4644 3464 4708 verbis

1973 4739 2225 4804 videtur
2270 4741 2432 4802 Deus
2477 4741 2764 4816 salutem,
2805 4741 3350 4806 conservationem
3403 4751 3463 4806 et

1969 4838 2239 4916 gratiam
2271 4837 2492 4920 populi
2526 4837 2936 4902 constituisse
2968 4839 3035 4901 in
3066 4859 3258 4902 manu
3292 4841 3465 4904 Salo-

1970 4936 2178 4999 monis
2212 4936 2378 5016 regis
2412 4937 2697 5018 ipsorum
2736 4955 2749 4998 :
2782 4936 2934 5018 quia
2964 4946 3035 4999 ut
3066 4937 3156 5000 ait
3186 4938 3463 5021 Scriptu-

3518 3975 3551 4081 ¹2¹
3566 3977 3673 4031 Περ.
3686 3989 3752 4026 vn.

3496 4043 3511 4081 t
3548 4071 3559 4082 .

1971 5053 2061 5110 ra,
2097 5035 2447 5097 secundum
2490 5034 2773 5116 judicem
2821 5035 3065 5117 populi,
3110 5035 3202 5099 sic
3236 5044 3299 5100 et
3346 5037 3464 5100 mi·
3492 5059 3755 5110 Rectam.

1971 5131 2154 5194 nistri
2189 5132 2365 5212 ejus;
2408 5140 2469 5194 et
2504 5132 2713 5214 qualis
2758 5141 2853 5195 est
2905 5141 3109 5196 rector
3158 5133 3457 5211 civitatiS,

1967 5231 2123 5293 tales
2156 5240 2219 5293 et
2251 5231 2681 5294 inhabitantes
2714 5232 2782 5293 in
2813 5251 2907 5295 ea.
2942 5231 3031 5294 Ac
3061 5233 3115 5294 si
3158 5233 3461 5297 Dominus

1964 5328 2203 5392 diceret
2225 5327 2323 5392 :Si
2358 5335 2427 5391 tu
2447 5329 2680 5392 vixeris
2709 5329 3011 5410 virtuose,
3033 5331 3307 5413 populus
3341 5332 3456 5394 tibi
