4359 6250
855 495 936 562 :³6
1713 513 2058 561 asam-no
2099 513 2162 560 m
2204 513 2343 560 car.
2390 513 2449 558 vi
2488 512 2693 560 Joscs.
2736 533 2819 544 —
2856 515 3002 561 m.
3046 515 3089 562 x

577 706 826 755 amena,
855 689 934 750 de
986 687 1158 749 inira
1205 686 1412 749 fertur
1443 708 1459 750 ε
1495 687 1836 748 Transistis
1873 687 2237 762 Iordanem,
2280 693 2344 746 et
2376 683 2427 746 A
2450 679 2753 767 jectione.
2788 690 3197 767 Inqressique
3226 689 3523 764 juvem,
3572 689 3931 746 edm-erunt

567 1285 604 1329 11
621 1286 728 1330 Cor.
743 1289 830 1336 ιβ.

855 786 1122 848 venistis
1165 786 1442 848 Iericho.
1495 786 2072 866 Pugnaveruntque
2123 793 2349 847 contra

853 904 968 948 vos
999 885 1120 946 viri
1141 885 1444 960 civitatiS,
1468 885 1870 947 Amorrbaeus
1901 894 1963 947 et
1983 884 2349 946 Pherezaeus

855 991 917 1046 et
949 983 1341 1046 Cbananaeus
1369 991 1432 1046 et
1467 983 1761 1046 flethaeus
1791 991 1850 1045 et
1883 983 2254 1063 Gergesaeus
2286 989 2351 1043 et

855 1081 1119 1144 Hevaens
1149 1089 1211 1143 et
1239 1081 1585 1144 lebusaeus.

939 1179 1388 1242 Verumtamen
1415 1179 1674 1242 crudele
1707 1179 1976 1242 fortasse
1999 1178 2205 1241 videri
2238 1195 2352 1260 po-

863 1287 1004 1354 test,
1022 1279 1195 1359 quod
1215 1279 1378 1340 Deus
1399 1279 1980 1341 misericordiarum
2017 1276 2345 1352 DominuS,

859 1377 1052 1458 Jussit
1077 1377 1270 1439 etiam
1313 1375 1594 1439 infantes
1639 1386 1700 1438 et
1745 1377 2048 1439 mulieres
2091 1395 2164 1437 ac
2204 1376 2351 1436 ado-

863 1475 1242 1537 lescentulas
1285 1483 1480 1556 atque
1526 1475 1812 1555 jumenta
1859 1474 2090 1537 occidi.
2137 1474 2213 1534 Et
2258 1492 2351 1534 re-

861 1574 1514 1656 spondendum,quod
1537 1574 1701 1635 Deus
1729 1573 1902 1654 justo
1920 1573 2163 1654 judicio
2198 1571 2351 1634 fecit

861 1673 1004 1734 hoc.
1053 1671 1284 1735 Omnes
1331 1673 1502 1734 enim
1553 1671 1786 1734 adultae
1833 1671 2036 1734 aetatis
2083 1671 2343 1746 ibidem,

865 1789 990 1832 nou
1039 1771 1244 1833 solum
1289 1770 1723 1853 temporalem,
1759 1772 1868 1832 sed
1909 1770 2098 1832 etiam
2153 1769 2350 1831 infer-

2450 789 2683 848 Rahab
2710 797 2771 846 et
2796 797 3098 863 parentes
3126 788 3293 863 eju-s,
3322 787 3563 862 fratres
3592 804 3835 864 quoque
3874 791 3933 841 et

2450 896 2751 945 cunctam
2792 887 3253 962 supellectilem
3284 895 3345 944 et
3386 886 3823 960 coquationem
3864 881 3937 939 il·

2452 986 2605 1043 lius.
2649 983 2738 1044 Ex
2768 984 2889 1046 hoc
2920 983 3173 1046 videtur
3206 981 3371 1043 falsa
3410 1000 3551 1044 esse
3578 980 3797 1062 opinio
3826 979 3937 1039 He-

2454 1082 2795 1158 braeorum,
2835 1082 3189 1145 dicentium
3226 1081 3399 1163 quod
3456 1100 3619 1142 uuus
3654 1078 3937 1160 explora-

2458 1188 2665 1242 torum
2710 1180 2967 1244 illorum
3014 1181 3133 1242 fuit
3164 1179 3378 1254 Caleb,
3410 1179 3711 1260 quoniam
3746 1175 3934 1239 Caleb

2454 1279 2585 1359 jam
2616 1289 2747 1341 erat
2780 1279 3247 1358 octogenarius,
3280 1279 3459 1340 Unde
3486 1287 3548 1341 et
3578 1276 3749 1338 infra
3782 1293 3797 1336 ε
3828 1273 3937 1338 00-

2458 1379 2701 1458 toginta
2729 1379 3034 1459 quinque,
3064 1379 3289 1458 inquit,
3310 1396 3623 1440 annorum
3656 1395 3793 1438 sum
3826 1373 3937 1436 ho-
3986 1397 4121 1439 Jeme
4138 1409 4213 1441 m,

2456 1479 2584 1540 die.
2620 1479 2711 1540 Ad
2752 1479 2869 1540 hoc
2900 1479 3161 1558 quidam
3194 1478 3600 1559 respondent,
3633 1475 3803 1557 quod
3834 1493 3937 1537 ex-
3966 1464 4029 1502 ¹⁰·

2458 1577 2807 1658 plor-atores
2850 1577 2977 1645 isti,
3010 1578 3277 1658 juvenes
3316 1583 3763 1657 nuncupantur
3804 1592 3933 1636 nou

2456 1676 2703 1738 ratione
2730 1677 2955 1745 aetatis,
2992 1677 3102 1737 sed
3144 1675 3389 1738 roboris
3426 1683 3490 1736 et
3526 1672 3935 1751 magnanimi-

2458 1772 2627 1835 tatiS.
2662 1774 2887 1856 Aptius
2926 1782 3137 1836 tamen
3168 1773 3293 1835 dici
3322 1773 3419 1852 (ui
3452 1771 3665 1850 fallor)
3700 1779 3931 1853 posset,

863 1869 1068 1931 nalem
1103 1878 1368 1932 mortem
1415 1878 1782 1931 meruerunt
1811 1878 1876 1931 et
1915 1869 2343 1942 incurrerunt,
2388 1873 2432 1934 B
2456 1874 2629 1954 quod
2657 1873 2927 1953 quidam
2956 1873 3225 1953 juvenes
3258 1871 3447 1933 simul
3479 1891 3623 1933 cum
3654 1869 3937 1951 explora-

859 1969 1013 2050 quia
1041 1987 1156 2051 per
1199 1967 1572 2050 temporalia
1613 1967 1724 2030 illa
1757 1967 2013 2048 flagella
2059 1987 2187 2031 non
2221 1986 2351 2049 poe-

861 2066 1212 2130 nituerunt.
1251 2065 1408 2128 Cum
1459 2066 1746 2148 parvulis
1795 2075 2004 2129 autem
2059 2067 2345 2129 nondum

861 2167 1106 2229 ratione
1127 2165 1454 2228 utentibus
1475 2165 1970 2228 misericorditer
1985 2174 2199 2228 actum
2224 2173 2343 2240 est,

859 2265 1032 2345 quod
1073 2264 1270 2328 occisi
1313 2271 1462 2326 sunt
1489 2273 1834 2346 antequam
1869 2283 2132 2346 peccare
2165 2272 2351 2345 potu-

861 2371 1050 2425 eruut
1081 2383 1096 2427 :
1131 2363 1244 2443 qui
1297 2363 1350 2423 si
1399 2363 1482 2424 ad
1513 2370 1762 2424 aetatem
1807 2363 2134 2426 venissent
2169 2361 2351 2424 adul·

863 2471 1014 2536 tam,
1049 2468 1418 2544 peccassent
1452 2459 1732 2541 graviter
1773 2469 1836 2522 et
1869 2461 2205 2542 perissent.
2248 2461 2352 2522 Ju-

865 2569 1080 2622 menta
1125 2578 1278 2622 vero
1335 2559 1400 2620 in
1451 2558 1930 2622 detestationem
1994 2559 2349 2623 facinorum

865 2657 1196 2720 bominum
1227 2665 1376 2718 sunt
1413 2658 1642 2719 occisa.
1685 2657 2010 2734 Praeterea,
2043 2659 2347 2740 quoniam

863 2754 1014 2816 urbs
1059 2755 1170 2816 1118
1211 2763 1340 2816 tam
1371 2753 1734 2836 specialiter
1779 2775 1848 2818 se
1890 2757 2160 2820 armavit
2206 2776 2352 2820 con-

863 2861 960 2914 tra
991 2851 1163 2915 filios
1183 2852 1394 2928 Israel,
1429 2852 1662 2914 meruit
1695 2860 1823 2915 tam
1853 2855 2217 2936 specialiter
2246 2857 2351 2919 de-

859 2951 1018 3012 strui
1065 2960 1130 3012 et
1187 2951 1414 3014 occidi.
1470 2951 1689 3014 Voluit
1747 2972 2005 3034 quoque
2051 2955 2219 3017 Deus
2278 2955 2347 3017 iu

2460 1970 2703 2034 toribus
2746 1972 3005 2034 domum
3058 1971 3274 2032 Rabab
3317 1969 3588 2052 ingressi
3628 1969 3777 2044 sint,
3822 1985 3939 2049 pro

2458 2070 2686 2151 majori
2738 2070 3005 2132 tuitione
3052 2078 3117 2132 et
3164 2069 3582 2132 subventione
3637 2066 3937 2130 exsisten-

2458 2169 2617 2230 tium
2669 2167 2785 2231 ibi.
2828 2171 2915 2229 Et
2954 2179 3144 2228 extra
3183 2178 3395 2228 castra
3436 2170 3641 2228 Israel
3678 2185 3933 2226 manere

2454 2269 2775 2344 fecerunt,
2806 2267 2871 2328 id
2900 2273 3019 2342 est,
3040 2265 3253 2328 Rahab
3282 2274 3349 2328 et
3376 2265 3811 2345 cognationem
3845 2263 3939 2344 ip-

2458 2366 2593 2428 sius
2625 2365 2915 2428 fecerunt
2960 2364 3084 2426 filii
3116 2363 3303 2426 Israel
3352 2382 3633 2426 seorsum
3682 2361 3933 2436 morari,

2455 2464 2761 2545 quoniam
2800 2463 2923 2524 viri
2963 2463 3077 2544 qui
3120 2471 3303 2526 erant
3346 2462 3415 2523 in
3459 2460 3571 2524 illa
3618 2459 3937 2540 cognatio·

2460 2581 2563 2640 ne,
2598 2562 2867 2624 necdum
2916 2560 3169 2623 fuerant
3216 2561 3599 2624 circumcisi.
3634 2559 3757 2622 Nec
3804 2566 3939 2621 erat

2456 2660 2863 2740 congregatio
2912 2659 3024 2720 illa
3074 2659 3279 2721 adhuc
3330 2659 3483 2720 satis
3544 2665 3805 2740 purgata
3854 2655 3938 2718 ab

2458 2757 2837 2832 idololatria,
2874 2775 2991 2820 uec
3030 2758 3107 2818 ad
3144 2757 3539 2818 Judaismum
3572 2755 3759 2838 plene
3788 2772 3939 2817 con-

2458 2876 2661 2920 versa.
2709 2856 3115 2918 Postmodum
3168 2873 3319 2918 vero
3366 2853 3461 2916 eis
3509 2853 3829 2916 conversis
3876 2860 3939 2914 et

2458 2954 2879 3037 incorporatis
2924 2953 3164 3036 populo
3193 2953 3402 3027 Israel,
3448 2953 3612 3014 inter
3650 2951 3937 3015 Hebraeos

859 3048 1290 3112 destructione
1319 3049 1500 3111 urbis
1533 3049 1708 3112 illius
1742 3050 1949 3132 primo
1971 3061 2249 3130 vastatae,
2270 3053 2349 3114 ri-
2376 3053 2421 3117 C
2457 3053 2927 3116 habitaverunt.
2952 3053 3216 3135 Propter
3246 3052 3417 3134 quod
3450 3051 3780 3114 subditur:
3814 3053 3940 3112 Ra-

859 3166 1076 3229 gorem
1107 3168 1237 3212 suae
1265 3149 1530 3230 justitian
1561 3158 1689 3212 tam
1711 3151 2072 3232 specialiter
2092 3153 2349 3215 demon-

859 3255 1080 3323 strare,
1115 3246 1192 3309 ad
1242 3247 1514 3311 aliorum
1555 3249 2060 3330 perterritionem
2111 3250 2351 3313 Chana-

861 3365 1166 3425 naeorum,
1200 3356 1270 3409 ut
1301 3348 1682 3429 poeniterent
1713 3358 1776 3411 et
1796 3358 2342 3426 converterentur,

867 3454 1202 3527 pensantes
1251 3465 1318 3509 se
1367 3446 1490 3509 Deo
1529 3445 1950 3523 Hebraeorum,
1979 3448 2091 3528 qui
2145 3455 2237 3511 tot
2286 3455 2352 3510 et

867 3552 1038 3606 tanta
1065 3544 1194 3625 egit
1225 3544 1566 3620 mirabilia,
1603 3544 1898 3609 resistere
1939 3564 2066 3607 non
2108 3546 2343 3611 valere.

867 3642 1312 3705 Verumtamen
1343 3662 1472 3725 prae
1495 3642 1693 3705 nimia
1711 3644 2130 3707 excaecatione
2159 3654 2224 3708 et
2244 3646 2353 3708 ob—

581 3752 839 3825 .‘⁰⁸“⁶¹¹’²
865 3740 1205 3805 stinatione
1236 3740 1354 3803 hoc
1387 3758 1512 3803 non
1543 3741 1975 3818 adverterunt,
2011 3742 2233 3825 paucis
2254 3745 2353 3821 (ut

577 3818 642 3858 27.

869 3838 1034 3901 infra
1081 3839 1378 3919 babetur)
1405 3840 1707 3921 exceptis,
1745 3840 1902 3903 Hinc
1943 3842 2225 3919 demum,
2282 3850 2353 3903 ut

867 3947 1042 4020 put0,
1075 3938 1238 4001 Deus
1290 3938 1443 4001 fecit
1486 3936 1660 4001 tilios
1711 3938 1897 4000 lsrael
1945 3958 2059 4021 per
2109 3948 2349 4023 septem

866 4035 1002 4099 dies
1044 4036 1248 4118 ipsam
1277 4036 1526 4099 Jericbo
1558 4036 1851 4113 circuire,
1886 4047 2204 4119 quat-enus
2255 4059 2355 4102 ex-

869 4134 1162 4197 sistentes
1193 4133 1258 4196 in
1291 4152 1384 4211 ea,
1421 4134 1672 4198 interim
1708 4135 2112 4216 poeniterent‚
2149 4139 2355 4201 consi-

602 4245 840 4297 stamus·
867 4233 1146 4296 derando
1175 4250 1249 4295 ea
1277 4252 1420 4314 quae
1451 4231 1665 4295 Rahab
1695 4233 2146 4298 consideravit.

579 4310 645 4352 ll.

577 5034 696 5079 lbid.
711 5048 754 5087 u,
773 5038 838 5079 ¹5.

965 4334 1226 4392 Duobus
1275 4341 1490 4393 autem
1541 4332 1704 4391 viris
1755 4334 1870 4411 qui
1917 4338 2351 4411 exploratores

869 4431 1051 4491 missi
1089 4431 1380 4506 fucrant,
1413 4430 1588 4491 dimit
1615 4433 1805 4492 losuc
1835 4451 1858 4491 :
1897 4435 2343 4509 Inyredimini

866 4530 1130 4589 domum
1168 4530 1466 4589 mulieris
1507 4530 1882 4601 meretricis,
1914 4540 1974 4590 et
2009 4534 2348 4607 producite

869 4630 1078 4697 illam,
1109 4636 1170 4685 et
1195 4629 1418 4686 omnia
1451 4646 1593 4704 quae
1623 4628 1808 4687 illius
1835 4638 2016 4698 sunt,
2035 4632 2207 4690 sicut
2236 4633 2345 4692 illi

850 4726 1233 4801 juramento
1261 4723 1595 4799 firmastis,
1629 4723 1796 4785 Istud
1823 4724 2012 4787 Josue
2041 4726 2253 4806 jussit,
2289 4740 2352 4793 et

867 4821 1294 4903 exploratores
1327 4818 1618 4883 fecerunt
1658 4830 1803 4883 ante
1834 4821 2353 4891 interfectionem

867 4939 1087 4984 eorum
1126 4918 1238 5000 qui
1291 4925 1472 4981 crant
1512 4918 1580 4979 in
1619 4918 1891 4984 Jericbo.
1937 4922 2055 4985 Sed
2086 4924 2348 5004 mirum,

867 5019 1042 5101 quod
1065 5019 1292 5082 domus
1314 5016 1528 5079 Rahab
1549 5037 1692 5100 quae
1717 5038 1898 5083 muro
1921 5020 2200 5084 civitatis
2225 5025 2354 5087 1118-

869 5117 1066 5194 rebat,
1123 5135 1250 5179 non
1301 5116 1550 5193 cecidit,
1607 5137 1724 5181 nec
1777 5137 2080 5201 oppressa
2129 5131 2227 5185 est
2276 5144 2353 5186 ex

867 5216 1033 5279 muri
1067 5216 1274 5278 ruina.
1300 5215 1532 5278 Verum
1565 5215 1870 5298 perfacile
1905 5218 2027 5280 suit
2055 5218 2353 5302 Omnipo-

865 5314 1047 5393 tonti,
1081 5315 1338 5379 domum
1385 5314 1558 5377 illam
1601 5334 1638 5377 a
1669 5314 1779 5377 tali
1832 5334 2217 5397 praeservare
2250 5321 2351 5383 de-

2458 3155 2583 3213 hab
2608 3164 2669 3213 ct
2698 3156 2963 3213 domum
3001 3154 3215 3229 patris
3256 3154 3419 3229 ejus,
3450 3161 3510 3213 et
3553 3152 3769 3211 omnia
3798 3170 3941 3229 quoe

2459 3252 2745 3321 habebat,
2799 3249 3098 3313 videlieet
3144 3249 3428 3312 sobolem
3476 3268 3587 3311 seu
3636 3256 3935 3329 cognatos

2456 3368 2531 3411 ac
2580 3367 2831 3431 pecora,
2884 3350 3040 3425 fecit
3084 3352 3273 3410 Josue
3322 3350 3558 3417 vivere,
3585 3347 3648 3409 id
3698 3354 3814 3423 est,
3858 3347 3939 3408 ab

2458 3447 2778 3511 occisione
2818 3447 3097 3528 eripuit3
3131 3457 3191 3506 et
3230 3448 3682 3507 habitaverunt
3714 3448 3786 3504 in
3818 3466 3941 3504 mc-

2458 3550 2568 3606 dio
2612 3551 2859 3608 Israel:
2890 3546 3019 3607 imo
3067 3544 3187 3606 filii
3236 3543 3423 3607 lsrael
3470 3543 3939 3607 honoraverunt

2460 3645 2661 3727 ipsam
2696 3645 2909 3707 Rahab
2948 3642 3344 3719 muneribus,
3378 3650 3442 3705 et
3486 3652 3765 3725 tempore
3801 3660 3942 3724 pro-

2458 3744 2743 3819 cedente,
2769 3742 2850 3806 ob
2882 3761 3062 3804 suam
3094 3740 3477 3824 probitatem
3504 3750 3567 3805 et
3598 3739 3751 3803 alias
3780 3740 3937 3803 emi-

2460 3842 2709 3904 nentias
2757 3842 2919 3923 eJuS‚
2957 3840 3211 3902 Salmon
3264 3838 3441 3900 filius
3472 3838 3747 3901 Naasson
3798 3856 3937 3901 eam

2459 3940 2639 4002 duxit
2668 3958 2951 4003 uxorem.
2969 3938 3071 4001 Sic
3100 3955 3250 4017 ergo
3281 3936 3727 4002 habitaverunt
3748 3958 3945 4017 usque

2462 4040 2535 4099 in
2558 4048 2937 4117 praesentem
2965 4038 3163 4098 diem.
3213 4036 3337 4099 Hoc
3384 4034 3654 4099 refertur
3682 4035 3759 4097 ad
3792 4044 3945 4097 tem-

2462 4156 2581 4219 pus
2620 4155 2751 4218 quo
2792 4143 3012 4198 auctor
3058 4134 3203 4196 libri
3246 4134 3438 4215 hujus
3482 4134 3613 4196 11188
3664 4133 3939 4215 scripsit.

2385 4236 2433 4297 D
2459 4237 2647 4298 Josue
2667 4252 2924 4317 quoque
2947 4233 3163 4297 retulit
3192 4241 3400 4315 grates
3423 4232 3635 4295 Rahab
3665 4249 3780 4314 pro
3799 4251 3947 4295 con-

2463 4334 2821 4397 servatione
2868 4332 3362 4415 exploratorum,
3398 4340 3461 4394 et
3508 4331 3754 4411 magnis
3802 4350 3943 4394 eam

2462 4433 2705 4497 dotavit
2734 4432 3001 4495 divitiis.

2542 4535 2625 4592 In
2658 4542 2931 4607 tempore
2960 4532 3073 4589 illo
3106 4531 3491 4608 imprecatus
3518 4538 3609 4591 est
3634 4532 3841 4598 Josue,
3876 4528 3943 4591 id

2462 4638 2579 4705 est,
2614 4627 2962 4703 maledixit,
3008 4645 3121 4689 seu
3170 4626 3409 4689 malum
3454 4646 3657 4709 poenae
3694 4626 3945 4709 optavit

2462 4738 2525 4793 et
2558 4726 2899 4801 invocavit,
2932 4724 3076 4786 urbi
3102 4724 3353 4787 Jericho
3382 4744 3459 4789 ex
3489 4724 3621 4788 zelo
3648 4724 3943 4807 justitiae,

2461 4830 2731 4889 dicens:
2765 4826 3148 4887 Maledictus
3196 4827 3324 4894 vir,
3370 4823 3618 4906 supple,
3674 4824 3814 4901 erit,
3850 4846 3947 4886 co-

2460 4948 2607 4988 ram
2636 4926 2937 4995 Domum,
2987 4922 3211 4986 saltem
3262 4922 3469 5003 quoad
3524 4922 3939 5005 temporalem

2459 5023 2929 5098 adversitatem,
2964 5030 3027 5083 et
3070 5030 3328 5104 propter
3366 5020 3928 5101 transgressionem

2460 5122 2759 5206 praecepti
2793 5120 2915 5184 erit
2952 5120 3316 5203 culpabiHS‚
3349 5122 3468 5201 qui
3494 5123 3945 5193 suscitaverit,

2461 5223 2524 5285 id
2546 5229 2663 5299 est,
2680 5238 3055 5301 recuperare
3086 5218 3418 5301 inceperit,
3432 5229 3492 5280 et
3518 5221 3945 5297 oedificaverit

2456 5323 2785 5381 civitatem
2819 5321 3095 5390 Jerielw,
3128 5319 3415 5381 eamdem
3450 5317 3517 5379 in
3558 5316 3789 5400 specie,
3826 5337 3944 5381 seu

4281 0 4319 1350 ²
