4359 6250
624 1389 759 1432 Num.
773 1391 867 1442 τι,3,

634 2572 743 2616 Gen.
760 2585 871 2623 xxiv,

609 2637 677 2679 6³.

898 491 1013 558 182
1644 508 1990 554 mannum
2034 507 2093 552 ns
2138 505 2276 552 car.
2325 504 2434 550 xm
2472 503 2747 549 Jumcmi.
2792 522 2872 532 —
2911 503 3054 549 aar.
3101 501 3232 548 xxu

899 683 1020 759 niS‚
1053 682 1337 763 loquitur
1370 682 1435 744 in
1467 697 1581 744 sua
1612 680 1897 744 oratione
1926 679 2005 740 de
2026 676 2294 740 Domino
2323 683 2386 736 ct
2415 673 2468 734 A
2496 677 2584 735 ad
2615 678 2858 736 Alanue
2889 695 2910 733 .·
2942 677 3039 735 Ab
3066 675 3362 735 omnibus
3390 695 3534 753 quse
3563 677 3810 734 locutus
3837 691 3990 731 sum

897 781 977 842 de
1006 782 1154 858 Deo,
1188 781 1373 864 quasi
1411 782 1491 844 de
1528 781 1653 844 alio
1694 788 1757 841 et
1793 779 1941 855 alio,
1978 795 2175 859 quum
2219 775 2386 836 idem
2498 775 2695 832 aaron·
2740 783 2885 844 tuce,
2929 775 3245 833 abstineat
3275 793 3364 842 se,
3393 771 3456 834 id
3501 780 3620 847 est,
3653 771 3876 834 vinum
3921 778 3988 831 et

898 880 982 942 sit
1029 882 1195 943 Deus
1244 889 1307 943 et
1352 881 1681 943 Dominus.
1738 881 1965 940 Veniat
2014 879 2276 945 iterum,
2327 883 2388 933 et

897 981 1117 1040 doceat
1148 1000 1259 1039 nos
1281 981 1445 1059 quid
1473 981 1812 1038 debeamus
1839 978 2053 1054 facere
2080 979 2160 1034 de
2180 992 2384 1051 puero

898 1079 1015 1156 qui
1045 1079 1417 1138 nasciturus
1444 1087 1555 1148 est,
1577 1076 1638 1138 id
1670 1084 1785 1152 est,
1812 1073 2086 1156 qualiter
2114 1089 2384 1155 puerum

899 1175 1069 1237 hunc
1121 1175 1514 1238 nasciturum
1560 1173 1970 1236 tractabimus
2010 1179 2072 1233 et
2094 1170 2382 1232 alemus,

898 1273 1348 1336 Verumtamen
1378 1273 1499 1336 hoc
1520 1293 1595 1335 ex
1625 1274 1763 1351 lege
1793 1271 2001 1354 potuit
2029 1270 2250 1331 Manuc
2275 1266 2388 1329 sci-

900 1391 990 1448 re,
1022 1390 1222 1454 quum
1267 1371 1333 1433 in
1376 1372 1795 1435 Numerorum
1837 1369 1999 1432 libro
2038 1369 2308 1442 dicatur,
2352 1385 2389 1426 a

900 1469 1135 1550 quibus
1160 1471 1480 1533 Nazaraeus
1511 1471 1737 1533 debeat
1764 1468 2103 1531 abstinere.
2125 1465 2246 1529 Sed
2267 1465 2389 1527 hoc

900 1568 1001 1630 vel
1035 1568 1371 1647 ignoravit,
1405 1577 1513 1630 aut
1543 1569 1793 1651 plenius
1825 1567 1988 1630 scire
2017 1564 2263 1648 optavit
2290 1563 2388 1624 vir

902 1666 1043 1730 iste.
1096 1669 1592 1748 Eoeaudivitque
1643 1668 1963 1729 Dominus
2014 1672 2387 1742 precante-m

901 1768 1244 1836 Manae,et
1274 1769 1583 1844 apparuit
1612 1786 1839 1825 rursus
1868 1769 2140 1841 anyelus
2172 1762 2388 1824 Domi-

898 1867 973 1924 m'
1014 1866 1211 1924 umori
1238 1866 1400 1941 ejus.
1426 1864 1604 1926 Unde
1632 1871 1914 1945 apparet,
1944 1862 2115 1944 quod
2147 1860 2388 1922 femina
2417 1855 2463 1916 B
2499 1855 2730 1933 legitur
2766 1875 2778 1918 :
2817 1856 3079 1919 Acetum
3121 1875 3196 1918 cx
3237 1856 3411 1932 vino,
3446 1865 3508 1918 et
3545 1855 3862 1936 quidquid
3903 1856 3988 1917 dc
4035 1875 4238 1917 xmus

897 1962 1009 2024 illa
1040 1961 1067 2023 s
1070 1962 1162 2025 uit
1192 1963 1418 2025 marito
1448 1981 1562 2025 suo
1592 1961 1901 2038 devotior,
1934 1966 2127 2041 atque
2156 1959 2238 2022 ob
2269 1959 2388 2021 hoc

896 2061 1182 2142 angelica
1228 2061 1627 2144 apparitione
1675 2059 2071 2140 condignior.
2122 2059 2391 2120 Sedena·

898 2162 970 2220 in
1003 2181 1181 2236 aym.
1215 2164 1459 2222 Manue
1498 2171 1718 2221 autem
1760 2161 2037 2219 maritus
2074 2159 2216 2235 ejus
2259 2176 2389 2216 non

898 2269 1037 2319 erat
1066 2280 1215 2319 cum
1244 2280 1343 2320 ea.
1362 2259 1496 2322 Non
1529 2257 1824 2340 apparuit
1854 2257 1912 2320 ei
1945 2255 2214 2336 angelus
2243 2272 2386 2316 cum

901 2355 1045 2418 aliis
1077 2356 1402 2433 residenti,
1425 2364 1533 2419 aut
1566 2371 1739 2419 more
1772 2355 2049 2440 femineo
2071 2353 2218 2416 aliis
2247 2371 2391 2414 con-

904 2452 1238 2533 fabulanti,
1272 2456 1382 2518 sed
1423 2454 1705 2518 solitarie
1738 2452 2108 2517 consedenti
2142 2451 2208 2513 in
2241 2469 2391 2531 agro

902 2553 981 2616 ad
1010 2553 1446 2616 meditandum
1477 2561 1671 2635 atque
1698 2553 2005 2615 orandum
2036 2568 2049 2612 :
2085 2550 2167 2613 ob
2198 2568 2388 2631 quam

902 2671 1156 2715 causam
1206 2661 1269 2714 et
1316 2653 1484 2715 Isaac
1538 2652 1903 2732 frequenter
1953 2648 2392 2729 egrediebatur

906 2750 971 2812 in
1003 2769 1249 2832 agrum.
1285 2751 1535 2814 Secreta
1568 2769 1843 2830 namque
1872 2749 2089 2812 divina
2121 2756 2182 2810 et
2223 2766 2394 2810 revc-

904 2848 1173 2912 lationes
1213 2868 1285 2911 ac
1317 2847 1750 2930 apparitiones
1790 2847 2114 2928 angelicae,
2152 2865 2280 2909 non
2323 2845 2390 2906 in

903 2946 1283 3008 tumultibus
1324 2954 1432 3008 aut
1476 2945 1838 3028 frequentia
1879 2945 2235 3022 hominum,
2281 2945 2389 3008 sed

2496 869 2762 932 siceram
2795 878 2858 932 et
2887 889 3140 932 omnem
3172 870 3386 933 cibum
3419 870 3558 950 lege
3590 868 3986 951 prohibitum

2495 968 2654 1030 vitet
2701 985 2815 1050 per
2857 987 3045 1031 omne
3097 976 3345 1050 tempus
3391 967 3536 1031 vitae
3583 986 3736 1042 suae,
3782 985 3983 1048 quum

2497 1065 2751 1128 futurus
2801 1067 2883 1127 sit
2932 1085 3249 1128 nazaraeus
3297 1066 3404 1128 Dei
3447 1086 3652 1148 usque
3695 1066 3775 1127 ad
3819 1083 3988 1127 mor-

2497 1173 2646 1226 tem.
2682 1164 2798 1239 Qui
2845 1173 3054 1227 autc-m
3103 1167 3181 1228 ad
3228 1173 3478 1246 'tempus
3520 1174 3764 1228 certum
3801 1171 3985 1226 erant

2499 1264 2785 1339 nazaraei,
2813 1284 2925 1345 per
2956 1273 3205 1346 tempus
3239 1264 3396 1325 illud
3429 1263 3508 1326 ab
3541 1263 3986 1343 hujuscemodi

2498 1362 2658 1424 cibis
2706 1379 2777 1424 ac
2825 1362 3082 1444 potibus
3128 1363 3555 1424 abstinebant.
3590 1361 3780 1423 Mater
3827 1381 3990 1442 quo-

2497 1480 2622 1541 quc
2655 1461 2976 1525 Samsonis
3022 1461 3381 1523 abstinebat
3423 1481 3460 1523 a
3506 1461 3735 1522 talibus
3779 1480 3988 1542 usque

2497 1560 2573 1622 ad
2617 1560 2798 1641 pueri
2841 1559 2940 1622 sui
2979 1560 3401 1624 natJvitatcm.
3436 1563 3523 1621 Et
3552 1561 3878 1639 quidqu-id
3903 1581 3990 1618 ex-

2498 1660 2687 1718 vinea
2711 1660 3022 1729 noscitur,
3042 1679 3172 1720 non
3193 1662 3498 1728 comedat,
3509 1658 3809 1721 videlicet
3829 1677 3987 1721 uvas

2497 1765 2606 1817 aut
2635 1777 2823 1820 uvam
2857 1757 3303 1839 passam.Hinc
3335 1757 3399 1818 in
3432 1757 3720 1819 Numeris
3750 1755 3988 1834 clarius

2500 1973 2623 2016 uva
2671 1954 3073 2036 exprimitur,
3110 1972 3237 2017 non
3288 1953 3485 2030 bibet,
3523 1953 3820 2017 videlicet
3867 1974 3986 2016 nec
4016 1942 4056 1983 *-

2500 2062 2841 2132 agrestam,
2901 2073 3017 2115 nec
3067 2073 3224 2116 uvas
3285 2061 3603 2128 recente5‚
3655 2053 3987 2134 siccasque
4296 2123 4297 2140 ἦ

2501 2170 2626 2214 non
2670 2152 2979 2214 comedet.
3013 2150 3333 2234 Quidquid
3375 2171 3450 2214 ex
3481 2151 3668 2214 vinea
3699 2171 3838 2214 esse
3877 2171 3988 2233 po-
4296 2153 4297 2226 ἢ

2502 2259 2642 2324 tcst,
2679 2250 2760 2312 ab
2805 2269 2928 2311 uva
2966 2270 3153 2332 passa
3189 2270 3392 2332 usquc
3435 2251 3513 2312 ad
3544 2251 3823 2327 acinum,
3858 2269 3988 2312 non
4296 2237 4297 2276 *

2500 2350 2810 2412 comedet.
2851 2353 2931 2410 Et
2961 2353 3131 2429 quod
3150 2353 3214 2409 ei
3237 2351 3544 2427 proecepi,
3577 2349 3640 2411 id
3674 2358 3792 2424 cst,
3815 2349 3989 2430 quod
4296 2423 4297 2434 χ

2503 2467 2698 2529 puero
2727 2446 3047 2510 nascituro
3077 2448 3542 2510 observandum
3576 2447 3848 2530 praefixi,
3871 2450 3993 2508 im-
4296 2440 4297 2516 ἰ

2493 2551 2670 2623 pleat
2720 2566 2932 2627 opere,
2985 2557 3176 2626 atque
3224 2549 3541 2607 custodiat
3589 2545 3846 2610 assidua
3895 2566 3992 2608 re·
4296 2533 4297 2566 Τ

2501 2645 2888 2720 cordatione,
2932 2665 3012 2706 ne
3065 2645 3179 2708 fiat
3231 2653 3656 2725 transgressor
3703 2653 3991 2727 tempore

2503 2744 2903 2824 procedente.
3725 2739 3728 2744 ’

2581 2843 2746 2903 Diaei
2750 2852 2772 2901 t
2806 2844 3020 2922 itaque
3055 2846 3295 2904 risanae
3325 2863 3348 2902 .·
3383 2844 3638 2903 Obsecro
3671 2851 3744 2902 ut
3773 2845 3991 2922 acqui-

2499 2961 2670 3000 escas
2694 2942 2988 3016 precibus
3031 2943 3208 3012 mez’S,
3252 2951 3311 3001 et
3340 2942 3666 3016 faciamus
3708 2942 3828 3000 tibi
3865 2943 3992 3000 11oe-

906 3045 972 3106 in
1022 3045 1323 3107 solitariis
1370 3053 1434 3108 et
1482 3045 1743 3109 secretis
1793 3044 1950 3107 locis
1992 3041 2390 3107 manifestari
2423 3041 2467 3104 C
2499 3042 2660 3098 dum
2691 3041 2768 3098 de
2801 3042 3038 3116 capris.
3079 3038 3193 3101 Per
3223 3038 3358 3101 haec
3388 3037 3599 3111 verba,
3637 3040 3988 3102 secundum

904 3152 1393 3209 consueverunt.
1443 3148 1597 3213 Quoe
1640 3165 1841 3225 quum
1890 3146 2154 3204 vidisset
2203 3164 2394 3221 anye-

905 3249 1065 3315 Zum,
1078 3246 1417 3320 festinavit
1434 3253 1494 3304 et
1515 3246 1809 3304 cucurrit
1828 3246 1917 3303 ad
1936 3245 2155 3303 virum
2175 3264 2388 3313 suu-m,

902 3344 1365 3422 nuntiavitque
1412 3344 1499 3411 ei,
1548 3345 1767 3402 dicens
1807 3362 1830 3402 .·
1877 3346 2035 3404 Ecce
2080 3345 2390 3418 apparui!

904 3441 1071 3501 milti
1102 3442 1208 3500 vir
1235 3461 1424 3520 quem
1455 3451 1603 3501 ante
1634 3440 2060 3502 v1·deram.·Ex
2092 3439 2192 3500 his
2225 3438 2394 3501 vidc-

905 3546 1029 3614 tur,
1064 3538 1233 3618 quod
1279 3538 1438 3603 vidit
1478 3538 1771 3618 angelum
1824 3558 1861 3599 a
1905 3538 2092 3619 longe
2137 3538 2394 3601 venien-

902 3644 1052 3713 tem,
1099 3646 1163 3701 et
1210 3646 1546 3718 antequam
1598 3656 1733 3700 eam
1782 3638 2069 3712 accessit,
2111 3637 2253 3719 ipsa
2291 3657 2394 3699 cu-

901 3735 1101 3798 currit
1128 3737 1206 3799 ad
1229 3738 1436 3801 virum
1470 3755 1679 3798 suum.
1700 3736 1835 3800 Non
1866 3754 2015 3816 ergo
2048 3735 2392 3819 improvise

901 3845 964 3898 et
1013 3835 1222 3898 subito
1264 3843 1411 3897 ante
1457 3854 1593 3898 eam
1646 3835 1841 3911 stetit,
1891 3856 1971 3899 nc
2021 3845 2083 3898 et
2128 3837 2268 3918 ipsa
2317 3856 2391 3897 ex

904 3932 1023 3995 hoc
1067 3930 1423 3994 adverteret
1465 3929 1763 4010 angelum
1806 3950 1967 3994 esse.
2016 3934 2144 4001 Qui
2184 3950 2392 3993 surre-

902 4034 1027 4103 oeit,
1058 4040 1117 4092 et
1143 4040 1393 4091 secutus
1422 4040 1511 4090 cst
1548 4050 1815 4089 uxorem
1853 4052 2062 4101 suam,
2098 4050 2240 4111 quae
2273 4032 2393 4094 fer-

902 4128 1073 4192 venti
1110 4129 1431 4191 alacritate
1463 4128 1874 4210 praecucurrit
1903 4130 1981 4190 ad
2012 4130 2332 4208 angelum.

2502 3138 2949 3217 Augustinum,
2991 3138 3212 3200 Manuc
3247 3138 3542 3201 invitavit
3581 3138 3876 3215 angelum
3907 3140 3988 3199 ad

2503 3236 2740 3317 pariter
2769 3237 3164 3318 epulandum·
3193 3255 3308 3318 pro
3339 3237 3564 3299 nuntio
3593 3236 3786 3313 bono,
3805 3244 3876 3297 ut
3903 3237 3990 3297 sit

2502 3354 2726 3397 sensus
2763 3352 2778 3395 :
2813 3336 3142 3398 Faciamus
3186 3336 3301 3397 tibi
3343 3335 3599 3399 hoedum
3641 3337 3720 3399 de
3751 3336 3986 3418 capris,

2504 3433 2565 3495 id
2599 3441 2716 3509 est,
2753 3434 3013 3496 hoedum
3046 3435 3124 3497 de
3152 3452 3342 3514 grege
3372 3453 3701 3515 caprarum
3747 3453 3994 3516 praepa-

2503 3552 2714 3595 remus
2746 3533 2865 3595 tihi
2899 3534 2974 3595 ad
3006 3534 3489 3597 comedendum.
3511 3536 3633 3596 Cui
3659 3536 3992 3611 respondit

2501 3636 2769 3708 anyelus
2799 3653 2822 3691 .·
2853 3634 2942 3693 Si·
2981 3653 3078 3692 me
3125 3635 3319 3709 6092'8,
3372 3633 3432 3694 id
3482 3640 3599 3708 est,
3652 3641 3992 3714 quantum·

2501 3750 2777 3812 cumque
2810 3730 3122 3794 instanter
3142 3739 3249 3792 aut
3282 3730 3644 3813 importune
3666 3732 3988 3813 rogaveris

2501 3848 2603 3891 me
2657 3850 2670 3893 ε
2727 3829 2892 3891 sicut
2943 3828 3007 3889 in
3056 3828 3284 3891 Genesi
3336 3830 3598 3908 legitur,
3635 3830 3820 3910 ⁴quod
3870 3830 3988 3893 Lot

2501 3927 2810 4009 compulit
2842 3926 3101 4006 angelos
3133 3928 3393 4009 oppid0‚
3427 3928 3490 3989 id
3519 3936 3640 4003 est,
3673 3927 3860 3991 valde
3891 3928 3991 3989 in-
4023 3946 4244 3988 Gemma

2500 4034 2739 4087 stanter
2769 4025 3034 4105 rogavit,
3068 4034 3129 4088 ct
3159 4026 3341 4108 quasi
3375 4027 3574 4089 instar
3600 4026 3992 4108 compellen-

2504 4125 2580 4186 tis
2631 4144 2699 4187 se
2748 4124 3008 4201 habuit3
3046 4145 3172 4185 non
3211 4128 3538 4186 comedam
3573 4145 3776 4204 panes
3821 4135 3986 4187 tuos.

998 4230 1387 4306 Veniens-que
1406 4230 1494 4285 ad
1516 4229 1757 4297 virum,
1784 4234 1934 4307 puta
1956 4228 2031 4289 ad
2064 4228 2384 4305 angelum,
2419 4222 2466 4282 D
2500 4222 2718 4285 Manue
2762 4221 2993 4286 obt-ulit
3035 4224 3294 4286 hoedum
3343 4243 3586 4306 parare,
3615 4232 3677 4287 et
3721 4225 3990 4305 angelus

900 4327 1077 4386 dimit
1105 4326 1168 4384 ei
1196 4345 1219 4383 .·
1259 4328 1352 4385 Tu
1382 4344 1444 4383 es
1472 4327 1590 4404 qui
1622 4328 1868 4384 loeutus
1905 4345 1968 4383 es
1996 4328 2289 4396 mulieri,
2325 4327 2386 4389 id

901 4432 1018 4498 est,
1052 4422 1164 4504 qui
1203 4421 1384 4483 uxori
1424 4440 1581 4484 meae
1624 4422 2064 4502 praenuntiasti
2112 4425 2190 4486 dc
2236 4444 2390 4505 pue-

900 4542 971 4584 ro
1012 4520 1377 4583 nascituro?
1412 4519 1627 4582 Voluit
1672 4520 1842 4582 cnim
1888 4520 2108 4584 Manuc
2145 4524 2226 4585 de
2267 4522 2386 4587 hoc

898 4618 1152 4703 plenius
1184 4616 1550 4681 certificari.
1580 4621 1663 4680 Et
1693 4620 1806 4677 ille
1836 4622 2163 4695 respondit
2195 4639 2217 4680 .·
2248 4624 2386 4699 Ερο

896 4740 1041 4780 sum
1073 4717 1196 4779 illc.
1228 4718 1349 4779 Cui
1374 4720 1616 4777 Manae
1636 4738 1659 4776 .·
1683 4720 1976 4788 Quande,
2003 4720 2242 4797 inquit,
2267 4741 2386 4779 ser-

896 4838 996 4879 mo
1040 4827 1188 4877 tuus
1226 4816 1431 4892 fuerit
1467 4819 1777 4892 expletus,
1814 4814 1875 4876 id
1916 4823 2013 4876 cst
2060 4833 2252 4897 opere
2285 4837 2385 4880 ve-

896 4915 1206 4991 rificatus,
1242 4914 1405 4993 quid
1439 4914 1537 4972 vis
1571 4923 1642 4973 ut
1675 4914 1881 4991 faciat
1909 4933 2076 4989 puer
2098 4917 2128 4974 ἒ
2167 4914 2229 4976 id
2261 4924 2378 4991 est,

893 5013 1049 5095 quid
1100 5032 1175 5075 ex
1224 5018 1401 5093 parte
1450 5008 1559 5071 Dei
1609 5008 1817 5089 juch‚
1863 5018 1932 5071 ut
1984 5008 2173 5072 faciat.
2224 5032 2382 5094 puer

892 5130 1086 5193 quem
1132 5107 1481 5191 promisisti
1516 5110 1539 5168 't
1584 5117 1704 5167 aut
1731 5128 1771 5167 a
1802 5125 1927 5186 quo
1956 5128 2020 5167 se
2049 5110 2382 5170 observare

889 5210 1134 5270 debebit
1173 5210 1204 5268 ἒ
1253 5206 1317 5269 id
1366 5214 1485 5282 est,
1535 5224 1726 5286 quem
1778 5204 1993 5267 cibum
2044 5214 2105 5268 et
2157 5217 2377 5289 potum

891 5307 1078 5371 debet
1124 5308 1403 5369 cavere?
1446 5305 1761 5383 Dixitque
1804 5309 2070 5382 anyelus
2108 5309 2380 5367 Domini

2501 4321 2730 4402 repetit
2759 4321 2955 4384 Panes
2979 4321 3166 4402 :quia
3195 4341 3308 4402 per
3339 4342 3534 4404 panes
3565 4341 3990 4404 quaecumque

2499 4420 2738 4482 cibaria
2756 4420 3190 4499 designantur.
3209 4420 3327 4481 Sed
3349 4440 3462 4483 cur
3493 4420 3756 4501 angelus
3779 4421 3982 4484 noluit

2499 4518 2904 4593 manducare,
2942 4537 3139 4599 quum
3194 4518 3515 4581 interdum
3565 4519 3986 4582 manducasse.
4039 4539 4254 4581 midam

2498 4616 3483 4698 legantur?Respondetur3quod
3515 4617 3778 4697 angelus
3799 4638 3984 4681 ‘nunc
4017 4607 4062 4645 ⁰·

2496 4715 2748 4778 volebat
2777 4714 3189 4777 manifestare
3229 4734 3296 4777 sc
3335 4716 3629 4795 angelum
3671 4736 3832 4791 esse,
3869 4736 3986 4798 per

2495 4814 2752 4876 modum
2786 4814 2897 4895 qui
2941 4812 3236 4875 subditur
3268 4830 3282 4874 :
3319 4816 3398 4875 Si
3427 4824 3642 4875 autem
3681 4817 3782 4874 vis
3809 4818 3988 4876 holo-

2493 4922 2786 4973 caustum
2818 4914 3054 4991 faeere,
3089 4912 3151 4973 id
3183 4920 3302 4987 est,
3326 4912 3584 4974 hoedum
3617 4912 3742 4975 Deo
3777 4913 3841 4975 in
3874 4914 3986 4977 ho-

2493 5011 2844 5073 locaustum
2887 5010 3154 5086 offerre,
3187 5014 3344 5090 offer
3383 5014 3556 5071 illud
3585 5014 3882 5086 Domine,
3917 5022 3983 5075 et

2492 5128 2617 5172 non
2652 5109 2832 5171 mihi.
2867 5107 3045 5172 Osfcr
3062 5109 3384 5191 (inquam)
3405 5110 3670 5174 Domino
3700 5130 3816 5193 pro
3845 5130 3986 5191 gra-

2491 5209 2719 5271 tiarum
2753 5208 3000 5271 actione
3032 5206 3336 5272 beneficii
3369 5209 3482 5271 tibi
3517 5209 3595 5271 ab
3625 5229 3700 5273 eo
3733 5230 3846 5292 per
3877 5231 3983 5274 mo

2489 5326 2810 5389 promissi.
