4359 6250
130 2575 274 2620 Jacob.
291 2589 334 2626 v,

99 2639 156 2724 ἑῇ
171 2638 272 2683 Luc.
285 2652 340 2688 w.

141 2969 190 3012 111
215 2971 326 3027 Ray.

903 502 1253 549 manuue
1296 504 1358 549 IN
1400 503 1537 550 GAP.
1585 501 1735 548 xvm
1777 503 1935 548 LIBRI
1975 501 2174 548 'rmt'rn
2214 502 2439 549 amun.
2484 523 2565 532 —
2606 507 2748 552 ΛΒΤ.
2794 505 2943 552 xxvi

3342 481 3459 546 703

1412 914 2062 1002 ARTICULUS
2142 915 2424 1000 XXVI

713 1191 1025 1236 Exposl'rlo
1076 1189 1352 1236 CAPITULI
1404 1189 1830 1235 ocrAleEcml
1879 1190 1892 1233 :
1945 1187 2096 1234 POST
2145 1189 2282 1234 DIES

2334 1189 2566 1234 nmmos
2617 1189 2859 1236 VERBUM
2912 1190 3125 1236 unnim

1531 1288 1770 1335 FAC'rUu
1813 1289 1921 1334 EST
1965 1290 2049 1333 AD
2093 1289 2297 1334 Euan.

512 1568 1009 1635 EGITANTUR'
1058 1569 1163 1632 hic
1213 1570 1340 1632 duo
1391 1567 1710 1631 mirabilia
1751 1565 1863 1630 Dei
1895 1565 1947 1628 A
1974 1565 2260 1647 qualibet
2287 1551 2775 1650 quinquaginta,
2800 1579 2861 1630 et
2882 1573 3071 1648 pavit
3092 1592 3191 1632 eos
3208 1593 3377 1650 pane
3402 1582 3464 1633 et

531 1691 648 1754 per
694 1670 898 1733 Eliam
947 1677 1222 1752 peracta,
1259 1686 1375 1750 pro
1415 1665 1861 1729 emendatione

368 1771 555 1854 impii
578 1770 794 1834 Achab
825 1789 897 1833 ac
928 1768 1150 1852 populi
1173 1766 1313 1850 ejus
1347 1766 1716 1829 idololatrae.
1741 1765 1867 1827 Pri·

367 1891 548 1934 mum
608 1879 726 1946 est,
778 1867 1246 1932 consummatio
1305 1864 1655 1929 holocausti
1712 1864 1866 1927 Eliae

369 1969 542 2033 facta
585 1988 700 2051 per
746 1968 980 2048 ignem.
1030 1966 1392 2030 Secundum
1440 1973 1557 2041 est,
1608 1963 1865 2027 collatio

369 2069 632 2152 pluviae.
665 2071 820 2130 Post
857 2069 994 2128 dies
1033 2069 1266 2126 multos
1307 2067 1568 2125 verbum
1597 2063 1868 2124 Domini

369 2169 626 2246 factum
653 2176 744 2226 est
776 2169 863 2227 ad
895 2167 1116 2226 Etiam
1151 2181 1266 2244 per
1295 2162 1616 2244 angelum,
1653 2163 1724 2222 in
1761 2182 1869 2222 an—

369 2286 456 2327 no
490 2267 698 2336 tertio,
735 2264 800 2326 id
841 2271 938 2326 est
974 2262 1142 2325 circa
1182 2260 1385 2324 finem
1429 2259 1602 2323 tertii
1642 2260 1795 2322 anni
1831 2278 1868 2321 a

370 2373 664 2446 tempore
693 2381 822 2426 suae
852 2359 1233 2442 egressionis
1264 2379 1337 2422 ac
1375 2359 1542 2440 fugae
1583 2359 1661 2422 de
1703 2366 1870 2421 terra

370 2463 565 2526 Israel
591 2480 604 2524 :
637 2460 936 2544 quamvis
963 2458 1200 2522 etenim
1245 2457 1446 2521 fames
1475 2476 1586 2520 seu
1617 2456 1872 2521 caristia

373 2562 485 2624 illa
514 2560 774 2623 duravit
811 2557 1000 2622 annis
1041 2557 1249 2620 tribus
1278 2565 1340 2620 et
1373 2556 1702 2620 mensibus
1733 2575 1864 2634 sex,

371 2669 446 2724 ut
477 2659 636 2724 dicit
666 2659 728 2723 S.
760 2658 1054 2735 lacobus,
1089 2656 1200 2719 illa
1231 2665 1442 2720 tamen
1474 2655 1730 2720 caristia
1757 2673 1872 2718 coe·

1973 1687 2169 1745 aqua,
2192 1666 2254 1727 id
2286 1675 2383 1729 est
2409 1667 2554 1730 cibo
2582 1686 2990 1751 quocumque
3020 1689 3093 1732 ac
3125 1680 3296 1754 potu,
3318 1691 3463 1755 quae

1974 1764 2040 1826 in
2092 1764 2435 1846 Scripturis
2483 1785 2598 1848 per
2658 1785 2890 1848 panem
2933 1769 3351 1850 designantur
3401 1781 3465 1835 et

1973 1882 2226 1944 aquam.
2250 1866 2441 1925 Dim-it
2468 1884 2614 1941 erqo
2634 1869 2855 1926 Achab
2876 1870 2965 1928 ad
2982 1871 3268 1930 Abdiam
3293 1887 3317 1931 .·
3350 1875 3469 1932 Va-

1973 1965 2052 2022 de
2073 1964 2145 2022 in
2169 1972 2408 2024 terram
2430 1962 2607 2042 regni
2630 1963 2780 2040 mei,
2798 1967 2886 2025 ad
2906 1967 3237 2028 universos
3255 1969 3463 2047 fontes

1975 2081 2321 2140 aquarum,
2348 2060 2413 2122 in
2458 2061 2692 2142 quihus
2743 2063 2983 2125 dudum
3034 2063 3241 2128 fuerat
3272 2086 3459 2149 aqua,

1974 2160 2267 2241 quamvis
2288 2161 2477 2223 modo
2496 2161 2626 2222 sint
2646 2161 2979 2226 exsiccati:
3004 2164 3081 2226 ad
3104 2165 3462 2243 universoS,

1976 2258 2260 2340 inquam,
2316 2258 2523 2323 fontes
2572 2260 2638 2322 in
2690 2270 2867 2342 parte
2920 2271 3101 2326 terrae
3140 2264 3259 2327 tibi
3309 2264 3465 2328 assi-

1976 2359 2228 2439 gnanda
2260 2358 2518 2436 locatOS,
2543 2369 2603 2420 et
2630 2361 2703 2420 in
2733 2370 2997 2422 cunctas
3036 2365 3256 2435 valles,
3287 2364 3468 2446 juxta

1976 2457 2273 2520 eumdem
2323 2475 2603 2535 sensum,
2644 2461 2704 2519 si
2738 2461 2905 2537 forte
2942 2463 3239 2523 invenire
3270 2467 3467 2540 possi-

1977 2575 2119 2617 mus
2148 2558 2431 2628 herbam,
2456 2557 2521 2618 id
2550 2565 2648 2620 est
2697 2556 2941 2621 soenum
2991 2579 3101 2622 seu
3148 2562 3459 2641 gramina,

1976 2673 2121 2735 quae
2178 2655 2246 2716 in
2307 2653 2465 2718 locis
2512 2669 2711 2738 prope
2759 2676 2955 2739 aquas
3004 2659 3208 2740 magis
3258 2661 3469 2724 solent

372 2759 472 2843 pit
501 2767 696 2841 atque
735 2756 992 2820 duravit
1023 2774 1136 2838 per
1178 2754 1460 2818 medium
1491 2773 1732 2817 annum
1761 2761 1872 2816 aut
1907 2755 1954 2818 B
1979 2753 2326 2831 abundare,
2341 2764 2401 2815 et
2417 2758 2672 2816 salvare
2687 2758 3001 2834 possimus
3024 2778 3214 2838 equos
3243 2768 3303 2820 et
3334 2781 3470 2821 mu-

371 2857 632 2922 circiter
651 2863 994 2938 antequam
1015 2855 1094 2917 de
1125 2862 1294 2917 terra
1311 2852 1499 2916 lsrael
1518 2853 1692 2929 exiit,
1719 2871 1870 2934 prae-

374 2956 602 3019 sertim
647 2953 802 3035 quia
849 2952 1068 3016 multis
1117 2951 1343 3015 diebus
1389 2951 1627 3014 mansit
1672 2969 1873 3033 prope

375 3062 728 3120 torrentem
757 3052 972 3116 Carith
1001 3051 1196 3114 situm
1237 3050 1305 3113 in
1335 3059 1505 3114 terra
1533 3049 1662 3127 illa,
1695 3058 1874 3112 ante-

375 3174 576 3237 quam
607 3152 724 3217 ivit
756 3152 1046 3233 Sarepta3
1067 3152 1287 3212 dicens
1307 3171 1329 3210 .·
1359 3152 1550 3221 Vade,
1583 3160 1642 3210 et
1673 3160 1877 3211 osten·

375 3259 460 3317 de
511 3264 570 3315 te
606 3254 854 3321 Achab,
891 3260 964 3311 ut
1005 3253 1154 3311 dem
1191 3252 1498 3327 pluviam
1541 3267 1732 3326 super
1772 3250 1876 3325 fa-

375 3357 544 3414 eiem
587 3362 792 3413 terrae.
826 3353 962 3412 Ivit
998 3368 1140 3425 erqo
1170 3350 1385 3418 Elias,
1415 3357 1489 3409 ut
1525 3350 1874 3409 ostenderet

373 3473 442 3513 se
473 3452 718 3513 Achab.
741 3452 909 3510 Erat
939 3458 1156 3509 autem
1193 3448 1398 3523 fames
1428 3449 1758 3507 vehemens
1799 3447 1873 3507 in

375 3550 724 3618 Samaria,
772 3565 900 3610 non
951 3545 1158 3609 solum
1204 3544 1274 3606 in
1325 3543 1482 3606 urbe
1533 3542 1875 3626 metropoli

377 3650 476 3712 sic
515 3654 760 3723 vocata,
800 3646 912 3708 sed
957 3652 1020 3707 et
1069 3643 1136 3706 in
1183 3651 1314 3706 tota
1353 3642 1462 3705 illa
1510 3642 1871 3725 provincia,

377 3766 458 3810 ex
491 3755 676 3809 terrae
705 3742 1117 3807 arefactione.

481 3846 864 3924 Vocavitque
907 3843 1127 3903 Achab
1164 3842 1448 3903 Abdiam
1487 3841 1878 3917 dispensato-

1983 2856 2094 2924 los,
2125 2862 2185 2914 et
2229 2873 2359 2914 non
2390 2855 2657 2931 penitus
2678 2855 2987 2931 jumenta
3021 2858 3346 2920 intereant
3377 2857 3472 2921 fa-

1983 2969 2107 3027 me,
2139 2950 2375 3033 quibus
2404 2960 2468 3015 et
2496 2971 2661 3034 aqua
2691 2953 3058 3035 permodica
3096 2963 3213 3019 est.
3252 2956 3469 3039 Itaque

1982 3050 2327 3113 deficiente
2370 3050 2595 3130 imbre,
2638 3051 3016 3115 defecerunt
3072 3063 3137 3117 et
3182 3056 3473 3137 gramina

1986 3157 2189 3226 terrae,
2214 3149 2450 3231 quibus
2481 3150 2631 3233 equi
2660 3159 2726 3215 et
2754 3152 2935 3229 muli,
2974 3171 3147 3230 oveS,
3173 3174 3381 3220 vaccae
3410 3164 3474 3219 et

1983 3248 2178 3312 boves
2239 3248 2519 3312 aluntur.
2561 3252 3065 3331 Diviseruntque
3098 3255 3226 3313 sibi
3272 3257 3477 3332 reqio-

1983 3369 2115 3420 nes,
2139 3347 2201 3409 id
2233 3356 2329 3410 est
2359 3356 2557 3411 terras
2590 3357 2652 3412 et
2682 3358 2883 3412 sortes
2912 3351 3131 3414 decem
3166 3351 3469 3433 tribuum,

1986 3446 2052 3508 in
2097 3446 2334 3528 quibus
2382 3454 2663 3529 tempore
2703 3448 2891 3511 Josue
2933 3458 2997 3511 et
3026 3458 3213 3513 antea
3254 3452 3473 3534 plures

1986 3562 2163 3625 reges
2194 3546 2769 3623 commorabantur,
2794 3557 2868 3608 ut
2896 3549 3315 3611 circumirent
3340 3572 3469 3613 eaS.

1985 3644 2205 3705 Achab
2240 3644 2375 3703 ibat
2388 3663 2507 3721 per
2536 3644 2714 3703 viam
2744 3664 2973 3714 unam,
2992 3655 3051 3706 et
3081 3648 3327 3708 Abdias
3352 3668 3475 3726 per

1987 3744 2166 3803 viam
2208 3744 2481 3802 alteram
2510 3761 2813 3803 seorsum.

2059 3843 2395 3919 Quumque
2413 3849 2566 3900 esset
2580 3842 2825 3902 Abdias
2846 3842 2919 3901 in
2942 3842 3075 3903 via.
3093 3841 3240 3905 Cum
3259 3842 3476 3906 Achab

375 3968 517 4007 rem
579 3948 809 4005 domus
863 3963 1019 4003 suoe.
1065 3943 1311 4003 Abdias
1357 3949 1576 4001 autem
1621 3942 1880 4002 timebat
1915 3944 1959 4007 C
1988 3946 2050 4002 et
2095 3957 2241 4001 cum
2281 3936 2485 3999 Abdia
2514 3937 2715 4020 aliqui
2765 3938 2931 4002 servi
2965 3941 3329 4020 currebant,
3362 3943 3475 4023 qui

377 4046 744 4109 Dominum
792 4044 1000 4103 Deum
1045 4043 1254 4113 valde,
1301 4036 1488 4100 filiali
1539 4045 1602 4101 et
1659 4047 1880 4103 sancto

379 4144 618 4207 timore
653 4158 666 4203 ε
698 4142 844 4203 ideo
880 4139 1112 4219 dignus
1153 4137 1278 4200 fuit
1327 4136 1618 4201 invenire
1653 4137 1876 4216 Eliam‚

376 4252 446 4307 et
475 4241 560 4305 ab
589 4259 674 4304 eo·
693 4238 982 4321 accipere
1013 4255 1222 4319 opem.
1250 4239 1423 4299 Nam
1453 4257 1655 4316 quum
1685 4238 1882 4296 inter-

375 4349 598 4421 ficeret
624 4340 882 4400 Iezabel
913 4336 1257 4413 prophetas
1285 4336 1579 4405 Domini,
1609 4334 1879 4416 cupiens

375 4440 628 4504 cultum
658 4435 794 4499 veri
826 4435 934 4497 Dei
966 4433 1244 4497 totaliter
1275 4432 1644 4514 exstirpare,
1683 4432 1883 4495 idolo-

377 4537 768 4617 latriamque
807 4551 1076 4615 augere3
1114 4534 1264 4593 tulit
1301 4533 1413 4591 ille
1441 4539 1698 4593 centum
1727 4551 1882 4609 pro-

371 4640 632 4717 phetas,
663 4634 730 4695 id
773 4640 890 4710 est,
927 4632 1004 4694 ad
1038 4650 1106 4694 se
1149 4629 1399 4695 vocavit
1445 4629 1692 4692 occulte
1737 4628 1884 4692 toti-

379 4736 530 4798 dem
583 4732 806 4797 viros:
851 4731 963 4813 qui
1015 4736 1322 4794 vocantur
1375 4727 1722 4809 prophetae,
1781 4728 1880 4791 vel

379 4832 540 4915 quia
560 4830 914 4913 prophetiae
934 4828 1136 4910 gratia
1155 4825 1587 4903 coruscabant,
1605 4826 1706 4891 vel
1728 4826 1883 4909 quia

379 4929 690 5013 discipuli
721 4936 903 4992 erant
929 4928 1385 5009 Prophetarum
1417 4925 1756 5007 maj0rum,
1793 4926 1884 4987 in-

381 5029 547 5094 tenti
591 5026 814 5091 divino
851 5024 1182 5107 obsequio,
1216 5024 1482 5107 psalmis
1527 5030 1720 5105 atque
1755 5024 1884 5087 elo-

1989 4038 2138 4100 hinc
2169 4037 2319 4099 inde
2356 4036 2793 4115 discurrendo,
2829 4038 3199 4119 quaerebant
3239 4059 3477 4123 pascua

1985 4139 2164 4220 juxta
2194 4136 2360 4217 regis
2400 4144 2811 4219 praeceptum.
2851 4140 3143 4201 Occurrit
3171 4142 3237 4199 ei
3266 4143 3473 4204 Elias.

1989 4238 2116 4305 Qui
2144 4235 2381 4298 Abdias
2413 4256 2617 4314 quum
2645 4237 3031 4313 coynovisset
3058 4257 3229 4312 eum,
3248 4242 3477 4301 cecidit

1984 4355 2176 4413 super
2204 4335 2443 4411 faciem
2470 4354 2686 4404 suam,
2717 4333 2780 4396 id
2812 4342 2925 4411 est,
2960 4334 3028 4396 in
3068 4343 3301 4400 terram
3333 4356 3480 4419 pro-

1987 4431 2211 4495 stravit
2242 4450 2309 4493 se
2336 4448 2413 4494 ex
2444 4431 2805 4494 humilitate
2846 4440 2994 4495 ante
3035 4430 3267 4497 faciem
3298 4433 3473 4514 Eliae,

1985 4548 2181 4612 quem
2210 4529 2293 4593 ob
2324 4548 2501 4591 suam
2525 4529 2924 4593 sanctitatem
2944 4539 3135 4613 atque
3165 4532 3483 4615 multipli-

1987 4649 2124 4693 cem
2145 4628 2586 4692 excellentiam
2610 4628 2675 4690 in
2698 4629 2882 4691 donis
2904 4630 3013 4693 Dei
3032 4631 3479 4711 venerabatur,

1989 4728 2120 4791 imo
2157 4735 2222 4789 et
2253 4727 2449 4789 Deum
2490 4727 2557 4789 in
2602 4725 2845 4789 famulo
2883 4745 3019 4805 suo,
3039 4738 3099 4790 et
3136 4732 3279 4792 ait:
3302 4733 3482 4793 Num

1992 4838 2062 4889 tu
2089 4848 2170 4896 ee,
2202 4828 2463 4886 domine
2496 4828 2610 4896 mi,
2642 4828 2826 4887 Elias
2846 4828 2876 4886 ?
2909 4828 3031 4887 Cui
3068 4829 3180 4888 ille
3214 4848 3485 4906 respon-

1987 4926 2131 4987 dit:
2151 4926 2313 5001 qu.
2336 4924 2423 4984 Et
2451 4924 2628 4985 dimit
2646 4944 2670 4983 .·
2708 4925 2902 4994 Vade,
2918 4926 3027 4983 dic
3054 4927 3319 4987 domino
3354 4935 3479 4995 tuo,

1991 5027 2187 5086 Adest
2242 5024 2447 5085 Elias.
2504 5024 2589 5084 Εἰ
2640 5024 2778 5092 ille,
2826 5024 2999 5091 Quid
3043 5026 3328 5100 peccavi,
3381 5026 3485 5085 in-

380 5127 560 5210 quiis
591 5124 1040 5208 Prophetarum
1075 5132 1439 5186 sanctorum
1465 5145 1480 5198 3
1522 5132 1581 5183 et
1623 5126 1882 5184 abscon·
1914 5126 1965 5187 D
1992 5125 2158 5202 quit,
2193 5122 2506 5201 quoniam
2538 5123 2742 5183 tradis
2774 5141 2873 5182 me
2902 5141 3158 5183 servum
3193 5132 3377 5184 tuum
3408 5125 3482 5183 in

379 5229 488 5289 dit
515 5246 616 5287 eos
645 5226 1131 5304 quinquagenos
1167 5232 1227 5283 et
1273 5224 1761 5302 quinquagenos
1810 5222 1883 5281 in

380 5326 738 5406 speluncis,
769 5321 831 5385 id
881 5329 977 5385 est
1024 5320 1091 5383 in
1140 5320 1388 5383 duabus
1431 5319 1777 5402 speluncis,
1815 5318 1883 5380 in

1993 5240 2197 5281 manu
2226 5221 2471 5289 Achab,
2488 5229 2561 5280 ut
2590 5220 2945 5298 interficiat
2978 5240 3077 5280 me
3099 5222 3129 5279 ?
3158 5219 3223 5282 id
3254 5227 3369 5297 est,
3396 5218 3481 5284 ob

1992 5336 2185 5399 quam
2229 5317 2483 5399 culpam
2523 5336 2727 5381 meam
2774 5315 3058 5399 injungis
3090 5317 3250 5380 mihi
3294 5318 3479 5382 istam
