4359 6250
89 1185 408 1230 Thr-emam.

245 1288 356 1328 ‘et

97 1584 194 1625 Jer.
215 1583 407 1628 sunio.

107 2961 290 3004 loona.
301 2964 424 3012 ¹22⁹·

1071 500 1418 546 mannum
1462 500 1524 544 lat
1565 499 1704 546 GAP.
1749 498 1833 544 vu
1876 497 2034 543 unm
2075 497 2245 544 Pthss
2287 497 2511 543 REGUM.
2558 515 2639 525 —
2680 496 2822 542 ΛΒΤ.
2868 494 2947 540 XV

444 869 740 951 pietatiS,
783 871 1030 933 Patrem
1083 870 1666 934 misericordiarum
1714 869 1956 933 fervide

445 967 985 1050 deprecanteS‚ut
1015 969 1384 1051 huiusmodi
1415 968 1863 1032 contritionem
1895 977 1958 1031 et

447 1067 870 1132 devotionem
901 1068 1088 1131 nobis
1119 1067 1412 1133 conferre
1442 1067 1837 1148 dignetur‚et
1867 1068 1958 1130 ef-

453 1165 812 1229 fundamus
835 1166 1000 1229 sicut
1019 1186 1250 1249 aquam
1272 1186 1382 1231 cor
1413 1175 1699 1231 nostrum
1722 1166 1787 1229 in
1811 1185 1960 1231 con-

451 1272 686 1346 spectu
733 1264 983 1328 Domini
1032 1265 1141 1328 Dei
1187 1265 1412 1342 nostri,
1460 1265 1614 1327 aut*
1661 1264 1957 1347 precibus

453 1363 704 1425 nostris
741 1363 1218 1441 abstinentiam,
1252 1363 1568 1446 jejunium
1605 1373 1666 1426 et
1700 1363 1958 1426 humili-

453 1469 658 1526 tatem
693 1481 946 1545 semper
982 1463 1348 1544 jungamuS,
1384 1463 1667 1527 dicentes
1706 1482 1781 1526 ex
1813 1463 1961 1525 inti-

450 1579 568 1624 mo
606 1562 799 1624 corde
843 1579 857 1623 z
894 1561 1033 1623 Tibi
1081 1560 1506 1643 peccavimuS,
1555 1561 1840 1624 Domine.
1877 1566 1959 1624 El

449 1662 820 1721 mulierum
851 1661 1245 1730 Philistum,
1275 1664 1446 1740 quod
1476 1663 1844 1738 conyreyali
1872 1683 1959 1721 es-

445 1769 598 1818 sent
617 1761 754 1835 filii
783 1760 1009 1819 Israel.
1034 1758 1135 1821 Sic
1167 1758 1528 1822 invisibiles
1561 1759 1774 1822 hostes
1807 1779 1959 1842 prae-

3430 472 3551 535 299

439 670 739 734 tritionis
788 691 861 735 ac
909 671 1268 735 devotionis
1325 672 1694 734 hauriamus
1752 670 1954 753 preci·
1981 669 2034 732 A
2063 666 2559 750 praesidentihus
2608 667 2763 730 viris
2811 665 3116 730 virtuosis
3166 683 3239 727 ac
3286 661 3547 738 sanctiS,

439 769 576 831 bus
607 789 686 832 ex
717 770 894 833 fonte
915 770 1149 834 divinae
1170 778 1233 833 et
1264 769 1954 853 incircumscriptibilis

2065 768 2465 850 repelluntur
2510 787 2548 830 a
2588 766 2862 830 subditis
2905 764 3237 830 contrariae
3281 771 3553 845 potesta-

2067 876 2182 930 tes.
2209 866 2445 950 Nempe
2476 864 2685 948 qualis
2712 875 2809 928 est
2839 872 3045 929 rector
3073 863 3373 940 civitati8‚
3397 862 3553 926 tales
3582 877 3730 922 Εοοιε.
3748 880 3843 928 με.

2066 974 2127 1028 et
2158 965 2521 1029 habitantes
2553 965 2619 1027 in
2651 983 2745 1028 ea.
2780 963 2911 1038 Quo
2940 971 3209 1040 constat,
3244 969 3553 1043 quantum

2067 1064 2333 1141 bonum,
2375 1073 2437 1126 et
2466 1083 2657 1146 quam
2697 1061 3145 1146 praefulgidum
3176 1060 3285 1123 Dei
3310 1061 3553 1124 donum

2069 1163 2171 1240 sit,
2199 1171 2415 1245 pastor
2444 1163 2711 1226 idoneus
2740 1171 2803 1224 et
2832 1160 3209 1241 condignus,
3233 1160 3377 1223 Ideo
3406 1177 3556 1222 vere

2069 1262 2158 1325 ait
2189 1261 2515 1345 Scriptura
2552 1282 2564 1325 :
2601 1261 2727 1324 Rex
2760 1259 3035 1342 sapienS‚
3062 1259 3282 1342 populi
3316 1257 3557 1321 stabili-

2069 1369 2355 1423 mentum
2388 1369 2504 1422 est.
2537 1361 2819 1441 Itemque
2854 1377 2868 1420 :
2902 1358 3233 1421 Multitudo
3264 1356 3559 1440 sapienti-

2069 1479 2200 1536 um,
2223 1459 2461 1521 sanitas
2494 1467 2589 1521 est
2620 1457 2793 1521 orbis
2826 1465 3158 1520 terrarum.
3181 1460 3264 1518 Ει
3289 1457 3559 1518 redditoe

2067 1568 2221 1618 sunt
2252 1559 2458 1618 urbes.
2498 1556 2601 1619 Sic
2632 1556 2955 1619 virtuosus
2986 1556 3283 1638 praelatus
3314 1554 3559 1616 animas

2069 1675 2105 1718 a
2159 1656 2559 1720 daemonibus
2608 1656 2807 1719 victas
2865 1655 3115 1718 Christo
3175 1655 3441 1731 reducit,
3498 1663 3562 1718 et

2068 1755 2594 1837 congregationes
2614 1755 3000 1818 deformatas
3033 1753 3355 1831 reformat,
3371 1761 3560 1836 atque

445 1857 650 1939 cipue.
703 1857 1082 1939 impugnare
1142 1875 1269 1920 non
1319 1866 1571 1921 cessant
1618 1875 1959 1939 congre-ga-
1989 1861 2034 1922 Β
2070 1855 2150 1919 ab
2182 1854 2451 1917 ecclesia
2473 1853 2959 1933 malignantium
2995 1852 3058 1914 in
3084 1853 3409 1916 ecclesiam
3434 1853 3559 1914 Deo

445 1956 668 2019 tiones
720 1957 1004 2033 devotaS,
1054 1965 1118 2018 et
1165 1964 1404 2038 quanto
1455 1955 1829 2037 diligentius
1878 1958 1956 2019 ad

447 2053 822 2138 profectum
857 2054 1214 2118 virtuosum
1249 2074 1366 2118 nos
1389 2055 1637 2131 damuS,
1665 2063 1839 2118 tanto
1871 2056 1959 2117 in-

445 2152 775 2218 vidiosius
805 2162 868 2216 et
900 2153 1280 2217 insolentius
1313 2153 1576 2216 instant.
1603 2153 1778 2217 Tunc
1809 2172 1957 2235 ergo

447 2251 676 2316 devoti
726 2253 1007 2316 clament
1051 2253 1127 2315 ad
1172 2253 1534 2330 Dominum,
1571 2263 1634 2316 et
1677 2253 1960 2336 superio-

449 2369 601 2413 rum
637 2369 925 2428 suorum,
948 2351 1303 2433 praesertim
1336 2351 1621 2415 virorum
1655 2352 1960 2416 virtuoso-

447 2469 625 2526 rum,
662 2449 794 2512 imo
827 2457 892 2512 et
921 2450 1252 2513 Beatorum
1288 2450 1354 2511 in
1387 2450 1612 2532 patria,
1649 2450 1960 2529 suffragia

449 2549 916 2630 orationesque
949 2549 1294 2631 postulent.

547 2651 732 2710 Tulit
762 2659 981 2710 autem
1012 2652 1281 2710 Samuel
1311 2668 1558 2725 aynum
1602 2652 1955 2710 lactentem.

455 2747 568 2811 Sic
609 2747 881 2810 devotus
928 2755 1144 2829 pastor
1183 2764 1299 2828 pro
1342 2746 1466 2809 sibi
1507 2747 1870 2810 commissis
1901 2755 1962 2809 et

459 2841 1010 2904 recommendatis
1058 2841 1383 2904 celebrare
1433 2840 1641 2918 debet,
1696 2849 1760 2904 ct
1798 2842 1961 2904 Patri

463 2951 709 3004 aeterno
742 2938 982 3003 offerre
1021 2939 1430 3021 Unigenitum
1473 2959 1683 3016 suum,
1716 2940 1962 3022 Agnum

2067 1955 2485 2018 militantium
2540 1953 2773 2016 multos
2823 1952 3099 2016 restituit
3156 1971 3229 2014 ac
3277 1951 3555 2015 deducit.

2070 2058 2358 2134 Eratque
2389 2073 2529 2130 pax
2562 2055 2735 2112 inter
2764 2055 2967 2113 Israel
2994 2062 3053 2112 el
3083 2053 3553 2113 Amorrkoeum.

2068 2153 2169 2215 Sic
2205 2152 2358 2215 boni
2408 2150 2633 2213 fide-les
2677 2168 2822 2213 cum
2866 2148 3324 2230 peccatoribus,
3359 2167 3560 2230 quan-

2072 2261 2205 2314 tum
2238 2251 2377 2313 sine
2408 2248 2660 2312 offensa
2692 2248 2803 2312 Dei
2841 2256 3109 2330 queunt,
3150 2247 3423 2310 libenter
3453 2266 3560 2330 pa-

2069 2370 2205 2414 cem
2241 2348 2473 2412 habere
2503 2355 2837 2425 conentur,
2856 2347 3107 2410 dicente
3136 2347 3438 2428 Apostolo
3459 2363 3473 2408 t
3496 2345 3557 2409 Si

2069 2448 2215 2512 fieri
2250 2455 2477 2530 potest,
2513 2447 2683 2528 quod
2714 2446 2780 2508 in
2822 2445 3004 2508 vobis
3040 2454 3157 2522 est,
3182 2464 3328 2507 cum
3360 2445 3563 2508 omni-

2071 2548 2191 2611 bus
2224 2545 2593 2609 hominibus
2625 2564 2845 2628 pacem
2869 2544 3117 2607 habete.
3145 2544 3239 2606 Sit
3269 2543 3459 2606 etiam
3491 2543 3557 2605 in

2073 2663 2461 2727 unoquoque
2493 2653 2777 2708 nostrum
2816 2662 2936 2725 pax
2965 2643 3254 2706 ordinata
3285 2643 3448 2705 inter
3478 2643 3561 2704 ls-

2073 2745 2204 2808 rael
2230 2753 2293 2808 et
2326 2744 2782 2821 Amorrhaeum,
2810 2743 2930 2807 hoc
2950 2752 3045 2806 est
3078 2743 3245 2807 inter
3266 2743 3561 2825 spiritum

2075 2843 2448 2906 rationalem
2482 2842 2701 2906 divina
2720 2842 3282 2924 contemplantem,
3303 2849 3367 2904 et
3398 2841 3563 2904 inter

2074 2961 2354 3018 carnem,
2399 2943 2485 3004 ita
2516 2942 2686 3022 quod
2716 2960 2945 3023 corpus
2977 2941 3043 3002 in
3074 2941 3323 3004 cunctis
3355 2958 3565 3022 prom-

461 3039 582 3120 qui
623 3037 794 3101 tollit
835 3045 1094 3120 peccata
1138 3038 1382 3100 mundi.
1425 3037 1964 3112 Quemadmodum
1993 3037 2038 3102 C
2075 3049 2182 3125 pte
2212 3040 2465 3104 obediat
2497 3040 2751 3116 rationi,
2790 3047 2854 3102 et
2894 3039 3052 3103 ratio
3083 3040 3225 3104 Deo.
3250 3039 3431 3102 Absit
3457 3058 3565 3102 au-

459 3146 684 3201 autem
708 3136 1002 3201 Samuele
1025 3137 1430 3201 sacrificante
1451 3146 1514 3201 et
1533 3148 1776 3216 orante,
1805 3138 1966 3203 into-

461 3236 612 3300 nuit
641 3235 950 3298 Dominus
980 3253 1210 3315 magno
1240 3254 1432 3318 super
1463 3235 1812 3300 Philistaeos
1845 3236 1966 3299 fra-

457 3354 652 3417 801·ος
689 3334 782 3397 sic
813 3334 1058 3397 meritis
1098 3334 1459 3398 orationum
1491 3343 1554 3398 et
1599 3334 1966 3400 celebratio-

461 3453 622 3497 num
657 3433 1032 3497 devotorum
1065 3433 1490 3509 sacerdotum,
1516 3441 1708 3515 atque
1731 3434 1964 3497 virtute

461 3531 862 3597 Sacramenti
895 3532 1116 3593 altaris
1146 3532 1318 3613 quod
1345 3531 1654 3610 offerunt,
1675 3533 1838 3595 Deus
1873 3531 1966 3595 fu-

456 3640 574 3712 gat
615 3640 682 3695 et
723 3630 998 3694 conterit
1042 3629 1466 3693 invisibilium
1517 3630 1798 3694 hostium
1842 3639 1965 3693 tur-

460 3731 641 3793 bam.
687 3729 888 3792 Tonat
929 3747 1183 3810 quoque
1227 3728 1612 3806 AltissimuS,
1651 3730 1799 3792 dum
1852 3748 1964 3812 per

460 3848 540 3892 os
581 3826 957 3891 efficacium
1002 3826 1488 3908 praedicatorum
1534 3827 1818 3909 loquitur
1857 3846 1967 3909 po-

459 3925 627 4010 pulo
657 3944 795 3998 suo,
832 3944 948 4007 per
976 3925 1151 4006 quod
1191 3925 1552 4007 spirituales
1583 3926 1798 3989 hostes
1827 3943 1966 3988 ver-

2077 3150 2205 3203 tem
2251 3160 2286 3203 a
2332 3140 2520 3203 nobis
2568 3160 2690 3222 pax
2742 3140 3103 3202 inordinata
3152 3149 3215 3203 et
3262 3139 3559 3221 pessima,

2075 3260 2202 3321 qua
2232 3238 2495 3321 spiritus
2524 3238 2873 3320 acquiescit
2902 3238 3235 3301 desideriis
3256 3237 3566 3314 carni3‚et

2061 3338 2236 3401 ratio
2266 3337 2803 3420 concupiscentiis
2834 3337 3049 3415 servit,
3070 3337 3158 3400 ita
3188 3337 3357 3419 quod
3392 3337 3564 3400 fatua

2078 3437 2317 3499 famula
2360 3437 2635 3500 dominae
2674 3436 3091 3519 principatur.
3136 3437 3277 3499 llaec
3308 3444 3405 3499 est
3445 3456 3564 3517 pax

2076 3536 2433 3617 inquinata,
2460 3555 2651 3617 quam
2702 3554 2849 3597 cum
2892 3534 3023 3597 Eva
3071 3534 3292 3597 habuit
3341 3533 3559 3610 Adam,

2073 3635 2330 3717 quando
2360 3636 2437 3697 ad
2459 3635 2603 3697 Evae
2636 3634 3105 3716 suggestionem
3138 3634 3413 3698 comedit
3441 3634 3565 3695 fru-

2077 3742 2248 3796 ctum
2282 3732 2701 3815 prohibitum.

2152 3834 2499 3893 Iudicabat
2528 3852 2774 3911 quoque
2794 3834 3062 3893 Samuel
3079 3836 3386 3893 Israelem
3412 3852 3563 3893 cun—

2075 3932 2195 3990 ctis
2213 3932 2436 3990 diebus
2458 3931 2607 3991 vitoe
2625 3952 2779 3991 suoe.
2801 3929 2903 3992 Sic
2933 3929 2987 3990 is
3019 3929 3130 4011 qui
3162 3938 3411 4012 praeest,
3436 3948 3567 3993 om-

461 4032 696 4087 tuntur
744 4022 812 4085 in
865 4023 1105 4118 lugam,
1155 4032 1224 4085 ut
1277 4024 1570 4087 Rabanus
1619 4024 1729 4087 ait..
1789 4026 1966 4085 Tulit
2079 4028 2145 4089 ni
2171 4032 2455 4109 tempore
2487 4028 2909 4110 praesidentiae
2930 4047 3059 4091 suae
3082 4027 3566 4109 infatigabiliter

431 4132 690 4185 -autem
720 4124 990 4183 Samuel
1034 4124 1320 4201 lapidem
1363 4140 1594 4184 unum.
1629 4122 1744 4185 Per
1793 4122 1964 4184 hunc
2077 4125 2267 4189 debet
2306 4145 2489 4189 suum
2524 4125 2791 4208 implere
2821 4125 3140 4205 officium,
3176 4136 3240 4191 et
3278 4126 3565 4191 subditos

169 4436 236 4476 1⁸.
263 4446 442 4483 xxx-nir

131 4500 199 4544 ¹6:
221 4500 338 4540 Ace.
361 4510 430 4543 w.

135 4565 200 4609 ll:
229 4561 244 4603 Ι
281 4560 430 4603 Petr-

131 4638 178 4673 ιι,
199 4626 244 4665 6.

465 4219 753 4303 lapidem
806 4219 1146 4300 Adjutorii,
1201 4220 1366 4283 inter
1414 4221 1725 4284 Israelitas
1775 4220 1967 4283 Phili·
1995 4224 2046 4285 D
2079 4226 2219 4287 sine
2250 4242 2665 4307 personarum
2699 4226 3069 4307 acceptione
3098 4226 3406 4308 judicare,
3433 4244 3567 4288 cor-

463 4328 788 4400 staeosque
819 4318 1122 4401 positum,
1151 4318 1530 4401 intelligitur
1558 4320 1865 4383 Dominus
1903 4330 1967 4384 et

465 4418 786 4493 Salvator,
842 4417 952 4499 qui
1013 4426 1111 4481 est
1170 4417 1332 4500 lapis
1380 4418 1735 4497 angulariS,
1789 4428 1967 4501 petra

467 4514 735 4597 refugii,
771 4524 834 4578 et
865 4514 1328 4597 pretiosissima
1365 4535 1635 4598 gemma,
1672 4536 1744 4579 ac
1777 4516 1967 4580 robur

467 4622 536 4677 et
579 4611 724 4677 sons
765 4613 1068 4695 adjutorii
1116 4613 1339 4691 nostri,
1375 4614 1484 4695 qui
1531 4612 1696 4677 inter
1734 4615 1968 4678 electos

467 4721 556 4775 et·
588 4711 896 4794 reprobos
948 4720 1071 4775 stat
1120 4710 1441 4775 defensor.
1484 4712 1662 4776 Unde
1713 4713 1970 4795 Septua-

465 4809 651 4892 ginta
703 4809 1184 4884 transtulerunt,
1220 4810 1388 4871 Inter
1435 4809 1687 4892 Maspha
1739 4830 1966 4876 novam

465 4916 536 4971 et
559 4916 862 4971 veterem.
883 4906 1025 4969 Alia
1044 4925 1301 4989 quoque
1321 4909 1610 4989 quaedam
1639 4909 1968 4972 translatio

465 5008 784 5083 continet,
805 5008 971 5069 lnter
1000 5006 1256 5089 Maspha
1277 5014 1340 5068 et
1361 5006 1626 5089 Siceleg,
1647 5027 1790 5090 quae
1820 5018 1969 5071 sunt

467 5106 666 5169 urbes
695 5105 1202 5169 philistinorum.

553 5208 756 5265 Facta
798 5215 888 5266 esl
930 5206 1150 5285 itaque
1195 5226 1429 5267 manus
1460 5208 1730 5267 Domini
1776 5228 1968 5284 super

465 5303 844 5365 Philiscu-os
889 5304 1139 5363 cunetis
1187 5304 1409 5363 diebus
1435 5306 1805 5365 Samuelis.
1862 5305 1963 5368 sie

2078 4324 2309 4405 ripere,
2358 4324 2697 4404 corrigere,
2748 4324 3115 4401 informare,
3156 4325 3319 4389 sicut
3361 4324 3568 4387 Timo-

2078 4420 2226 4483 theo
2269 4420 2451 4501 jubet
2496 4420 2835 4503 Apostolus
2874 4442 2887 4485 :
2922 4423 3199 4487 Praedica
3246 4422 3507 4487 verbum
3549 4447 3563 4499 ;

2079 4518 2247 4580 insta
2285 4526 2667 4600 opportune,
2708 4518 3069 4601 importune
3094 4544 3109 4595 3
3138 4538 3352 4600 argue,
3388 4521 3569 4583 obse-

2078 4635 2206 4693 cra,
2261 4616 2520 4698 increpa
2570 4617 2635 4679 in
2688 4616 2864 4680 omni
2916 4618 3243 4699 patientia.
3297 4619 3424 4681 Hoc
3465 4626 3569 4680 est

2078 4723 2302 4778 contra
2319 4732 2449 4791 eOS,
2476 4715 2763 4797 quidum
2797 4717 3569 4793 senescunt‚substituunt

2080 4812 2206 4876 sibi
2239 4811 2530 4889 vicar-im,
2566 4822 2630 4876 et
2660 4814 3157 4878 sollicitudinem
3188 4814 3567 4897 pastoralem

2081 4911 2437 4987 remittunt,
2471 4932 2671 4994 quum
2704 4922 2881 4975 tanto
2913 4913 3058 4994 plus
3088 4913 3392 4976 deberent
3429 4930 3569 4975 esse

2079 5028 2197 5092 pro
2246 5009 2605 5072 commissis
2657 5010 2939 5086 solliciti,
2978 5019 3217 5092 quanto
3266 5011 3411 5093 plus
3461 5030 3571 5092 ap-

2081 5108 2517 5190 propinquant
2548 5127 2664 5172 suo
2698 5108 2839 5186 tini,
2866 5117 3059 5191 atque
3100 5108 3372 5171 examini
3400 5108 3571 5171 Judi-

2079 5207 2172 5270 cis
2205 5206 2463 5269 summi.
2484 5210 2569 5268 Ec
2601 5209 2868 5284 ibatper
2896 5210 3183 5284 sinqulos
3212 5228 3414 5269 annos
3444 5210 3570 5267 cir-

2077 5306 2387 5365 cumiens.
2441 5303 2541 5367 Sic
2592 5305 2877 5381 omnino,
2932 5305 3026 5368 sic
3071 5305 3204 5368 veri
3256 5304 3565 5387 episcopi,

3600 1275 3709 1332 Sap.
3718 1277 3845 1327 viae.

3612 1373 3801 1418 Ibidem.

3633 2363 3761 2408 Rom.
3780 2376 3852 2414 xn,

3591 2429 3655 2469 ¹8.

3612 3658 3722 3703 Gen.
3737 3671 3795 3708 m,
3812 3660 3854 3700 6.

3622 4444 3657 4488 11
3673 4445 3785 4489 Tim.
3802 4458 3858 4495 nv,
