4359 6250
889 487 972 550 2⁰
1749 503 3131 548 maxumum.m1ostz.—m.v

889 673 993 736 bis
1027 673 1226 754 objici
1263 683 1466 755 potest
1513 691 1530 734 :
1567 674 1876 736 Dominus
1917 674 2092 735 enim
2139 673 2379 754 incepit
2412 671 2463 732 A
2570 677 3093 752 Deln’tquelmue
3112 677 3203 731 ad
3218 676 3391 748 filios
3412 674 3659 732 Israel:
3680 671 3969 730 Amedite

887 772 1078 833 losue
1123 771 1424 834 exaltare.
1473 775 1732 853 quando
1780 771 1972 852 loy-si
2036 771 2379 832 revelavit.

597 895 718 936 s«-
740 907 862 934 um-
891 872 1062 951 quod
1095 871 1234 951 ipse
1259 871 1448 932 lot-,ue
1479 871 1840 931 succederet
1873 871 1932 930 ei
1967 871 2032 931 in
2065 871 2385 951 princ-ipa-

603 959 740 999 ’θ’
893 970 1244 1032 tuzdeinde
1271 969 1566 1032 exaltavit
1589 989 1736 1030 eum
1769 988 1882 1050 per
1901 969 2168 1050 lofsen
2184 989 2387 1049 quan·

625 1091 748 1134 uu.
769 1095 838 1134 ει.
893 1071 978 1132 do
1005 1069 1244 1150 loj‘ses
1275 1069 1394 1131 boc
1428 1069 1636 1151 ipsum
1671 1068 1910 1149 populo
1941 1068 2225 1130 recitavit
2262 1093 2281 1142 ;
2320 1077 2382 1128 et

595 1190 866 1233 somena.
893 1168 1084 1231 tertio
1113 1168 1338 1248 magis.
1377 1168 1638 1249 quando
1667 1177 1807 1248 post
1847 1177 2116 1229 mortem
2157 1167 2385 1246 loisis

895 1265 1182 1350 prefecit
1209 1285 1358 1328 eum
1391 1266 1632 1348 populo
1660 1265 1848 1327 lsrael
1881 1266 2205 1328 universo.
2226 1264 2385 1337 Quo·

893 1366 1084 1428 modo
1121 1383 1276 1445 ergo
1317 1383 1488 1426 nune
1517 1364 1712 1445 coepit
1755 1383 1902 1425 eum
1945 1363 2269 1425 exaltare!
2308 1363 2382 1423 Et

847 1483 860 1490 ·
893 1461 1432 1543 respondendum,
1463 1461 1636 1541 quod
1681 1459 1850 1520 istud
1893 1459 2381 1540 intelligendum

889 1569 986 1622 est
1027 1560 1108 1622 de
1145 1559 1528 1622 exaltatione
1559 1557 1728 1620 facta
1771 1577 1886 1639 per
1927 1559 2185 1637 signum
2214 1568 2385 1620 exte-

893 1659 1028 1720 rius
1057 1657 1536 1732 miraculosum,
1561 1656 1892 1732 sensibile,
1923 1667 2116 1737 atque
2145 1657 2227 1718 de
2256 1676 2385 1718 ma·-

893 1757 1310 1818 nil'estatione
1357 1755 1762 1817 exaltationis
1811 1754 2150 1836 praelaticae
2202 1755 2385 1836 prius

2490 775 2639 835 law,
2670 785 2731 832 c!
2760 777 2987 831 0εηῖίέ
3024 775 3275 830 terbum
3310 775 3466 831 Dm:
3478 773 3541 826 ιἰι
3552 772 3577 825 ι’
3604 771 3725 829 Dee·
3756 770 3967 826 rastri.

2492 870 2715 931 Dicunt
2748 872 3007 950 qui-iam
3038 871 3211 950 quod
3238 871 3427 930 josue
3454 867 3613 927 dixit
3638 865 3829 926 verba
3852 865 3969 924 ista

2496 969 2895 1050 principibus
2926 969 3171 1050 papuli.
3206 987 3333 1029 non
3374 965 3611 1048 populo
3642 964 3779 1028 toti.
3810 981 3971 1043 quo-

2493 1069 2665 1128 niam
2716 1079 2885 1130 totus
2934 1067 3213 1150 populns
3262 1086 3391 1128 non
3432 1065 3737 1147 potuisset
3782 1061 3973 1126 verba

2490 1167 2633 1245 ejus
2670 1167 2915 1227 audire.
2950 1166 3071 1227 Sed
3104 1166 3273 1226 istud
3314 1183 3445 1226 non
3476 1163 3731 1224 videtur
3774 1158 3972 1221 textui

2490 1284 2865 1330 consonare.
2916 1266 3223 1346 quoniam
3284 1264 3617 1324 evidenter
3658 1259 3969 1328 affirmat,

2490 1365 2663 1444 quod
2694 1365 2849 1425 dixit
2884 1365 3007 1424 ista
3026 1362 3409 1443 generaliter
3436 1362 3515 1422 ad
3548 1360 3719 1421 lilios
3750 1357 3971 1419 lsrael:

2490 1483 2653 1543 quos
2682 1473 2741 1523 et
2776 1464 2921 1524 idco
2962 1461 3361 1526 convocarit.
3394 1469 3461 1520 ut
3506 1478 3749 1526 omnes,
3779 1475 3979 1537 quan-

2492 1569 2627 1622 tum
2652 1561 2799 1622 lieri
2822 1561 3049 1642 potuit.
3068 1579 3217 1620 eum
3242 1555 3979 1629 audirent.Quemadmo-

2492 1659 2645 1720 dum
2688 1669 2899 1720 autem
2940 1661 3147 1720 Aaron
3194 1656 3563 1738 [requenter
3604 1653 3979 1734 loquebatur

2490 1759 2573 1820 ad
2604 1759 2911 1840 populum
2944 1758 3337 1821 universum.
3356 1757 3446 1817 ita
3472 1765 3531 1816 et
3560 1755 3749 1816 Josue
3776 1751 3977 1814 omni-

895 1855 1144 1918 collatae
1175 1873 1192 1916 ε
1225 1855 1391 1915 sicut
1439 1863 1501 1916 et
1549 1853 1838 1916 Christus
1872 1862 2010 1934 post
2061 1872 2243 1914 suam
2290 1872 2385 1913 re-
2420 1857 2469 1918 B
2496 1857 2615 1918 bus
2647 1867 2887 1938 poterat
2920 1856 3097 1936 loqui
3130 1873 3147 1915 ε
3179 1854 3517 1935 multique.
3540 1854 3691 1915 dum
3720 1869 3981 1930 congre-

657 1975 824 2018 κιαι,
897 1953 1352 2016 surrectionem
1405 1952 1655 2014 locutus
1703 1962 1822 2025 est,
1871 1953 2025 2012 Data
2075 1961 2169 2012 est
2221 1951 2383 2012 mibi

601 2053 744 2084 ω’·
777 2043 842 2080 “·
895 2053 1106 2116 omnis
1151 2060 1426 2133 potestas
1469 2051 1538 2112 in
1571 2051 1736 2112 coelo
1769 2061 1832 2112 et
1871 2051 1940 2111 in
1982 2060 2148 2112 terra
2180 2070 2198 2114 :
2240 2067 2385 2131 quae

897 2160 1108 2213 tamen
1135 2150 1266 2230 jam
1295 2159 1444 2211 ante
1471 2149 1530 2210 ei
1565 2147 1684 2210 [uit
1712 2149 1967 2212 donata.
2001 2149 2088 2211 De
2117 2149 2387 2212 Samari·

893 2249 1062 2312 tanis
1089 2267 1346 2330 qnoque
1377 2247 1444 2308 in
1485 2245 1749 2310 Actibus
1781 2245 2008 2322 fertur,
2039 2248 2211 2329 quod
2244 2247 2385 2329 Spi-

601 2367 866 2411 Δεω-ωι,
895 2347 1056 2408 ritus
1075 2345 1342 2408 Sanctus
1373 2346 1658 2408 nondum
1689 2346 1864 2407 venit
1895 2346 1962 2406 in
1991 2365 2381 2426 quemquam

895 2445 1176 2520 illorum,
1207 2453 1364 2526 puta
1393 2462 1508 2526 per
1549 2444 1804 2524 signum
1847 2439 2176 2506 sensibile.
2220 2444 2385 2506 lnvi-

894 2542 1172 2605 sibiliter
1211 2551 1424 2604 tamen
1455 2542 1632 2604 venit
1659 2551 1810 2604 ante
1851 2542 1918 2603 in
1947 2560 2080 2616 ωε,
2123 2543 2383 2623 quando

645 2661 760 2704 tua.
783 2662 850 2704 ιε.
893 2661 934 2704 a
959 2641 1256 2724 Philippo
1283 2641 1554 2703 diacono
1585 2640 2096 2721 baptizabantur.

985 2743 1077 2802 Tu
1095 2751 1312 2801 autem
1333 2743 1616 2818 proem'pe
1639 2741 2072 2800 sacerdotibus
2099 2742 2219 2819 qm'
2236 2761 2385 2816 por·

896 2849 1040 2900 lant
1067 2859 1286 2900 arcam
1325 2839 1615 2915 findet-123,
1643 2848 1705 2898 et
1733 2840 1844 2897 dic
1866 2840 1959 2896 eis
1989 2859 2012 2896 .·
2039 2842 2253 2906 Quum
2286 2841 2381 2898 ἰη-

885 2936 1094 3012 ymni
1109 2937 1377 3010 fueritis
1393 2944 1648 3011 partem
1667 2955 1856 3011 aqua*
1871 2936 2207 3002 Iordanis,
2222 2944 2383 2994 state

2492 1967 2745 2034 gantur,
2784 1957 2851 2016 in
2892 1956 3046 2016 satis
3090 1972 3289 2036 parvo
3332 1963 3498 2014 stant
3544 1952 3703 2014 loco.
3738 1951 3867 2012 lmo
3916 1957 3979 2010 et

2496 2055 2797 2116 Dominus
2845 2073 3065 2116 vocem
3112 2053 3301 2114 Josue
3348 2053 3553 2133 potuit
3600 2049 3981 2113 confortare.

2498 2158 2575 2215 In
2608 2157 2743 2223 hoc,
2769 2155 3011 2232 inquil,
3040 2155 3253 2211 scietis
3278 2153 3453 2231 quod
3470 2153 3787 2212 Dominus
3804 2151 3977 2209 Deus

2500 2255 2739 2322 virens,
2760 2253 2875 2332 qui
2904 2249 3329 2313 essentialiter
3355 2250 3579 2312 vivens
3607 2255 3723 2315 est,
3743 2255 3803 2309 et
3837 2246 3977 2328 ipsa

2493 2370 2655 2431 pura
2682 2359 2743 2411 et
2784 2349 3215 2411 actualissima
3254 2348 3405 2416 vita,
3442 2351 3511 2406 in
3546 2349 3751 2406 ηιαίίο
3782 2346 3979 2404 vestri

2490 2459 2609 2517 est,
2639 2448 2703 2509 id
2734 2458 2829 2510 est
2860 2448 2927 2509 in
2956 2448 3259 2510 cordibus
3288 2446 3515 2508 vestris
3546 2465 3659 2527 per
3686 2444 3972 2525 gratiam,

2494 2567 2607 2609 seu
2650 2557 2909 2628 paratus
2950 2555 3045 2608 est
3076 2544 3261 2607 vobis
3290 2544 3617 2611 adsistere,
3648 2554 3709 2602 et
3737 2545 3977 2618 disper-

2492 2649 2601 2704 de!
2650 2649 2718 2704 ιἰι
2762 2654 3094 2721 conspectu
3154 2654 3351 2702 restro
3402 2644 3867 2708 Channnoenm,
3914 2649 3974 2698 et

2496 2746 2859 2812 Hethoenm,
2890 2746 3227 2810 Her-«vum,
3254 2751 3316 2800 ee
3344 2743 3782 2809 Phaeacum,
3830 2740 3979 2798 Ger-

2486 2862 2761 2918 yaeoeaeem
2810 2862 3059 2920 quoqne
3102 2852 3163 2898 e!
3206 2842 3595 2907 Jebusaeum,
3636 2847 3697 2896 et
3738 2840 3969 2897 Amor-

2492 2943 2771 3008 rhoeum,
2798 2939 3107 3001 tradendo
3154 2956 3263 3000 eos
3314 2937 3379 2997 in
3432 2955 3657 2997 manus
3706 2943 3973 3008 vestraS,

895 3037 970 3094 in·
997 3055 1096 3094 ea.
1135 3033 1316 3096 Circa
1343 3032 1464 3096 boc
1495 3030 1716 3094 scribit
1756 3032 1917 3115 Lyra
1950 3050 1967 3093 :
2001 3033 2227 3094 Dicunt
2258 3033 2379 3096 He-
2408 3039 2455 3103 C
2490 3047 2598 3099 aut
2628 3038 2815 3100 aliter
2842 3037 3213 3103 occidendo,
3248 3045 3315 3097 ut
3350 3034 3521 3096 infra
3559 3035 3625 3095 in
3658 3042 3831 3096 textu
3868 3033 3982 3094 ha-

894 3132 1072 3209 brai,
1089 3134 1260 3214 quod
1291 3132 1650 3195 sacerdotes
1669 3142 1978 3195 steterunt
2010 3133 2078 3194 in
2103 3134 2379 3195 jordane

895 3250 1094 3315 prope
1141 3232 1368 3314 ripam,
1421 3251 1534 3313 per
1581 3251 1776 3312 quam
1826 3232 2371 3313 ingrediebantur,

892 3350 1228 3414 quousque
1249 3338 1416 3393 totus
1447 3330 1722 3412 populus
1755 3332 2178 3412 pertransivit.
2198 3332 2374 3405 Quod

895 3429 1190 3512 reprobat
1209 3429 1388 3511 Lyra,
1401 3429 1706 3510 quoniam
1729 3429 1827 3491 inf
1830 3450 1898 3492 ra
1917 3430 2379 3511 babetur.quod

893 3529 1145 3591 stabant
1192 3528 1258 3588 in
1309 3527 1520 3589 medio
1563 3528 1878 3589 Jordanis.
1925 3528 2379 3591 Verumtamen

893 3626 1208 3708 quidquid
1250 3626 1329 3687 dc
1359 3626 1624 3687 veritate
1665 3626 1748 3686 sit
1794 3625 1986 3707 hujus
2030 3627 2209 3698 dicti,
2244 3627 2380 3689 baec

895 3724 1254 3808 reprobatio
1273 3743 1400 3786 non
1431 3723 1780 3785 convincit.
1799 3724 2042 3786 Dicitur
2069 3726 2245 3787 enim
2264 3727 2383 3787 ali-

892 3824 1048 3906 quid
1087 3843 1228 3885 essc
1268 3823 1334 3884 in
1379 3822 1612 3898 medic,
1657 3840 1784 3884 non
1825 3822 2032 3884 solum
2073 3826 2377 3904 quoniam

893 3941 1074 4003 aeque
1103 3922 1298 3983 distat
1329 3920 1412 3982 ab
1429 3928 1703 4000 utroque
1733 3923 2164 3997 extremo‚sed
2188 3924 2379 3986 etiam

893 4020 1196 4101 quoniam
1220 4020 1386 4081 inter
1403 4018 1532 4081 duo
1551 4028 1829 4081 extrema
1848 4020 2385 4102 consistit‚quem-

669 4136 841 4241 εκὲιι.
895 4118 1234 4181 admodum
1265 4116 1334 4178 in
1365 4116 1690 4179 Ezechiele
1720 4115 1924 4179 fertur
1941 4117 2022 4180 de
2051 4118 2384 4199 Tyro‚Sic-

615 4212 730 4249 nn,
787 4232 802 4244 0

615 4328 868 4379 naum.
893 4332 1022 4394 quc
1051 4312 1250 4395 Tyrus
1282 4312 1349 4373 in
1379 4312 1570 4375 corde
1605 4322 1668 4374 et
1699 4312 1764 4373 in
1796 4314 2006 4375 medio
2037 4315 2231 4376 maris
2262 4316 2387 4379 sita

601 4392 732 4443 ⁴³²·
897 4410 1097 4473 ruisse
1140 4410 1206 4471 in
1249 4409 1578 4491 Prophetis
1620 4409 2024 4473 describitur.
2059 4411 2189 4475 1m0
2235 4413 2379 4476 talis

895 4509 1122 4572 modus
1143 4507 1464 4590 loquendi,
1479 4508 1778 4589 frequens
1799 4516 1893 4569 est
1918 4508 1982 4570 in
2006 4509 2376 4591 ScripturiS.

895 4607 1220 4683 Praeterea,
1266 4605 1438 4686 quod
1482 4606 1838 4668 sacerdotes
1877 4616 2191 4670 steterunt
2232 4630 2377 4672 cum

894 4725 1042 4769 arca
1070 4724 1198 4768 non
1233 4705 1420 4785 longe
1456 4724 1493 4765 a
1527 4705 1684 4786 ripa,
1719 4705 1968 4767 videtur
1998 4726 2074 4769 ex
2103 4726 2180 4770 eo
2210 4711 2381 4790 quod

899 4804 1091 4887 paulo
1141 4811 1282 4885 post
1333 4802 1565 4885 legitur
1603 4823 1618 4865 ε
1651 4802 1856 4877 Quum
1906 4806 2236 4885 posuerint
2288 4827 2383 4869 sa-

2492 3138 2699 3199 betur.
2727 3141 2885 3199 Ecoe
2912 3158 3067 3197 arca
3086 3138 3351 3216 foedert‘s
3372 3136 3638 3195 Domini
3656 3136 3975 3194 anteoedet

2493 3258 2602 3296 cos
2622 3258 2743 3314 per
2774 3240 3126 3297 Iordanem
3166 3257 3189 3293 .·
3219 3235 3339 3297 hoc
3366 3242 3485 3309 est,
3522 3252 3635 3314 pet·
3660 3232 3781 3295 hoc
3811 3250 3975 3314 opus

2490 3334 2975 3416 supernaturale
3002 3333 3217 3395 scietis
3244 3332 3416 3413 quod
3448 3329 3977 3405 dico‚sccundum

2490 3434 2659 3514 quod
2702 3452 2895 3495 causa
2936 3452 3050 3513 per
3078 3430 3385 3493 effectum
3430 3448 3615 3490 suum
3646 3428 3981 3508 cognosci-—

2492 3541 2617 3593 tur.
2650 3535 2895 3593 Parate
2935 3532 3273 3590 duodecim
3308 3532 3477 3588 ciros
3516 3532 3597 3587 de
3637 3526 3974 3589 duodecim

2494 3633 2784 3690 tribubus
2814 3634 3041 3699 lsrael,
3072 3631 3361 3704 sinyulos
3382 3648 3505 3704 per
3528 3629 3820 3703 st‘nqulas
3862 3628 3980 3685 tri—

2491 3732 2605 3789 bus
2624 3751 2649 3788 :
2682 3729 2743 3789 id
2774 3738 2892 3796 est,
2917 3728 2997 3789 de
3022 3725 3305 3807 qualibet
3340 3725 3511 3787 tribu
3546 3723 3731 3785 lsrael
3761 3722 3979 3803 eligite

2494 3847 2691 3888 unum
2724 3827 2954 3896 virum,
2990 3835 3057 3885 ut
3088 3824 3425 3886 duodecim
3466 3823 3587 3885 viri
3622 3821 3715 3883 illi
3748 3819 3979 3883 tollant
4008 3844 4230 3889 Joeum.
4272 3876 4283 3885 .

2491 3927 2571 3987 de
2600 3925 2811 3987 medio
2836 3924 3127 3986 Iordanis
3168 3922 3467 3984 desiccati
3497 3921 3833 3984 duodecim
3882 3939 3980 3982 sa·

2494 4043 2590 4098 xa,
2626 4032 2694 4084 ut
2734 4023 2799 4083 in
2832 4022 3124 4103 sequenti
3156 4021 3459 4083 recitatur
3488 4020 3793 4101 capitulo.

2576 4124 2657 4183 Et
2685 4142 2884 4201 quum
2908 4123 3249 4197 posuerint
3280 4121 3547 4196 vesti-qia
3572 4122 3814 4196 pedum
3836 4138 3983 4177 suo-

893 4215 1059 4279 catio
1089 4232 1464 4295 sagenarum
1500 4214 1621 4275 erit
1649 4214 1712 4275 in
1747 4214 1956 4277 medio
1988 4217 2204 4277 maris,
2224 4218 2385 4300 lpsa·
2416 4226 2465 4289 Ι)
2496 4242 2643 4280 rum
2661 4222 3025 4287 sacerdotes,
3050 4220 3169 4297 qui
3188 4228 3457 4295 portate!
3478 4236 3698 4276 aream
3715 4217 3982 4292 foedem's

2490 4320 2763 4379 Domini
2790 4319 2914 4378 Dei
2946 4320 3263 4377 univers-ce
3295 4326 3500 4385 ter-rte,
3527 4317 3594 4374 in
3624 4316 3815 4393 aquis
3841 4316 3982 4373 Jor-

2490 4418 2707 4485 dant'S,
2730 4436 2915 4494 aquoe
2941 4436 3085 4493 quw
3116 4415 3455 4492 inferiores
3488 4422 3661 4482 sunt,
3706 4411 3826 4473 hoc
3856 4419 3975 4486 est,

2490 4533 2635 4595 quae
2666 4512 2831 4575 inl'ra
2861 4531 3081 4575 eorum
3112 4512 3302 4593 pedes
3323 4512 3717 4585 exstiterunt,
3751 4513 3980 4570 decur-

2492 4622 2634 4672 rent
2663 4610 2931 4673 inferius
2960 4628 3139 4673 more
3168 4609 3377 4685 solito,
3420 4619 3612 4689 atque
3650 4610 3980 4684 deficient,

2492 4711 2559 4772 id
2584 4718 2701 4786 est,
2729 4710 2895 4771 ultra
2915 4727 3043 4771 non
3064 4709 3354 4789 operient
3387 4707 3655 4769 fundum
3685 4705 3981 4767 Jordanis

2492 4830 2605 4893 pcr
2634 4808 2911 4891 spatium
2941 4817 3307 4889 competens
3332 4831 3348 4880 ς
3374 4828 3516 4885 quoe
3543 4816 3761 4867 autem
3790 4806 3985 4865 desu-

895 4902 1182 4966 cerdotes
1213 4903 1482 4983 vestigia
1518 4902 1752 4983 pedum
1785 4921 2046 4965 suorum
2089 4904 2162 4966 in
2196 4907 2381 4986 aquis
2482 4930 2603 4987 per
2626 4910 2913 4978 veniunt,
2936 4910 3007 4966 in
3032 4928 3165 4967 una
3196 4910 3359 4967 mole
3386 4908 3747 4975 consistent,
3762 4922 3985 4966 ascen·-

893 5002 1206 5079 Jordanis,
1238 5022 1420 5083 aquae
1451 5001 1788 5064 inferiores
1817 5002 2157 5065 decurrent
2188 5012 2381 5085 atque

895 5101 1224 5165 deficient.
1271 5101 1552 5182 Itemque
1610 5117 1623 5161 :
1679 5100 1980 5179 Ingressis
2029 5102 2122 5163 eis
2170 5103 2385 5165 Jorda-

895 5219 1065 5275 nem‚
1101 5198 1372 5280 pedibus
1422 5217 1644 5262 eorum
1697 5199 1760 5260 in
1813 5208 1991 5281 parte
2035 5220 2217 5281 aquae
2266 5202 2385 5263 tin-

893 5298 1036 5377 ctis,
1071 5306 1380 5361 steterunt
1409 5316 1612 5378 aquae,
1652 5307 1772 5361 etc.

2491 5008 2699 5069 dendo
2732 5006 2797 5067 in
2828 5006 3137 5081 altum‚ut
3169 5002 3338 5065 infra
3366 5004 3983 5065 usmetun-..Iordanis

2492 5116 2709 5166 autem
2744 5106 2922 5181 ripas
2954 5105 3129 5164 alvei
3155 5105 3264 5162 sui
3308 5113 3583 5181 tempore
3616 5102 3832 5161 messis
3865 5102 3987 5161 im-

2484 5202 2930 5282 pleverat,hoc
2961 5209 3077 5278 est,
3102 5219 3305 5281 usque
3332 5200 3409 5263 ad
3442 5200 3613 5282 ripas
3645 5198 3765 5260 suit
3796 5198 3985 5279 aquis

2496 5300 2818 5382 impletus,
2848 5309 2919 5361 ut
2950 5298 3145 5363 moris
3188 5306 3285 5360 est
3322 5297 3382 5360 ei
3428 5306 3711 5381 tempore
3750 5294 3984 5358 messis
