4359 6250
1287 500 1635 548 ENARRATIO
1678 501 1740 546 ιΝ
1781 500 1918 546 mr.
1966 500 1986 547 1
2025 499 2228 547 iosus.
2277 519 2357 531 —
2397 501 2537 548 aar.
2586 501 2631 548 ιι
3428 481 3498 544 11

413 689 536 732 nus
587 672 895 754 praelatus
950 670 1074 752 legi
1138 671 1489 754 subjectus.
1540 671 1700 732 Dum
1759 685 1909 751 ergo
1937 669 1988 732 A
2019 669 2108 732 xit
2145 688 2159 732 ε
2196 669 2367 734 Dabo
2398 671 2578 735 vobis
2609 689 2680 734 os
2710 681 2774 734 et
2804 670 3205 754 sapientiam,
3239 668 3343 732 cui
3372 686 3504 731 non
3538 684 3799 734 Lamnus

411 769 692 851 populus
724 769 1112 834 christianus
1135 769 1418 833 divinam
1450 768 1910 850 transgreditur

412 865 646 950 legein,
682 869 1098 952 conqueritur
1144 869 1308 932 Deus
1350 877 1412 932 et
1455 867 1741 950 loquitur
1783 868 1910 944 cuiss

409 986 691 1048 cumque
715 966 895 1032 fideli
921 967 1457 1050 praelat0,Moyses
1484 987 1705 1030 servus
1731 985 1910 1031 meus

411 1064 763 1129 defunctus
812 1075 908 1129 est
952 1084 966 1127 :
1017 1066 1170 1148 quia
1220 1065 1321 1128 lex
1368 1067 1513 1128 data
1571 1085 1608 1128 a
1666 1085 1789 1142 me,
1844 1065 1909 1128 in

411 1164 922 1228 Christianorum
966 1165 1269 1228 cordibus
1311 1164 1441 1246 jam
1488 1163 1730 1228 deficit.
1777 1164 1913 1228 Om-

113 1281 380 1337 pmuppm,
412 1282 526 1326 nes
577 1263 752 1326 enim
799 1282 942 1345 quae
985 1283 1120 1339 sua,
1176 1281 1306 1326 non
1347 1282 1488 1344 quae
1539 1281 1680 1325 mea
1737 1271 1906 1340 sunt,

411 1370 734 1443 quaerunt,
789 1361 880 1424 ita
938 1362 1110 1442 quod
1170 1361 1330 1424 illud
1390 1360 1562 1424 Isaiae
1623 1359 1914 1423 videatur

126 1480 380 1530 12.xm·.5.
411 1460 750 1544 impletum
808 1477 822 1521 :
875 1459 1034 1534 Quia
1087 1459 1464 1540 transgressi
1514 1467 1664 1520 sunt
1715 1458 1906 1539 legeS,

413 1568 824 1623 mutaverunt
851 1560 978 1642 juS,
1007 1559 1482 1642 dissipaverunt
1514 1557 1724 1622 foedus
1755 1577 1912 1621 sem-

412 1659 763 1741 piternum.

493 1762 731 1836 Surye,
761 1767 821 1818 et
854 1760 1068 1818 transi
1093 1761 1444 1820 Iordane-m
1483 1757 1705 1828 istum,
1741 1767 1811 1818 tu
1851 1765 1910 1816 et

2017 778 2319 852 poterunt
2370 770 2664 833 resistere
2707 779 2771 834 et
2812 769 3245 844 contradicere
3284 786 3506 832 omnes

2018 868 2361 932 adversarii
2413 869 2631 933 vestri.
2686 870 2971 952 Denique
3030 876 3277 932 constat
3334 869 3505 951 quod

2020 969 2260 1052 populo
2319 968 2688 1046 christiano,
2744 969 2797 1031 si
2858 969 3145 1033 obediret
3202 967 3502 1050 perfecte,

2021 1068 2199 1130 nulla
2258 1076 2470 1151 posset
2527 1087 2683 1149 gens
2744 1068 3109 1151 praevalere.
3162 1070 3349 1129 Sicut
3400 1068 3510 1144 fui

2018 1189 2166 1229 cum
2199 1171 2442 1245 Moyse,
2474 1170 2569 1228 ita
2608 1189 2715 1228 ero
2744 1178 2803 1229 et
2837 1179 3063 1228 cecum.
3098 1165 3512 1240 Quemadmo—

2019 1266 2170 1328 dum
2206 1266 2377 1328 enim
2417 1267 2581 1330 Deus
2611 1267 3016 1349 omnipotens
3048 1266 3251 1346 legem
3284 1265 3509 1347 Moysis

2019 1383 2133 1446 per
2163 1365 2416 1428 diversa
2456 1365 2763 1428 miracula
2801 1373 2864 1427 et
2902 1364 3206 1447 praeclara
3237 1363 3509 1446 Spiritus

2019 1463 2233 1526 Sancti
2266 1463 2647 1527 charismata
2677 1461 3109 1538 confirmavit,
3144 1462 3255 1550 ita,
3290 1461 3418 1525 imo
3448 1470 3512 1525 et

2019 1560 2610 1644 incomparabiliter
2679 1561 2881 1642 magis
2940 1569 3003 1623 et
3056 1560 3506 1636 excellentius,

2017 1660 2449 1741 evangelicam
2496 1660 2699 1741 legem
2746 1659 3219 1736 constabilivit3
3257 1658 3509 1741 fuitque

2020 1759 2180 1821 Deus
2212 1779 2357 1822 cum
2389 1759 2637 1823 Christo
2658 1757 2917 1822 homine
2936 1757 3359 1821 ineffabiliter
3378 1775 3510 1839 gra-

407 1859 624 1917 omnis
647 1861 932 1934 populus
965 1867 1190 1918 tecum.
1225 1856 1340 1918 Per
1368 1856 1704 1919 Iordanem
1746 1855 1911 1918 desi-
1945 1853 1990 1916 B
2023 1857 2267 1935 tiosiuS‚
2315 1857 2807 1940 gloriosiusque,
2843 1877 3035 1939 quam
3080 1877 3231 1920 cum
3276 1857 3502 1939 Moyse,

130 1969 294 2013 ποια..
313 1987 378 2020 m.
408 1949 642 2036 gnat’ur
673 1955 1055 2037 Baptismus,
1089 1955 1376 2019 Christus
1407 1963 1618 2018 autem
1649 1954 1911 2019 Joannis

409 2053 805 2135 baptismum
829 2055 1174 2135 suscipere,
1193 2054 1320 2117 Deo
1341 2054 1519 2116 Patre
1540 2053 1906 2135 instigante,

147 2169 376 2219 (saraam,
408 2139 712 2232 dignatus
743 2161 860 2229 est,
896 2162 958 2216 et
987 2172 1210 2216 omnes
1240 2155 1352 2235 qui
1392 2151 1800 2216 crediderunt
1843 2153 1906 2215 in

187 2235 208 2262 ⁴
241 2263 254 2275 ·
409 2243 762 2330 Christum,
795 2271 909 2334 per
946 2252 1178 2314 Christi
1211 2251 1602 2335 Baptismum
1646 2253 1910 2316 transie-

409 2345 584 2428 runt}
601 2351 853 2433 purgati
885 2360 1036 2412 sunt
1065 2359 1128 2415 et
1159 2351 1406 2428 salvati,
1425 2349 1644 2433 sicque
1673 2351 1754 2413 ad
1785 2371 1910 2416 coe-

409 2433 590 2514 lesti⁹s
613 2448 1060 2532 promissionis
1080 2450 1371 2533 perducti
1395 2459 1543 2512 sunt
1565 2451 1905 2531 regionem.

405 2551 672 2627 RursuS,
706 2549 996 2613 Jordanis
1027 2549 1480 2632 interpretatur
1512 2550 1853 2613 descensus
1888 2568 1902 2612 :

405 2669 524 2732 per
551 2668 747 2730 quem
781 2657 1037 2711 notatur
1065 2649 1416 2725 humilitaS,
1454 2667 1567 2730 per
1597 2668 1788 2730 quam
1813 2648 1908 2731 ip-

407 2756 614 2811 semet
645 2747 952 2811 Dominus
981 2748 1160 2812 Jesus
1191 2757 1254 2812 et
1287 2747 1567 2811 universi
1599 2747 1909 2812 Christifi-

97 2862 370 2917 ruamus.
407 2835 590 2910 deles
617 2846 1133 2910 ambulaverunt.
1176 2845 1542 2910 Exinanivit.
1571 2846 1806 2909 etenim
1840 2865 1908 2908 se

117 2955 372 3061 ῃιέιῶιιίιῖ.
407 2947 644 3030 ἱρειψι,
660 2954 724 3008 ct
744 2944 940 3008 dixit:
961 2945 1076 3020 Qui
1094 2964 1164 3008 se
1180 2943 1900 3022 humiliassexaltabitur.

2021 1975 2136 2019 nec
2168 1955 2414 2018 dimisit
2434 1975 2603 2032 eum,
2624 1975 2741 2018 nec
2772 1955 3116 2038 dereliquit
3145 1974 3258 2038 per
3289 1955 3507 2037 gratiae
3549 1977 3802 2024 Jmmw.

2017 2061 2128 2116 aut
2169 2054 2388 2133 gloriae
2434 2053 2929 2117 subtractionem
2981 2061 3091 2117 aut
3138 2053 3507 2115 diminutio·
3536 2043 3603 2082 ²⁹·

2021 2172 2190 2228 nem,
2225 2153 2521 2234 quamvis
2554 2152 2620 2214 in
2652 2152 2949 2217 Passionc
2993 2151 3325 2234 reliquerit
3357 2172 3503 2214 eum

2016 2259 2325 2334 quantum
2371 2251 2447 2313 ad
2491 2252 2927 2333 apparentiam
2969 2252 3309 2333 quamdam
3342 2259 3506 2314 exte-

2017 2351 2249 2413 riorem
2283 2358 2344 2413 et
2376 2348 2871 2413 subtractionem
2917 2349 3119 2412 solitae
3150 2349 3507 2412 redundan-
3586 2367 3754 2411 naua.

2017 2449 2119 2512 tiae
2149 2447 2605 2512 consolationis
2650 2468 2689 2510 a
2725 2448 3037 2531 superiori
3070 2455 3247 2530 parte
3276 2449 3505 2512 animae
3534 2436 3797 2484 ¹¹⁸‘¹·³⁷·³⁸·

2017 2568 2146 2612 suae
2186 2547 2252 2609 in
2294 2556 2537 2630 partem
2586 2547 2789 2628 ipsius
2836 2546 3204 2610 inferiorem
3248 2567 3325 2610 ac
3370 2566 3506 2610 scn-

2015 2648 2293 2713 sitivam.
2336 2648 2595 2729 Propter
2638 2648 2810 2728 quod
2857 2648 3140 2729 pendens
3188 2647 3253 2708 in
3288 2665 3499 2722 cruce,

2015 2747 2318 2810 clamavit
2351 2764 2364 2808 :
2398 2747 2562 2809 Deus
2594 2766 2794 2823 meuS,
2830 2746 2993 2809 Deus
3025 2765 3226 2822 meus,
3249 2753 3317 2808 ut
3346 2745 3503 2826 quid
3604 2759 3771 2804 naun.

2016 2845 2414 2926 dereliquisti
2458 2849 2605 2908 me‘l
2640 2847 3019 2923 Confer-tare
3058 2855 3117 2905 ec
3155 2853 3281 2904 esto
3320 2847 3505 2905 robu-
3536 2837 3661 2876 '‘¹¹¹⁸'’
3690 2825 3759 2866 ⁴⁶·

2012 2955 2169 3006 stus.
2204 2945 2488 3008 Christus
2523 2945 2586 3006 in
2618 2944 2793 3008 omni
2827 2944 3062 3007 virtute
3094 2942 3507 3006 immobiliter

139 3035 369 3129 jung„
404 3047 694 3128 itemque
729 3061 743 3106 :
776 3044 1011 3107 Discite
1041 3064 1079 3106 a
1109 3063 1232 3121 me,
1267 3043 1420 3126 quia
1449 3043 1626 3106 mitis
1667 3062 1808 3106 sum
1843 3051 1906 3106 et
1937 3043 1980 3105 C
2015 3042 2336 3127 perfectus
2370 3043 2494 3105 fuit
2525 3062 2597 3106 ac
2630 3043 2876 3106 stabilis
2907 3042 2988 3105 ab
3018 3041 3277 3106 exordio
3308 3041 3508 3105 incar-

117 3148 304 3195 ²⁹·¹*·¹¹=
327 3148 368 3189 ³·
403 3144 675 3208 humilis
697 3146 910 3208 corde.
933 3144 1009 3206 Et
1035 3161 1048 3205 :
1082 3143 1214 3207 Nisi
1247 3144 1538 3207 conversi
1569 3143 1820 3207 fueritis
1842 3152 1906 3206 et

399 3243 792 3307 efficiamini
825 3242 992 3306 sicut
1021 3242 1296 3324 parvuli,
1323 3261 1450 3305 non
1483 3242 1802 3305 intrabitis
1835 3243 1901 3305 in

403 3360 676 3422 regnum
709 3342 1041 3406 coelorum.
1078 3341 1235 3404 Hinc
1267 3360 1381 3423 per
1408 3341 1630 3404 Isaiam
1673 3342 1762 3405 ait
1803 3362 1906 3405 su-

117 3462 369 3513 mmust.
401 3440 608 3524 perbo
659 3458 673 3502 z
723 3441 1063 3516 Descende,
1109 3442 1257 3505 sede
1301 3441 1369 3502 in
1414 3438 1698 3522 pulvere.
1743 3439 1904 3514 Quid

400 3548 506 3603 est
535 3539 758 3602 sedere
789 3538 856 3599 in
889 3539 1176 3620 pulvere,
1204 3538 1329 3601 nisi
1359 3538 1425 3601 in
1461 3538 1735 3621 propriae
1765 3538 1905 3601 vili-

401 3638 558 3701 tatis
608 3646 672 3701 et
719 3637 928 3720 culpae
971 3638 1483 3701 consideratione
1528 3637 1903 3719 quiesceret

401 3738 710 3801 Praelatus
741 3753 894 3816 ergo
923 3736 1175 3817 plebem
1212 3735 1332 3797 sibi
1365 3735 1770 3799 commissam
1803 3737 1904 3799 de-

401 3838 518 3900 bet
561 3836 628 3898 in
671 3834 1038 3898 humilitate
1081 3836 1459 3916 praecedere,
1497 3837 1720 3919 sicque
1757 3858 1904 3900 cum

403 3935 540 3998 illis
570 3935 636 3997 in
670 3942 904 3997 terram
935 3934 1270 3996 Beatorum
1303 3935 1561 3998 intrare.

506 4036 772 4095 Omnem
822 4037 1032 4093 locum
1089 4054 1278 4111 quem
1327 4037 1674 4096 calcaverit
1723 4038 1906 4096 vesti-

393 4136 592 4209 qr’um
635 4134 824 4211 pedis
871 4132 1090 4203 vestri,
1148 4134 1320 4191 vobis
1376 4136 1656 4195 tradam.
1711 4135 1904 4197 Totus

2012 3144 2313 3208 nationiS.
2340 3144 2654 3219 Attamen,
2679 3142 2977 3207 Passionc
2998 3144 3295 3218 instante,
3320 3160 3508 3224 spon-

2011 3250 2072 3306 te
2102 3244 2407 3325 quasdam
2430 3242 2759 3325 passiones
2782 3242 2881 3306 vel
2906 3242 3117 3324 potius
3149 3241 3508 3331 propassio·
3587 3262 3753 3306 Mareu.

2012 3362 2124 3405 nes
2155 3342 2524 3424 assumpsit,
2566 3350 2627 3405 et
2666 3360 2780 3423 per
2812 3342 3071 3404 modum
3114 3338 3505 3403 infirmantis
3534 3327 3796 3376 ¹¹⁸⁸·⁸⁷·²⁸·

2011 3461 2081 3505 se
2120 3440 2361 3503 habuit.
2396 3441 2655 3523 Propter
2694 3440 2864 3521 quod
2906 3439 3201 3521 apparuit
3230 3439 3287 3502 ci
3319 3456 3506 3519 ange·
3572 3460 3683 3503 Luc.
3700 3472 3797 3508 nn,

2012 3540 2110 3602 lus
2134 3541 2212 3604 de
2232 3538 2417 3616 coelo,
2437 3539 2645 3621 ipsum
2668 3537 3059 3615 confortans,
3076 3538 3139 3600 id
3170 3548 3287 3615 est,
3305 3537 3504 3600 instar
3532 3526 3601 3566 ⁴³·

2011 3638 2432 3702 confortantis
2454 3657 2521 3701 se
2542 3638 2807 3713 bahem,
2830 3646 2894 3699 et
2914 3637 3337 3701 consolatoria
3367 3656 3505 3719 pro—

2013 3736 2224 3800 ferens
2257 3737 2469 3813 verba,
2491 3736 2790 3800 videlicet
2810 3736 3082 3817 qualiter
3114 3754 3243 3799 suae
3275 3736 3502 3799 merito

2013 3835 2329 3918 passionis
2363 3836 2804 3917 redempturus
2837 3844 3002 3897 esset
3034 3854 3236 3917 genus
3276 3836 3499 3898 huma-

2013 3954 2191 4011 num,
2228 3942 2291 3997 et
2320 3933 2487 3997 veris
2522 3933 2824 3998 fidelibus
2856 3933 3179 4016 regionem
3223 3934 3499 3999 mansio-

2013 4053 2166 4096 num
2200 4033 2553 4097 coelestium
2585 4032 2928 4096 divisuruS.

2078 4133 2385 4195 Praeterea
2404 4151 2519 4214 per
2530 4131 2716 4211 Josue
2736 4132 3103 4212 designatur
3122 4132 3504 4214 quicumque

163 4246 350 4291 rsa-‚a
400 4230 652 4320 quippe
682 4228 860 4293 orbis
891 4238 1226 4305 terrarum,
1261 4230 1508 4293 Christo
1540 4240 1603 4293 et
1632 4232 1770 4314 ejus
1793 4232 1906 4295 Ec·
1933 4234 1982 4296 D
2013 4232 2331 4315 praelatuS,
2376 4240 2591 4313 pastor
2638 4239 2700 4294 et
2749 4232 3001 4313 praesul,
3046 4232 3149 4295 cui
3198 4232 3503 4295 Dominus
3544 4318 3550 4325 ἱ

401 4330 622 4394 clesiae
651 4337 750 4392 est
789 4347 1131 4391 concessus
1163 4348 1236 4392 ac
1268 4329 1584 4406 subdituS,
1622 4331 1905 4395 domina-

171 4442 242 4483 m.
264 4456 370 4493 tm.
405 4438 642 4510 turque
671 4427 958 4491 Christus
989 4447 1025 4489 a
1059 4428 1217 4489 mari
1249 4447 1454 4509 usque
1492 4428 1570 4490 ad
1611 4448 1807 4507 mare,
1842 4439 1905 4493 et

400 4547 440 4590 a
475 4525 754 4588 flumine
797 4544 1004 4607 usque
1036 4526 1113 4587 ad
1149 4526 1455 4589 terminos
1494 4527 1668 4590 orbis
1713 4536 1906 4591 terra-

171 4630 323 4674 1101111-
401 4644 574 4686 rum.
609 4623 790 4686 Unde
819 4632 882 4685 et
914 4622 1075 4685 dixit
1110 4639 1124 4684 :
1161 4624 1314 4686 Data
1357 4632 1452 4687 est
1495 4624 1650 4686 mihi
1694 4625 1905 4688 omnis

157 4706 228 4735 ”¹⁸
327 4726 340 4739 “
401 4730 690 4806 potestas
724 4722 787 4784 in
819 4721 984 4786 coelo
1013 4731 1076 4785 et
1109 4722 1174 4784 in
1209 4730 1394 4785 terra.
1413 4726 1654 4785 Nullus
1665 4728 1903 4803 poterit

401 4822 584 4881 vobis
624 4822 932 4882 resistere.
966 4821 1219 4883 Certum
1270 4829 1386 4897 est,
1423 4820 1670 4883 nullum
1717 4842 1903 4905 posse

400 4918 709 4982 resistere
752 4918 1024 4994 Christo,
1059 4919 1182 4981 nisi
1228 4928 1538 5001 quantum
1588 4920 1724 5003 ipse
1769 4942 1903 5003 per-

137 5024 368 5077 Jom-xm.
399 5016 679 5080 miserit.
715 5016 896 5079 Pater
925 5037 1198 5099 namque
1227 5018 1442 5081 omnia
1473 5018 1645 5081 dedit
1682 5020 1746 5081 in
1781 5040 1904 5083 ma-

129 5088 163 5126 ³‘
403 5136 532 5179 nus
561 5117 705 5197 ejus
728 5140 741 5189 ;
769 5123 832 5177 et
865 5116 1000 5196 ipse
1020 5116 1308 5178 Christus
1334 5136 1549 5180 rursus
1573 5119 1650 5181 de
1673 5138 1740 5180 se
1763 5119 1901 5200 ipso

127 5228 370 5280 amma.
398 5215 494 5277 ait
525 5216 608 5277 ad
637 5214 881 5276 Patrem
912 5232 926 5275 :
963 5213 1137 5279 Sicut
1168 5216 1400 5278 dedisti
1433 5216 1490 5279 ei
1525 5225 1899 5297 potestatem

397 5313 618 5375 omnis
659 5313 896 5375 carnis.
943 5312 1087 5376 Suis
1131 5332 1386 5395 quoque
1430 5314 1763 5398 discipulis
1810 5316 1898 5379 di-

2012 4330 2375 4413 specialiter
2404 4330 2609 4411 jubet,
2629 4331 2969 4412 persuadet
2999 4350 3071 4393 ac
3104 4330 3407 4411 loquitur,
3434 4339 3503 4392 ut

2011 4428 2407 4493 confortetur
2447 4430 2513 4492 in
2555 4429 2729 4492 omni
2763 4430 2999 4493 virtute
3040 4439 3103 4493 ct
3138 4429 3343 4511 gratia
3374 4429 3505 4512 Spi-

2014 4529 2170 4591 ritus
2204 4528 2435 4605 Sancti,
2471 4528 2602 4592 imo
2636 4538 2809 4593 tanto
2846 4530 3186 4593 virtuosior
3224 4548 3366 4591 esse
3404 4548 3505 4593 co-

2014 4636 2220 4705 netur,
2270 4646 2395 4709 quo
2440 4628 2732 4710 pluribus
2777 4629 3095 4711 praesidet,
3144 4637 3209 4691 ct
3255 4628 3501 4691 altioris

2013 4734 2108 4789 est
2155 4725 2551 4790 auctoritatis
2608 4736 2715 4791 aut
2768 4725 3207 4809 professioniS‚
3264 4734 3324 4788 et
3372 4744 3501 4807 quo

2012 4825 2197 4906 plura
2226 4833 2418 4906 atque
2448 4826 2689 4907 maJ’ora
2719 4826 2993 4906 desuper
3031 4826 3198 4888 dona
3241 4824 3503 4887 sortitus

2011 4931 2130 4999 est,
2165 4931 2229 4985 et
2272 4942 2388 5005 pro
2433 4923 2727 5005 pluribus
2774 4923 3133 4986 redditurus
3178 4931 3273 4985 est
3314 4923 3501 4986 ratio-

2014 5040 2181 5099 nem,
2215 5030 2286 5083 ut
2317 5022 2587 5085 aliorum
2621 5021 3122 5084 imbecillitatem
3170 5030 3231 5083 et
3274 5021 3501 5103 imper·
3531 5046 3796 5092 cucuma.

2014 5118 2353 5183 tectionem
2406 5120 2609 5183 valcat
2660 5127 3055 5202 supportare,
3100 5127 3162 5182 et
3213 5119 3276 5181 in
3330 5120 3499 5183 bono
3578 5146 3795 5193 noman,

2011 5218 2269 5281 vincere
2316 5219 2577 5280 malum.
2614 5220 2829 5300 ltaque
2878 5238 3130 5282 omnem
3184 5219 3500 5299 evangeli·
3530 5211 3597 5251 ²¹·

2009 5336 2146 5379 cam
2200 5316 2398 5397 legem
2450 5315 2638 5379 debet
2686 5336 2955 5390 servare,
3012 5336 3091 5380 nc
3139 5338 3175 5380 a
3226 5316 3499 5381 subditis
