4359 6250
1015 514 1364 561 manuario
1407 515 1467 562 ΙΝ
1509 515 1648 562 CAP-
1693 516 1736 562 X
1777 515 1936 561 unm
1973 513 2145 562 Pml
2186 515 2411 563 REGUH.
2456 535 2537 546 —
2577 513 2719 562 Am.
2766 515 2875 562 XIX

3368 498 3487 562 315

369 685 804 766 proverbium
835 701 948 746 seu
979 683 1248 748 verbum
1270 684 1551 766 vulgare,
1589 684 1880 766 figurale,
1913 683 1964 746 A
1995 692 2261 762 cretum,
2309 685 2629 767 quomodo
2674 685 2741 747 hi
2790 685 3027 766 quibus
3066 684 3487 748 revelaverint

369 783 757 846 obscurum.
792 783 1010 864 Itaque
1053 782 1464 866 proverbium
1513 783 1680 846 istud
1717 783 1886 846 dice-

369 881 600 959 batur,
626 900 754 945 non
785 891 1033 945 tantum
1065 882 1146 945 de
1167 881 1376 960 Saule,
1401 883 1511 945 sed
1541 890 1606 945 et
1627 883 1708 946 de
1733 901 1888 964 quo-

371 1000 666 1063 cumque
698 981 1028 1063 inopinate
1057 989 1167 1043 aut
1199 981 1413 1044 subito
1451 982 1746 1059 exaltato,
1779 991 1886 1045 aut

371 1081 656 1160 gratiam
691 1079 1045 1162 prophetiae
1083 1081 1313 1163 adepto
1347 1099 1362 1145 ε
1398 1081 1582 1162 quasi
1613 1081 1881 1157 dicatur,

371 1179 456 1240 Et
499 1178 644 1260 ipse
688 1178 861 1256 Saul,
893 1179 1192 1260 quamvis
1229 1180 1352 1243 hoc
1403 1181 1636 1242 mirum
1681 1189 1745 1243 et
1790 1179 1888 1242 in-

373 1278 726 1360 opinatum
773 1277 1110 1356 exstiterit,
1144 1287 1547 1360 computatus
1584 1288 1683 1342 est
1722 1279 1888 1341 inter

375 1377 757 1460 prophetaS,
793 1385 857 1439 et
896 1378 1020 1440 tale
1048 1376 1204 1459 quid
1237 1376 1466 1440 ceteris
1494 1396 1752 1459 quoque
1782 1397 1889 1460 po-

374 1483 510 1538 test
557 1475 870 1538 accidere.
909 1477 1188 1538 cessavit
1225 1485 1442 1538 autem
1477 1479 1882 1554 prophetare.

375 1573 624 1638 Dicunt
653 1573 924 1652 Hebraei,
943 1583 1137 1656 atque
1157 1574 1224 1636 in
1257 1574 1422 1638 libro
1452 1575 1532 1637 de
1563 1574 1887 1638 Hebraicis

375 1673 879 1756 quoestionibuS,
912 1673 1027 1756 qui
1060 1673 1223 1736 liber
1256 1681 1477 1737 sancto
1507 1673 1888 1756 Hieronymo

374 1793 416 1836 a
459 1771 688 1835 mult-is
728 1772 1138 1849 adscribitur,
1176 1772 1498 1850 recitatur,
1533 1773 1704 1854 quod
1749 1792 1889 1855 pro-

1996 783 2154 846 illud
2186 782 2528 847 tacebunt?
2556 783 2691 848 Non
2723 802 2873 866 ergo
2904 783 3339 865 glorificemus
3368 802 3485 847 nos

1994 883 2192 965 ips08‚
2228 885 2339 946 sed
2372 901 2628 945 manum
2661 883 2912 945 Domini
2944 890 3402 966 exspectemus,

2075 984 2164 1044 Et
2194 985 2564 1044 convocavit
2593 985 2863 1044 Samuel
2884 987 3205 1060 populum
3236 985 3306 1044 in
3340 986 3485 1046 Ma-

1993 1085 2176 1158 spha,
2202 1080 2353 1163 quia
2375 1081 2442 1142 in
2474 1081 2698 1144 urbem
2721 1080 2894 1143 illam
2927 1081 3058 1162 jam
3078 1080 3487 1144 transtulerat
3516 1115 3521 1122 ·

1997 1179 2249 1243 Samuel
2280 1198 2490 1242 arcam
2523 1179 2657 1256 Dei,
2690 1189 2749 1240 el
2784 1181 2881 1240 ait
2911 1182 2999 1240 ad
3026 1181 3199 1258 filios
3228 1182 3432 1240 Israel
3462 1200 3485 1239 :

1998 1283 2154 1342 Hoec
2181 1281 2345 1340 dicit
2378 1281 2695 1340 Dominus
2714 1281 2886 1340 Deus
2904 1281 3150 1340 Israel:
3166 1280 3305 1356 qu
3332 1281 3487 1338 edu·-

1994 1381 2072 1438 oei
2114 1381 2321 1439 Israel
2363 1380 2443 1438 de
2478 1379 2787 1456 AEqypto,
2818 1388 2881 1440 et
2926 1378 3074 1438 erui
3116 1397 3244 1449 υοε,
3279 1375 3345 1440 id
3392 1384 3488 1440 est

1997 1485 2211 1560 pat-res
2252 1485 2517 1554 vestroe,
2556 1481 2637 1538 de
2672 1497 2877 1538 manu
2906 1478 3395 1555 AEyyptiorum,
3426 1487 3489 1538 et

1995 1579 2075 1636 de
2115 1595 2318 1636 manu
2354 1577 2649 1636 omnium
2690 1595 2910 1653 reyum
2958 1577 3075 1655 qui
3118 1576 3488 1652 affligebant

1998 1694 2124 1734 υοε.
2149 1677 2265 1733 Vos
2294 1683 2512 1735 autem
2542 1675 2731 1734 hodie
2751 1675 3115 1752 projecistis
3132 1674 3489 1736 Dominum

1997 1775 2203 1834 Deum
2246 1781 2551 1842 vestrum,
2585 1771 2652 1834 id
2692 1779 2809 1848 est,
2846 1770 3179 1834 beneficiis
3212 1770 3351 1852 ejus
3390 1771 3488 1833 in-

377 1871 680 1954 phetavit
725 1873 806 1934 de
840 1871 975 1951 Gog
1019 1879 1082 1934 et
1123 1871 1364 1952 Magog,
1399 1880 1462 1934 et
1507 1870 1742 1934 futuris
1786 1891 1889 1936 eo-
1925 1871 1969 1932 B
1998 1871 2162 1952 grati
2194 1869 2431 1948 fuistiS‚
2451 1877 2514 1933 et
2545 1869 2835 1952 improbe
2864 1869 3215 1933 recessistis
3236 1871 3315 1933 de
3346 1871 3486 1951 ejus

375 1989 529 2031 rum
565 1968 780 2046 bellis,
817 1970 896 2031 de
937 1968 1218 2052 praemiis
1257 1987 1518 2051 quoque
1542 1970 1882 2051 justorum,

375 2067 862 2150 suppliciisque
893 2086 1260 2150 pravorum.
1296 2067 1513 2130 Merito
1535 2087 1686 2150 ergo
1717 2069 1890 2132 dixe-

377 2173 562 2242 runt,
597 2165 900 2239 Quaenam
933 2185 1034 2229 res
1075 2164 1310 2228 accidit
1341 2164 1484 2228 filio
1513 2165 1662 2229 Cis?
1705 2168 1888 2248 quasi

373 2264 630 2341 dicant,
651 2265 772 2327 Res
803 2263 1152 2346 inopinata,
1178 2263 1342 2326 mira
1372 2271 1436 2326 et
1465 2281 1715 2344 magna.
1742 2265 1887 2328 Saul

373 2363 636 2446 quippe
681 2363 782 2425 vir
823 2363 1132 2445 elegantis
1173 2371 1449 2441 statum,
1484 2373 1784 2427 strenuus
1827 2375 1890 2428 et

376 2463 718 2538 robustuS,
751 2469 1082 2543 reputatus
1127 2461 1248 2524 tuit
1291 2461 1560 2525 idoneus
1599 2463 1678 2525 ad
1723 2473 1891 2527 exte-

377 2560 558 2624 riora
590 2567 656 2622 et
683 2559 918 2623 bellica
950 2559 1388 2642 opera,magis
1417 2578 1610 2642 quam
1640 2563 1718 2624 ad
1751 2582 1890 2645 pro-

377 2659 809 2742 phetandum.
836 2662 922 2721 Ec
953 2661 1130 2720 venit
1159 2661 1247 2719 ad
1276 2663 1622 2726 eoecelsum.
1653 2661 1731 2723 de
1760 2680 1888 2742 quo

377 2758 809 2822 descenderat
838 2761 1080 2820 cunetis
1113 2756 1590 2839 prophetarum.

481 2859 807 2936 Diatilque
849 2866 1131 2935 patruus
1177 2859 1372 2926 Saul,
1420 2855 1722 2920 videlieet
1770 2857 1890 2920 Ner

379 2957 592 3020 frater
609 2956 738 3032 Cis,
757 2959 847 3016 ad
874 2975 1025 3015 eum
1051 2965 1112 3015 el
1141 2957 1229 3016 ad
1240 2974 1524 3032 puerum
1551 2957 1732 3032 ejus:
1755 2960 1888 3026 Quo

1999 1968 2331 2050 regimine,
2381 1971 2499 2047 qui
2540 1972 2712 2028 solus
2754 1970 3039 2030 salvavit
3076 1989 3185 2028 vos
3226 1971 3304 2028 de
3340 1970 3489 2029 uni-

1999 2071 2198 2128 versis
2236 2069 2431 2128 malis
2470 2076 2531 2126 et
2571 2067 3101 2127 tribulationibus
3132 2067 3403 2138 vestrim·
3427 2077 3488 2128 et

1997 2167 2266 2226 dioez‘stis
2295 2167 2771 2245 :Nequaquam
2802 2165 3097 2228 volumus
3129 2164 3369 2228 diutius
3400 2184 3489 2227 re·

1996 2264 2062 2344 gi
2098 2283 2211 2346 per
2248 2264 2518 2346 judiceS,
2550 2269 2661 2325 sed
2702 2285 2913 2343 regem
2951 2267 3262 2327 constitue
3296 2265 3515 2343 super,

1997 2384 2136 2434 nos,
2166 2371 2355 2446 prout
2386 2383 2579 2447 supra
2610 2363 2836 2446 patuit.
2870 2363 2958 2426 Ex
2988 2363 3089 2426 his
3119 2363 3485 2440 innotescit,

1998 2463 2170 2544 quod
2222 2470 2647 2544 peccaverunt
2697 2482 2909 2544 regem
2960 2463 3257 2545 petendo.
3296 2466 3491 2524 Nunc

1996 2582 2142 2639 erqo
2190 2571 2351 2623 scale
2394 2583 2609 2623 coram
2653 2564 2930 2624 Domino
2974 2583 3093 2640 per
3143 2563 3346 2623 tribus
3388 2582 3490 2621 ve—

1996 2671 2163 2722 stras
2194 2671 2255 2722 el
2269 2681 2391 2739 per
2406 2663 2728 2740 familia-5.
2754 2664 2840 2723 Ec
2870 2663 3192 2739 applicuit
3222 2664 3491 2723 Samuel

1997 2781 2213 2822 omnes
2254 2762 2461 2822 tribus
2491 2764 2717 2832 Israel,
2757 2771 2817 2821 et
2854 2763 3086 2822 cecidit
3127 2781 3263 2822 sors
3298 2781 3490 2839 super

1998 2861 2445 2936 cognationem
2482 2861 2858 2938 Benjamin.
2894 2862 2979 2921 Ec
3018 2861 3341 2938 applicuit
3374 2862 3491 2920 tri-—

1999 2958 2149 3017 bum
2198 2958 2551 3034 Benjamin
2600 2966 2659 3017 et
2714 2959 3160 3034 coynationem
3208 2958 3379 3035 ejus,
3430 2965 3490 3016 et

377 3057 665 3120 abistis?
700 3057 828 3125 Qui
856 3055 1327 3134 responderunt
1371 3075 1393 3113 .·
1434 3058 1727 3125 Quaerere
1765 3058 1891 3116 asi-
1919 3060 1963 3125 C
1995 3057 2227 3114 cecidit
2273 3075 2408 3114 sors
2454 3074 2647 3135 super
2694 3056 3135 3133 coynationem
3180 3056 3402 3126 Metri,
3430 3065 3491 3115 el

375 3178 524 3218 nas.
573 3160 748 3225 Quas
791 3174 996 3236 quum
1036 3174 1166 3215 non
1206 3155 1682 3231 reperissemus,
1715 3156 1890 3216 veni-

377 3276 528 3316 mus
579 3256 669 3315 ad
717 3256 1110 3315 Samuelem.
1155 3254 1242 3314 Et
1289 3253 1470 3312 dixit
1515 3253 1599 3323 ei,
1643 3252 1889 3315 scilieet

377 3353 586 3429 Sauli,
627 3362 910 3430 patruus
952 3371 1108 3411 suus
1149 3371 1172 3410 .·
1209 3352 1446 3411 Indica
1495 3353 1688 3421 milti,
1726 3354 1889 3431 quid

376 3453 639 3513 daverit
692 3452 813 3511 tibi
854 3454 1145 3512 Samuel.
1184 3452 1268 3511 Et
1304 3451 1400 3510 ait
1445 3452 1612 3511 Saul
1650 3452 1738 3510 ad
1771 3469 1889 3528 pa-

379 3560 616 3611 truum
643 3569 840 3609 suum
862 3549 1236 3609 :Indicavit
1265 3548 1446 3607 nobis
1476 3550 1636 3628 quia
1665 3550 1888 3609 inven-

379 3658 466 3711 toe
489 3656 702 3709 essent
741 3649 966 3707 asinoe.
1003 3650 1096 3707 De
1126 3666 1415 3707 sermone
1444 3657 1661 3708 aulem
1701 3648 1889 3724 requi

377 3766 514 3807 non
549 3746 880 3806 indicavit
907 3748 995 3814 ei,
1023 3764 1214 3824 quem
1247 3748 1496 3805 loculus
1526 3745 1664 3821 fuit
1691 3746 1756 3805 ei
1774 3748 1888 3807 Sa-

377 3847 564 3906 muel
593 3864 618 3906 :
649 3842 802 3923 quia
849 3862 948 3905 res
997 3842 1152 3905 satis
1195 3841 1595 3905 incredibilis
1636 3842 1888 3907 videba-

377 3951 512 4018 tur,
550 3950 618 4004 et
657 3940 908 4004 Samuel
940 3940 1144 4004 voluit
1186 3940 1249 4004 id
1292 3941 1487 4004 latere
1523 3942 1602 4005 ad
1637 3950 1886 4024 tempus

378 4041 730 4124 praefixum
779 4060 817 4103 a
862 4040 1150 4103 Domino.
1199 4041 1463 4122 Propter
1511 4040 1683 4122 quod
1733 4039 1887 4105 fecit

377 4159 664 4222 puerum
703 4138 910 4203 Saulis
953 4140 1328 4221 praecedere,
1366 4138 1708 4221 ipsumque
1738 4139 1884 4203 Saul

1990 3156 2289 3231 pervenit
2334 3174 2533 3233 usque
2578 3158 2666 3215 ad
2714 3157 2884 3216 Saul
2930 3154 3150 3231 filium
3201 3156 3322 3215 Cis.
3372 3154 3490 3217 Pro

1997 3251 2196 3329 Metri,
2232 3253 2299 3315 in
2342 3252 2603 3315 Hebraeo
2648 3251 2919 3315 habetur
2962 3251 3253 3329 Macheri,
3289 3260 3360 3314 ut
3395 3251 3492 3315 Jo-

1999 3351 2236 3433 sephus
2285 3358 2668 3434 protestatur
2704 3368 2719 3414 :
2752 3359 2943 3433 atque
2994 3358 3064 3413 ut
3108 3350 3332 3413 dicunt
3376 3352 3491 3414 He-

2000 3448 2184 3526 braei,
2238 3457 2335 3511 est
2395 3468 2625 3512 nomen
2688 3469 3056 3527 commune,
3112 3449 3489 3530 significans

1998 3548 2239 3632 peritos
2284 3548 2350 3609 in
2393 3556 2527 3611 arte
2572 3548 2915 3629 sagittandi
2954 3558 3065 3612 aut
3105 3548 3488 3631 projiciendi

1998 3646 2243 3729 lapides
2265 3644 2504 3708 fundis.
2520 3644 2883 3710 Gabaanitae
2903 3656 3138 3724 autem,
3156 3647 3236 3710 de
3249 3646 3488 3728 quibus

1996 3754 2172 3809 ortus
2204 3752 2301 3807 est
2330 3744 2499 3821 Saul,
2534 3744 2615 3806 ab
2647 3744 2911 3826 antiquo
2944 3744 3207 3808 fuerunt
3236 3744 3489 3826 peritis-

1997 3843 2143 3906 simi
2188 3842 2633 3920 l'undibularii‚
2680 3850 2867 3925 prout
2899 3842 2967 3905 in
2995 3842 3289 3907 Indicum
3321 3842 3488 3909 libro

1997 3940 2250 4020 legitur.
2294 3941 2443 4004 Inde
2473 3941 2919 4022 cognominata
2949 3949 3045 4005 est
3076 3962 3201 4005 una
3245 3941 3491 4005 familia

1997 4039 2174 4102 urbis
2228 4037 2423 4117 illius,
2476 4039 2769 4119 cognatio
2814 4039 3087 4104 Macheri
3148 4040 3355 4119 Metu,
3410 4042 3491 4105 de

1997 4157 2124 4220 qua
2154 4146 2341 4200 natus
2381 4145 2478 4201 est
2506 4138 2677 4201 Saul.
2722 4139 2840 4203 Sed
2884 4138 3160 4221 qualiter
3200 4140 3492 4223 pervenit

379 4238 572 4301 unxit
604 4246 866 4301 secrete.
906 4237 982 4299 Et
1013 4238 1189 4315 item,
1226 4256 1305 4301 ne
1335 4238 1656 4300 videretur
1688 4238 1888 4300 inani·
1915 4240 1967 4303 D
1997 4255 2134 4299 sors
2175 4254 2379 4317 usque
2410 4236 2579 4315 Saul,
2605 4256 2802 4318 quum
2843 4236 3037 4301 fuerit
3065 4237 3341 4300 absens?
3372 4238 3492 4301 Re-

380 4345 478 4400 ter
515 4336 804 4418 gloriari.
839 4336 929 4399 Ex
960 4336 1195 4417 quibus
1236 4336 1642 4399 innotescunt
1684 4335 1889 4398 humi-

381 4435 536 4499 litas
577 4444 783 4517 atque.
815 4434 1156 4517 prudentia
1200 4435 1370 4513 Saul,
1407 4435 1518 4516 qui
1571 4444 1886 4499 secretum

380 4535 552 4598 illud
587 4541 716 4596 tam
747 4550 1026 4613 congrue
1055 4533 1258 4609 siluit,
1277 4552 1393 4597 nec
1425 4534 1731 4615 proximis
1753 4534 1886 4597 suis

381 4632 675 4697 innotuit
703 4632 876 4713 quod
915 4640 979 4694 et
1015 4631 1161 4694 illos
1193 4632 1376 4694 valde
1407 4633 1616 4715 potuit
1651 4632 1888 4696 exhila-

381 4751 550 4807 rare,
588 4738 652 4793 et
681 4730 764 4793 de⁴
791 4749 859 4793 se
893 4730 1378 4793 admirationem
1411 4730 1734 4795 inducere.
1754 4732 1887 4807 Quo

381 4828 683 4911 exemplo
713 4830 1136 4910 quorumdam
1169 4828 1494 4910 jactantia,
1509 4829 1780 4908 vanitaS,
1798 4830 1888 4892 in-

1996 4336 2366 4417 spondetur‚
2416 4336 2588 4417 quod
2639 4335 2966 4418 Scriptura
3014 4336 3494 4419 nonrxprimit

1995 4435 2219 4515 quales
2252 4434 2490 4497 luerint
2520 4434 2646 4497 inae
2678 4434 3157 4511 sorteS,idcireo
3188 4455 3317 4500 non
3348 4456 3495 4500 eon-

1998 4541 2141 4596 stat.
2165 4534 2357 4597 Porro
2401 4533 2691 4614 Magister
2738 4533 2802 4595 in
2851 4533 3137 4597 historiis
3177 4536 3267 4598 ait
3302 4536 3494 4599 :Cre-

1996 4631 2168 4693 ditur
2210 4631 2460 4695 Samuel
2490 4640 2891 4713 ‘tcmperasse
2932 4642 3134 4696 sortes
3172 4633 3349 4714 juxta
3382 4652 3492 4697 cor

1997 4750 2209 4793 suum.
2245 4732 2388 4794 Ideo
2417 4730 2657 4807 dicunt,
2697 4732 2869 4812 quod
2900 4751 2937 4793 a
2973 4732 3097 4794 Deo
3130 4739 3491 4813 temperatae

1999 4828 2278 4907 fuerunt,
2332 4830 2682 4893 secundum
2734 4828 2894 4893 illud
2945 4828 3485 4893 proverbiorum:

3540 3770 3691 3814 ludio.
3706 3784 3777 3822 xx.

381 4926 696 5011 sipientia
726 4934 1101 5006 arguuntur,
1125 4927 1238 5009 qui
1263 4927 1354 4989 nil
1379 4935 1615 4991 norunt
1645 4927 1882 4992 celare:

381 5035 446 5089 et
479 5025 839 5109 praesertim
874 5024 928 5087 si
965 5024 1125 5107 quid
1155 5024 1376 5106 gloriae
1413 5033 1476 5089 et
1506 5025 1766 5090 honoris
1795 5027 1888 5091 eis

380 5123 746 5190 exhibitum
791 5122 1008 5201 fuerit,
1042 5132 1153 5186 aut
1200 5123 1654 5203 exhibendum,
1699 5126 1888 5190 silere

381 5242 514 5287 non
539 5221 779 5298 valent,
814 5229 879 5284 et
897 5221 1225 5303 propriam
1257 5223 1547 5303 pandunt
1577 5224 1888 5287 stolidita-

377 5330 534 5387 tem.
555 5319 736 5395 Quod
761 5319 1180 5403 siproprium
1214 5329 1541 5402 nequeunt
1569 5322 1775 5386 celare
1795 5342 1886 5387 se-

1998 4928 2213 4991 Sortes
2244 4928 2583 4991 mittuntur
2622 4928 2689 4989 in
2730 4926 2967 5005 sinum,
3012 4928 3124 4991 sed
3154 4946 3192 4990 a
3220 4928 3489 4992 Domino
3544 4955 3780 5007 proma,

1997 5035 2453 5110 temperantur.
3516 5020 3585 5062 ³³·

2080 5128 2486 5196 Quoesierunt
2523 5144 2671 5203 erqo
2700 5146 2873 5197 eum,
2902 5136 2963 5187 ec
2991 5146 3123 5188 non
3150 5136 3241 5187 est
3271 5128 3490 5187 inven-

1999 5235 2100 5287 tus
2129 5225 2273 5284 illic
2302 5222 2371 5286 in
2402 5222 2642 5305 populo
2672 5223 2765 5286 ibi
2795 5230 3130 5306 praesente.
3154 5225 3242 5285 Et
3272 5244 3490 5285 consu-

1996 5328 2258 5385 luerunt
2298 5332 2443 5401 post
2493 5324 2625 5384 hoec
2664 5325 3019 5383 Dominum
3068 5340 3182 5405 per
3232 5322 3490 5386 Samue-
