4359 6250
613 1882 844 1926 &mdxxx
853 1914 866 1936 ,

600 1949 738 1993 11-13.

896 489 1014 551 574

1389 508 1738 554 ENARRATIO
1781 509 1840 553 IN
1884 507 2020 553 CAP.
2069 507 2216 552 XXIV
2260 505 2417 551 leu
2461 506 2712 552 secutum
2752 507 2977 554 REGUM.
3022 528 3103 538 —-
3142 509 3286 554 ΛΒΤ.
3332 509 3497 554 XXXV

894 687 1044 740 sunt
1086 687 1150 740 et
1193 678 1290 740 illi
1325 678 1438 760 qui
1478 678 1800 742 interfecti
1841 688 2022 742 erant
2061 687 2211 742 ante
2242 697 2386 742 cum
2414 677 2467 738 A
2498 680 2939 755 vehementem
2981 685 3090 742 sed
3130 683 3361 742 melius
3406 691 3495 742 est
3542 681 3737 748 mihi,
3772 679 3837 740 id
3888 687 3987 740 est

895 776 1193 840 Absalon.

960 879 1288 938 Percussit
1314 897 1459 954 erqo
1491 897 1600 937 cor
1617 879 1836 939 David
1853 899 2026 946 eum,
2044 887 2384 956 postquam

891 985 1272 1036 numeratus
1301 986 1389 1036 esi
1412 981 1694 1054 populus
1725 994 1748 1036 .·
1781 975 1842 1036 id
1878 983 1994 1050 cst,
2031 993 2384 1038 remorsum

891 1073 1118 1135 habuit
1138 1074 1544 1137 conscientiae
1571 1075 1650 1136 de
1681 1074 2021 1155 hoc,quod,
2039 1072 2386 1136 clementer

891 1191 927 1234 a
949 1172 1075 1236 Deo
1106 1182 1330 1250 tactuS,
1357 1173 1488 1253 jam
1519 1173 1949 1236 consideravit
1975 1191 2058 1234 ‘ex
2087 1171 2386 1254 superbia

893 1273 1285 1352 provenisse.
1307 1275 1392 1332 Ec
1422 1273 1599 1332 dioeit
1621 1273 1840 1332 David
1867 1275 1955 1331 ad
1985 1271 2337 1331 Dominum
2362 1291 2383 1329 .·

891 1371 1166 1430 Peccavi
1194 1373 1382 1430 valde
1415 1372 1485 1429 in
1519 1371 1633 1429 hoc
1661 1373 1834 1446 facio
1856 1388 2028 1431 :non
2061 1368 2266 1430 solum
2309 1387 2385 1429 ex

893 1467 1192 1550 superbia
1244 1469 1662 1544 numerando,
1717 1477 1788 1530 ut
1843 1467 2074 1529 scirem
2123 1466 2383 1548 quantis

893 1567 1297 1648 praesiderem
1332 1567 1721 1642 hominibus,
1743 1567 1964 1648 sicque
1996 1566 2061 1627 in
2095 1565 2384 1647 potentia

893 1675 958 1728 et
994 1666 1370 1731 excellentia
1410 1685 1552 1728 mea
1590 1666 1868 1728 inaniter
1896 1664 2237 1745 gloriarer3
2272 1663 2379 1726 sed

895 1765 1084 1828 etiam
1125 1764 1276 1846 quia
1309 1773 1734 1844 transgressus
1776 1784 1916 1826 sum
1961 1763 2116 1843 legis
2148 1781 2383 1844 praece-

2494 778 2811 841 salubrius
2842 778 3069 842 animae
3099 798 3277 856 meae,
3316 789 3387 839 ut
3416 780 3708 839 incidam
3740 780 3815 837 in
3856 799 3987 836 ma-

2492 899 2615 938 nus
2636 880 2929 948 Domini,
2953 877 3015 939 id
3047 885 3162 954 est,
3184 887 3255 939 ut
3285 876 3715 960 pestilentiam
3746 875 3981 956 eligam

2492 995 2634 1057 quae
2656 993 2702 1038 ‘a
2736 977 2860 1040 Deo
2904 975 3225 1057 infligitur
3243 977 3492 1056 (multoe
3516 979 3695 1036 enim
3730 977 3985 1035 miseri-

2490 1077 2727 1136 cordioe
2752 1077 2891 1152 ejus
2918 1085 3072 1136 sunt
3093 1096 3115 1135 .·
3137 1075 3279 1138 ideo
3311 1093 3563 1156 poenam
3596 1074 3763 1135 hanc
3796 1072 3983 1136 forsi-

2494 1183 2598 1237 tan
2631 1173 3225 1256 relaxabit,etquod
3258 1173 3679 1238 comminatus
3710 1181 3831 1249 est,
3850 1190 3979 1254 poe-

2494 1273 2845 1336 nitentibus
2882 1274 3088 1350 nobiS,
3127 1273 3340 1336 forsan
3382 1292 3509 1335 non
3548 1272 3977 1354 adimplebit),

2490 1394 2687 1452 quam
2716 1375 2789 1434 in
2820 1393 3054 1434 manu-s·
3091 1375 3425 1434 hominu-m
3465 1372 3981 1453 impugnantium

2492 1489 2757 1552 regnum
2805 1489 3040 1548 meum,
3077 1479 3139 1532 et
3182 1469 3596 1552 spoliantium
3642 1468 3805 1531 illud
3852 1469 3985 1531 bla-

2492 1568 2611 1646 dis,
2638 1568 2726 1631 ita
2758 1577 2826 1631 ut
2860 1568 3058 1632 fames
3100 1577 3401 1650 sequatur
3433 1569 3500 1630 in
3530 1567 3771 1650 populo
3812 1586 3979 1630 meo.

2494 1667 2663 1729 Istud
2698 1667 2861 1730 dixit
2898 1677 2961 1732 et
2995 1666 3221 1750 petivit
3251 1687 3327 1730 ex
3360 1668 3621 1730 caritate
3660 1666 3867 1748 plebis
3906 1685 3984 1730 ac

2492 1765 2623 1828 zelo
2662 1766 2945 1846 justitiae,
2982 1775 3281 1847 tanquam
3326 1764 3565 1828 diceret
3596 1782 3611 1826 z
3648 1765 3711 1827 Si
3744 1763 3984 1827 famam

896 1872 1074 1946 ptum
1109 1864 1173 1925 in
1203 1865 1414 1927 Exodo
1445 1863 1774 1945 scriptum,
1793 1881 1922 1943 quo
1953 1863 2190 1924 dicitur
2224 1880 2238 1922 ε
2272 1862 2383 1924 Lo·
2420 1857 2466 1919 B
2494 1865 2759 1945 petiere,
2778 1882 2894 1944 ego
2916 1872 2978 1926 et
2996 1864 3227 1926 divites
3258 1864 3413 1925 satis
3442 1863 3840 1938 habebimu5‚
3868 1864 3983 1924 sed

895 1971 1079 2026 cutus
1128 1971 1223 2025 est
1275 1961 1579 2025 Dominus
1635 1962 1714 2023 ad
1767 1961 2040 2044 Moysen,
2096 1959 2319 2022 dicens
2364 1977 2377 2021 :

893 2062 1153 2136 Quando
1201 2061 1420 2124 tuleris
1473 2079 1782 2123 summam
1832 2059 2118 2122 filiorum
2165 2058 2377 2136 lsrael,

892 2161 1071 2242 juxta
1119 2179 1455 2223 numerum
1511 2158 1754 2222 dabunt
1812 2157 2045 2238 singuli
2106 2157 2381 2240 pretium

892 2279 1008 2342 pro
1039 2259 1373 2322 animabus
1399 2259 1530 2320 suis
1553 2257 1840 2333 Domino,
1861 2265 1924 2320 et
1951 2277 2076 2320 non
2107 2257 2229 2319 erit
2258 2257 2385 2338 pla-

892 2377 971 2438 ga
1012 2358 1078 2421 in
1119 2359 1213 2421 eis
1251 2377 1449 2438 quum
1483 2356 1725 2420 fuerint
1757 2355 2073 2419 recensiti.
2111 2356 2239 2418 Hoc
2272 2375 2382 2418 au-

898 2467 1020 2519 tem
1051 2457 1228 2519 dabit
1258 2456 1466 2519 omnis
1495 2455 1610 2536 qui
1647 2453 1875 2517 transit
1903 2455 1980 2517 ad
2014 2473 2374 2532 numerum,

893 2556 1231 2618 dimidium
1283 2554 1448 2617 sicli.
1496 2557 1625 2616 Sed
1663 2575 1917 2630 precor,
1962 2556 2259 2624 Domine,
2309 2563 2381 2614 ut

896 2657 1251 2733 transferas
1281 2653 1698 2733 iniquitatem
1716 2655 1887 2712 servi
1910 2655 2028 2722 tui,
2049 2655 2208 2733 quia
2227 2657 2381 2712 stul-

895 2765 950 2814 te
978 2757 1081 2831 eqi
1109 2755 1330 2814 nimia.

972 2855 1279 2914 Surreoeit
1311 2853 1527 2930 itaque
1557 2851 1774 2910 David
1808 2870 2016 2922 mane,
2053 2859 2122 2911 ut
2152 2849 2382 2912 oratio-

896 2951 1084 3012 nibus
1130 2959 1192 3012 et
1234 2947 1571 3012 sacrificiis
1614 2948 1809 3010 Deum
1853 2947 1977 3009 sibi
2021 2966 2094 3010 ac
2141 2948 2381 3030 populo

2492 1979 2803 2044 pauperes
2855 1961 3269 2041 affligentur3
3314 1961 3608 2024 similiter
3656 1961 3708 2022 si
3760 1961 3983 2040 fugam

2493 2061 2762 2140 elegero,
2798 2060 3157 2125 communis
3196 2060 3378 2142 plebs
3422 2060 3543 2122 erit
3582 2060 3889 2122 vastanda
3918 2069 3986 2122 et

2491 2159 2858 2237 occidenda,
2894 2161 3003 2222 sed
3036 2178 3152 2240 ego
3182 2168 3245 2222 et
3275 2159 3665 2241 potentiores
3704 2157 3987 2240 effugie-

2491 2279 2655 2336 muS,
2688 2259 2802 2340 qui
2832 2258 3053 2322 castris
3086 2266 3150 2321 et
3181 2256 3505 2321 fortalitiis
3546 2257 3977 2320 abundamus,

2492 2358 2634 2420 Ideo
2673 2367 2917 2439 pestem
2956 2357 3203 2420 cunctis
3242 2375 3641 2420 communem
3683 2357 3833 2420 volo
3874 2357 3985 2420 eli—

2488 2475 2657 2536 gere.
2692 2457 2927 2520 Verum
2976 2456 3076 2518 his
3120 2455 3331 2518 verbis
3378 2455 3573 2518 David
3622 2455 3821 2537 objici
3870 2474 3985 2538 po—

2492 2565 2633 2633 test,
2666 2558 2837 2638 quod
2872 2557 2936 2618 in
2970 2554 3228 2618 Daniele
3258 2554 3348 2617 ait
3386 2554 3675 2617 Susanna
3709 2574 3722 2616 :
3758 2555 3983 2618 Melius
4012 2573 4247 2620 masma

2490 2665 2583 2717 est
2608 2655 2769 2716 mihi
2793 2655 3068 2717 incidere
3090 2654 3155 2715 in
3178 2671 3403 2715 manus
3424 2653 3982 2735 hominum,quam

2490 2771 2753 2834 peccare
2783 2753 2850 2814 in
2881 2762 3225 2834 conspectu
3256 2751 3529 2814 Domini.
3563 2753 3639 2813 Et
3676 2754 3851 2834 quod
3888 2753 3983 2815 ait

2492 2851 2829 2934 Apostolus
2857 2868 2870 2913 ε
2894 2851 3286 2915 Horrendum
3318 2859 3414 2913 est
3445 2849 3727 2913 incidere
3752 2851 3820 2913 in
3852 2871 3983 2914 ma·
4009 2871 4246 2920 aetam,

2492 2950 2611 3012 nus
2660 2951 2768 3014 Dei
2818 2950 3116 3014 viventis.
3166 2949 3241 3012 Et
3289 2950 3803 3032 respondendum
3855 2959 3974 3024 est,

895 3049 1356 3124 reconciliaret,
1389 3058 1448 3108 ec
1489 3068 1691 3108 sermo
1732 3048 2002 3108 Domini
2039 3049 2251 3127 factus
2293 3057 2382 3108 esc
2418 3047 2460 3109 C
2490 3049 2662 3130 quod
2702 3048 2930 3112 melius
2969 3057 3063 3110 est
3101 3067 3519 3131 quaecumque
3557 3047 3729 3109 mala
3766 3067 3982 3131 poena-

895 3153 982 3210 ατί
1016 3152 1157 3210 Gad
1181 3150 1587 3225 prophetam,
1617 3156 1702 3215 et,
1735 3165 1850 3229 pro
1892 3146 1954 3208 id
1995 3154 2114 3223 est,
2159 3149 2383 3207 viden-

893 3258 1018 3309 tem
1058 3245 1258 3328 ipsius
1288 3247 1507 3307 David
1537 3266 1559 3305 .·
1592 3244 1742 3325 quia
1771 3263 1886 3326 per
1906 3244 2033 3307 Gad
2066 3245 2232 3307 Deus
2265 3244 2383 3308 l’re·

891 3354 1163 3427 quc-nter
1181 3343 1397 3425 aliqua
1421 3342 1554 3423 regi
1578 3343 1775 3406 David
1806 3343 2222 3417 annuntiavit
2247 3343 2385 3407 ideo

895 3444 1129 3508 dicitur
1161 3444 1300 3524 ejus
1333 3442 1678 3525 propheta3
1719 3444 1980 3503 dicens:
2009 3446 2180 3503 Vade
2207 3454 2265 3503 ec
2300 3448 2383 3504 lo-

892 3564 1086 3624 quere
1105 3546 1192 3604 ad
1211 3544 1450 3604 David.
1473 3542 1606 3604 Non
1630 3540 1738 3618 ait,
1755 3541 1845 3603 Ad
1878 3560 2131 3604 servum
2163 3560 2379 3604 meum

893 3642 1110 3719 David,
1146 3641 1270 3717 vel,
1304 3640 1395 3701 Ad
1435 3639 1660 3702 ducem
1692 3638 1915 3721 populi
1947 3639 2072 3701 mei
2111 3657 2124 3701 ε
2159 3659 2383 3721 quam-

893 3741 989 3805 vis
1039 3740 1208 3803 enim
1259 3739 1390 3820 jam
1437 3738 1798 3820 poeniteret,
1835 3738 2114 3800 nondum
2171 3747 2379 3801 tamen

893 3840 1198 3903 sustinuit
1227 3838 1504 3901 debitam
1537 3855 1813 3919 pomam,
1849 3855 1963 3899 nec
1995 3856 2107 3918 per
2138 3837 2381 3900 satisfa-

891 3942 1168 4005 ctionem
1213 3936 1330 3999 fuit
1372 3937 1495 3999 Deo
1528 3934 1996 3998 reconciliatus,
2033 3940 2187 3998 Hoee
2216 3938 2380 3997 dicit

890 4040 1210 4102 Dominus
1231 4057 1253 4096 .·
1278 4038 1502 4097 Trium
1534 4034 1861 4117 plagarum
1900 4037 2015 4095 tibi
2043 4038 2243 4095 datur
2274 4056 2382 4113 op-

894 4140 1002 4199 ειό.
1041 4138 1226 4213 Eliqe
1255 4156 1463 4195 unum
1493 4136 1664 4213 quod
1701 4135 2001 4194 volueris,
2041 4136 2381 4213 Quumque

893 4237 1163 4297 venisset
1198 4236 1341 4293 Gad
1379 4235 1466 4294 ad
1508 4233 1747 4302 David,
1783 4233 2120 4291 nunciavit
2163 4234 2249 4302 ei,
2280 4234 2381 4292 di-
2410 4234 2460 4295 D
2491 4241 2671 4315 ptum
2719 4241 2815 4295 est
2849 4249 2864 4293 :
2900 4232 3202 4294 Dixerunt
3244 4230 3368 4293 filii
3408 4230 3595 4294 Israel
3641 4232 3719 4295 ad
3769 4232 3973 4295 Domi·
3998 4246 4247 4296 laamas

893 4355 1036 4395 cens
1066 4351 1089 4393 .·
1119 4334 1253 4393 Aut
1281 4341 1513 4409 septe-m
1543 4332 1739 4391 annis
1769 4332 1979 4390 veniet
2021 4332 2139 4390 tibi
2175 4332 2379 4409 fames

893 4436 968 4494 in
1002 4443 1172 4493 terra
1207 4441 1338 4501 tua,
1376 4429 1437 4491 id
1469 4436 1564 4491 est
1602 4427 1859 4490 caristia
1885 4428 1964 4490 ad
2001 4436 2174 4491 tuam
2206 4428 2381 4491 affli-

891 4531 1191 4605 ctionem,
1225 4527 1446 4610 quide
1487 4526 1706 4609 populi
1743 4527 1832 4588 tui
1871 4526 2086 4608 inopia
2125 4526 2381 4608 afflige-

895 4631 1017 4705 ris;
1063 4640 1178 4691 aui
1226 4629 1429 4689 tribus
1474 4628 1793 4687 mensibus
1832 4628 2046 4706 fuyies
2083 4630 2382 4689 adversa-

893 4732 1026 4790 rios
1057 4740 1216 4799 tuo&
1239 4738 1299 4787 et
1329 4728 1442 4786 isti
1471 4736 1933 4805 persequentur
1955 4736 2047 4796 ie:
2075 4736 2191 4786 auc
2219 4736 2382 4786 certe

897 4830 1098 4890 tribus
1125 4828 1348 4887 diebus
1375 4828 1500 4885 erit
1521 4824 1894 4901 pestilentia
1925 4826 1998 4884 in
2032 4834 2203 4885 terra
2242 4834 2376 4885 tua.

895 4930 1090 4989 Nunc
1117 4945 1264 5002 erqo
1294 4926 1578 4983 delibera
1607 4932 1666 4982 ei
1699 4923 1867 4992 vide,
1897 4942 2086 5001 quem
2127 4943 2383 5000 respon-

893 5030 1082 5087 deam
1111 5026 1174 5083 ei
1202 5025 1318 5103 qui
1345 5023 1526 5081 misit
1557 5042 1678 5089 me,
1708 5040 2082 5081 sermonem.

973 5125 1165 5186 Dia-it
1208 5131 1424 5181 autem
1465 5121 1684 5181 David
1729 5122 1816 5178 ad
1859 5121 2000 5179 Gad
2029 5139 2051 5177 .·
2087 5121 2385 5179 Coaretor

893 5225 1118 5293 nimia,
1145 5220 1208 5283 id
1240 5228 1354 5295 est,
1376 5217 1685 5297 angustiis
1716 5235 1972 5299 premor
2002 5217 2207 5293 valde,
2232 5236 2385 5299 quo-

897 5322 1068 5384 niam
1111 5318 1426 5401 quidquid
1471 5317 1698 5380 horum
1745 5316 2016 5395 elegero,
2049 5334 2245 5397 grave
2290 5325 2387 5379 est

2493 3148 2579 3210 lia
2613 3148 2693 3210 ab
2738 3148 3105 3211 hominibus
3152 3146 3487 3224 sustinere,
3522 3146 3713 3229 quam
3760 3166 3977 3211 coram

2492 3246 2616 3309 Deo
2648 3247 2885 3309 malum
2916 3246 3123 3328 culpae
3150 3246 3545 3308 committere
3576 3246 3712 3309 sive
3752 3248 3981 3310 admit-

2492 3352 2646 3408 tere.
2686 3345 2878 3409 David
2920 3363 3067 3407 vero
3108 3342 3260 3407 facit
3300 3344 3841 3425 comparationem
3890 3346 3981 3407 in-

2494 3452 2587 3507 ter
2626 3444 2793 3506 mala
2826 3443 3103 3525 poenalia
3140 3442 3288 3505 vitae
3326 3444 3655 3524 praesentis
3700 3461 3715 3505 ε
3758 3444 3980 3525 sicque

2492 3542 2885 3606 tolerabilius
2917 3542 3211 3604 estaDeo
3233 3541 3301 3604 in
3334 3542 3449 3604 hac
3477 3542 3609 3606 vita
3636 3542 3743 3623 pie
3778 3552 3842 3605 et
3874 3563 3979 3625 pa-

2491 3642 2817 3704 ternaliter
2846 3639 3100 3719 corrigi,
3135 3657 3325 3719 quam
3358 3640 3438 3701 ab
3469 3640 3747 3703 inimicis
3778 3640 3977 3704 homi-

2490 3739 2677 3801 nibus
2707 3738 3044 3802 devastari.
3065 3738 3223 3801 Hinc
3252 3739 3530 3801 secundo
3552 3738 3718 3802 libro
3738 3738 3976 3803 Macha-

2491 3839 2768 3902 baeorum
2816 3838 3110 3918 leguntur
3149 3837 3349 3901 Judaei
3392 3838 3586 3901 Deum
3634 3856 3870 3915 orasse,
3906 3849 3975 3901 ut
4022 3854 4253 3898 tuum

2491 3938 2543 4000 si
2582 3937 2837 4019 quando
2876 3942 3232 4017 peccarent,
3278 3935 3416 4018 ipse
3452 3954 3560 3999 eos
3601 3936 3969 4018 corrigeret,
4006 3918 4051 3959 ⁴·

2492 4056 2607 4100 nec
2651 4035 2937 4099 barbaris
2981 4032 3347 4097 nationibus
3390 4054 3497 4099 eos
3542 4036 3831 4098 traderet·
3862 4056 3976 4119 pu·—

2493 4135 2778 4198 niendos.
2815 4133 3119 4197 Similiter
3163 4132 3229 4194 in
3273 4132 3561 4195 Judicum
3611 4133 3776 4196 libro
3825 4134 3975 4197 scri-

2494 4350 2643 4393 num
2666 4329 3132 4399 :Peccavimusz
3158 4330 3351 4392 redde
3370 4337 3437 4391 tu
3461 4329 3645 4392 nobis
3663 4330 3969 4412 quidquid

2492 4428 2607 4490 tibi
2638 4428 2878 4511 placet3
2922 4436 3167 4489 tantum
3200 4446 3371 4490 nunc
3404 4427 3602 4490 libera
3632 4446 3769 4491 noS.

2568 4532 2610 4588 I
2609 4529 2827 4587 mmisi
2830 4537 2975 4607 tque
2994 4527 3312 4586 Dominus
3333 4528 3773 4603 pestilentiam
3794 4530 3866 4588 in
3889 4530 3975 4589 Is·

2488 4630 2651 4696 rael,
2671 4629 2749 4686 de
2772 4646 2981 4694 mane,
3003 4624 3070 4686 in
3102 4642 3230 4705 quo
3258 4622 3388 4687 Gad
3420 4624 3578 4687 dixit
3608 4624 3729 4687 ista
3758 4626 3837 4688 ad
3870 4626 3977 4687 Da·—

2491 4724 2621 4799 vid,
2658 4723 2771 4805 qui
2820 4742 3005 4785 mane
3054 4731 3431 4798 surrexerat,
3470 4744 3673 4801 usque
3709 4728 3797 4785 ad
3836 4736 3977 4785 tem-

2484 4843 2609 4901 pus
2638 4823 3080 4890 constitutum,
3112 4820 3175 4882 id
3208 4828 3305 4883 cst
3334 4819 3699 4901 praefixum.
3732 4821 3822 4883 Ex
3848 4838 3977 4902 quo

2492 4920 2762 4996 videtur,
2796 4928 2861 4981 et
2890 4918 3074 4981 multi
3103 4918 3421 4995 dixerunt,
3454 4919 3627 5000 quod
3672 4939 3783 5001 per
3820 4920 3977 4981 duos

2492 5019 2771 5100 integros
2802 5018 3038 5095 dieS‚et
3059 5036 3174 5099 per
3204 5018 3405 5079 tertiae
3436 5017 3565 5080 diei
3599 5026 3839 5100 partem
3860 5018 3979 5078 du-

2493 5117 2727 5181 raverit
2756 5116 2952 5198 pestis
2985 5115 3116 5177 illa.
3136 5114 3255 5178 Sed
3278 5114 3582 5196 quoniam
3619 5115 3808 5198 paulo
3837 5124 3979 5197 post

2492 5216 2808 5292 subditur,
2842 5214 3031 5277 Venit
3060 5214 3189 5277 Gad
3225 5213 3292 5276 in
3332 5214 3435 5277 die
3475 5214 3589 5277 illa
3636 5215 3712 5277 ad
3758 5213 3971 5291 David,

2484 5324 2641 5393 ·etc.,
2658 5315 2829 5397 quod
2852 5314 3105 5377 videtur
3133 5312 3262 5376 dici
3293 5314 3371 5375 de
3400 5313 3525 5387 die,
3546 5313 3625 5375 in.
3642 5313 3825 5395 eujus
3852 5330 3974 5374 ma-
