4359 6250
915 493 1263 541 zumulo
1306 494 1367 539 IN
1408 495 1547 540 CAP.
1593 494 1700 540 xxl
1744 493 1901 539 unm
1942 493 2111 540 Palm
2152 493 2376 540 REGUH.
2421 511 2502 521 —
2543 493 2684 538 Aur.

2732 491 2969 538 xxxviii
3001 537 3010 544 ,
3357 473 3472 538 377

102 681 243 736 ἰῆτο.
265 694 345 726 xx.
377 667 703 732 habeatur
742 665 1045 749 capitu10,
1090 665 1261 747 quod
1302 665 1507 728 voluit
1550 673 1881 747 percutere
1911 664 1961 726 A
1994 664 2461 746 panum,aliqui
2499 672 2745 746 putant,
2769 663 2940 746 quod
2971 662 3168 726 David
3201 662 3376 726 venit
3406 681 3476 726 se

78 749 139 788 ³3.

92 2265 199 2308 leid.
210 2269 341 2316 nist.

114 3348 263 3391 unsih.
274 3364 299 3391 x

378 767 613 830 lancea
641 765 975 842 Ionatham
1011 765 1164 826 satis
1202 765 1499 827 audacter
1540 782 1654 845 pro
1684 762 1879 826 David

376 865 761 948 loquentem
806 883 821 927 ε
856 865 1011 946 quia
1040 864 1159 926 hoc
1194 861 1318 924 fuit
1344 864 1421 926 ad
1452 862 1775 926 modicum
1805 883 1881 925 ex

376 965 631 1047 impetu
666 984 797 1028 suae
825 962 1115 1038 vesaniae,
1132 971 1195 1025 et
1216 961 1429 1045 ipsum
1447 962 1765 1025 Jonathan.
1790 981 1881 1024 re-

372 1067 687 1128 deuntem
728 1063 1001 1146 pacifice
1036 1079 1181 1124 mox
1214 1061 1473 1142 recepit.

482 1166 668 1226 Venit
716 1173 933 1224 autem
962 1163 1185 1222 David
1232 1162 1306 1220 in
1356 1161 1531 1223 Nobe
1573 1158 1879 1241 oppidum

371 1263 819 1338 sacerdotum,
874 1264 963 1321 ad
1011 1261 1417 1322 Achimelech
1468 1261 1879 1330 sacerdotem,

374 1363 517 1424 imo
549 1369 613 1424 et
644 1357 1273 1442 pontificem.Voluit
1298 1356 1597 1438 equidem
1633 1356 1699 1418 in
1722 1357 1881 1420 urbe

372 1461 495 1522 illa
530 1459 849 1540 religiosa,
872 1467 935 1520 et
967 1456 1033 1518 in
1068 1455 1475 1519 tabernaculo
1505 1453 1757 1518 Domini
1790 1453 1881 1516 ibi

373 1568 541 1622 tunc
570 1558 937 1634 exsistente,
983 1557 1179 1618 Deum
1219 1556 1445 1618 devote
1475 1572 1677 1630 orare,
1712 1562 1784 1615 ut
1814 1573 1883 1616 se

372 1658 637 1740 eripere
664 1657 745 1718 de
783 1662 875 1718 tot
920 1653 1441 1717 tribulationibus
1486 1653 1877 1734 dignaretur.

370 1761 467 1818 Ec
512 1757 865 1833 obstupuit,
902 1754 966 1816 id
1010 1762 1127 1830 est,
1164 1753 1573 1816 vehementer
1612 1751 1883 1814 miraba-

1990 763 2258 845 quint03
2301 774 2417 824 aut
2459 765 2786 844 quidquid
2827 765 3176 825 inveneris.
3209 761 3476 836 Quidam

1990 862 2184 926 etiam
2207 862 2450 939 dicunt,
2467 863 2638 944 quod
2659 862 2856 924 David
2887 862 3008 924 ista
3037 862 3326 938 dicend0,
3348 882 3474 926 non

1992 961 2117 1023 suit
2162 962 2468 1024 mentitus
2515 961 2892 1037 formaliter,
2927 961 3079 1043 quia
3118 979 3245 1024 non
3280 961 3478 1025 inten-

1990 1061 2177 1123 debat
2207 1061 2521 1143 decipere.
2556 1060 2678 1122 Alii
2711 1060 3056 1142 opinantur
3085 1061 3472 1143 oppositum,

1990 1167 2342 1222 asserentes
2387 1159 2557 1240 quod
2602 1175 2730 1221 non
2772 1166 3023 1240 oportet
3057 1177 3202 1220 eum
3242 1178 3278 1220 a
3306 1179 3479 1222 men-

1990 1257 2170 1321 dacio
2193 1276 2492 1320 excusare
2513 1256 2840 1320 officioso:
2863 1258 2992 1319 imo
3013 1257 3263 1321 videtur
3282 1258 3477 1322 David

1992 1357 2113 1418 ista
2145 1354 2434 1431 finxisse,
2453 1365 2766 1437 quatenus
2797 1357 3091 1420 sacerdos
3122 1358 3478 1440 promptius

1991 1455 2114 1518 sibi
2135 1457 2314 1518 daret
2335 1474 2476 1536 quae
2497 1455 2851 1536 postulavit.
2863 1456 2950 1517 Ex
2972 1457 3264 1537 sequenti
3287 1457 3478 1520 etiam

1993 1554 2336 1618 innotescit
2365 1554 2664 1635 capitulo,
2693 1556 2863 1637 quod
2905 1555 3100 1617 David
3134 1556 3358 1619 videns
3389 1555 3480 1617 ibi

1994 1655 2204 1737 ipsum
2238 1654 2425 1732 Doeg,
2443 1653 2861 1735 probabiliter
2881 1654 3089 1731 scivit,
3107 1655 3278 1736 quod
3301 1654 3484 1718 Achi-

1993 1752 2240 1816 melech
2270 1751 2582 1814 sacerdoti
2617 1751 2980 1814 immineret
3012 1753 3370 1834 perieulum
3405 1774 3482 1816 ex

372 1865 509 1932 tur,
548 1857 990 1924 Achimeleclz,
1020 1874 1089 1914 eo
1136 1855 1308 1932 quod
1354 1853 1621 1912 venisset
1664 1854 1883 1912 David
1918 1851 1965 1914 B
1994 1871 2107 1914 sua
2139 1850 2504 1932 receptione
2525 1859 2588 1913 et
2608 1850 2955 1914 refect-ione
2963 1851 3318 1976 ,gladiique
3339 1871 3484 1934 por-

371 1955 461 2020 ad
508 1955 725 2018 locum
770 1952 977 2027 illum,
1011 1951 1165 2033 quia
1204 1950 1412 2013 adhuc
1456 1950 1547 2012 nil
1588 1950 1776 2013 scivit
1804 1951 1883 2013 de

372 2051 833 2116 aversionibus
858 2050 1063 2113 Saulis
1087 2070 1123 2112 a
1145 2049 1371 2123 David;
1395 2057 1459 2112 et
1480 2067 1607 2112 non
1638 2048 1885 2131 putavit

374 2153 599 2234 ipsum
653 2149 871 2226 David,
922 2148 1046 2211 nisi
1090 2167 1205 2230 pro
1254 2148 1453 2210 ardua
1490 2166 1682 2210 causa
1730 2146 1883 2210 illuc

372 2250 667 2325 venisse,
702 2248 1240 2330 quemadmodum
1286 2256 1349 2310 et·
1387 2246 1673 2310 seniores
1710 2246 1883 2308 Beth-

376 2349 602 2413 lehem
634 2345 1057 2421 mirabantur,
1090 2365 1290 2426 quum
1322 2345 1603 2408 venisset
1634 2343 1883 2407 Samuel

374 2447 705 2532 propheta
738 2446 814 2508 ad
848 2463 979 2508 eos
1020 2444 1359 2506 Mirabatur
1389 2462 1668 2526 quoque,
1711 2445 1883 2524 quod

376 2548 635 2628 absque
665 2545 857 2608 solita
883 2543 1187 2608 comitiva
1215 2541 1497 2606 advenit.
1531 2542 1709 2605 Unde
1738 2542 1887 2604 sub—

373 2647 681 2728 jungitur
715 2662 731 2706 z
768 2654 829 2705 et
868 2645 1045 2704 dioeic
1078 2644 1141 2702 ei
1170 2663 1194 2702 .·
1227 2645 1439 2711 Quare
1472 2652 1544 2703 tu
1578 2647 1750 2702 solus
1780 2661 1887 2704 ve-

376 2743 567 2818 nisti,
601 2753 663 2804 et
696 2745 927 2803 nullus
973 2751 1177 2802 tecum
1218 2750 1308 2800 esc
1331 2745 1361 2801 ?
1396 2741 1525 2803 Hoc
1567 2738 1747 2816 dixit,
1784 2739 1883 2800 vel

374 2841 540 2924 quia
584 2839 891 2923 perpauci
936 2845 1119 2901 crant
1156 2857 1301 2902 cum
1342 2837 1561 2914 David,
1598 2837 1685 2899 ita
1714 2837 1883 2918 quod

374 2941 565 3005 velut
608 2938 771 3001 nulli
803 2937 1189 3000 videbantur
1227 2945 1521 3018 respectu
1553 2935 1755 2998 solitae
1790 2953 1887 2998 co-

1993 1949 2298 2013 rectione.

2071 2052 2159 2111 Ec
2207 2052 2592 2128 respondens
2637 2052 2924 2109 sacerdos
2973 2051 3062 2108 ad
3099 2051 3341 2120 David,
3385 2053 3482 2110 aii

1993 2151 2154 2208 illi.-
2191 2150 2338 2211 Non
2377 2149 2568 2208 habeo
2601 2167 2800 2224 panes
2841 2149 3036 2207 laec-os
3064 2151 3152 2207 ad
3183 2169 3478 2219 manum,

1993 2247 2227 2328 quibus
2249 2245 2491 2308 scilicet
2514 2244 2686 2308 licite
2705 2265 2744 2308 v
2748 2254 3050 2308 escuntur
3063 2245 3365 2327 vulgares
3374 2249 3484 2308 sed

1996 2356 2250 2407 tantum
2263 2364 2501 2422 panem
2519 2355 2832 2414 sanctum,
2850 2344 2912 2406 id
2935 2353 3032 2406 est
3050 2363 3246 2427 panes
3268 2363 3487 2427 propo-

1995 2443 2246 2507 sitionis
2279 2442 2710 2506 sacerdotibus
2741 2442 3272 2506 dedicatos.Omni
3305 2445 3485 2525 equi-

1996 2544 2139 2605 dem
2189 2541 2452 2604 sabbato
2502 2541 2902 2624 ponebantur
2955 2560 3146 2623 super
3195 2561 3480 2606 mensam

1997 2641 2455 2725 propositionis
2479 2641 2544 2702 in
2567 2639 2860 2702 exteriori
2889 2641 3282 2704 tabernaculi
3305 2649 3484 2724 parte

1995 2739 2332 2803 duodecim
2362 2758 2558 2821 panes
2588 2746 2870 2802 recentes
2892 2748 2956 2803 et
2983 2739 3190 2816 calidi,
3211 2749 3274 2803 et
3303 2750 3484 2803 erant

1998 2838 2085 2901 ibi
2126 2857 2329 2919 usque
2373 2839 2450 2900 ad
2493 2838 2826 2900 sabbatum
2866 2857 3162 2920 sequens,
3203 2847 3483 2920 tuncque

1997 2938 2489 3002 removebantur
2519 2957 2556 3000 a
2587 2956 2829 3014 mensa,
2865 2947 2935 3001 ut
2973 2959 3010 3002 a
3047 2939 3484 3002 sacerdotibus

374 3039 631 3103 mitivae
662 3037 903 3111 David3
936 3037 1061 3112 vel,
1109 3035 1261 3117 quia
1297 3036 1409 3117 qui
1451 3055 1667 3099 seeum
1704 3054 1887 3098 vene·
1921 3033 1965 3097 C
1996 3039 2337 3101 ederentur
2375 3057 2388 3101 τ
2425 3037 2656 3118 quibus
2691 3036 2979 3114 sublatiS,
3013 3056 3158 3100 mox
3189 3038 3298 3100 alii
3330 3039 3483 3102 duo-

374 3146 563 3215 rum,
588 3156 715 3200 non
748 3144 929 3199 erant
959 3135 1261 3199 notabilis
1294 3134 1737 3217 reputationiS.
1759 3134 1887 3195 Ali-

376 3238 495 3319 qui
534 3244 747 3299 tamen
780 3254 999 3298 secum
1030 3244 1368 3311 venerunt,
1392 3253 1593 3315 quum
1626 3242 1688 3296 et
1717 3234 1885 3315 apud

302 3364 345 3401 n.
374 3334 747 3400 Matthaeum
773 3334 945 3397 dicat
966 3333 1251 3397 Salvator
1274 3333 1441 3395 :Non
1466 3332 1708 3411 legistis
1729 3332 1884 3414 quid

378 3434 617 3499 fecerit
636 3432 835 3497 David
865 3433 1123 3513 quando
1154 3431 1378 3495 esuriit
1409 3440 1471 3493 et
1492 3431 1602 3513 qui
1636 3451 1781 3494 cum
1811 3449 1886 3493 eo

376 3534 621 3597 erant?
650 3529 821 3593 lnfra
865 3548 1123 3612 quoque
1165 3529 1395 3611 quaerit
1424 3529 1831 3593 Achimelech
1867 3549 1881 3593 :

378 3632 447 3696 Si
474 3628 708 3693 mundi
730 3637 879 3692 sunt
900 3628 1107 3710 pueri,
1124 3628 1188 3691 id
1208 3638 1303 3692 est
1326 3629 1517 3705 servi,
1542 3628 1653 3710 qui
1677 3635 1883 3690 tecum

379 3732 753 3795 venerunt?
797 3728 993 3790 Istum
1033 3726 1442 3791 Achimelech
1490 3728 1751 3809 quidam
1801 3728 1889 3789 di-

110 3840 349 3895 uite-xm&
378 3835 551 3893 cunt
598 3826 797 3889 fuisse
838 3826 1101 3889 fratrem
1133 3826 1367 3903 Achiae,
1402 3828 1481 3889 de
1524 3844 1651 3907 quo
1697 3845 1889 3907 supra

258 3964 265 3969 -
378 3928 636 3991 dictum
670 3934 789 3988 est.
825 3925 1280 3989 Verumtamen
1312 3924 1735 4007 Hieronymus
1774 3925 1883 4000 ait,

378 4025 567 4109 quod
610 4023 731 4086 fuit
776 4024 915 4106 ipse
942 4022 1175 4086 Achias
1218 4022 1395 4085 filius
1434 4022 1728 4099 Aehitob,
1763 4022 1888 4084 filii

380 4123 685 4199 PhineeS‚
725 4122 849 4184 filii
882 4121 1043 4185 Heli.

1996 3137 2201 3201 decim
2230 3154 2424 3218 panes
2458 3136 2971 3217 imponebantur,
3007 3146 3074 3199 ut
3108 3139 3172 3199 in
3203 3138 3484 3201 Levitico
3513 3156 3644 3262 foen.

1997 3236 2288 3300 habetur.
2323 3235 2628 3297 Praeterea
2671 3243 2852 3298 erant
2891 3237 3059 3317 apud
3087 3237 3332 3299 Judaeos
3379 3238 3484 3299 tri·

1997 3335 2196 3418 plices
2229 3352 2446 3416 paneS,
2465 3333 2765 3397 videlicet
2796 3353 2994 3416 panes
3025 3336 3482 3417 propositionis

1998 3431 2444 3517 praefati,solis
2477 3432 2910 3495 sacerdotibus
2944 3432 3102 3495 liciti
3134 3436 3482 3497 seeundum

1998 3534 2200 3615 legem
2229 3550 2633 3595 communem
2660 3556 2674 3605 3
2708 3552 2904 3614 panes
2935 3549 3192 3614 quoque
3222 3533 3489 3597 oblatio-

1998 3632 2119 3707 niS‚
2140 3630 2376 3712 quibus
2399 3630 2818 3693 vescebantur
2837 3630 3092 3707 Levitae,
3114 3639 3173 3694 et
3209 3630 3272 3693 in
3303 3631 3488 3694 altari

1999 3730 2514 3793 holocaustorum
2537 3728 3008 3802 offerebantur3
3030 3737 3092 3791 et
3113 3748 3306 3811 panes
3329 3747 3490 3792 com-

1998 3848 2228 3892 munes
2262 3846 2374 3891 seu
2408 3827 2576 3905 laici,
2612 3826 2912 3891 omnibus
2947 3826 3226 3890 liciti.Si
3258 3830 3491 3889 mundi

1996 3939 2151 3989 sunt
2176 3930 2396 4006 pueri,
2431 3927 2552 3990 hoc
2595 3935 2689 3989 est
2733 3926 3010 3989 ministri
3057 3926 3172 4003 tui,
3207 3929 3492 3988 maxime

1997 4050 2039 4089 a
2074 4028 2483 4098 mulieribus,
2507 4028 2926 4098 manducent,
2949 4025 3014 4087 id
3045 4034 3160 4103 est,
3196 4026 3386 4089 edant
3415 4048 3492 4091 ex

2002 4126 2117 4203 eis,
2153 4134 2218 4189 et
2251 4134 2314 4187 tu
2348 4126 2506 4207 ipse.
2540 4123 2727 4198 Quasi
2761 4125 2929 4187 dicat
2954 4125 3247 4207 :Propter
3277 4144 3493 4189 neces-

460 4224 559 4285 Et
607 4224 706 4283 ait
749 4222 973 4282 David
1019 4224 1109 4281 ad
1149 4222 1556 4282 Achimeleclz
1603 4224 1889 4283 sacerdo-
1921 4227 1970 4288 D
2002 4224 2212 4288 sitatis
2254 4225 2596 4288 articulum
2637 4224 2930 4308 poteritis
2970 4226 3062 4288 eis
3092 4225 3285 4302 vesci,
3320 4227 3491 4307 quod

380 4334 516 4385 cem
547 4342 570 4381 .·
590 4324 731 4383 Rex
750 4322 1062 4398 praecepit
1092 4320 1265 4380 milei
1292 4340 1665 4393 sermonem,
1699 4330 1757 4380 ei
1787 4322 1889 4380 di-

376 4424 487 4482 oeit
526 4440 551 4480 .·
584 4420 785 4482 Nemo
814 4420 977 4479 sciat
1014 4439 1149 4479 rem
1176 4427 1442 4497 propter
1471 4439 1669 4499 quam
1702 4437 1889 4500 expe-

385 4518 696 4583 diendam
730 4518 965 4578 missus
984 4538 1047 4576 es
1078 4538 1117 4578 a
1150 4538 1270 4589 me,
1293 4527 1352 4577 ec
1373 4519 1740 4595 cujusmodi
1771 4519 1889 4577 cibi

383 4626 713 4697 prcecepta
767 4617 1081 4677 dederim.
1138 4618 1311 4679 Nam
1358 4627 1419 4676 et
1458 4617 1684 4693 pueris
1730 4618 1889 4677 meis

377 4718 663 4779 candian·
708 4717 781 4775 in
824 4716 1019 4775 illum
1048 4724 1109 4775 et
1142 4716 1215 4775 in
1258 4716 1453 4775 illum
1500 4718 1735 4785 locum,
1768 4714 1887 4777 hoc

378 4823 507 4891 est,
529 4813 759 4877 ceteris
792 4812 1107 4874 ministris
1136 4812 1297 4875 meis
1328 4812 1621 4876 commisi
1658 4821 1721 4876 et
1757 4813 1889 4895 jus-

380 4914 461 4992 si,
501 4920 575 4975 ut
606 4912 673 4975 in
718 4911 831 4975 illo
862 4919 925 4975 et
957 4910 1022 4973 in
1066 4909 1177 4973 illo
1218 4910 1357 4974 loco
1389 4930 1491 4973 me
1522 4911 1888 4993 praestolen-

383 5021 515 5089 tur,
560 5018 671 5074 aut
700 5010 824 5073 sibi
862 5008 1205 5072 commissa
1244 5008 1657 5091 adimpleant.
1694 5013 1889 5072 Nunc

378 5132 537 5190 erqo
574 5112 635 5171 si
662 5112 827 5191 quid
854 5108 934 5171 de
967 5108 1343 5172 necessariis
1383 5108 1545 5170 mihi
1585 5111 1771 5170 habes
1800 5112 1887 5171 ad

382 5230 693 5279 manum,
732 5212 833 5269 vel
870 5210 1158 5289 quinque
1192 5227 1423 5285 pane-3,
1451 5212 1541 5267 da
1584 5209 1776 5278 milii,
1820 5207 1885 5270 id

380 5316 483 5371 est
526 5307 755 5371 saltem
802 5306 1067 5369 totidem
1112 5324 1309 5388 panes
1344 5324 1358 5368 :
1394 5314 1457 5369 et
1499 5324 1574 5368 ex
1620 5324 1885 5371 numero

2000 4324 2159 4386 alias
2207 4342 2334 4387 non
2384 4324 2626 4387 liceret.
2664 4323 2898 4387 Tamen
2939 4324 2992 4386 si
3025 4343 3101 4387 ex
3131 4324 3302 4387 coitu
3343 4334 3492 4387 sunt

2002 4422 2342 4499 immundi,
2377 4422 2468 4485 eis
2515 4441 2642 4486 non
2687 4422 2850 4486 dabo
2881 4422 3072 4487 etiam
3116 4423 3182 4485 in
3215 4425 3490 4488 necessi-

1997 4529 2147 4598 tate,
2174 4520 2297 4583 nisi
2333 4520 2548 4584 forsan
2582 4522 2647 4584 in
2680 4522 3056 4585 necessitate
3085 4531 3384 4595 extrema,
3423 4523 3487 4585 in

1998 4638 2127 4699 qua
2156 4619 2375 4682 omnia
2412 4628 2562 4682 sunt
2591 4619 2977 4697 communia,
3012 4628 3076 4682 et
3105 4639 3248 4701 quae
3279 4621 3484 4702 legem

2000 4736 2128 4780 non
2162 4718 2374 4782 habet.

2080 4821 2164 4879 Ec
2213 4820 2540 4894 respondit
2575 4820 2797 4879 David
2835 4820 3171 4891 sacerdoti,
3203 4829 3264 4879 ee
3309 4821 3488 4881 dimit

1997 4920 2058 4975 ei
2089 4936 2111 4976 .·
2144 4920 2227 4978 Ec
2256 4918 2518 4997 quidem
2547 4918 2607 4976 si
2634 4920 2714 4977 de
2743 4918 3125 4977 mulieribus
3153 4919 3398 4995 ayitur,
3425 4917 3487 4981 id

1999 5022 2116 5091 est,
2160 5014 2432 5096 quaestio
2481 5014 2778 5095 agitatur,
2813 5017 3260 5077 continuimus
3297 5036 3410 5077 nos
3453 5037 3490 5079 a

1998 5111 2344 5175 concubitu
2377 5113 2458 5173 ab
2479 5113 2623 5172 heri
2641 5123 2700 5173 et
2725 5114 3200 5173 nudiustertius
3228 5118 3490 5194 quando

1996 5211 2505 5285 eyrediebamur.
2556 5210 2760 5282 Quum
2817 5217 3026 5271 tamen
3081 5208 3491 5273 immunditia

1998 5307 2110 5371 illa
2135 5326 2212 5370 ex
2253 5304 2539 5388 legitimo
2581 5315 2718 5371 toro
2759 5315 3104 5386 contracta,
3139 5326 3268 5372 non
3299 5309 3486 5373 duret

3662 3170 3774 3207 xxxxx
