4359 6250
1189 518 1534 565 ENAnRATIO
1577 519 1638 564 IN
1681 519 1816 564 CAP.
1865 520 2010 565 xxiv
2053 519 2253 565 Josna.
2301 539 2381 549 -—
2422 520 2562 565 ΛΒΤ.
2611 521 2780 566 xxxn

3412 497 3522 562 101

109 703 290 746 seen.
311 717 396 755 xv,
429 684 578 747 stici
606 704 621 747 ε
647 686 810 749 Deus
830 688 912 750 ab
934 687 1120 750 initio
1141 686 1843 763 constituithominem,
1871 694 1930 749 et
1961 685 2012 747 A
2039 686 2315 769 populus
2356 688 2439 749 sit
2488 688 2816 750 mentitus.
2870 688 2943 749 Et
2988 685 3523 769 respondendum,

75 770 150 811 t-t.
179 770 256 817 15,
283 770 362 809 17.

429 784 696 866 reliquit
726 804 872 848 eum
907 786 972 848 in
1007 805 1201 848 manu
1233 786 1485 849 consilii
1521 786 1620 847 sui
1648 810 1662 859 ;
1697 786 1932 867 adJecit

427 892 749 966 praecepta
789 904 904 947 sua
940 911 954 961 3
1002 887 1082 947 ad
1120 886 1289 966 quod
1343 884 1643 959 volueriS,
1680 886 1930 966 porrige

427 1002 692 1045 manum
719 990 915 1046 tuam.
940 987 1077 1062 Εῃο
1109 995 1324 1045 autem
1351 994 1410 1044 et
1429 987 1658 1044 domus
1676 1005 1840 1055 mea,
1865 984 1928 1045 id

426 1089 528 1144 est
545 1081 881 1144 domestici
905 1084 1054 1159 mei,
1077 1084 1427 1143 serviemus
1449 1083 1744 1143 DominO.
1771 1080 1930 1155 Qua-

424 1180 482 1241 si
515 1179 724 1243 dicat:
759 1180 828 1242 ln
859 1180 978 1243 hoc
1010 1181 1239 1243 merito
1285 1199 1388 1241 me
1433 1179 1789 1262 principem
1823 1200 1927 1245 ve-

425 1287 630 1341 strum
664 1279 846 1360 sequi
879 1279 1146 1341 debetis

511 1382 994 1459 Responditque
1034 1382 1316 1456 populus
1363 1388 1424 1438 et
1472 1380 1568 1439 ait
1600 1398 1621 1436 .·
1653 1380 1839 1439 Absit
1886 1400 1926 1439 a

428 1479 638 1547 nobis,
667 1487 742 1537 ut
771 1479 1221 1556 relinquamus
1250 1478 1632 1547 Dominum,
1663 1479 1781 1556 qui
1806 1480 1929 1553 eje-

425 1577 518 1635 cit
549 1576 888 1635 universas
902 1585 1144 1652 yentes,
1170 1574 1232 1636 id
1265 1582 1382 1651 est,
1409 1574 1624 1637 hostes
1654 1594 1924 1656 quorum

431 1682 634 1737 terras
663 1674 796 1755 jam
828 1673 1255 1755 possidemuS,
1291 1692 1406 1756 pro
1446 1675 1720 1737 maxima
1750 1683 1928 1757 parte

407 1772 694 1850 -delevit,
715 1791 826 1835 seu
847 1774 1182 1854 quosdam,
1203 1771 1334 1837 imo
1363 1782 1425 1835 et
1445 1772 1678 1836 multos
1701 1774 1780 1835 de
1801 1792 1929 1836 om-

2039 788 2209 868 quod
2240 805 2314 849 ea
2344 806 2485 867 quae
2513 789 2701 851 Josue
2731 788 2909 865 dixit,
2938 787 3353 867 intelligenda
3382 792 3529 846 sunt

2039 905 2154 968 per
2181 887 2439 948 modum
2464 906 2541 949 cu
2543 886 2793 968 jusdam
2828 884 3299 949 exercitationis
3320 891 3381 946 et
3402 881 3529 945 avi-

2040 983 2305 1047 sationis
2356 1004 2428 1046 ac
2478 983 3015 1047 comminationis,
3067 983 3303 1064 Nempe
3350 989 3415 1044 et
3462 980 3527 1043 id

2040 1082 2211 1163 quod
2260 1082 2369 1159 ait,
2422 1083 2556 1147 Non
2608 1082 2898 1165 poteritis
2948 1082 3187 1145 servire
3235 1078 3523 1152 Domino,

2041 1188 2271 1261 praeter
2292 1181 2755 1263 expositionem
2789 1187 3174 1262 praetactam‚
3194 1185 3402 1259 potest
3422 1178 3529 1240 ad-

2039 1278 2162 1341 huc
2194 1279 2534 1360 dupliciter
2564 1278 2789 1361 accipi.
2814 1279 3024 1341 Primo
3053 1277 3165 1353 sic,
3191 1277 3325 1340 Non
3358 1285 3529 1358 pote-

2036 1377 2178 1438 ritis
2211 1377 2493 1460 propriis⁴
2515 1377 2780 1455 viribus,
2802 1386 2865 1440 et.
2886 1377 3023 1439 sine
3053 1375 3291 1439 auxilio
3310 1374 3528 1457 gratiae

2037 1476 2168 1552 Dei,
2218 1477 2343 1539 Deo
2400 1477 2641 1539 servire
2690 1475 3013 1539 meritoria
3063 1475 3387 1538 servitute.
3423 1474 3530 1538 Se-

2037 1575 2249 1637 cundo
2281 1576 2395 1653 sic,
2431 1575 2565 1638 Non
2598 1575 2889 1658 poteritis
2910 1575 3036 1638 Deo
3066 1573 3305 1637 servire
3336 1574 3529 1635 servi-

2039 1682 2171 1736 tute
2206 1682 2332 1736 tam
2372 1691 2601 1754 magna
2632 1681 2695 1737 et
2735 1672 3159 1749 reverentiali,
3195 1679 3265 1734 ut
3295 1670 3527 1753 dignus

2036 1780 2132 1834 est
2177 1771 2337 1853 ipse,
2372 1771 2485 1853 qui
2528 1772 2855 1834 immensae
2900 1778 2994 1833 est
3026 1769 3398 1851 maJestatiS,
3434 1777 3527 1831 at-

434 1871 631 1934 nibus
661 1872 794 1933 illis
835 1872 1090 1935 occidit.
1127 1874 1496 1933 serviemus
1536 1891 1682 1949 erqo
1714 1874 1930 1933 Domi·
1966 1870 2011 1932 B
2037 1889 2161 1953 que
2193 1870 2274 1933 ob
2306 1871 2425 1933 hoc
2456 1870 2719 1933 infinita
2750 1868 3106 1933 reverentia
3135 1868 3387 1949 dignus,
3424 1867 3526 1931 Sic

434 1992 545 2041 ne,
562 1974 724 2052 quia
755 1973 892 2051 ipse
917 1981 1008 2031 est
1028 1974 1200 2032 Deus
1221 1981 1458 2041 noster,
1476 1970 1539 2032 id
1561 1978 1658 2033 est
1686 1979 1931 2034 creator

427 2078 492 2132 et
509 2069 896 2149 gubernator
917 2076 1134 2132 noster
1151 2067 1512 2131 altissimus.
1533 2070 1673 2132 Haec
1694 2076 1789 2131 est
1810 2068 1934 2131 suf-

432 2167 670 2231 ficiens
699 2168 1085 2250 copiosaque
1117 2167 1278 2230 ratio
1311 2167 1630 2230 serviendi
1666 2168 1933 2231 Domino

435 2286 552 2349 per
573 2266 777 2329 latriae
797 2266 1062 2343 cultum,
1079 2265 1234 2347 quia
1261 2265 1498 2330 creavit
1521 2284 1657 2344 noS,
1677 2274 1740 2328 et
1771 2285 1934 2327 sum-

431 2385 578 2427 mus
623 2372 830 2428 rect-or
869 2372 1062 2445 atque
1092 2363 1384 2446 provisor
1419 2372 1515 2427 est
1554 2372 1788 2427 noster.
1822 2366 1936 2426 Di-

433 2470 666 2545 wicque
691 2469 881 2527 Josue
919 2469 1010 2526 ad
1049 2469 1367 2543 populum
1403 2486 1426 2523 .·
1466 2468 1615 2525 Non
1637 2466 1935 2542 poteritis

429 2568 678 2625 servire
697 2566 998 2627 Domina
1025 2564 1152 2627 Hoc
1183 2581 1310 2626 non
1343 2563 1523 2640 dixit,
1551 2561 1936 2625 insinuando

427 2662 793 2726 absolutam
838 2660 1444 2744 impossibilitatem,
1495 2661 1606 2723 sed
1650 2659 1937 2723 difficul-
1963 2692 1976 2701 ·

431 2770 631 2825 tatem
690 2760 1007 2825 serviendi
1069 2759 1395 2823 Altissimo
1455 2767 1936 2841 perseveranter

429 2880 639 2942 usque
687 2860 754 2921 in
803 2858 1026 2936 finem,
1064 2867 1198 2920 tum
1246 2866 1506 2940 propter
1551 2856 1934 2939 pronitatem

430 2959 706 3022 istorum
745 2958 824 3019 ad
865 2957 1056 3033 mala,
1092 2964 1227 3018 tum
1269 2965 1529 3038 propter
1567 2955 1932 3018 divinorum

2039 1986 2189 2049 ergo
2221 1986 2350 2031 non
2381 1968 2503 2032 erit
2532 1976 2605 2030 ut
2633 1968 2937 2049 loqueris»,
2964 1967 3027 2029 id
3050 1975 3146 2029 est
3176 1967 3525 2029 seeundum

2041 2068 2213 2149 quod
2243 2066 2437 2129 verba
2469 2074 2575 2128 tua
2607 2066 2905 2129 videntur
2936 2084 3181 2141 sonare,
3217 2072 3280 2127 et
3310 2072 3379 2127 ut
3417 2064 3531 2126 mi-

2042 2166 2237 2243 nariS,
2283 2174 2347 2228 et
2392 2165 2795 2228 exercitando
2842 2182 2977 2241 nOS,
3025 2162 3200 2225 faris,
3237 2162 3338 2226 Sic
3389 2162 3535 2225 reli-

2040 2264 2203 2346 giosi
2245 2282 2352 2327 eos
2396 2264 2505 2345 qui
2546 2264 2787 2325 instant
2817 2280 2933 2345 pro
2962 2262 3209 2338 ordine,
3244 2279 3535 2323 exercere

2043 2382 2117 2426 ac
2150 2362 2424 2445 probare
2456 2362 2683 2438 solent,
2723 2361 2993 2425 dicendo
3028 2377 3042 2421 :
3077 2360 3212 2423 Non
3245 2359 3535 2441 poteritis

2045 2460 2376 2542 religionis
2408 2460 2602 2541 hujus
2634 2477 2888 2522 servare
2918 2459 3215 2539 rigorem,
3250 2476 3369 2521 nec
3399 2476 3537 2540 per-

2044 2577 2337 2625 severare
2367 2559 2433 2621 in
2465 2577 2561 2622 00.

2123 2662 2210 2721 Εἰ
2246 2662 2435 2719 Josue
2485 2660 2573 2719 ad
2592 2660 2914 2735 populum
2964 2676 2985 2715 .·
3028 2660 3251 2727 Testes,
3288 2656 3533 2735 inquit,

2045 2778 2150 2817 vos
2180 2759 2354 2826 estis,
2382 2758 2542 2836 quia
2584 2757 2714 2832 ipsi
2746 2756 3061 2831 eleyeritis
3104 2755 3277 2814 vobis
3312 2754 3534 2815 Domi·-

2043 2876 2227 2926 num,
2252 2864 2325 2916 ut
2352 2855 2653 2914 serviatis
2680 2855 2763 2913 ei.
2788 2854 3302 2931 Responderunt,
3335 2854 3531 2912 Testes

2043 2971 2265 3016 sumus
2295 2951 2489 3033 hujus
2529 2951 2643 3013 rei.
2680 2949 2798 3013 Sed
2830 2950 3149 3031 quomodo
3195 2948 3390 3011 iidem
3420 2965 3531 3030 po-

432 3057 824 3121 arduitatem
845 3064 910 3119 et
939 3054 1418 3117 multitudinem
1451 3062 1929 3138 praeceptorum,
1967 3058 2010 3121 C
2043 3060 2249 3115 terant
2279 3069 2417 3114 esse
2447 3057 2737 3113 auctores
2768 3057 2832 3111 et
2864 3050 3100 3110 testes?
3130 3047 3531 3130 Responden-

431 3167 572 3220 tum
596 3163 860 3238 propter
881 3155 1155 3235 rigorem
1177 3153 1455 3236 justitiae.
1472 3154 1650 3216 Unde
1671 3153 1936 3235 subjun-

429 3257 528 3336 git
565 3275 580 3318 ι
605 3259 782 3317 Deus
810 3257 989 3314 enim
1017 3263 1276 3314 sanctus
1295 3263 1356 3312 et
1374 3254 1566 3330 fortis
1595 3255 1935 3314 (emulator

427 3365 544 3426 est,
572 3353 639 3416 id
661 3361 780 3430 est,
808 3352 973 3415 Deus
1003 3350 1428 3414 essentialiter
1459 3359 1714 3413 sanctus
1743 3359 1936 3431 atque

430 3452 874 3535 omnipotenti,
909 3457 1004 3514 est
1035 3451 1380 3512 detestator
1407 3449 1672 3531 peccati,
1692 3458 1936 3511 amator

429 3553 766 3627 virtutum,
776 3568 925 3613 osor
946 3547 1361 3631 peccantium.
1380 3550 1513 3612 Nec
1531 3551 1807 3626 v'qnoscet
1825 3569 1936 3608 sce-

437 3653 684 3712 leribus
707 3650 932 3710 vestris
963 3658 1154 3727 atque
1174 3648 1478 3724 peccatis,
1496 3645 1549 3708 si
1581 3645 1934 3709 incideritis

431 3771 532 3828 ea,
572 3749 700 3811 nisi
743 3745 1188 3830 poenitentiam
1233 3763 1446 3808 veram
1487 3745 1765 3825 egeritis,
1798 3744 1932 3808 Non

431 3850 613 3915 enim
661 3846 932 3911 dimittit
971 3853 1231 3927 peccata
1271 3845 1494 3906 inulta.
1530 3844 1799 3908 Possunt
1827 3864 1938 3906 au-

435 3959 568 4014 tem
600 3967 716 4031 per
747 3946 1008 4022 scelera,
1036 3943 1311 4024 intelligi
1334 3951 1590 4025 peccata
1622 3943 1687 4004 in
1710 3943 1929 4020 Deum,

433 4045 794 4131 praesertim
842 4042 1222 4119 idololatria,
1267 4041 1658 4124 superstitio,
1691 4049 1754 4104 et
1796 4060 1936 4123 spe-

432 4147 568 4210 cies
589 4145 769 4226 ejus3
794 4161 910 4225 per
937 4149 1198 4224 peccata
1218 4158 1382 4217 vern,
1408 4140 1611 4221 culpae
1634 4139 1700 4201 in
1733 4138 1936 4221 proxi-

2042 3153 2217 3228 dum,
2262 3149 2433 3231 quod
2476 3147 2842 3211 testificatio
2889 3147 3009 3210 ista
3052 3165 3181 3210 non
3231 3145 3355 3208 fuit
3406 3144 3530 3207 nisi

2045 3251 2267 3312 iterata
2297 3247 2614 3331 professio
2644 3255 2753 3308 aut
2785 3244 3136 3325 recognitio
3158 3243 3403 3326 proprii
3434 3263 3533 3308 ac-

2042 3358 2166 3424 tuS,
2193 3355 2255 3410 et
2288 3344 2721 3408 testimonium
2754 3351 2977 3406 contra
3007 3361 3075 3405 se
3106 3343 3299 3425 ipsoS,
3327 3343 3381 3404 si
3402 3361 3538 3406 ver-

2042 3449 2124 3510 ba
2161 3445 2422 3528 propria
2466 3461 2594 3506 non
2644 3442 3007 3524 implerent.
3042 3441 3131 3504 Ex
3181 3442 3303 3504 hoc
3348 3441 3537 3505 Josue

2045 3544 2245 3608 infert
2269 3562 2282 3605 :
2321 3545 2516 3607 Nunc
2542 3562 2712 3620 ενῃο,
2740 3543 2862 3611 ait,
2888 3542 3165 3617 auferte,
3186 3540 3251 3602 id
3283 3548 3399 3618 est,
3426 3559 3539 3622 per

2044 3642 2568 3725 anticipationem
2606 3648 2825 3703 cavete
2863 3659 2944 3702 ne
2975 3637 3360 3722 suscipiatis,
3394 3643 3539 3700 deos

2045 3745 2289 3804 alienos
2318 3744 2397 3801 de
2428 3742 2637 3800 medio
2667 3740 2900 3810 vestri‚·
2922 3748 2981 3798 et
3006 3740 3321 3798 inclinate
3344 3741 3539 3806 corda

2047 3850 2256 3902 vestra
2294 3842 2383 3899 ad
2412 3839 2767 3901 Dominum
2799 3840 3006 3897 Deum
3037 3838 3270 3905 Israel,
3301 3835 3366 3897 id
3416 3842 3531 3913 est,

2045 3937 2375 4002 humiliter
2424 3955 2499 3999 ea
2534 3932 2848 4015 'subjicite
2897 3934 3045 4010 Deo,
3082 3941 3146 3996 et
3188 3933 3269 3996 ad
3316 3934 3535 4014 gratia)

2043 4039 2184 4119 ejus
2218 4034 2684 4117 susceptionem
2716 4052 2789 4094 ac
2830 4031 3293 4096 incrementum
3323 4049 3397 4094 ea
3426 4050 3535 4114 pa-

2046 4145 2178 4198 rate
2222 4143 2282 4198 et
2321 4132 2658 4216 applicate,
2695 4131 2860 4192 sicut
2898 4130 2987 4192 ait
3026 4129 3355 4192 Psalmista
3387 4148 3401 4193 ε
3437 4130 3533 4192 ln-

431 4250 731 4321 mum,ut
756 4239 1288 4321 furtum,rapina‚
1313 4241 1534 4301 etc.Si
1551 4239 1934 4298 dimiseritis
1967 4237 2014 4298 D
2043 4233 2280 4298 clinavi
2322 4249 2431 4295 cor
2474 4248 2687 4292 meum
2727 4229 2806 4291 ad
2852 4227 3175 4291 faciendas
3218 4226 3534 4309 justifica-

433 4345 797 4408 Dominum
817 4359 930 4423 per
961 4337 1484 4414 inobedientiam,
1503 4346 1564 4398 et
1581 4339 1934 4397 servieritis

433 4445 571 4505 diis
589 4443 852 4512 alienis,
873 4437 986 4520 qui
1017 4457 1052 4500 a
1081 4455 1230 4500 vera
1261 4435 1497 4499 deitate
1527 4434 1843 4498 deficiunt
1873 4443 1936 4498 et

435 4541 680 4604 distant
710 4538 780 4600 in
812 4535 1178 4610 infinitum3
1208 4544 1524 4596 convertet
1551 4555 1640 4604 se,
1663 4551 1790 4596 non
1809 4615 1814 4622 .
1824 4553 1936 4615 per

437 4640 722 4721 aliquam
771 4635 1192 4698 mutationem
1243 4633 1343 4695 sui
1392 4633 1618 4714 ipsiuS,
1665 4633 1773 4696 sed
1823 4652 1936 4714 per

435 4737 775 4814 effectum,
829 4733 982 4816 quia
1030 4752 1068 4794 a
1117 4731 1372 4814 pietatis
1421 4739 1486 4794 et
1535 4731 1935 4794 liberalitatis

437 4855 572 4900 suae
601 4832 946 4897 affluentia
975 4840 1039 4894 et
1078 4831 1336 4894 dulcore
1365 4831 1443 4892 ad
1476 4829 1748 4909 rigorem
1795 4847 1938 4912 pro-

437 4936 624 5000 cedet
669 4930 960 5015 justitiae,
1011 4940 1070 4990 et
1117 4931 1356 5006 affliqet
1403 4949 1510 4989 vos
1557 4939 1751 5008 atque
1796 4931 1940 4988 sub-

439 5043 659 5096 vertet.

2042 4333 2251 4396 tiones
2276 4339 2412 4393 tuas
2438 4329 2503 4390 in
2526 4336 2854 4390 aeternum.
2876 4327 3055 4389 Unde
3085 4325 3152 4387 in
3173 4325 3533 4390 Proverbiis

2043 4431 2277 4513 legitur
2312 4447 2326 4490 :
2363 4426 2649 4491 Hominis
2681 4434 2776 4488 est
2819 4425 3105 4488 animum
3151 4443 3529 4507 praeparare.

2043 4531 2359 4609 Itemque:
2380 4527 2499 4590 Cor
2521 4523 2801 4589 hominis
2823 4523 3106 4606 disponit
3125 4523 3295 4585 viam
3327 4543 3529 4586 suam.

2043 4629 2495 4692 Verumtamen
2519 4624 2640 4687 hoc
2673 4622 2881 4704 ipsum
2906 4621 3173 4684 efficere
3192 4629 3289 4684 est
3319 4621 3535 4703 aliquo

2044 4727 2235 4790 modo
2256 4745 2293 4787 a
2313 4726 2461 4800 Dee,
2482 4731 2546 4786 et
2564 4722 2800 4786 donum
2827 4720 3049 4802 ipsiuS,
3075 4720 3188 4800 qui
3211 4720 3534 4783 hominem

2044 4827 2125 4889 ab
2147 4822 2605 4906 impedimento
2626 4820 2820 4900 hujus
2842 4817 3276 4881 inclinationis
3296 4837 3369 4880 ac
3393 4837 3537 4900 prae-

2046 4923 2419 5008 parationiS,
2458 4921 2519 4982 id
2561 4927 2657 4982 est
2690 4939 2726 4981 a
2760 4916 3091 5000 proposito
3126 4918 3431 4998 peccandi
3463 4937 3536 4982 ac

2047 5022 2245 5098 vitiis,
2283 5017 2548 5083 retrahit
2578 5026 2641 5080 et
2660 5017 2909 5081 avertit.
2935 5016 3194 5097 Propter
3223 5017 3393 5097 quod
3417 5025 3537 5080 ter-

3592 4152 3671 4195 1²³.
3684 4165 3821 4202 cxvm,

3563 4217 3654 4258 112.

3588 4451 3723 4494 va.
3736 4463 3820 4501 xvi.

3566 4517 3665 4564 ¹‚⁰.

2049 5123 2138 5184 tio
2168 5121 2407 5201 Regum
2440 5117 2735 5180 Salomon
2771 5115 3146 5197 deprecatur
3181 5131 3195 5176 :
3230 5115 3535 5179 Dominus
3576 5138 3829 5194 utnoamn,

2053 5218 2320 5283 inclinet
2351 5234 2460 5279 cor
2492 5223 2781 5280 nostrum
2813 5221 2957 5296 post
2999 5231 3086 5274 se.
3122 5213 3198 5274 Et
3227 5213 3538 5295 Propheta
3565 5207 3829 5322 ffacxvm,

2053 5319 2119 5380 in
2151 5315 2397 5379 Psalmo
2436 5329 2448 5373 :
2484 5312 2723 5376 Inclina
2762 5329 2870 5374 cor
2910 5329 3122 5373 meum
3157 5310 3223 5373 in
3263 5312 3541 5377 testimo-
3566 5339 3634 5380 aa.

523 5133 846 5210 Dixitque
861 5131 1139 5206 populus
1160 5129 1248 5187 ad
1265 5130 1453 5187 Josue
1469 5147 1491 5185 .·
1515 5128 1940 5206 Nequaquam

441 5237 546 5294 ita
594 5239 669 5290 ut
717 5226 1020 5308 loqueris,
1061 5226 1206 5296 erit,
1254 5227 1364 5285 sed
1407 5226 1679 5285 Domino
1716 5226 1944 5283 servie-

447 5349 618 5392 mus.
651 5328 744 5389 Ex
765 5326 894 5388 'hoc
936 5324 1210 5400 videtur,
1245 5323 1413 5403 quod
1456 5323 1554 5384 vel
1606 5321 1794 5384 Josue
1843 5323 1942 5384 vel
