4359 6250
607 669 873 720 Nummso.
903 651 1120 714 videre
1168 672 1286 716 nec
1331 652 1462 732 regi
1513 652 1769 728 licebat,
1801 665 1860 715 et
1907 655 2393 714 tabernaculum
2422 651 2473 714 A
2506 658 2786 721 siliarius
2830 660 2991 740 ejuS,
3022 661 3218 719 scissa
3262 669 3442 729 veste,
3482 667 3545 718 et
3588 668 3763 719 terra
3800 659 4005 734 pleno

2502 759 2710 834 eapite
2738 775 2761 817 .·
2790 756 2943 837 quia
2982 755 3047 818 in
3088 756 3343 835 signum
3388 755 3679 818 moeroris
3720 753 4007 816 sciderat

2504 862 2743 917 vestem
2774 873 2977 932 suam,
3002 862 3064 916 et
3094 853 3421 936 pulverem
3452 861 3771 936 sparserat
3800 871 4005 933 super

639 1551 654 1594 1
669 1553 779 1596 Par.
791 1565 876 1602 xri,

625 1748 638 1791 l
651 1749 798 1804 Reos,
809 1749 872 1796 ¹⁰:

611 1825 694 1862 xix,
711 1813 778 1852 2³.

637 2043 652 2086 Ι
672 2043 772 2086 Cor.
785 2055 871 2092 xiv,

609 2110 677 2152 2⁹.

905 464 1026 538 528

897 772 1114 812 suum.
1151 754 1230 814 Si
1271 763 1487 813 autem
1522 753 1770 812 dixerit
1809 753 1978 813 mihi
2007 773 2028 811 .·
2061 752 2210 814 Non
2254 756 2393 828 pla-

898 871 1016 919 ces,
1051 849 1112 910 id
1145 859 1263 924 est,
1291 851 1438 912 nolo
1469 859 1538 912 ut
1567 851 1842 932 amplius
1875 869 2124 930 regneS‚
2153 859 2387 927 praesto

897 969 1043 1008 sum
1072 949 1332 1011 obedire
1364 949 1676 1012 voluntati
1715 949 1941 1031 ipsiuS,
1977 957 2040 1010 et
2081 947 2395 1010 sustinere

899 1047 1070 1128 quod
1117 1046 1276 1109 mihi
1323 1046 1666 1122 inflixerit3
1709 1051 1914 1129 faciat
1945 1051 2116 1128 quod
2155 1050 2391 1108 bonum

899 1155 988 1205 est
1017 1165 1234 1206 coram
1262 1167 1346 1206 se.
1365 1149 1450 1208 E't
1479 1149 1658 1207 dimit
1687 1168 1804 1207 reat
1834 1149 1922 1208 ad
1953 1149 2165 1208 Sadoc
2192 1165 2393 1206 sacer-

899 1246 1110 1304 dotem
1139 1263 1163 1304 .·
1199 1247 1248 1306 O
1288 1248 1540 1316 Videns,
1573 1244 1636 1306 id
1687 1254 1784 1308 est
1827 1244 2137 1326 Propheta
2171 1261 2186 1306 ε
2222 1243 2393 1304 unde

903 1341 1157 1404 videtur
1189 1343 1389 1406 Sadoc
1421 1344 1772 1426 prophetiae
1804 1343 2100 1426 spiritum
2135 1341 2397 1404 habuis-

905 1460 994 1516 se,
1016 1441 1142 1503 nisi
1175 1439 1388 1505 forsan
1420 1443 1668 1505 dicatur
1697 1443 2006 1524 Propheta
2035 1451 2098 1504 et
2127 1441 2391 1516 VidenS,

905 1539 1058 1620 quia
1105 1540 1171 1602 in
1220 1541 1441 1605 divino
1489 1541 1799 1624 obsequio
1855 1539 2281 1623 psallentibus
2330 1545 2395 1600 et

905 1638 1358 1720 Prophetarum
1383 1640 1638 1703 oracula
1669 1638 2084 1702 recitantibus
2104 1645 2389 1720 praeerat.

905 1735 1081 1799 Unde
1111 1745 1173 1799 et
1203 1736 1412 1818 primo
1437 1737 1600 1801 libro
1624 1736 1772 1800 Saul
1797 1746 1859 1801 et
1890 1737 1998 1799 alii
2032 1737 2396 1818 prophetas-

1439 482 1784 529 manau-10
1828 483 1889 527 IN
1932 481 2069 528 CAP.
2117 481 2199 527 XV
2242 481 2399 528 unm
2438 483 2693 530 saeuum
2742 485 2966 532 natiuit.
3011 503 3093 516 —-
3134 485 3277 531 ΛΒΤ.
3319 485 3467 534 xxlv

2504 961 2719 1034 caput.

2588 1053 2673 1112 Et
2704 1054 2882 1112 dixit
2918 1053 2981 1111 ei
3012 1054 3231 1112 David
3260 1073 3281 1111 .·
3308 1052 3389 1112 Si
3429 1051 3675 1110 veneris
3722 1069 3997 1120 nzetmm,

2502 1151 2629 1208 eris
2660 1150 2826 1208 mihi
2854 1151 3061 1217 oneri,
3092 1148 3154 1209 id
3193 1154 3311 1223 est,
3338 1145 3643 1227 gravabis
3677 1165 3807 1220 me,
3842 1145 4001 1226 quia

2502 1247 2670 1308 malo
2699 1254 2763 1308 te
2792 1245 2947 1308 alibi
2975 1265 3130 1322 esse,
3149 1245 3257 1308 ubi
3291 1245 3435 1328 plus
3466 1244 3625 1306 mihi
3654 1243 3999 1326 proficuus

2490 1363 2698 1428 esses,
2732 1344 3166 1408 Communiter
3202 1353 3414 1408 autem
3456 1343 3817 1426 exponitur,
3852 1341 3997 1403 Eris

2504 1443 2662 1506 mihi
2694 1444 2897 1520 oneri,
2928 1444 3083 1525 quia
3112 1462 3240 1506 non
3272 1462 3341 1506 es
3372 1451 3558 1525 aptus
3586 1443 3667 1505 ad
3698 1440 3997 1523 praelian-

2503 1542 2679 1604 dum.
2712 1545 2793 1604 Si
2820 1553 3035 1603 autem
3066 1544 3139 1604 in
3168 1543 3497 1602 civitatem
3534 1541 3907 1608 revertaris,
3932 1548 3995 1598 et

2502 1642 2754 1700 dixeris
2794 1640 2917 1723 ipsi
2955 1643 3237 1702 Absalon
3274 1661 3297 1700 .·
3340 1643 3580 1702 Servus
3626 1649 3777 1700 tuus
3819 1659 3991 1708 sum,

2506 1759 2641 1810 rex,
2654 1749 2880 1817 patere
2908 1759 3006 1800 me
3036 1741 3281 1810 vivere,·
3307 1741 3473 1800 sicut
3498 1739 3611 1814 fui
3636 1757 3860 1798 servus
3878 1756 3997 1814 pa-

904 1853 972 1896 se
1014 1835 1334 1899 dicuntur.
1371 1837 1436 1898 ln
1477 1837 1745 1918 epistola
1779 1854 2036 1918 quoque
2068 1835 2146 1897 ad
2176 1833 2395 1897 Corin·
2430 1831 2476 1895 B
2506 1839 2625 1898 tris
2674 1841 2793 1910 tui,
2838 1840 2933 1898 sic
2978 1858 3083 1898 ero
3130 1859 3351 1898 servus
3401 1847 3549 1898 tuus
3577 1853 3601 1896 .·
3638 1837 3995 1914 dissipabis

901 1933 1094 2011 thim,
1139 1935 1466 2017 prophetae
1516 1945 1823 2000 vocantur
1871 1935 2388 2016 interpretatores

903 2032 1265 2116 Scripturae,
1314 2043 1384 2097 ut
1431 2054 1629 2116 quum
1679 2035 1768 2097 ait
1815 2033 2156 2116 Apostolus
2194 2050 2207 2094 :
2242 2033 2389 2094 Pro-

903 2132 1110 2214 phetae
1139 2134 1266 2196 duo
1285 2141 1396 2196 aut
1428 2142 1552 2196 tres
1584 2134 1820 2210 dicant,
1847 2141 1910 2196 et
1938 2133 2132 2196 ceteri
2157 2133 2224 2195 di
2227 2131 2391 2213 judi-

899 2240 1055 2294 cent.
1071 2236 1399 2294 Revertere
1418 2234 1490 2292 in
1511 2234 1837 2293 civitatem
1858 2234 1930 2292 in
1949 2252 2111 2310 pace.
2129 2241 2190 2292 et
2204 2234 2383 2292 Achi-

895 2351 1069 2392 maas
1085 2333 1267 2409 filius
1291 2341 1436 2392 tuus
1457 2341 1514 2392 et
1535 2333 1846 2392 Jonatlzas
1863 2333 2048 2410 filius
2064 2333 2387 2392 Abiathar

2501 1938 2845 1996 consilium
2863 1939 3266 2014 Aclzitophel.
3281 1935 3564 2010 Videtur,
3588 1935 3763 2016 quod
3792 1933 3991 1996 David

2504 2034 2567 2096 in
2600 2035 2703 2096 his
2734 2035 2947 2099 verbis
2976 2033 3368 2098 commiserit
3386 2033 3527 2098 viro
3546 2032 3699 2095 huic
3730 2032 3987 2096 mentiri

2499 2141 2562 2195 et
2612 2132 2854 2196 fallere.
2907 2133 3367 2215 Respondetur,
3414 2131 3583 2213 quod
3634 2131 3761 2193 fuit
3810 2130 3989 2193 fraus

2500 2229 2696 2309 utilis,
2716 2241 2781 2294 et
2809 2230 3002 2296 verba
3033 2231 3165 2294 haec
3195 2229 3413 2313 aliquo
3446 2229 3631 2293 modo
3654 2228 3989 2292 verifican-

2498 2337 2620 2407 tur,
2664 2329 2816 2411 quia
2856 2328 3087 2393 Chusai
3140 2327 3475 2411 impedivit
3520 2326 3907 2391 Absalonem
3950 2347 3989 2389 a

2494 2428 2764 2492 diversis
2810 2427 3177 2505 sceleribuS‚
3224 2427 3593 2510 dissipando
3634 2427 3977 2489 consilium
4030 2448 4265 2504 παις-ιτα

2494 2526 2891 2609 Achitophel,
2928 2535 2990 2590 et
3018 2526 3384 2608 oppositum
3417 2525 3884 2608 persuadendo.
3910 2525 3985 2586 Et
4014 2514 4135 2554 ⁷⁴³·

2492 2635 2801 2708 quantum
2834 2627 2909 2688 ad
2944 2626 3086 2702 hoc,
3108 2624 3373 2689 servivit
3401 2624 3723 2702 Absaloni,
3755 2643 3985 2708 coope-

2494 2725 2690 2788 rando
2739 2724 2798 2788 ei
2849 2725 2915 2786 in
2965 2724 3226 2787 bonum.
3272 2722 3573 2786 Exhibuit
3618 2742 3880 2806 quoque
3922 2724 3981 2786 ei

2490 2825 2781 2906 quaedam
2810 2823 3119 2905 obsequia
3146 2821 3609 2898 inclinando,et
3632 2821 3699 2884 in
3718 2822 3985 2904 quibus-
4052 2843 4169 2886 ma
4190 2859 4265 2888 m.

2490 2923 2635 2985 dam
2665 2922 3185 3004 obtemperando.
3220 2921 3344 2983 Alii
3375 2921 3621 2998 dicunt,
3646 2921 3818 3001 quod
3851 2939 3979 2984 non
4016 2909 4085 2957 ¹⁶·
4106 2911 4169 2952 ¹¹³·
4196 2909 4253 2948 ¹⁹·

893 2432 1022 2490 cluo
1063 2431 1198 2508 filii
1244 2432 1463 2501 vestri,
1501 2432 1634 2491 sint
1683 2432 2024 2491 vobiscum.
2072 2432 2233 2490 Ecce
2274 2449 2385 2506 eqo

894 2529 1246 2588 abscondar
1289 2530 1354 2589 in
1397 2531 1854 2606 campestribus
1895 2531 2153 2597 deserti,
2187 2530 2385 2588 donec

893 2627 1111 2686 veniat
1145 2647 1347 2687 sermo
1387 2649 1428 2688 a
1471 2630 1644 2688 vobis
1687 2629 1986 2689 indicans
2027 2627 2215 2688 mihi.
2251 2629 2375 2688 Re-

883 2734 1314 2801 portaverunt
1343 2744 1487 2803 erqo
1508 2728 1719 2787 Sadoc
1740 2736 1799 2787 et
1819 2727 2144 2787 Abt'atlzar
2160 2745 2383 2784 arcam

890 2824 1013 2884 Dei
1042 2825 1114 2883 in
1142 2827 1522 2894 Jerusalem,
1555 2834 1614 2885 et
1645 2833 2027 2885 manserunt
2061 2824 2175 2884 ibi.

964 2923 1168 2982 Porro
1188 2924 1407 2982 David
1431 2924 1718 2982 ascendit
1747 2924 1990 2982 clivum
2016 2923 2381 2990 olivarum,

893 3017 958 3080 id
1006 3027 1102 3080 est
1144 3027 1550 3082 montuosum
1596 3039 1929 3082 ascensum
1977 3019 2211 3083 montis
2252 3017 2382 3082 Oli·
2418 3019 2463 3082 C
2492 3019 2574 3081 sit
2611 3039 2869 3083 necesse
2909 3019 3118 3102 ipsum
3160 3037 3463 3082 excusare
3496 3018 3563 3080 in
3595 3017 3812 3082 verbis
3844 3018 3985 3081 istis

893 3116 1043 3193 veti,
1076 3121 1386 3179 scandens
1434 3128 1494 3179 et
1539 3121 1729 3195 flens,
1765 3129 1824 3179 et
1871 3119 2068 3180 nudis
2112 3119 2384 3195 pedibus
2493 3118 2572 3182 ab
2618 3117 2919 3183 officioso
2965 3117 3319 3197 mendacio,
3368 3137 3559 3201 quem
3610 3127 3865 3181 constat
3918 3118 3983 3180 in

893 3218 1212 3287 incedens,
1263 3226 1323 3277 et
1375 3228 1588 3294 operto
1634 3220 1868 3296 capite,
1921 3236 2000 3279 ne
2057 3215 2379 3281 videretur
2493 3218 2695 3280 multa
2742 3218 3034 3280 mortalia
3079 3217 3395 3281 corruisse
3443 3224 3725 3300 peccata,
3774 3226 3839 3280 et
3888 3236 3985 3279 se-

893 3314 1168 3397 plorare‚
1193 3320 1255 3378 et
1287 3334 1367 3377 ne
1397 3316 1506 3378 alii
1537 3336 1612 3379 ex
1643 3334 1757 3378 suo
1792 3314 1950 3379 fletu
1983 3315 2184 3395 magis
2206 3315 2386 3376 deso-
2491 3317 2715 3398 quenti
2744 3316 3023 3399 capitulo
3050 3316 3281 3398 legitur
3305 3316 3585 3398 graviter
3604 3314 3981 3397 deliquisse.

609 4390 676 4432 u.

894 3412 1210 3487 larentur3
1252 3421 1314 3475 et
1345 3414 1534 3475 nudis
1564 3414 1836 3496 pedibus
1869 3413 2172 3476 incedens
2212 3430 2225 3473 :
2264 3412 2388 3474 sic-

895 3528 1022 3591 que
1043 3510 1314 3573 maxime
1337 3510 1700 3576 humiliavit
1720 3531 1804 3587 se,
1831 3510 2231 3594 perpendens
2253 3510 2385 3573 haec

896 3608 1114 3671 omnia
1149 3609 1318 3671 mala
1353 3618 1613 3692 propter
1653 3629 1768 3672 sua
1803 3610 2062 3673 evenire
2103 3616 2382 3691 peccata.

899 3711 1030 3769 Sed
1069 3718 1128 3769 et
1173 3710 1384 3769 omnis
1423 3712 1705 3787 populas
1746 3711 1864 3789 qui
1910 3718 2052 3769 crat
2099 3728 2247 3769 cam
2288 3727 2383 3776 ec,

899 3817 1110 3884 operto
1141 3808 1350 3885 capite
1379 3810 1753 3868 ascendebat
1774 3812 2064 3885 plorans.
2097 3807 2386 3867 Nuntia-

903 3915 1038 3966 tum
1061 3916 1383 3967 astantem
1405 3907 1637 3973 David,
1653 3909 1823 3985 quod
1842 3908 2220 3982 Aclee'topkel
2236 3912 2389 3964 esset

901 4006 974 4065 in
995 4007 1442 4083 conjuratione
1459 4025 1606 4064 cum
1627 4006 1921 4065 Absalon.
1942 4006 2249 4083 Dimitque
2269 4005 2390 4064 Da-

901 4106 1016 4165 vid
1045 4125 1067 4163 .·
1101 4105 1400 4181 Infatua,
1439 4123 1671 4181 quoeSO,
1714 4106 2012 4174 Domine,
2044 4104 2389 4163 consilium

2578 3420 2787 3479 Habes
2817 3426 3057 3487 autem,
3092 3414 3157 3478 id
3188 3424 3305 3492 est,
3336 3415 3425 3478 ibi
3455 3414 3743 3489 habebis,
3778 3425 3987 3475 tecum

2498 3514 2565 3577 in
2602 3514 2951 3578 Jerusalem
2990 3518 3201 3576 Sadoc
3240 3524 3301 3575 et
3336 3516 3661 3575 Abiathar
3694 3516 3987 3575 sacerdo-

2498 3624 2583 3674 tes
2604 3635 2627 3673 .·
2647 3632 2806 3696 quos
2827 3621 2890 3677 et
2909 3632 3079 3675 nunc
3110 3612 3305 3675 habes
3337 3610 3752 3694 spiritualiter
3772 3619 3987 3675 tecum

2497 3730 2609 3793 per
2652 3710 2883 3774 mentis
2922 3728 3327 3787 consensum,
3369 3710 3672 3791 quoniam
3714 3718 3865 3772 sunt
3905 3711 3986 3773 de

2497 3818 2675 3892 parte
2725 3829 2885 3888 mea,
2922 3810 3087 3873 sicut
3130 3818 3193 3873 et
3240 3817 3345 3881 ως
3386 3820 3447 3871 et
3492 3829 3672 3871 omne
3718 3811 3985 3869 verbum

2495 3912 2937 3989 quodcumque
2980 3909 3272 3969 audieris
3318 3910 3391 3969 in
3432 3912 3617 3968 domo
3661 3910 3851 3985 reyis,
3886 3909 3987 3967 in·

2495 4010 2742 4068 dicabis
2772 4010 2981 4069 Sadoc
3007 4017 3067 4067 et
3086 4008 3409 4069 Abiatkar
3436 4008 3893 4078 sacerdotibus,
3918 4006 3985 4067 id

2497 4114 2612 4181 est,
2645 4105 2959 4187 quidquid
2990 4104 3267 4168 audieris
3297 4104 3379 4167 ab
3408 4123 3517 4167 ore
3546 4104 3881 4167 Absalonis
3922 4112 3987 4166 et

900 4204 1305 4279 Achitophel,
1339 4200 1401 4263 id
1451 4210 1568 4277 est,
1611 4201 1690 4264 ab
1736 4199 1973 4264 effectu
2027 4200 2266 4283 impedi
2312 4199 2389 4261 il-
2421 4208 2468 4268 D
2502 4203 2821 4265 fautorum
2850 4202 3073 4285 ipsiuS,
3093 4203 3263 4285 quod
3284 4203 3577 4285 expediat
3600 4202 3758 4264 mihi
3790 4202 3981 4277 scire,

617 4324 874 4379 uncam,
902 4298 1034 4375 lud,
1067 4308 1130 4361 et
1168 4300 1249 4361 da
1286 4319 1365 4363 ne
1405 4298 1466 4361 ei
1503 4299 1940 4362 consentiatur
1974 4316 1987 4360 :
2023 4307 2087 4361 et
2127 4299 2247 4361 hoc
2296 4297 2387 4360 fa-

901 4406 1074 4460 ctum
1103 4406 1199 4459 est
1229 4406 1468 4480 postea.
1505 4398 1741 4459 Timuit
1769 4406 1980 4459 autem
2014 4396 2211 4462 David
2241 4416 2389 4460 con-

899 4498 1044 4560 silia
1070 4497 1468 4580 Achitophel,
1503 4497 1655 4580 quia
1689 4498 2120 4560 astutissimus
2151 4506 2285 4561 erat
2316 4497 2383 4559 in

897 4596 1311 4659 consulendo·
1365 4600 1700 4677 Quumque
1755 4599 2116 4658 ascenderet
2161 4598 2383 4657 David

893 4698 1331 4757 summitatem
1362 4698 1596 4757 montis
1625 4694 1971 4772 Olivarum,
1991 4699 2064 4756 in
2084 4714 2209 4774 quo
2239 4699 2386 4756 ado-

893 4804 1166 4856 raturus
1205 4805 1346 4855 erat
1390 4797 1747 4855 Dominum
1796 4812 1820 4855 .·
1869 4796 2024 4877 quia
2072 4794 2151 4857 ab
2204 4794 2379 4856 illius

891 4893 1128 4957 montis
1168 4893 1499 4956 cacumine
1543 4893 1758 4957 videre
1802 4902 2048 4974 poterat
2097 4902 2379 4956 sanctam

887 4992 1210 5057 civitatem
1241 5000 1305 5055 et
1334 4992 1544 5055 locum
1575 4991 1777 5055 divini
1824 4992 2031 5054 cultus
2069 5010 2082 5053 :
2119 5000 2181 5055 et
2222 4991 2375 5055 illuc

891 5090 1173 5153 vertebat
1202 5090 1432 5153 faciem
1463 5108 1665 5165 suam,
1698 5097 1771 5151 ut
1800 5090 2126 5153 ardentius
2159 5109 2383 5154 exora-

891 5197 1022 5264 ret3
1061 5210 1194 5249 ecce
1232 5192 1512 5251 occurrit
1549 5192 1611 5249 ei
1644 5191 1882 5251 Chusai
1910 5190 2272 5261 Arachnes,
2309 5190 2373 5251 id

891 5295 987 5350 est
1015 5288 1094 5351 de
1122 5287 1359 5370 oppido
1391 5288 1592 5351 Arach
1625 5296 1834 5365 natuS,
1867 5287 2110 5351 amicus
2142 5297 2205 5351 et
2234 5306 2380 5351 con-

2498 4301 2815 4364 nuntiabis
2845 4301 3005 4363 mihi
3034 4320 3148 4383 per
3174 4301 3529 4365 sacerdotes
3552 4298 3863 4383 praefatos
3886 4319 3989 4363 eo-

2498 4420 2765 4483 rumque
2796 4400 2991 4464 filios.
3030 4404 3200 4463 Sunt
3235 4403 3413 4462 enim
3449 4422 3597 4463 cum
3626 4403 3716 4461 eis
3744 4403 3877 4461 duo
3906 4406 3987 4477 fi-

2496 4502 2578 4559 lii
2618 4521 2863 4569 eorum,
2892 4501 3245 4562 Achimaas
3288 4502 3471 4577 filius
3517 4502 3745 4567 Sadoc.
3778 4508 3839 4559 et
3872 4502 3989 4559 Jo-

2496 4600 2730 4659 nathas
2756 4600 2941 4676 filius
2970 4600 3328 4669 Abiathar;
3356 4608 3417 4659 et
3451 4599 3712 4659 mittetis
3734 4616 3851 4675 per
3878 4618 3985 4657 eos

2494 4700 2582 4757 ad
2612 4717 2711 4756 me
2740 4716 2924 4757 omne
2946 4698 3205 4757 verbum
3232 4699 3403 4775 quod
3429 4697 3797 4756 audieritis.
3816 4694 3983 4759 Ecce

2492 4794 2767 4875 qualiter
2813 4802 3067 4857 sanctus
3114 4794 3331 4871 David,
3383 4793 3679 4875 quamvis
3734 4792 3799 4854 iu
3850 4792 3981 4857 Deo

2493 4892 2861 4974 speraverit,
2896 4901 2959 4955 et
3004 4894 3144 4974 ejus
3192 4892 3504 4955 voluntati
3558 4892 3983 4971 resignaverit

2493 4993 2928 5074 semetipsum,
2960 4992 3164 5055 nihilo
3194 4992 3428 5067 mium,
3462 5002 3777 5073 quantum
3812 4992 3875 5054 in
3910 5012 3983 5055 se

2492 5098 2645 5168 crat,
2681 5091 2923 5173 optavit
2954 5091 3242 5168 evadere,
3285 5091 3629 5172 praevalere
3657 5098 3722 5152 et
3760 5090 3980 5153 reduci

2492 5190 2557 5251 in
2591 5210 2717 5265 sua,
2740 5188 3017 5271 fecitque
3038 5188 3351 5271 quidquid
3382 5207 3576 5253 secun
3588 5189 3741 5252 dum
3761 5188 3983 5251 huma-

2490 5307 2635 5351 nam
2688 5287 3089 5370 prudentiam
3143 5286 3351 5351 facere
3398 5286 3623 5370 potuit.
3676 5290 3979 5349 Veniente
