4359 6250
93 5244 327 5363 guiffa&
355 5295 656 5360 ronomio
683 5293 994 5358 Dominus
1021 5291 1194 5355 dicat
1228 5309 1242 5353 :
1275 5292 1580 5356 Comedes
1611 5293 1854 5376 absque

919 491 1266 538 ENARRATIO
1309 487 1548 538 lN'CAP.
1598 492 1700 537 xlv
1743 491 1899 538 unni
1941 491 2109 538 Pnnu
2150 493 2376 540 REGUM.
2420 511 2502 522 -
2542 494 2684 542 An'r.
2731 494 2901 542 xxvu

3331 476 3447 538 337

347 660 476 722 rati
525 660 810 739 fuerunt,
847 662 1014 725 sicut
1057 672 1122 726 et
1169 661 1366 726 facies
1415 664 1574 746 ejus.
1611 663 1854 726 Asserit
1882 664 1933 725 Α
1959 684 2073 727 esu
2094 665 2419 728 dumtaxat
2438 664 2985 747 sanguinisquem
3005 665 3189 746 quasi
3212 683 3445 747 aquam

342 757 690 841 Josephus,
721 760 1037 824 Ionathan
1077 761 1402 826 invenisse
1441 782 1632 845 apum
1669 761 1853 825 cubi—

344 855 438 917 lia
471 856 540 918 in
577 877 843 940 quercu,
877 878 1022 942 quae
1065 859 1130 922 in
1163 870 1333 925 sorte
1371 863 1674 944 Ephraim
1700 860 1846 923 fuit.

341 956 900 1036 Responquue
923 957 1042 1020 boc
1067 959 1286 1036 est,ad
1312 959 1574 1022 verbum
1609 957 1846 1023 factum

339 1050 636 1116 Jonathae
676 1055 1312 1137 proportionabiliter
1350 1056 1642 1138 loquenS,
1678 1077 1851 1118 unus

342 1152 426 1208 de
437 1154 686 1228 populo
707 1155 845 1213 ait:
863 1155 1310 1232 Jurejurando
1331 1156 1722 1215 constrinoeit
1733 1175 1849 1231 pa-

347 1259 446 1309 ter
478 1261 632 1312 tuus
653 1257 1001 1332 poputum,
1027 1257 1292 1316 dicens:
1324 1255 1714 1315 Maledictus
1747 1256 1851 1314 vir

345 1351 470 1426 qui
506 1353 854 1412 comederit
881 1372 1128 1430 panem
1165 1355 1375 1424 hodie,
1406 1352 1529 1415 hoe
1571 1360 1668 1415 est
1702 1360 1850 1415 ante

347 1465 711 1529 vesperam,
758 1458 914 1531 puta
962 1452 1082 1514 hoc
1123 1452 1229 1514 die
1267 1449 1620 1514 artificiali.
1665 1452 1850 1528 Defe-

343 1555 526 1606 cerat
561 1556 781 1607 autem
811 1553 1118 1626 populus.
1152 1551 1466 1628 Dioeitque
1493 1551 1850 1611 Jonatltas:

351 1646 677 1706 Turbavit
711 1656 905 1722 pater
943 1667 1119 1708 meus
1163 1658 1426 1719 terram,
1475 1647 1537 1710 id
1589 1655 1705 1724 est,
1750 1647 1849 1708 in·

345 1751 538 1813 cauta
599 1742 712 1805 illa
760 1743 1152 1826 obligatione
1203 1745 1422 1809 nocuit
1474 1745 1736 1828 popu10,
1789 1752 1852 1808 et

1962 782 2152 845 super
2182 772 2416 826 terram
2444 762 2766 827 effundes,
2790 765 2917 832 Qui
2946 767 3043 824 ait
3075 781 3097 824 .·
3128 766 3451 826 Praevari-

1959 865 2094 922 cati
2119 865 2267 923 estis
2282 887 2309 934 ,⁶
2339 866 2571 924 volvite
2594 865 2681 922 ad
2710 883 2809 923 me
2824 863 2978 938 jam
3006 883 3185 923 nunc
3211 883 3449 924 saa-um

1952 964 2228 1037 grande,
2264 980 2453 1042 super
2481 962 2653 1042 quod
2684 961 2987 1023 animalia
3018 961 3410 1025 occidantur.

2042 1061 2127 1119 Et
2155 1061 2335 1120 dixit
2361 1064 2528 1122 Saul
2558 1059 2937 1122 satellitibus
2969 1060 3101 1122 suis
3138 1077 3151 1120 :
3185 1063 3450 1138 Disper-

1955 1159 2205 1233 yimini
2233 1159 2307 1218 in
2338 1162 2589 1236 vulqus,
2621 1158 2741 1221 hoc
2770 1167 2888 1234 est,
2920 1158 3073 1221 hinc
3103 1157 3253 1221 inde
3282 1158 3450 1222 inter

1961 1254 2253 1334 vulgares
2297 1255 2567 1337 sparsim
2608 1257 2968 1332 discurrite,
3002 1267 3062 1318 et
3100 1258 3297 1317 dicite
3331 1259 3444 1328 eis,

1958 1364 2030 1414 ut
2089 1351 2375 1414 adducat
2432 1359 2521 1414 ad
2578 1376 2676 1415 me
2734 1357 3174 1435 unusquisque
3230 1357 3447 1416 bovem

1955 1472 2149 1514 suum
2177 1462 2237 1512 et
2268 1454 2551 1520 arietem,
2574 1453 2693 1515 hoe
2724 1461 2839 1529 est,
2860 1454 3030 1534 quod
3054 1451 3449 1535 quicumque

1958 1549 2254 1613 habuerit
2304 1550 2555 1628 bovem,
2602 1560 2711 1614 aut
2759 1550 2933 1613 aliud
2980 1551 3214 1614 animal
3265 1569 3450 1613 mun-

1957 1648 2110 1710 dum
2141 1648 2391 1726 esibile,
2412 1657 2475 1712 et
2496 1648 2770 1712 voluerit
2799 1649 2958 1710 illud
2983 1649 3293 1726 occidere,
3318 1668 3451 1731 per-

1958 1747 2148 1809 ducat
2188 1746 2347 1809 illud
2388 1747 2465 1809 ad
2504 1767 2627 1824 me,
2662 1758 2723 1809 et
2752 1749 3019 1808 occidite
3046 1769 3244 1827 super
3270 1750 3451 1808 istud

343 1841 740 1924 inquietavit
768 1845 1086 1907 eumdem.
1121 1847 1386 1908 Vidistis
1417 1847 1547 1922 ipsi
1575 1847 1746 1924 quod
1775 1846 1850 1903 il·
1881 1843 1926 1904 B
1957 1862 2176 1905 saxum
2226 1844 2568 1921 elevatum,
2622 1864 2698 1907 ex
2748 1862 2877 1926 quo
2930 1844 3188 1925 sanguis
3239 1845 3449 1908 valeat

347 1944 676 2003 luminati
707 1953 864 2004 sunt
907 1947 1083 2004 oculi
1125 1947 1275 2016 mei,
1309 1964 1377 2004 eo
1426 1947 1597 2022 quod
1630 1953 1851 2020 qus-ta-

345 2041 562 2102 verim
603 2045 964 2120 paululum
1013 2045 1092 2102 de
1138 2046 1322 2103 melle
1367 2043 1486 2102 isto
1536 2059 1560 2103 .·
1609 2051 1848 2121 quanto

344 2140 586 2215 magis,
601 2141 664 2199 si
687 2141 1054 2200 comedisset
1073 2144 1358 2218 populus
1377 2143 1456 2200 de
1470 2141 1701 2218 proeda
1727 2142 1851 2199 ini-

347 2238 673 2297 micorum
720 2258 1010 2310 suorum,
1055 2259 1252 2318 quam
1293 2240 1581 2315 reperit?
1621 2240 1851 2301 Nonne

345 2337 568 2412 major
590 2340 794 2415 playa
823 2338 1004 2415 facta
1031 2339 1263 2416 fuisset
1305 2339 1378 2398 in
1421 2339 1789 2398 Philistiim
1820 2339 1851 2396 ἓ

343 2433 536 2514 quasi
567 2434 762 2511 dicat,
786 2434 1039 2515 Utique.
1075 2433 1138 2497 Si
1172 2435 1344 2498 enim
1375 2436 1599 2498 stando
1631 2434 1850 2498 celeri-

343 2539 444 2593 ter
474 2532 726 2613 aliquid
757 2533 1207 2610 comedissent,
1242 2541 1306 2596 et
1336 2533 1670 2610 bibissent,
1707 2552 1850 2598 con-

345 2631 590 2696 fortato
609 2633 962 2710 stomacho,
978 2633 1260 2697 velocius
1287 2633 1554 2698 insecuti
1580 2633 1850 2697 fuissent

343 2731 754 2794 adversarios
793 2751 962 2794 suos.

423 2833 903 2892 Percusserunt
920 2850 1067 2908 erqo
1086 2833 1456 2893 Philistceos
1488 2834 1562 2891 in
1592 2834 1700 2892 die
1728 2834 1846 2892 illa

343 2950 384 2989 a
419 2931 764 2991 Machmas
795 2950 994 3010 usque
1033 2931 1108 2991 in
1137 2931 1402 2991 Aialon.
1437 2932 1850 3008 Defatiyatus

1955 1941 2249 2022 eliquari,
2282 1953 2343 2004 et
2382 1944 2760 2004 vescimini:
2786 1950 2847 2006 et
2879 1942 3047 2006 istud
3073 1943 3268 2024 jussit
3296 1942 3442 2006 fieri

1956 2059 2168 2102 coram
2214 2061 2304 2116 se,
2341 2060 2421 2103 ne
2461 2039 2699 2104 faceret
2728 2040 2871 2122 quis
2902 2041 3171 2104 occulte.
3208 2042 3444 2104 Forsan

1957 2138 2062 2201 hic
2091 2139 2353 2221 ponitur
2382 2138 2703 2219 singulare
2724 2157 2838 2219 pro
2870 2139 3124 2220 plurali,
3145 2139 3445 2204 videlicet

1958 2256 2176 2299 saxum
2213 2257 2329 2320 pro
2364 2237 2553 2314 saxis,
2589 2257 2786 2319 quum
2824 2255 2952 2300 non
2982 2237 3273 2301 videatur
3302 2256 3447 2321 pro-

1957 2334 2191 2412 babile,
2227 2337 2399 2418 quod
2445 2336 2511 2397 in
2558 2344 2729 2398 tanta
2768 2335 2956 2398 famis
2995 2336 3210 2399 inedia
3248 2335 3449 2399 suffe-

1956 2435 2114 2497 cerit
2156 2442 2251 2496 tot
2292 2434 2579 2496 millibus
2619 2434 2953 2497 hominum
2992 2454 3191 2497 unum
3226 2455 3445 2498 saxum

1955 2535 2034 2597 ad
2066 2535 2473 2596 mactandum
2506 2551 2697 2616 super
2729 2533 2887 2596 illud
2920 2552 3150 2615 pecora
3180 2535 3449 2608 mandu7

1957 2633 2179 2696 canda.
2215 2636 2302 2694 Et
2350 2653 2479 2693 non
2520 2634 2866 2710 peccabitis
2913 2635 3216 2703 DominO,
3254 2653 3447 2694 come-

1956 2735 2172 2793 dentes
2202 2752 2347 2792 cum
2376 2732 2716 2807 sanquine.
2738 2732 3041 2792 Addua-it
3070 2732 3293 2809 itaque
3320 2753 3448 2792 om·

1957 2833 2062 2890 nis
2082 2835 2365 2908 populus
2395 2831 2834 2909 unusquisque
2872 2831 3087 2890 bovem
3127 2831 3201 2890 in
3242 2851 3445 2890 manu

1955 2949 2073 2990 sua
2125 2950 2325 3010 usque
2372 2931 2460 2988 ad
2505 2938 2775 2998 noctem,
2804 2938 2863 2988 et
2910 2930 3280 2990 occiderunt
3324 2931 3440 2990 ibi.

341 3037 436 3088 est
476 3037 702 3088 autem
735 3032 1018 3106 populus
1055 3029 1258 3090 nimis
1288 3047 1364 3090 ex
1387 3025 1646 3105 itinere,
1683 3027 1852 3091 labo-
1882 3026 1926 3090 C
1959 3029 2346 3104 AEdificavit
2364 3037 2581 3087 autem
2601 3029 2771 3087 Saul
2791 3030 2997 3087 altare
3016 3026 3445 3096 Domin0.hoe

345 3144 438 3202 re,
474 3145 694 3202 eursu,
725 3125 1012 3207 jejuni03
1045 3136 1104 3187 et
1153 3147 1370 3187 versus
1413 3130 1500 3188 ad
1528 3131 1849 3205 praedam,

345 3224 470 3288 hoc
519 3232 642 3301 est,
692 3243 924 3307 pecora
971 3244 1045 3287 ac
1093 3233 1303 3287 cetera
1351 3244 1499 3308 quae
1546 3225 1847 3287 Philistaei

346 3323 759 3405 reliquerunt
791 3322 856 3385 in
887 3324 1132 3405 campis
1163 3343 1274 3386 seu
1305 3324 1480 3400 alibi,
1505 3325 1851 3407 apprehen-

345 3424 533 3500 denS,
574 3423 729 3483 tulit
759 3442 902 3482 oves
929 3432 990 3483 et
1021 3424 1198 3482 boves
1229 3431 1288 3483 et
1327 3426 1590 3493 vitulos,
1615 3433 1676 3485 et
1719 3444 1853 3483 ma-

345 3530 698 3582 ctaverunt
728 3522 802 3581 in
837 3530 1007 3581 terra
1041 3542 1064 3580 .·
1093 3520 1214 3584 hoc
1243 3528 1360 3595 est,
1395 3540 1471 3583 ex
1503 3520 1852 3584 festinatio-

347 3640 430 3683 ne
461 3627 529 3683 et
547 3620 960 3683 vehementia
991 3617 1202 3697 fami8‚
1221 3620 1590 3683 occiderunt
1622 3639 1850 3702 pecora

348 3718 484 3795 illa,
507 3719 906 3799 ubicumque
937 3737 1012 3781 ea
1036 3727 1343 3800 ceperunt
1375 3717 1845 3795 indifferenter,

347 3827 413 3880 et
445 3836 580 3881 non
614 3815 683 3878 in
716 3816 856 3880 loco
887 3816 1134 3880 clevato
1171 3837 1281 3880 seu
1323 3834 1474 3880 saxo
1513 3817 1845 3894 eminenti,

349 3917 524 3978 unde
565 3914 830 3995 sanguis
869 3916 1182 3997 potuisset
1227 3913 1519 3979 effluere.
1565 3916 1709 3979 Ideo
1756 3934 1852 3979 se-

349 4014 610 4095 quitur:
629 4015 1330 4094 Comeditquepopulus
1355 4035 1503 4075 cum
1532 4017 1852 4091 sanquine

349 4131 582 4175 carnes
612 4110 780 4187 illas,
800 4128 928 4174 non
961 4111 1113 4173 satis
1143 4120 1444 4192 purgatas
1463 4131 1500 4174 a
1522 4130 1637 4183 suo
1669 4131 1848 4175 cruo-

1957 3134 2074 3203 est,
2106 3144 2281 3188 aram
2320 3124 2605 3188 construi
2646 3122 2821 3201 fecit,
2855 3142 3045 3208 super
3082 3144 3278 3208 quam
3317 3126 3445 3189 Deo

1959 3222 2144 3286 fieret
2172 3223 2412 3286 oblatio
2441 3222 2789 3303 gratiarum
2832 3223 3101 3286 actionis
3142 3243 3259 3305 pro
3296 3243 3446 3288 con-

1957 3340 2135 3385 cesso
2186 3320 2532 3403 triumpho.
2573 3326 2873 3400 Tuncque
2915 3324 3212 3399 primum
3260 3325 3449 3400 coepit

1956 3424 2283 3499 aedificare
2320 3425 2529 3481 altare
2556 3422 2856 3482 Domino,
2890 3420 2979 3481 Ex
3007 3440 3137 3503 quo
3166 3421 3443 3498 elicitur,

1957 3520 2127 3602 quod
2158 3527 2305 3582 ante
2334 3518 2567 3582 obtulit
2596 3518 2991 3582 sacrificium
3021 3540 3212 3602 super
3248 3522 3447 3584 altare

1958 3626 2143 3680 antea
2170 3625 2607 3681 constructum
2636 3617 2717 3679 ab
2746 3617 2912 3679 aliis.
2936 3617 3050 3680 Vel
3084 3618 3135 3679 si
3168 3626 3231 3681 et
3259 3628 3445 3682 antea

1959 3716 2312 3779 construxit
2351 3714 2569 3790 altare,
2606 3715 2775 3778 istud
2807 3724 3019 3778 tamen
3049 3716 3286 3778 dicitur
3314 3716 3447 3797 pri-

1959 3834 2064 3877 mo
2093 3813 2470 3891 aedificasse,
2505 3814 2811 3895 quoniam
2843 3814 2911 3875 in
2942 3814 3085 3876 aliis
3116 3813 3449 3877 oblationi-

1960 3914 2080 3976 bus
2128 3912 2366 3975 factum
2416 3911 2556 3993 ejus
2606 3911 2939 3994 displicuit
2986 3913 3135 3975 Deo,
3168 3911 3449 3987 Qualiter

1958 4020 2170 4075 autem
2203 4010 2385 4073 licuit
2414 4018 2565 4072 tunc
2596 4009 2751 4071 alibi
2781 4009 3121 4087 immolari,
3150 4029 3343 4092 quam
3380 4011 3449 4073 in

1959 4108 2369 4173 tabernaculo
2399 4108 2670 4186 Domini,
2707 4115 2766 4170 et
2806 4127 2997 4190 super
3035 4109 3235 4171 altare
3274 4109 3443 4187 atrii,

351 4230 444 4274 re.
477 4210 911 4274 comederunt
941 4227 1197 4291 quoque
1226 4227 1372 4272 cum
1416 4211 1749 4291 sanguine,
1785 4211 1852 4274 id
1879 4210 1930 4272 D
1962 4217 2198 4272 tactum
2228 4215 2323 4271 est
2352 4226 2538 4289 saepe.

349 4318 449 4373 est
469 4309 702 4372 illicite
722 4315 786 4371 et
805 4316 1026 4371 contra
1047 4307 1266 4387 legem,
1286 4308 1636 4371 secundum
1657 4329 1851 4392 quam

350 4409 721 4472 debuerunt
748 4406 956 4490 primo
989 4405 1312 4469 sacrificia
1339 4406 1466 4469 Deo
1496 4406 1737 4472 offerre
1769 4409 1846 4473 de

351 4506 641 4571 hostium
673 4506 906 4588 praeda.
927 4508 1422 4569 Nuntiaverunt
1452 4517 1668 4567 autem
1691 4510 1852 4571 Sau-

354 4608 433 4676 li,
462 4613 774 4687 tanquam
809 4603 967 4685 regi,
1001 4602 1105 4666 cui
1139 4604 1454 4666 attinebat
1487 4623 1628 4667 reos
1663 4606 1853 4669 corri-

353 4723 530 4786 pere,
573 4703 678 4766 cui
719 4702 912 4767 etiam
955 4700 1332 4765 imminebat
1375 4702 1732 4784 periculum
1779 4724 1855 4767 ex

351 4803 582 4887 populi
621 4800 1148 4881 transgressione,
1188 4804 1492 4871 dicentes,
1535 4806 1708 4880 quod
1741 4824 1856 4881 po-

347 4907 552 4981 pulus
571 4909 890 4979 peccasset
918 4901 1221 4970 Domino,
1237 4899 1356 4962 hoc
1387 4907 1484 4961 est
1511 4901 1590 4962 ad
1624 4900 1850 4965 irreve—

356 5001 632 5065 rentiam
682 4998 818 5075 Dei,
847 5001 1176 5059 comedens
1217 5018 1362 5059 cum
1411 5001 1754 5076 sanquine,
1790 5001 1851 5064 id

355 5107 454 5162 est
483 5115 710 5161 carnes
741 5115 821 5159 ex
848 5095 1086 5178 quibus
1116 5096 1376 5176 sanguis
1408 5115 1536 5159 non
1570 5095 1694 5158 fuit
1725 5096 1856 5159 suf-

359 5196 660 5261 ficienter
689 5194 1032 5276 eliquatuS,
1057 5212 1256 5275 quum
1288 5202 1499 5257 vtamen
1533 5194 1599 5257 in
1631 5195 1856 5258 Deute-

611 5428 678 5481 Τ.
713 5428 764 5479 3.

2039 4311 2125 4370 E't
2164 4308 2343 4367 dimit
2380 4308 2549 4367 Saul
2578 4326 2600 4365 .·
2630 4308 2979 4367 Irruamus
3006 4325 3201 4383 super
3230 4308 3448 4369 Phili-

1956 4417 2134 4469 stoeos
2180 4416 2378 4478 nocte,
2414 4416 2473 4465 et
2522 4414 2841 4466 vastemus
2886 4425 2986 4465 eos
3034 4426 3235 4485 usque
3281 4410 3441 4468 dum

1958 4507 2287 4565 illucescat
2334 4526 2545 4577 mane,
2578 4524 2693 4564 nec
2739 4505 3188 4584 relinquamus
3235 4525 3315 4565 ea:
3356 4507 3448 4565 eis

1959 4606 2203 4663 virum.
2240 4603 2551 4683 Dioeitque
2571 4606 2856 4680 populus
2876 4621 2900 4664 .·
2924 4607 3123 4665 Omne
3152 4606 3324 4683 quod
3353 4606 3450 4663 bo-

1959 4723 2124 4763 num
2175 4703 2293 4763 tibi
2343 4702 2602 4761 videtur
2642 4704 2715 4761 in
2766 4702 2970 4761 oculis
3015 4704 3168 4770 tuis,
3198 4704 3329 4781 fac.
3362 4704 3449 4763 Et

1961 4804 2057 4861 ait
2085 4803 2375 4861 sacerdos
2405 4797 2704 4881 praefatus
2736 4797 2965 4860 Achias
3002 4815 3015 4858 ε
3048 4801 3449 4859 Accedamus

1961 4902 2193 4960 lzucad
2211 4901 2437 4969 Deum,
2462 4897 2526 4958 id
2558 4904 2675 4972 est,
2696 4916 2733 4958 a
2758 4896 2884 4958 Deo
2915 4913 3275 4977 quaeramus
3308 4914 3451 4958 con-

1962 4997 2201 5059 silium.
2234 4998 2321 5057 Et
2357 4997 2681 5055 consuluit
2726 4997 2891 5054 Saul
2933 4996 3293 5055 Dominum
3337 5012 3450 5075 per

1963 5096 2377 5158 sacerdotem.
2411 5093 2501 5155 Ad
2547 5089 2925 5174 pontificem
2966 5098 3180 5154 autem
3229 5091 3452 5173 praeci-

1964 5214 2090 5277 pue
2119 5191 2475 5277 pertinebat
2504 5191 2836 5255 consulere
2864 5190 3225 5266 Dominum,
3261 5189 3323 5251 id
3355 5198 3453 5253 est

1965 5312 2077 5375 per
2123 5289 2439 5353 orationes
2488 5296 2553 5351 et
2597 5288 2951 5353 oblationes
2990 5308 3029 5351 a
3068 5289 3197 5353 Deo
3242 5287 3451 5351 consi-

3142 5421 3204 5471 22
