4359 6250
147 3166 340 3208 (laland

85 4646 230 4689 ludio.
248 4649 354 4694 mo.

129 5127 324 5170 Ibidem.

1223 510 1570 557 mannum
1613 511 1674 557 IN
1716 510 1852 557 CAP-
1901 510 1936 554 V
1977 510 2251 557 sument.
2296 528 2377 541 --
2418 510 2559 556 ΛΒΤ.
2606 510 2671 557 11

383 698 548 757 sam,
585 680 1013 762 praecipitavit
1051 700 1119 743 se
1166 680 1230 742 in
1279 688 1627 743 torrentem
1667 681 1878 757 Cison,
1913 680 1962 743 A

380 778 788 842 adversarios
819 780 1280 861 persequendo.

467 878 686 957 ltaque
731 878 1195 940 commendatis
1235 877 1596 941 israeliticis
1640 878 1750 959 qui
1785 896 1886 940 ve-

385 984 628 1037 nerunt
671 976 750 1037 ad
795 994 1100 1057 pugnam,
1137 976 1549 1057 increpantur
1593 976 1703 1057 qui
1755 994 1882 1039 non

383 1081 728 1136 venerunt..
765 1077 992 1136 De'viso
1031 1086 1256 1135 contra
1297 1096 1361 1135 se
1389 1076 1644 1144 Ruben,
1675 1075 1740 1136 id
1790 1083 1886 1137 est

387 1171 560 1234 trihu
593 1172 816 1235 Ruben
851 1181 1184 1256 separante
1217 1192 1284 1235 se
1303 1172 1384 1235 ab
1418 1173 1515 1235 his
1547 1174 1655 1254 qui
1690 1182 1888 1236 trans-

385 1272 602 1333 ierunt
635 1273 712 1334 ad
750 1290 1056 1354 pugnam,
1083 1273 1181 1334 vel
1214 1272 1426 1354 potius
1463 1272 1634 1335 tribu
1664 1273 1776 1335 illa
1797 1272 1890 1334 in-

381 1380 482 1433 ter
512 1390 582 1433 se
616 1389 730 1452 per
759 1370 1128 1433 intestinam
1159 1370 1625 1435 dissensionem
1657 1370 1890 1433 discor-

383 1469 692 1550 diamque
749 1468 978 1545 divisa,
1033 1469 1338 1551 quoniam
1389 1469 1648 1551 quidam
1700 1470 1768 1530 in
1816 1488 1890 1531 ca

385 1568 814 1631 hortabantur
847 1567 940 1630 ire
980 1570 1060 1631 ad
1096 1568 1411 1650 praelium,
1445 1568 1553 1631 alii
1600 1568 1892 1631 dehorta-

387 1668 650 1744 bantur,
687 1670 1264 1746 maynanimorum
1293 1679 1544 1745 reperta
1573 1670 1889 1729 contentio

382 1778 502 1839 est,
537 1766 604 1829 id
635 1774 754 1843 est,
789 1766 904 1848 qui
937 1786 1086 1830 vere
1131 1768 1570 1847 magnanimes
1610 1774 1792 1829 erant
1823 1766 1888 1827 in

3368 492 3489 555 139

2094 684 2417 742 Venerunt
2452 700 2622 757 reyes
2657 679 2927 761 subjecti
2964 678 3148 743 Jabin
3184 678 3341 759 regi,
3376 685 3487 741 aut

1995 780 2053 841 ei
2097 778 2539 855 confoederati‚
2575 789 2633 839 et
2656 788 3122 855 puqnaverunt
3153 785 3375 840 contra
3403 776 3487 839 ls-

1996 878 2149 941 rael.
2186 882 2659 955 Puynaverant
2702 897 2873 955 reyes
2916 880 3251 949 chanaan,
3287 875 3351 938 id
3391 884 3488 938 est

1995 976 2515 1049 chananaeorum,
2553 976 2717 1038 inter
2759 994 2919 1058 quos
2957 975 3138 1039 Jabin
3180 994 3289 1037 rex
3329 974 3485 1037 Asor
3567 998 3700 1043 1022oe
3718 1010 3776 1047 11,

1997 1076 2254 1138 tenebat
2284 1075 2649 1157 primatum,
2678 1084 2866 1157 prout
2897 1075 2962 1137 in
2998 1074 3161 1137 libro
3188 1075 3376 1137 Josue
3400 1074 3485 1135 le-
3516 1064 3579 1104 ¹⁰·

1996 1173 2168 1252 gitur
2196 1198 2211 1247 ς
2246 1177 2317 1234 in
2356 1178 2657 1236 Tleanach
2673 1176 2881 1251 juxta
2909 1195 3111 1254 aqua-s
3140 1174 3485 1250 MayeddO,

1999 1272 2063 1334 id
2113 1281 2211 1334 est
2260 1272 2325 1333 in
2376 1272 2706 1355 provincia
2742 1272 2813 1333 in
2871 1292 2999 1354 qua
3056 1280 3191 1335 erat
3238 1279 3487 1333 torrens

2001 1372 2215 1449 Cison,
2251 1371 2360 1451 qui
2399 1370 2778 1454 praeterfluit
2812 1371 3128 1450 Magedd0.
3164 1370 3485 1445 HebraeuS‚

2002 1470 2351 1533 secundum
2395 1470 2646 1531 Petrum
2691 1470 3141 1545 Comestorem‚
3176 1468 3387 1545 habet,
3421 1467 3487 1530 In

2003 1568 2435 1631 Ramazache:
2492 1568 2663 1650 quod
2713 1567 3037 1647 significat
3085 1567 3491 1631 altitudinem

2005 1667 2322 1749 campi,et
2352 1668 2611 1729 denotat
2642 1668 2813 1748 quod
2845 1666 2911 1728 in
2945 1685 3170 1749 campo
3195 1666 3302 1729 ubi
3336 1685 3493 1748 prae-

2003 1764 2227 1827 liatum
2251 1774 2367 1843 est,
2390 1764 2514 1827 filii
2538 1766 2725 1829 lsrael
2752 1764 2901 1829 facti
2934 1774 3083 1828 sunt
3106 1764 3487 1847 superioreS.

385 1865 562 1928 tribu
615 1865 750 1940 illa,
803 1874 866 1928 et
919 1865 1120 1947 parati
1176 1866 1256 1928 ad
1313 1882 1612 1947 pugnam,
1671 1872 1891 1927 contra
1925 1869 1969 1930 B
2000 1867 2315 1925 Etcamen
2338 1863 3493 1941 m'leilculereproedanteaSubsanna-

385 1964 741 2045 imparatos
781 1982 852 2025 ac
895 1964 1152 2026 timidos
1197 1964 1685 2026 contenderunt.
1723 1967 1893 2032 Qua-

383 2084 456 2122 re
488 2064 746 2123 habitas
789 2064 962 2121 inter
989 2063 1151 2125 duos
1185 2065 1509 2133 termino&
1547 2072 1618 2123 uc
1654 2063 1891 2122 audias

379 2162 610 2221 sibilos
645 2180 921 2237 yrequm
945 2163 975 2221 ?
1005 2159 1069 2221 id
1111 2167 1230 2230 est,
1265 2178 1378 2222 cur
1413 2168 1503 2236 tu,
1543 2158 1745 2221 tribus
1776 2159 1892 2220 Ru-

385 2258 542 2333 ben,
579 2258 996 2321 commoraris
1037 2258 1206 2321 circa
1234 2258 1572 2321 Jordanem
1617 2257 1783 2319 inter
1816 2255 1893 2317 fi-

385 2355 514 2418 lios
562 2356 750 2419 Israel
794 2355 908 2437 qui
947 2354 1012 2417 in
1064 2364 1232 2417 terra
1276 2355 1720 2437 promissionis
1761 2373 1893 2417 mo-

383 2463 636 2529 rantur,
692 2462 757 2516 et
817 2454 982 2517 inter
1035 2454 1270 2515 tribum
1320 2452 1449 2516 Gad
1491 2453 1892 2533 mediamque

385 2553 634 2615 tribum
667 2552 952 2615 Manasse
984 2559 1158 2614 trans
1176 2552 1510 2617 Jordanem
1535 2560 1886 2627 manenteS,

383 2664 460 2715 ut
511 2652 808 2716 intendas
851 2650 1421 2715 vociferationibus
1456 2652 1890 2733 jumentorum

387 2755 690 2814 tuorum?
731 2750 916 2833 quasi
970 2751 1138 2813 dicat
1188 2768 1202 2813 :
1257 2750 1523 2813 Tantum
1573 2750 1892 2812 desideras

383 2870 624 2933 pecora
659 2858 766 2913 tua
807 2869 1062 2913 servare
1100 2869 1172 2912 ac
1217 2848 1666 2931 multiplicare,
1702 2854 1892 2927 atque

383 2950 458 3011 in
495 2968 714 3011 eorum
751 2948 968 3011 balatu
1013 2948 1104 3010 sic
1145 2946 1460 3029 gloriariS‚
1495 2947 1664 3028 quod
1698 2944 1894 3026 negli-

2001 1962 2090 2026 tio
2117 1969 2212 2025 est
2237 1962 2745 2025 adversariorum
2770 1980 2784 2024 :
2810 1961 2992 2043 quasi
3025 1961 3215 2038 dicat,
3238 1962 3493 2025 Frustra

2002 2068 2222 2123 contra
2253 2060 2440 2123 lsrael
2474 2069 2940 2143 pugnaverunt,
2967 2060 3119 2141 quia
3150 2062 3491 2143 pugnando

2003 2158 2094 2220 nil
2146 2158 2581 2241 profecerunt,
2617 2159 2957 2241 praedando
2995 2168 3105 2221 aut
3150 2159 3493 2240 praevalen-

2002 2258 2106 2333 do,
2130 2258 2257 2320 imo
2278 2258 2409 2321 vita
2432 2278 2543 2321 sua
2568 2258 2798 2339 privati
2822 2266 2992 2320 sunt.
3020 2262 3111 2319 De
3130 2262 3280 2319 coelo
3300 2260 3493 2318 dimi-

2001 2368 2219 2417 catum
2262 2368 2351 2418 ast
2381 2368 2605 2417 contra
2634 2378 2755 2428 308,
2791 2357 2855 2418 id
2900 2365 3017 2433 est,
3054 2358 3217 2419 Deus
3249 2365 3493 2419 creator

2003 2456 2573 2538 supernaturaliter
2604 2456 2838 2518 restitit
2858 2456 2971 2531 eiS,
2994 2457 3186 2519 corda
3210 2456 3491 2537 ipsorum

2005 2555 2323 2631 terrendo,
2359 2563 2550 2637 atque
2592 2574 2704 2637 per
2744 2563 3027 2629 ventum,
3065 2553 3358 2629 imbrem,
3394 2571 3510 2615 co-·

2005 2653 2418 2729 ruscationeS,
2456 2654 2737 2715 tonitrua
2766 2672 2874 2715 eos
2914 2652 3299 2735 dejiciendo.
3332 2655 3493 2713 Stel-

2003 2758 2082 2813 lae
2113 2763 2441 2813 manentes
2466 2755 2534 2813 in
2566 2756 2795 2813 ordine
2814 2764 2873 2813 et
2893 2774 3087 2813 cursu
3108 2772 3247 2821 saw,
3268 2761 3493 2811 contra

2003 2853 2304 2913 Sisaram
2318 2862 2802 2928 puffnaverunt.
2828 2852 2955 2913 Hoc
2979 2850 3185 2931 primo
3218 2847 3493 2928 intelligi

2003 2957 2212 3030 potest
2240 2950 2319 3012 de
2361 2949 2733 3031 corporibus
2779 2949 3165 3025 coelestibuS‚
3201 2949 3267 3011 in
3298 2966 3495 3031 quan-

383 3050 492 3130 gis
522 3068 669 3111 cum
699 3047 847 3110 aliis
881 3046 1173 3109 tribubus
1207 3046 1302 3109 ire
1330 3046 1409 3108 ad
1441 3045 1732 3129 praelium
1763 3044 1894 3126 jux·
1925 3046 1968 3109 C
2005 3056 2138 3109 tum
2169 3048 2249 3109 ad
2290 3048 2762 3130 generationem
2802 3048 3298 3130 impressionum
3341 3066 3495 3130 prae-

385 3158 456 3212 ta
497 3147 607 3210 Dei
651 3155 1066 3229 praeceptum.
1104 3149 1247 3208 Gad
1268 3147 1290 3170 ⁶
1333 3156 1512 3208 trans
1540 3149 1892 3208 Jordanem

383 3249 774 3328 quiescebat,
807 3245 872 3307 id
917 3253 1036 3321 est,
1074 3245 1276 3306 tribus
1306 3244 1433 3307 Gad
1473 3253 1646 3307 trans
1678 3244 1894 3307 Jorda-

385 3365 542 3408 nem
572 3365 609 3408 a
639 3345 856 3408 labore
898 3342 1323 3408 subveniendi
1357 3362 1424 3406 se
1455 3343 1888 3420 subtrahebat,

381 3456 450 3506 et
485 3448 632 3505 Dan
665 3445 934 3505 vacabat
963 3445 1259 3514 navibus,
1285 3442 1348 3504 id
1380 3450 1496 3518 est,
1533 3440 1737 3504 tribus
1759 3443 1890 3504 Dan

387 3551 534 3606 erat
563 3542 734 3604 circa
763 3540 1212 3605 mercimonias
1244 3560 1391 3603 suas
1421 3549 1484 3604 ct
1515 3541 1712 3618 lucra,
1748 3560 1891 3622 quae

387 3659 512 3723 per
555 3639 928 3703 exercitium
975 3638 1234 3702 navium
1285 3638 1725 3720 acquiruntur,
1763 3648 1888 3701 tam

383 3747 724 3821 occupata,
778 3739 949 3820 quod
1012 3756 1140 3800 non
1199 3737 1446 3801 curavit
1496 3757 1886 3800 succurrere.

386 3843 559 3901 Aser
577 3840 910 3899 habitabat
939 3841 1014 3898 in
1044 3840 1258 3898 littore
1300 3839 1525 3906 mari-3,
1554 3848 1613 3897 ec
1647 3839 1716 3899 in
1741 3857 1893 3914 por-

387 3939 586 3998 tubus
615 3939 1016 4005 morabatur,
1043 3935 1106 3997 id
1138 3944 1256 4010 est,
1293 3934 1498 3997 tribus
1528 3937 1683 3997 Aser
1712 3935 1892 4016 dege-

385 4037 500 4098 bat
539 4034 710 4097 circa
751 4034 932 4096 littus
976 4033 1413 4096 Mediterranei
1460 4033 1674 4110 mariS,
1710 4041 1772 4095 et
1823 4034 1888 4096 in

387 4133 550 4197 locis
583 4142 884 4214 portuum
916 4132 1110 4195 maris
1141 4133 1449 4212 ejusdem,
1476 4132 1542 4194 in
1574 4133 1760 4213 cujus
1791 4132 1892 4194 lit-

2005 3156 2311 3210 tactarum
2375 3147 2643 3210 forsitan
2692 3147 2908 3229 aliquo
2959 3147 3147 3211 modo
3197 3167 3496 3230 coopera-

2001 3246 2253 3322 bantur,
2291 3266 2430 3328 quae
2464 3255 2675 3310 tamen
2706 3255 2932 3328 praeter
2963 3265 3220 3309 cursum
3254 3255 3494 3310 naturae

2002 3345 2213 3427 potius
2235 3355 2547 3424 generatae
2566 3355 2921 3408 censentur.
2948 3345 3189 3415 Glossa,
3217 3365 3329 3428 per
3350 3347 3494 3410 stel-

2003 3442 2095 3506 las
2142 3443 2210 3505 in
2255 3461 2368 3506 suo
2416 3463 2605 3506 cursu
2644 3453 2707 3506 et
2746 3443 2970 3506 ordine
3020 3453 3489 3526 permanentcS,

2004 3541 2307 3622 intelligit
2326 3541 2587 3622 angelos
2618 3551 2870 3606 sanctos
2902 3543 3193 3606 ordinate
3222 3542 3495 3624 disposi-

2001 3649 2119 3716 tOS,
2147 3649 2209 3704 et
2241 3660 2355 3703 sua
2385 3639 2747 3703 ministeria
2777 3650 3162 3718 exercenteS‚
3182 3641 3292 3723 qui
3321 3641 3492 3704 filios

2001 3739 2191 3802 lsrael
2252 3738 2636 3820 adjuverunt
2694 3739 2917 3801 saltem
2970 3740 3230 3803 orando.
3285 3740 3495 3803 Potest

2003 3855 2223 3898 rursus
2254 3838 2333 3898 de
2378 3836 2581 3898 stellis
2627 3846 2689 3900 et
2730 3836 3001 3918 planetis
3049 3836 3347 3916 intelligi,
3380 3837 3491 3919 qui

2002 3945 2225 3999 contra
2258 3935 2528 4018 Sisaram
2564 3953 2879 4018 pugnasse
2920 3936 3241 4012 dicuntur,
3279 3935 3346 3998 in
3378 3955 3493 3999 suo

2001 4053 2194 4096 cursu
2236 4052 2306 4095 ac
2348 4034 2571 4097 ordine
2616 4035 3072 4116 permanendo,
3106 4034 3169 4096 id
3210 4043 3306 4097 est
3350 4035 3495 4098 soli-

2005 4139 2134 4193 tum
2168 4151 2425 4193 cursum
2458 4152 2531 4195 ac
2572 4132 3054 4214 dispositionem
3090 4153 3269 4196 suam
3318 4142 3493 4196 natu-

387 4242 530 4296 tore
579 4230 948 4294 morabatur
987 4239 1050 4292 ct
1097 4231 1301 4295 tribus
1347 4231 1501 4293 Dan.
1541 4231 1769 4311 Sicque
1813 4231 1892 4292 si·
1921 4231 1970 4292 D
2003 4229 2199 4292 ralem
2231 4231 2562 4307 servando,
2591 4230 2655 4291 in
2689 4240 2999 4312 quantum
3031 4230 3198 4294 diem
3233 4252 3493 4295 causan-

383 4329 566 4392 milis
605 4348 798 4392 causa
830 4328 1088 4391 retraxit
1131 4329 1246 4390 has
1287 4329 1492 4391 tribus
1535 4329 1614 4391 ab
1655 4327 1890 4392 auxilio

387 4429 688 4490 fratrum.
715 4429 1009 4489 Zabulon
1051 4448 1197 4487 vero
1225 4439 1286 4488 ec
1324 4429 1680 4504 Nepktlealz'
1716 4429 1892 4488 obtu-

385 4532 610 4588 lerunt
653 4528 914 4586 animas
959 4547 1108 4586 suas
1159 4529 1372 4596 morti,
1417 4526 1482 4588 id
1532 4535 1628 4588 cst
1675 4526 1890 4588 arduis

387 4624 618 4688 mortis
673 4623 1000 4706 periculis„
1050 4625 1204 4687 Nam
1237 4625 1456 4688 decem
1493 4625 1698 4688 millia
1747 4645 1891 4707 quae

383 4722 602 4805 primo
655 4721 781 4784 sibi
822 4721 1081 4802 collegit
1111 4723 1320 4798 Barac,
1356 4733 1536 4786 erant
1565 4725 1642 4787 de
1691 4723 1890 4786 tribu-

384 4822 510 4883 bus
561 4820 848 4882 Zabulon
895 4839 968 4882 ae
1019 4821 1378 4902 Nephthali‚
1419 4831 1610 4904 prout
1658 4841 1890 4904 praece-

381 4917 564 4982 denti
619 4918 892 4981 habetur
924 4919 1226 5001 capitulo.
1263 4924 1342 4980 In
1388 4923 1644 4998 reqz‘one
1689 4925 1888 4982 Mero-

385 5039 514 5087 me,
559 5017 624 5079 id
669 5024 765 5080 est
811 5017 1068 5094 excelsi,
1103 5017 1402 5080 videlicet.
1449 5018 1514 5080 in
1568 5019 1885 5082 territorio

383 5117 524 5192 illo,
551 5117 619 5178 in
651 5135 781 5197 quo
802 5123 936 5178 erat
965 5135 1151 5179 mons
1183 5116 1451 5192 Thabor,
1474 5117 1537 5178 in
1569 5137 1758 5198 quem
1784 5118 1888 5180 Ba-

387 5235 497 5277 rac
526 5213 712 5277 duxit
754 5233 944 5276 suum
985 5214 1356 5290 exercitum,
1391 5224 1460 5277 ut
1504 5216 1883 5298 praecedenti

384 5312 673 5395 capitulo
704 5312 1092 5375 continetur.

2000 4327 2102 4404 do,
2122 4346 2235 4390 seu
2268 4329 2555 4391 naturale
2575 4328 2951 4410 obsequium
2976 4330 3355 4408 exhibendo,
3381 4341 3492 4394 aut

1999 4425 2279 4506 aliquam
2327 4425 2728 4490 influentiam
2781 4428 3228 4509 imprimendo,
3264 4447 3490 4512 coope-

2001 4524 2119 4585 rati
2153 4534 2303 4587 sunt
2335 4525 2491 4587 filiis
2522 4527 2709 4589 lsrael
2742 4527 2820 4588 ad
2854 4527 3271 4609 triumphum,
3310 4530 3489 4610 juxta

2000 4625 2172 4705 quod
2203 4624 2271 4686 in
2305 4624 2467 4687 libro
2500 4625 2838 4707 Sapientiae
2875 4627 3181 4708 scriptum
3214 4636 3349 4690 est:
3375 4628 3488 4688 Pu·
3534 4649 3777 4704 svpsm.

1999 4723 2221 4801 gnabit
2254 4742 2368 4805 pro
2408 4724 2533 4786 Deo
2573 4724 2744 4786 orbis
2787 4732 3095 4787 terrarum
3136 4734 3359 4818 contra
3400 4725 3489 4787 in-

2001 4830 2309 4884 sensatos
2346 4821 2575 4903 Sicque
2620 4842 2731 4904 per
2782 4822 2977 4884 verba
3026 4823 3147 4886 ista
3197 4823 3489 4886 innuitur

1999 4919 2371 4982 differentia
2416 4921 2605 5003 hujus
2640 4920 2939 4996 victoriae,
2976 4920 3054 4982 ab
3086 4941 3159 4984 ea
3196 4940 3338 5002 quae
3369 4922 3488 4984 sub

1996 5018 2185 5080 Josue
2214 5019 2487 5100 desuper
2515 5027 2609 5080 est
2639 5036 2961 5095 concessa,
2997 5037 3109 5100 per
3139 5019 3280 5089 hoc,
3315 5021 3487 5100 quod

1999 5117 2092 5178 sol
2145 5125 2209 5178 et
2254 5116 2405 5178 luna
2443 5124 2755 5179 steterunt
2806 5116 2870 5176 in
2912 5116 3073 5178 coelo
3126 5117 3486 5180 immobiles
3514 5137 3781 5185 Josuema.

1997 5215 2205 5297 spatio
2239 5214 2430 5276 unius
2460 5214 2611 5290 diei,
2637 5223 2709 5276 ut
2741 5214 2970 5295 legitur
2993 5215 3057 5276 in
3077 5215 3265 5278 Josue
3296 5215 3480 5280 libro.

1997 5312 2236 5393 Itaque,
2272 5312 2363 5374 sic
2394 5311 2683 5390 Magister
2713 5312 2779 5374 in
2819 5312 3103 5376 historiis
3150 5313 3433 5395 loquitur
3468 5333 3481 5378 τ
