4359 6250
1057 514 1412 561 *mannum
1456 514 1516 559 tx
1560 516 1694 561 cAP.
1744 516 1763 560 1
1805 516 1960 563 mum
2004 516 2204 561 ΤΕΙΠῚΙ
2248 518 2468 563 ΠΕὓΰΜ.
2516 538 2595 547 -
2638 520 2779 565 ΑΠΤ.
2827 520 2846 564 1

3378 503 3498 565 583

385 680 772 761 parabolica
801 699 913 744 seu
943 682 1380 764 metaphorica
1409 684 1696 763 quaedam
1729 682 1900 746 locu·
1927 682 1980 745 A
2011 682 2218 747 littera
2267 685 2457 749 habet
2506 687 2717 767 plures
2766 708 3013 764 sensim,
3049 699 3119 752 ut
3165 698 3335 771 patet
3386 708 3499 771 per

385 779 514 855 tio,
551 789 623 842 ut
671 799 785 863 per
831 781 1066 861 Abisag
1115 782 1512 861 intelligatur
1561 781 1894 864 sapientia,

381 896 546 959 quae
585 887 684 941 est
723 899 884 963 pura
916 888 978 943 et
1019 880 1412 962 incorrupta,
1446 888 1508 942 et
1537 879 1898 943 senioribus

385 976 605 1058 magis
657 978 962 1060 conjungi
1015 979 1196 1057 solet,
1246 979 1412 1042 sicut
1461 979 1526 1041 in
1575 979 1792 1057 David,
1829 979 1895 1042 in

385 1096 554 1159 quo,
590 1086 878 1161 tempore
915 1080 1263 1143 senectutis
1303 1078 1506 1160 magis
1540 1074 1743 1160 viguit
1772 1078 1900 1161 spi-

389 1176 566 1239 ritus
605 1177 980 1260 prophetiza.
1013 1178 1154 1241 Haec
1194 1186 1406 1241 autem
1448 1177 1763 1260 sapientia
1799 1198 1900 1241 ca-

390 1274 626 1339 lefecit
655 1276 853 1338 David
885 1296 1096 1358 regem
1140 1278 1216 1340 ad
1257 1276 1552 1340 divinum
1592 1295 1894 1340 amorem.

389 1374 478 1436 Et
505 1373 690 1455 juxta
719 1374 890 1437 hunc
923 1394 1180 1438 sensum
1220 1376 1455 1439 dicitur
1496 1376 1562 1439 in
1607 1375 1770 1439 libro
1797 1376 1900 1437 Ju-

77 1482 354 1531 Jndfc·=x·8·
389 1473 624 1535 dicum
659 1490 674 1534 ε
708 1473 921 1537 lerunt
953 1473 1149 1555 ligna,
1171 1482 1240 1536 ut
1272 1484 1584 1555 ungerent
1614 1492 1804 1557 super
1833 1493 1900 1537 se

391 1590 640 1652 regem.

481 1670 608 1733 Sed
655 1679 878 1733 contra
923 1671 1060 1735 haec
1107 1671 1338 1735 scribit
1377 1672 1558 1756 Lyra,
1593 1671 1898 1754 quoniam

392 1770 891 1834 circumstantia
936 1770 1164 1835 litterae
1210 1769 1551 1834 manifeste
1597 1770 1895 1847 ostendit,

2009 784 2379 864 Gregorium
2423 786 2607 848 tertio
2645 786 2994 863 Moralium,
3030 796 3093 850 et
3137 808 3251 869 per
3289 789 3499 870 Augu-

2009 884 2248 947 stinum
2277 885 2343 945 in
2370 884 2639 966 epistola
2659 893 2879 948 contra
2900 886 3327 964 vincentium,
3347 888 3499 951 licet

2006 1000 2228 1045 omnes
2261 980 2609 1044 fundentur
2640 1001 2833 1064 super
2869 1002 3069 1045 unum
3108 1002 3365 1047 sensum
3397 984 3498 1047 lit-

2009 1080 2291 1143 teralem.
2327 1079 2519 1143 Error
2556 1088 2766 1143 autem
2813 1081 3163 1162 primorum
3208 1092 3380 1165 patet
3420 1103 3497 1147 ex

2009 1179 2223 1244 verbis
2254 1178 2507 1257 Christi,
2541 1179 2814 1243 volentis
2855 1181 3185 1244 ostendere
3216 1201 3497 1246 errorem
3578 1205 3747 1249 uana.

2009 1278 2495 1341 Sadducaeorum
2528 1297 2603 1340 ex
2634 1297 2823 1339 sensu
2857 1278 3113 1341 litterali
3145 1279 3285 1361 ejus
3322 1281 3495 1361 quod
3524 1271 3787 1376 §mg-¹⁹23*

2007 1377 2315 1459 scriptum
2347 1384 2462 1454 est,
2482 1376 2613 1456 Ego
2633 1395 2774 1439 sum
2799 1377 2961 1440 Deus
2980 1377 3310 1453 Abraham,
3331 1380 3495 1442 Deus
3524 1398 3592 1447 2⁶,
3612 1397 3679 1438 27.
3772 1362 3784 1381 '

2009 1476 2200 1553 Isaac,
2220 1484 2283 1539 et
2316 1476 2476 1539 Deus
2496 1476 2685 1539 Jacob
2711 1492 2725 1538 ε
2749 1495 2825 1538 ex
2853 1475 3087 1557 quibus
3116 1476 3328 1540 verbis
3360 1497 3499 1561 pro-

2009 1574 2138 1651 bat,
2159 1593 2299 1637 esse
2318 1575 2513 1639 vitam
2540 1582 2683 1655 post
2699 1573 2895 1637 vitam
2926 1582 3317 1657 praesentem‚
3332 1578 3501 1657 quod

2011 1682 2223 1736 tamen
2268 1672 2475 1755 prima
2521 1672 2684 1735 facie
2728 1691 2857 1736 non
2896 1672 3150 1737 videtur
3189 1674 3503 1738 insinuari

2013 1791 2125 1854 per
2159 1772 2356 1835 verba
2388 1771 2519 1834 illa.
2555 1771 2727 1833 Patet
2754 1790 3011 1853 quoque
3042 1791 3217 1836 error
3247 1772 3503 1836 illorum

391 1868 580 1948 quod
602 1867 839 1949 Abisag
868 1868 995 1930 fuit
1023 1868 1368 1951 corporalis
1401 1869 1617 1950 puella
1645 1868 1775 1949 regi
1799 1869 1902 1931 ad·
1937 1870 1984 1932 Β
2012 1890 2088 1933 ex
2135 1870 2277 1946 hoc,
2321 1869 2475 1951 quia
2518 1869 2831 1949 contingit
2874 1871 3044 1950 quod
3091 1870 3308 1951 aliqua
3353 1871 3507 1935 scri-

395 1966 603 2029 ducta
631 1966 698 2030 in
732 1967 1084 2031 remedium
1113 1986 1244 2031 suae
1286 1965 1652 2048 frigiditatis
1683 1985 1903 2049 corpo-

398 2084 534 2129 reae
581 2083 596 2127 ε
650 2066 824 2147 quod
872 2066 1066 2129 etiam
1117 2074 1364 2129 constat
1411 2086 1489 2129 ex
1537 2067 1679 2143 hoc,
1731 2067 1900 2147 quod

397 2162 690 2227 Adonias
745 2163 951 2227 adhuc
997 2163 1276 2245 juvenis,
1331 2164 1526 2228 David
1574 2162 1898 2241 defunct0,

119 2279 360 2333 uincam,
397 2262 598 2345 petiit
629 2262 756 2325 sibi
795 2263 960 2326 hanc
997 2262 1135 2325 dari
1176 2282 1436 2326 uxorem
1471 2281 1485 2325 :
1519 2264 1705 2344 cujus
1748 2263 1904 2345 peti-

97 2344 338 2392 ¹⁷·²¹'²⁵·
401 2363 606 2427 tionis
646 2363 981 2426 occasione
1020 2361 1144 2425 fuit
1185 2362 1475 2436 occisus3
1519 2381 1647 2425 non
1691 2372 1903 2425 autem

403 2461 642 2525 fuisset
671 2461 941 2537 occisuS,
971 2460 1026 2523 si
1059 2460 1433 2543 sapientiam
1475 2461 1599 2524 sibi
1634 2462 1904 2543 despon-

403 2560 537 2623 sari
579 2560 867 2642 petisset.
901 2560 1045 2623 ldeo
1085 2559 1273 2623 fateri
1315 2568 1585 2642 oportet,
1622 2560 1790 2642 quod
1825 2561 1902 2622 ad

404 2660 692 2722 litteram
745 2657 870 2721 fuit
919 2658 1154 2742 puella.
1206 2658 1435 2721 Dicunt
1479 2658 1715 2721 etenim
1773 2677 1904 2720 me-

401 2758 562 2833 dici,
616 2758 788 2839 quod
839 2756 1234 2839 praecipuum
1283 2756 1634 2820 remedium
1684 2765 1904 2820 contra

404 2855 832 2937 frigiditatem
863 2856 1296 2919 membrorum
1335 2863 1528 2937 atque
1561 2856 1900 2938 paralysim

401 2955 880 3030 imminentem,
916 2954 998 3015 sit
1043 2954 1370 3036 amplexus
1416 2954 1726 3031 mulieriS,
1772 2974 1902 3017 ma-

2011 1977 2201 2051 ptura
2236 1969 2585 2030 secundum
2631 1986 2829 2029 unum
2868 1987 3123 2031 sensum
3165 1969 3501 2033 litteralem

2012 2066 2355 2143 intellecta,
2392 2084 2519 2128 non
2553 2066 2799 2128 inducit
2840 2066 3118 2147 aliquam
3161 2067 3499 2130 utilitatem

2011 2166 2078 2227 in
2131 2166 2261 2227 fide
2310 2173 2419 2228 aut
2468 2164 2775 2240 moribuS,
2812 2164 2912 2228 vel
2958 2165 3038 2226 ad
3080 2167 3503 2229 conversatio-

2011 2284 2156 2329 nem
2188 2264 2553 2327 humanam.
2588 2264 2663 2325 Et
2693 2264 2815 2327 hoc
2845 2264 3035 2328 modo
3070 2264 3301 2345 allegat
3337 2264 3501 2347 Apo-

2009 2364 2211 2427 stolus
2241 2362 2400 2425 illud
2432 2362 3080 2440 Deuteronomii‚Non
3106 2362 3399 2445 alligabis
3426 2383 3498 2428 os
3547 2382 3788 2432 tem-‚un-

2011 2462 2159 2527 bovi
2196 2460 2519 2524 trituranti
2552 2478 2567 2522 τ
2602 2460 2712 2523 ubi
2743 2461 2926 2542 quasi
2955 2482 3227 2544 arguens
3258 2462 3495 2541 subdit,
3528 2446 3751 2497 Deucxxv.

2010 2560 2330 2643 Numquid
2381 2578 2535 2623 cura
2580 2568 2678 2622 est
2724 2561 2849 2623 Deo
2898 2562 2979 2625 de
3026 2561 3276 2624 bobus?
3314 2562 3500 2643 quasi

2010 2661 2179 2724 dicat
2214 2677 2227 2721 ε
2262 2658 2327 2722 Si
2358 2658 2477 2721 hoc
2508 2667 2895 2741 praeceptum
2927 2659 3133 2722 solum
3163 2660 3241 2722 ad
3274 2661 3500 2742 pedem

2011 2760 2239 2822 litterae
2271 2757 2686 2838 intelligatur,
2725 2756 2967 2819 nullam
2998 2757 3245 2821 inducit
3274 2758 3505 2821 utilita-

2011 2867 2160 2921 tem.
2198 2857 2273 2919 Et
2316 2857 2437 2919 hoc
2484 2856 2673 2919 modo
2726 2857 2932 2935 arguit
2980 2856 3399 2939 Hieronymus
3436 2856 3503 2919 in

2011 2956 2227 3020 verbis
2257 2954 2677 3037 praeallegatis
2709 2963 2932 3017 contra
2960 2964 3300 3036 sequentes
3341 2955 3507 3019 litte-

3756 2414 3791 2488 ῥ’..

401 3056 582 3119 xime
628 3053 992 3137 juvenculae
1035 3052 1302 3135 virginis
1337 3070 1352 3115 z
1395 3053 1539 3116 ideo
1585 3052 1728 3115 talis
1777 3052 1902 3116 fuit
1936 3049 1980 3113 C
2013 3075 2144 3118 ram
2197 3053 2614 3132 occidentem,
2651 3052 2869 3117 dicens
2907 3071 2921 3115 ε
2957 3052 3021 3115 Si
3062 3053 3196 3117 haec
3241 3054 3507 3118 historia

401 3157 685 3220 adducta
727 3152 860 3234 regi
901 3152 1122 3216 David.
1157 3154 1280 3216 Nec
1321 3153 1608 3236 peccavit
1646 3153 1713 3215 in
1754 3153 1896 3230 hoc,

401 3254 565 3338 quia
622 3272 772 3316 cum
825 3271 900 3315 ea
951 3251 1266 3315 contraxit
1321 3251 1735 3315 connubium.
1791 3251 1898 3315 Se-

401 3373 524 3418 nes
572 3353 747 3416 enim
793 3361 1386 3434 quantumcumque
1433 3359 1701 3433 possunt
1749 3370 1902 3414 con-

407 3453 689 3528 trahere,
712 3449 1010 3533 quamvis
1042 3468 1170 3513 non
1201 3450 1454 3515 valeant
1481 3467 1816 3529 generare;
1842 3459 1905 3513 et

405 3561 484 3615 ut
514 3551 740 3614 dicunt
770 3550 1082 3626 doctoreS,
1119 3548 1171 3610 si
1203 3548 1434 3612 mulier
1463 3547 1736 3610 scienter
1765 3566 1907 3611 con-

407 3651 624 3714 trahat
671 3668 820 3712 cum
869 3666 1042 3724 sene,
1077 3665 1266 3728 quem
1307 3647 1426 3710 scit
1465 3647 1900 3729 impotentem,

406 3756 590 3813 tenet
617 3745 1101 3811 matrimonium
1141 3762 1156 3808 :
1197 3745 1340 3810 ideo
1371 3745 1466 3808 uti
1505 3745 1906 3828 amplexibus

407 3847 686 3928 virginis
731 3846 926 3926 hujus
968 3845 1034 3906 in
1077 3852 1242 3906 statu
1280 3843 1622 3925 conjugali,
1657 3863 1785 3907 non
1818 3844 1907 3908 vi-

405 3949 602 4012 detur
625 3945 759 4024 regi
781 3944 978 4008 David
1003 3942 1318 4019 illicitum,
1334 3943 1684 4024 proescrtim
1705 3962 1906 4024 quum

405 4054 584 4110 esset
614 4044 674 4108 ei
706 4044 772 4106 in
806 4052 996 4107 tantoe
1037 4041 1404 4124 frigiditatis
1437 4040 1809 4104 remedium.

510 4145 630 4208 Sed
679 4151 902 4208 contra
952 4141 1119 4203 hanc
1166 4141 1232 4202 B.
1279 4139 1644 4221 Hieronymi
1691 4157 1907 4220 reprc-

2012 3156 2091 3218 de
2129 3154 2328 3217 David
2360 3161 2423 3217 ct
2452 3153 2685 3233 Abisag
2715 3161 2964 3215 tantum
2994 3153 3073 3216 ad
3102 3153 3379 3216 litteram
3417 3154 3509 3216 in-

2015 3252 2359 3333 telligatur,
2396 3271 2525 3315 non
2570 3249 2907 3314 referenda
2942 3252 3020 3314 ad
3061 3251 3339 3334 aliquem
3370 3272 3509 3316 sen·
3610 3295 3617 3300 -

2014 3372 2154 3415 sum
2206 3349 2606 3433 spiritualem
2654 3349 2995 3427 utiliorem,
3028 3351 3281 3414 videtur
3322 3351 3504 3432 quasi

2014 3450 2397 3514 athletarum
2418 3449 2441 3474 *
2473 3447 2717 3510 ludicra
2754 3467 2867 3510 seu
2906 3447 3327 3511 fabulationes
3362 3467 3506 3530 quae
3559 3475 3800 3518 amum..

2015 3548 2106 3611 nil
2140 3545 2513 3630 proficiunt.
2549 3544 2787 3607 Idcirco
2818 3543 3147 3607 historiam
3184 3545 3370 3609 istam
3402 3565 3507 3609 ex·
3532 3551 3629 3581 ‘⁰¹¹²

2016 3646 2197 3730 ponit
2228 3643 2658 3726 pulcherrime
2692 3660 2707 3705 ε
2740 3642 2851 3724 qui
2884 3662 3107 3706 sensus
3137 3643 3503 3726 Hieronymi

2015 3753 2112 3808 est
2141 3745 2209 3806 in
2241 3744 2380 3806 loco
2410 3743 2531 3805 hoc
2562 3741 2853 3804 litteralis
2872 3760 2947 3804 eo
2969 3743 3179 3819 modo,
3199 3761 3328 3824 quo
3348 3743 3505 3825 Apo-

2015 3844 2216 3908 stolus
2248 3862 2323 3906 ex
2354 3840 2726 3905 auctoritate
2756 3848 3055 3922 praetacta
3093 3841 3289 3903 sumit
3324 3860 3505 3922 argu·
3554 3861 3795 3912 teor-‚ma

2015 3951 2303 4006 mentum
2336 3940 2685 4004 secundum
2714 3939 3051 4022 mysticum
3084 3939 3499 4003 intellectum.

2014 4079 2095 4088 —
2108 4041 2283 4115 Quod
2308 4047 2519 4102 autem
2549 4038 2795 4102 inducit
2814 4038 3192 4120 postillator,
3207 4038 3507 4103 videlicet

2003 4141 2198 4222 -Lyra,
2248 4157 2363 4221 pro
2414 4137 2789 4201 fulcimento
2840 4136 3045 4218 planae
3092 4137 3508 4219 expositionis

409 4243 793 4308 hensionem
853 4240 1006 4303 satis
1057 4247 1204 4322 apte
1261 4237 1483 4302 scribit
1539 4237 1644 4301 hic
1702 4237 1904 4300 Rabbi
1937 4240 1986 4301 D
2019 4238 2248 4301 litterae
2295 4237 2373 4300 de
2420 4235 2796 4299 auctoritate
2842 4235 3259 4313 medicorum,
3297 4237 3512 4300 dicen-

409 4342 648 4406 Paulus
683 4358 698 4402 ε
731 4339 953 4404 Glossa
990 4336 1357 4419 Hieronymi
1397 4355 1524 4400 non
1563 4343 1660 4399 est
1697 4336 1788 4398 sic
1823 4354 1912 4398 rc-

389 4440 774 4524 probanda,
794 4439 926 4502 „sed
975 4438 1052 4500 ad
1105 4436 1344 4499 bonum
1395 4434 1607 4516 potius
1651 4453 1908 4496 sensum

415 4538 748 4603 trahenda.
785 4537 1132 4618 Sequentes
1163 4533 1339 4598 enim
1377 4552 1632 4596 sensum
1677 4532 1912 4596 littera-

413 4639 567 4712 lem,
584 4644 732 4699 sunt
758 4634 825 4698 in
846 4634 1090 4716 duplici
1111 4632 1211 4696 dis
1217 4631 1494 4697 ferentia.
1510 4630 1771 4705 Quidam
1795 4640 1913 4694 ete-

411 4737 552 4800 nim
581 4743 819 4812 tenent,
839 4734 1012 4815 quod
1043 4733 1216 4796 solus
1249 4751 1474 4794 sensus
1506 4729 1797 4793 litteralis
1817 4737 1912 4792 est

411 4855 608 4901 verus
649 4842 712 4895 et
755 4832 839 4895 ab
875 4839 1132 4895 auctore
1172 4831 1491 4902 intentus3
1537 4847 1760 4892 sensus
1803 4847 1912 4890 au-

415 4944 550 4998 tem
579 4931 946 5015 spirituales
977 4930 1200 4992 dicunt
1233 4927 1418 4992 fictos
1449 4937 1512 4990 et
1544 4926 1782 4989 nullius
1811 4945 1913 4988 au-

413 5030 731 5098 ctoritatis
773 5047 786 5092 :
823 5047 1018 5110 quem
1047 5045 1326 5090 errorem
1356 5027 1556 5090 secuti
1588 5033 1737 5088 sunt
1766 5025 1913 5088 Sad-

140 5151 214 5193 Aee
219 5165 336 5202 xxxxxxx
339 5156 380 5195 s.
413 5131 624 5194 ducaei
653 5135 956 5208 negantes
980 5124 1608 5200 resurrectionem‚et
1631 5123 1756 5186 alia
1771 5141 1914 5204 quae

415 5231 500 5294 ad
546 5228 774 5312 pedem
819 5225 1048 5289 litterae
1096 5224 1304 5306 prima
1350 5222 1513 5285 facie
1560 5241 1686 5286 non
1727 5241 1918 5303 appa-

419 5337 587 5393 rent.
619 5326 747 5389 Alii
787 5325 1031 5402 dicunt,
1067 5323 1236 5404 quod
1270 5321 1595 5404 Scriptura
1633 5320 1751 5383 sub
1791 5337 1917 5381 una

2018 4336 2178 4398 tium
2210 4334 2383 4416 quod
2414 4333 2726 4415 optimum
2768 4332 3119 4396 remedium
3150 4343 3370 4397 contra
3401 4333 3513 4396 fri-

2017 4433 2350 4514 giditatem
2378 4431 2835 4507 membrorum,
2870 4439 2967 4494 est
3006 4432 3334 4514 amplexus
3374 4453 3513 4496 mu-

2021 4531 2198 4595 lieris
2225 4529 2607 4611 juvenculae,
2630 4547 2757 4592 non
2783 4527 2937 4592 facit
2965 4548 3081 4612 pro
3101 4548 3198 4593 eo.
3214 4529 3511 4604 Quamvis

2021 4629 2195 4694 enim
2226 4628 2462 4705 dicant,
2498 4628 2665 4708 quod
2709 4629 2882 4691 calor
2920 4628 3190 4709 alicujus
3231 4628 3511 4694 hominis

2019 4736 2129 4792 aut
2171 4726 2469 4789 animalis
2510 4725 2829 4789 confortet
2866 4746 2981 4789 suo
3020 4735 3314 4790 contactu
3344 4728 3511 4792 calo-

2021 4845 2154 4890 rem
2187 4824 2539 4888 naturalem
2570 4823 2850 4886 hominis
2881 4823 3219 4901 debilitati,
3255 4843 3383 4889 non
3426 4836 3511 4890 ta-

2019 4945 2167 4988 men
2200 4922 2446 4987 faciunt
2477 4921 2913 4985 differentiam
2944 4923 3023 4984 de
3052 4922 3261 4986 calore
3287 4924 3513 5004 juven-

2021 5023 2182 5088 culae
2229 5021 2498 5102 virginis
2549 5040 2661 5084 seu
2709 5027 3041 5103 corruptae‚
3076 5021 3358 5102 pulchrae
3405 5033 3515 5087 aut

2024 5121 2465 5202 incompositae
2500 5137 2513 5182 ε
2551 5121 2691 5182 ideo
2739 5119 3130 5202 praeinducta
3172 5121 3373 5202 magis
3419 5123 3516 5184 in-

2025 5219 2369 5299 telligenda
2397 5226 2545 5281 sunt
2573 5219 2921 5298 secundum
2954 5219 3283 5301 mysticam
3326 5221 3517 5301 signi-

2035 5318 2408 5382 ficationem
2466 5319 2830 5394 verborum,
2891 5336 3085 5399 quam
3143 5317 3519 5402 principalis
