4359 6250
954 482 1305 542 mammo
1347 493 1408 538 m
1451 491 1588 538 cn.
1633 490 1746 536 1111
1785 487 1946 534 mnu
1985 487 2185 533 TEn'm
2225 480 2449 534 nacon.
2494 507 2573 518 --
2614 489 2757 536 An'r.
2803 489 2913 536 xx1

3357 473 3478 536 685

365 674 442 728 ta
495 665 680 729 illum
728 665 1114 748 Prophetam
1161 664 1466 740 occisum,
1516 671 1577 722 et
1619 666 1710 722 leo
1751 671 1880 722 sta-
1906 658 1957 720 A
1981 660 2160 742 juxta
2198 661 2465 724 cadaver
2506 679 2785 737 manere,
2818 667 2890 722 ut
2932 661 3285 723 traderetur
3328 678 3476 724 mox

365 767 486 826 bat
512 766 723 842 juoeta
762 768 1064 834 cadaver,
1094 762 1462 826 custodiens
1515 759 1766 823 asinum
1815 765 1878 820 et

364 881 612 945 corpus
660 862 971 925 exanime.
1006 862 1074 924 In
1105 879 1234 943 quo
1266 858 1435 923 facto
1467 858 1877 922 consideran-

361 969 482 1022 tur
522 961 728 1023 multa
771 959 1104 1036 miracula,
1137 959 1313 1041 quod
1345 956 1590 1020 scilieet
1630 956 1729 1018 leo
1760 973 1877 1017 nec

361 1058 752 1122 defunctum
786 1078 906 1122 nec
947 1058 1200 1121 asinum
1244 1057 1510 1121 laniavit
1547 1064 1656 1118 aut
1701 1072 1877 1117 man-

361 1157 653 1234 ducavit,
702 1175 820 1220 nec
870 1154 1042 1219 facto
1089 1154 1429 1219 commisso
1475 1152 1755 1230 recessit,
1804 1160 1876 1214 ut

363 1274 506 1318 suae
544 1263 788 1318 naturae
837 1263 954 1332 est,
987 1262 1050 1318 et
1092 1254 1292 1316 instar
1331 1251 1662 1316 rationalis
1705 1269 1876 1314 crea-

367 1362 535 1416 turae
578 1353 927 1416 custodivit
965 1352 1273 1429 occisum,
1306 1371 1389 1414 ne
1433 1371 1470 1414 a
1501 1349 1723 1413 bestiis
1767 1357 1878 1412 aut

369 1451 606 1516 avibus
637 1459 1038 1532 tangeretur3
1071 1459 1265 1532 atque
1295 1457 1366 1512 ut
1405 1449 1494 1511 ait
1524 1448 1766 1526 Glossa,
1801 1467 1878 1511 ex

371 1549 500 1614 hoc
529 1550 705 1630 quod
737 1548 838 1613 leo
880 1549 1152 1612 cadaver
1199 1548 1292 1611 sic
1332 1546 1692 1625 honoravit,
1729 1565 1879 1610 con-

373 1656 525 1725 stat,
559 1648 734 1729 quod
765 1647 958 1730 culpa
983 1646 1313 1729 Prophetae
1343 1645 1621 1709 relaxata
1652 1644 1680 1707 f
1685 1646 1778 1708 uit
1809 1645 1875 1707 in

373 1765 497 1808 sua
543 1753 770 1809 morte.
817 1746 1126 1808 Praeterea
1179 1742 1380 1826 aliqui
1442 1744 1685 1822 dicunt,
1732 1744 1878 1807 Pro-

1985 759 2351 840 sepulturae‚
2376 767 2433 818 et
2454 780 2763 832 reversus,
2790 761 3021 820 intulit
3052 761 3124 820 in
3144 761 3473 820 civitatem

1977 859 2305 934 proplietoe
2332 859 2526 928 senis,
2549 868 2621 918 ut
2642 861 3029 935 planqerent
3058 879 3228 919 eum.
3256 861 3339 920 Et
3359 876 3475 934 po-

1983 959 2117 1016 suit
2164 959 2441 1017 cadaver
2487 957 2627 1033 ejus
2676 960 2749 1018 in
2796 961 3083 1036 sepulcro
3132 978 3271 1027 su0,
3302 956 3475 1038 quod

1987 1053 2110 1115 sibi
2162 1053 2285 1136 ipsi
2334 1054 2465 1135 jam
2510 1056 2892 1137 praeparavit
2939 1063 3048 1118 aut
3091 1055 3471 1138 deputavit:

1987 1152 2207 1234 sicque
2238 1153 2577 1217 honoravit
2606 1173 2827 1216 verum
2860 1143 3258 1238 Prophetam,
3283 1174 3476 1236 quem

1986 1259 2049 1312 et
2080 1250 2224 1315 ideo
2258 1251 2323 1313 in
2368 1252 2629 1335 proprio
2672 1252 2889 1334 posuit
2932 1261 3369 1331 monumento,
3405 1261 3477 1316 ut

1984 1348 2164 1428 juxta
2181 1367 2330 1411 eum
2350 1348 2749 1431 sepeliretur.
2766 1354 2851 1412 Et
2861 1355 3270 1428 planxerunt
3287 1373 3435 1412 eum
3452 1370 3475 1414 .-

1987 1449 2160 1516 Heu,
2192 1450 2339 1520 heu,
2374 1451 2467 1508 mi
2492 1449 2724 1525 frater.
2760 1448 2881 1512 Iste
2911 1448 3035 1511 fuit
3064 1457 3218 1512 tunc
3248 1450 3475 1513 modus

1987 1545 2413 1628 deplangendi
2454 1544 2813 1610 defunctos
2848 1547 3205 1629 Dicuntque
3246 1548 3470 1630 aliqui,

1986 1644 2158 1724 quod
2181 1643 2333 1708 ficte
2356 1653 2597 1708 tantum
2622 1646 3119 1727 deploraverunt
3136 1665 3305 1724 eum,
3325 1647 3479 1728 quia

1987 1742 2066 1804 ad
2107 1741 2230 1805 hoc
2262 1740 2462 1805 falsus
2492 1743 2603 1806 ille
2631 1744 2883 1826 decepit
2912 1764 3081 1822 eum,
3117 1753 3189 1808 ut
3218 1753 3479 1827 propter

371 1844 638 1926 phetam
684 1844 866 1907 illum
899 1842 1104 1906 fuisse
1149 1843 1383 1925 partim
1424 1842 1756 1905 inductum
1797 1843 1876 1908 ad
1915 1844 1960 1905 B
1988 1840 2487 1904 inobedientiam
2520 1861 2698 1904 suam
2735 1853 3099 1906 mereretur·
3116 1844 3343 1922 occidi,
3375 1843 3477 1908 vel

371 1943 768 2006 credendum
797 1942 1370 2024 pseudoprophetae
1402 1941 1717 2004 desiderio
1745 1959 1880 2004 cor-

371 2059 587 2122 poreae
617 2059 798 2117 escae,
830 2040 986 2122 quia
1013 2039 1260 2102 esuriit.
1294 2038 1635 2120 Gregorius
1664 2047 1878 2102 autem

369 2140 632 2203 videtur
662 2138 922 2216 sentire,
947 2139 1119 2220 quod
1150 2146 1406 2201 sanctus
1441 2137 1549 2201 ille
1569 2139 1880 2220 Propheta

371 2257 491 2320 per
515 2236 845 2314 miracula,
871 2255 985 2319 per
1016 2255 1085 2299 se
1115 2236 1422 2314 exhibita,
1457 2236 1635 2299 inani
1669 2244 1877 2299 motus

373 2338 462 2399 sit
504 2335 733 2416 gloria,
777 2335 1049 2416 ideoque
1097 2334 1446 2417 permissus
1498 2335 1592 2398 sic
1641 2333 1873 2416 decipi.

375 2434 614 2497 lterum
663 2433 753 2496 ait
797 2432 1135 2514 Gregorius
1169 2449 1182 2493 :
1219 2434 1386 2495 Bene
1433 2453 1510 2496 ex
1557 2451 1666 2496 ore
1726 2432 1879 2495 mali

381 2533 715 2615 prophetae
743 2531 1128 2596 sententiam
1157 2531 1380 2594 mortis
1403 2531 1669 2614 accepit,
1695 2532 1880 2614 cujus

378 2632 756 2696 seductione
785 2650 823 2693 a
851 2631 1188 2713 praeceptis
1232 2631 1378 2695 vitae
1407 2630 1775 2708 declinavit,
1813 2637 1884 2692 ut

378 2732 532 2794 inde
561 2749 819 2813 poenam
858 2730 1170 2794 veraciter
1215 2737 1514 2808 sumeret,
1549 2731 1719 2794 unde
1749 2729 1883 2793 cul-

377 2847 526 2911 pam
560 2829 956 2909 negligenter
985 2828 1265 2891 admisit.

454 2930 544 2988 Ec
573 2947 708 2988 ecce
739 2929 874 2987 viri
905 2936 1331 2997 transeuntes,
1354 2928 1664 2987 viderunt
1693 2929 1882 2988 cada-

1987 1938 2363 2021 probaretur
2390 1940 2694 2002 mentitus
2726 1960 2865 2005 esse
2904 1943 3058 2022 regi,
3094 1942 3365 2006 dicendo
3404 1961 3473 2005 se

1990 2037 2080 2101 ibi
2113 2038 2478 2102 nullatenus
2510 2048 2962 2116 comesturum,
2997 2040 3099 2105 vel
3130 2049 3480 2122 transgres-

1989 2156 2096 2199 sus
2145 2136 2442 2225 divinum*
2489 2146 2898 2221 praeceptum.
2934 2138 3054 2203 Sed
3104 2139 3251 2202 dato
3297 2139 3474 2221 quod

1988 2233 2191 2297 falsus
2242 2235 2350 2299 ille
2388 2235 2727 2300 defleverit
2764 2237 2979 2319 ipsum
3033 2237 3207 2316 ficte,
3250 2238 3478 2321 proba-

1990 2333 2118 2396 bile
2169 2343 2380 2398 tamen
2431 2343 2547 2412 est,
2581 2337 2753 2417 quod
2797 2336 2907 2399 alii
2953 2356 3098 2400 eum
3140 2337 3479 2418 deplanxe-

1993 2440 2144 2494 runt
2165 2452 2242 2496 ex
2272 2435 2481 2510 corde,
2501 2433 2853 2516 praesertim
2883 2443 3142 2518 propter
3171 2435 3480 2499 miracula

1991 2530 2158 2594 circa
2189 2531 2399 2614 ipsum
2430 2532 2496 2594 in
2527 2542 2731 2596 morte
2761 2533 3064 2596 exhibita.

2075 2632 2411 2712 Quumque
2430 2633 2843 2708 plana-issent
2884 2653 3057 2703 eum,
3087 2635 3265 2693 dimit
3297 2651 3479 2715 pseu-

1991 2726 2383 2809 dopropheta
2412 2728 2523 2791 ille
2552 2732 2641 2790 ad
2658 2731 2831 2808 filios
2848 2751 2994 2792 suos
3014 2752 3037 2790 .·
3063 2734 3275 2800 Quum
3306 2751 3472 2792 mor-

1992 2835 2138 2886 tuus
2165 2827 2377 2903 fuero,
2400 2829 2656 2904 sepelite
2686 2849 2785 2890 me
2815 2831 2889 2890 in
2918 2834 3233 2908 sepulcm,
3258 2832 3330 2890 in
3351 2848 3476 2910 quo

1991 2928 2097 2986 vir
2123 2929 2248 2988 Dei
2272 2931 2558 3006 sepultus
2586 2937 2711 2998 est,·
2722 2929 2931 3004 juxta
2970 2950 3105 2990 ossa
3134 2931 3275 3007 ejus
3296 2932 3481 3008 poni-

379 3047 493 3086 ver
525 3026 892 3104 projectum
932 3028 1005 3087 in
1045 3027 1182 3094 via,
1219 3035 1278 3086 et
1318 3028 1558 3086 leonem
1597 3034 1874 3086 stantem
1915 3026 1960 3091 C
1991 3035 2048 3086 te
2074 3046 2215 3086 ossa
2258 3046 2411 3087 mea.
2446 3027 2739 3103 Profecto
2768 3029 2970 3097 enim,
2992 3026 3058 3089 id
3086 3035 3183 3090 est
3222 3027 3479 3091 indubi-

361 3127 576 3204 juoeta
607 3128 884 3186 cadaver
901 3150 928 3198 ,·
957 3134 1016 3186 et
1046 3135 1382 3197 venerunt,
1414 3134 1474 3185 et
1503 3126 1880 3203 divulgave-
1927 3160 1934 3168 ,

377 3233 542 3285 runt
561 3226 636 3285 in
656 3225 940 3303 civitate,
965 3226 1038 3284 in
1057 3244 1185 3304 qua
1199 3226 1535 3301 prophetes
1555 3225 1666 3283 ille
1685 3244 1878 3283 senem

377 3324 737 3383 habitabat.
775 3326 956 3391 Quod
999 3342 1204 3401 quum
1247 3324 1530 3383 audisset
1564 3323 1878 3401 propheta

379 3424 521 3493 ille,
555 3421 675 3500 qui
708 3423 1062 3481 reduxerat
1104 3440 1252 3481 eum
1299 3423 1380 3480 de
1419 3422 1555 3490 via,
1585 3423 1726 3481 ait:
1765 3422 1879 3481 Vir

379 3520 508 3581 Dei
549 3530 665 3588 est,
715 3517 782 3581 id
829 3526 926 3580 est
972 3536 1204 3599 corpus
1253 3517 1478 3599 ipsiuS‚
1510 3520 1626 3598 qui
1669 3521 1880 3579 inobe-

379 3617 569 3677 diens
586 3616 725 3692 fuit
746 3617 850 3675 ori
867 3617 1163 3685 Domini,
1185 3624 1247 3675 et
1280 3616 1557 3676 tradidit
1587 3636 1738 3676 eum
1758 3619 1880 3677 Do-

381 3716 608 3775 minus
644 3716 816 3774 leoni
856 3713 936 3775 ad
980 3712 1422 3789 occidendum,
1465 3722 1525 3773 et
1561 3714 1878 3791 confregit

377 3832 555 3882 eum,
584 3821 646 3873 et
669 3814 1115 3889 occiditjuoeta
1139 3814 1400 3872 verbum
1419 3812 1690 3873 Domini
1707 3815 1879 3891 quod

380 3916 634 3971 locutus
674 3920 764 3971 est
806 3914 889 3971 ei.
923 3910 1014 3971 Ex
1058 3909 1180 3973 hoc
1218 3917 1501 3992 apparet,
1534 3910 1706 3990 quod
1748 3929 1874 3975 non

381 4009 592 4073 solum
643 4006 1064 4072 suffocaverit
1109 4027 1277 4086 eum,
1312 4008 1423 4070 sed
1472 4016 1536 4070 et
1573 4008 1874 4071 dentibus

381 4108 548 4171 laesit
578 4107 681 4170 vel
715 4104 1033 4187 confregit
1062 4124 1209 4169 eum
1243 4124 1256 4168 :
1292 4104 1445 4187 quia
1475 4125 1512 4168 a
1540 4106 1686 4170 vitae
1717 4107 1877 4170 inte-

1987 3134 2193 3188 tanter
2236 3132 2298 3188 et
2340 3133 2533 3203 certe,
2566 3128 2798 3199 veniet,
2823 3125 2887 3188 id
2931 3135 3028 3189 est
3072 3126 3473 3209 implebitur,

1985 3246 2189 3285 sermo
2236 3245 2425 3305 quem
2459 3226 2779 3302 praedixit
2822 3228 2895 3287 in
2932 3246 3219 3287 sermone
3256 3230 3479 3289 Domi-

1985 3321 2082 3389 ni,
2116 3318 2178 3380 id
2209 3327 2325 3395 est,
2360 3318 2469 3381 Dei
2502 3319 2695 3383 verba
2725 3318 2849 3381 sibi
2884 3319 3053 3383 dicta
3084 3339 3158 3383 ac
3194 3322 3471 3385 revelata

1987 3418 2370 3499 repetendo;
2405 3417 2522 3495 vel,
2557 3416 2784 3481 Veniet
2836 3437 3067 3496 sermo,
3120 3420 3185 3482 id
3232 3428 3329 3483 est
3375 3440 3473 3485 res

1989 3516 2354 3597 significata
2395 3534 2508 3598 per
2556 3535 2951 3593 sermonem;
2997 3529 3221 3581 contra
3268 3526 3478 3583 altare

1986 3620 2156 3697 quod
2184 3626 2274 3677 est
2304 3619 2377 3678 in
2404 3620 2649 3689 Bethel,
2682 3618 2853 3698 quod
2885 3617 3129 3682 scilicet
3158 3639 3353 3702 supra
3382 3620 3475 3703 ip-

1987 3735 2128 3778 sum
2159 3714 2614 3778 comburentur
2644 3734 2789 3779 ossa
2828 3717 3227 3781 sacerdotum
3270 3717 3473 3802 ipsius

1987 3814 2459 3894 sacrilegorum,
2484 3823 2544 3875 et
2572 3824 2796 3875 contra
2824 3818 3047 3877 omnia
3074 3816 3241 3892 fana
3276 3823 3476 3879 excel-

1983 3934 2226 3984 sorum,
2247 3933 2390 3993 quoe
2426 3922 2579 3973 sunt
2616 3915 2689 3973 in
2731 3916 2997 3974 urbibus
3028 3918 3351 3978 Samariae
3402 3916 3468 3978 in

1985 4010 2140 4074 locis
2168 4009 2317 4072 altis
2346 4018 2729 4074 constructa.
2751 4010 3203 4076 Verumtamen
3240 4014 3473 4078 hucus-

1982 4126 2108 4188 que
2147 4127 2275 4170 non
2317 4107 2548 4188 legitur
2587 4108 2791 4171 bonus
2834 4108 2943 4172 ille
2972 4109 3285 4193 Propheta
3329 4131 3473 4195 pro-

377 4207 612 4287 gritate
643 4224 790 4269 eum
829 4204 1164 4281 subtraxit,
1202 4205 1330 4267 imo
1361 4204 1513 4285 quia
1542 4223 1656 4287 pro
1687 4205 1878 4287 culpa
1907 4207 1957 4269 D
1988 4206 2279 4287 phetasse
2300 4206 2377 4269 de
2398 4206 2843 4288 profanatione
2866 4206 3159 4271 fanorum
3180 4208 3470 4288 illorum3

381 4324 496 4367 sua
529 4303 657 4367 fuit
683 4303 954 4380 occisuS,
990 4301 1260 4366 forsitan
1292 4299 1419 4363 fuit
1447 4310 1512 4365 et
1540 4302 1751 4365 Iaesus.

463 4404 782 4483 Dixitque
827 4404 916 4463 ad
949 4403 1121 4479 filios
1159 4421 1305 4461 suos
1339 4403 1667 4463 :Sternite
1709 4402 1878 4462 mihi

382 4504 671 4563 asinum.
710 4502 837 4569 Qui
863 4519 1066 4580 quum
1113 4501 1509 4571 stravissent,
1533 4508 1592 4559 et
1635 4502 1746 4559 itte
1773 4502 1878 4559 ab·

381 4602 586 4668 iisset,
626 4600 880 4659 invenit
927 4600 1205 4659 cadaver
1231 4598 1372 4674 ejus
1409 4598 1769 4676 projectum
1801 4600 1874 4658 in

381 4700 520 4768 via,
551 4706 612 4757 et
641 4698 905 4757 asinum
933 4707 992 4757 et
1026 4699 1264 4757 leonem
1293 4705 1531 4757 stantes
1547 4698 1756 4773 juxta
1774 4717 1877 4756 ca-

379 4798 586 4856 daver
624 4817 647 4855 .·
683 4815 815 4856 non
843 4796 1114 4855 comedit
1156 4798 1247 4853 leo
1289 4797 1370 4854 de
1398 4798 1735 4865 cadavere,
1763 4816 1876 4856 nec

381 4896 546 4955 lcesit
575 4896 861 4954 asinum.
902 4894 1080 4953 Tulit
1123 4912 1370 4971 quoque
1390 4893 1728 4970 prophetes
1771 4914 1876 4954 ca-

381 4995 585 5053 daver
617 4994 752 5051 viri
779 4994 925 5063 Dei,
957 5001 1013 5052 et
1049 4994 1269 5069 posuit
1309 4993 1480 5051 illud
1515 5010 1710 5069 super
1753 4994 1877 5053 asi-

383 5114 572 5161 num,
603 5109 795 5173 super
837 5109 1030 5172 quem
1069 5089 1246 5154 venit
1290 5088 1400 5153 ille
1441 5098 1702 5153 sanctus
1732 5089 1879 5153 Pro-

384 5191 599 5273 pheta,
647 5208 766 5252 nec
815 5189 1028 5251 timuit
1075 5189 1280 5251 malus
1329 5188 1438 5251 ille
1488 5189 1796 5271 propheta
1841 5211 1878 5254 a

387 5288 573 5352 leone
614 5287 842 5365 occidi,
875 5287 1031 5369 quia
1070 5286 1407 5370 perpendit
1438 5287 1686 5351 leonem
1727 5287 1871 5351 ideo

1985 4304 2095 4365 sed
2151 4324 2229 4367 ex
2275 4305 2489 4370 verbis
2537 4304 2677 4367 istis
2735 4305 3008 4383 elicitur,
3049 4308 3222 4389 quod
3278 4310 3469 4373 etiam

1984 4410 2207 4465 contra
2252 4401 2365 4463 illa
2411 4402 2624 4464 omnia
2671 4402 3095 4485 prophetavit,
3137 4424 3281 4487 quae
3329 4416 3475 4489 post

1984 4507 2235 4581 tempus
2266 4498 2451 4561 istius
2490 4502 3059 4583 pseudoprophetae
3088 4503 3473 4586 multiplica-

1985 4605 2047 4659 ta
2075 4597 2355 4675 fuerunt,
2392 4606 2455 4660 et
2484 4596 2656 4661 infra
2696 4598 2859 4662 libro
2897 4608 3124 4681 quarto
3167 4601 3468 4683 leguntur
3542 4616 3593 4662 lv
3620 4619 3732 4674 flea.

1983 4696 2205 4758 aJosia
2236 4715 2375 4760 esse
2404 4696 2746 4760 des‘tructa.
2772 4698 2929 4760 Hinc
2962 4698 3158 4762 falsus
3191 4700 3312 4764 iste
3340 4684 3761 4782 jus-'¹¹¹¹'·'⁹·²⁰·

1984 4795 2068 4857 sit
2096 4814 2164 4858 se
2186 4794 2443 4877 sepeliri
2464 4795 2642 4875 juxta
2660 4804 2949 4858 sanctum
2970 4795 3367 4880 prophetam,
3400 4809 3470 4863 ut

1983 4913 2126 4957 ossa
2152 4913 2268 4956 sua
2294 4912 2442 4957 cum
2480 4893 2730 4956 ossibus
2776 4894 2949 4955 illius
2979 4894 3307 4978 Prophetae
3342 4918 3472 4961 ma-

1984 5000 2209 5055 nerent
2247 4992 2506 5068 intacta,
2541 5010 2659 5053 nec
2693 5001 3129 5055 cremarentur
3176 5014 3368 5079 super
3398 4996 3473 5058 il-
3530 5012 3742 5069 mmo.

1988 5090 2096 5154 lud
2125 5089 2347 5152 altare.

2062 5193 2219 5251 Post
2246 5191 2378 5249 luec
2416 5189 2626 5260 verba,
2653 5188 2716 5250 id
2746 5196 2842 5251 est
2879 5196 3023 5270 post
3064 5188 3328 5272 praefata
3368 5210 3477 5272 ge-

1987 5296 2085 5350 sta
2125 5293 2189 5349 et
2227 5285 2408 5365 signa
2437 5305 2511 5349 ac
2540 5286 2867 5364 vaticinia,
2900 5309 3030 5350 non
3060 5299 3151 5351 est
3186 5311 3476 5353 reversus
