4359 6250
945 458 1062 522 350
1505 477 1854 526 RNAmuTlo
1896 479 1958 524 m
2001 479 2138 526 m.
2186 477 2291 526 xvi
2336 479 2492 524 unm
2534 479 2703 526 rann
2744 479 2969 528 asculi.
3014 501 3094 512 —
3134 483 3277 532 aar.
3324 482 3475 532 xxxi

1981 889 2630 977 ARTICULUS
2704 892 2991 976 XXXI

1333 1163 1686 1209 EtuctnA'rlo
1729 1162 2003 1207 CAP1TUL1
2047 1161 2431 1208 suxrlnsscml
2474 1163 2491 1207 Ξ
2536 1163 2821 1218 mxl'rQUE
2860 1165 3125 1212 nolimus
3168 1167 3250 1212 An
3293 1168 3632 1215 SAuusstmt.

935 1447 942 1453 ’
1075 1442 1648 1509 EPROBATIONE
1689 1440 1894 1504 Saulis
1937 1440 2218 1516 recitata,
2255 1458 2427 1502 nunc
2455 1440 2508 1503 A
2534 1442 2827 1524 quamvis
2858 1443 3105 1508 falsitas
3136 1466 3465 1529 nunquam
3496 1449 3635 1513 sine
3664 1449 3849 1532 culpa
3874 1469 3997 1533 pro-

1091 1544 1472 1608 describitur
1499 1540 1869 1604 substitutio
1901 1539 2087 1602 electi
2120 1538 2286 1619 regis
2308 1556 2425 1619 pro

931 1643 1065 1707 illo.
1117 1646 1432 1723 Dixitque
1476 1643 1794 1703 Dominus
1843 1642 1930 1700 ad
1981 1642 2353 1700 Samuelem
2398 1656 2420 1698 .·

943 1745 1266 1822 Usquequo
1312 1752 1383 1802 tu
1423 1745 1597 1818 luqes
1637 1743 1831 1808 Saul,
1865 1738 1927 1800 id
1972 1745 2090 1814 est,
2126 1735 2424 1818 reproba-

927 1839 1168 1903 tionem
1199 1840 1338 1921 ejus
1377 1859 1414 1901 a
1453 1838 1629 1918 regni
1662 1836 1948 1901 dominio
1989 1834 2219 1910 defleS,
2251 1853 2423 1898 com-

927 1940 1226 2021 patiendo
1255 1937 1561 2001 amotioni
1594 1936 1818 2018 ipsiuS,
1844 1957 2049 2016 quum
2077 1953 2187 2012 eqo
2212 1935 2421 2013 proje-

923 2041 1124 2100 cerim
1151 2059 1325 2109 eum,
1347 2057 1428 2099 ne
1455 2047 1673 2114 reynel
1700 2055 1894 2113 super
1922 2036 2178 2096 Israel?
2208 2037 2418 2110 Imple

923 2157 1126 2199 cornu
1159 2147 1345 2198 tuum
1373 2141 1506 2198 oleo
1547 2135 1679 2212 tali,
1715 2134 1891 2216 quali
1937 2133 2160 2213 inungi
2208 2132 2415 2195 solent

925 2255 1105 2317 reges
1135 2245 1325 2317 atquc
1364 2232 1727 2317 pontificeS,
1764 2240 1834 2295 ut
1871 2233 2112 2297 dictum
2151 2239 2247 2294 est
2285 2231 2417 2313 ple-

925 2335 1069 2398 nius
1119 2335 1184 2396 in
1233 2333 1629 2416 expositione
1677 2331 2118 2413 superiorum3
2166 2341 2227 2392 et
2267 2331 2416 2391 veni

922 2435 998 2497 ad
1047 2453 1149 2496 me
1197 2432 1512 2515 spirituali
1563 2450 1820 2494 accessu
1871 2449 1984 2512 per
2034 2429 2415 2512 promptitu-

919 2533 1136 2595 dinem
1175 2532 1406 2608 cordis,
1443 2542 1515 2593 ut
1547 2533 1804 2591 mittam
1849 2539 1905 2590 te
1937 2533 2026 2588 ad
2054 2531 2194 2590 Isai
2223 2529 2413 2589 Beth.-

2536 1539 2797 1604 l'eratur.
2834 1547 2917 1605 Ec
2960 1549 3211 1606 vocabis
3250 1549 3391 1607 Isai
3428 1551 3515 1608 ad
3554 1550 3903 1621 victimam,
3936 1559 3995 1611 ut

2533 1641 2671 1722 ipse
2698 1650 2762 1704 et
2795 1642 2919 1704 filii
2958 1643 3098 1725 ejus
3130 1644 3429 1708 intersint
3456 1645 3787 1723 oblationi,
3818 1659 3875 1708 et
3902 1669 3997 1726 eqo

2529 1744 2860 1803 ostendam
2890 1744 3009 1803 tibi
3036 1746 3201 1822 quid
3226 1747 3462 1821 faciae,
3491 1755 3551 1806 et
3580 1767 3779 1823 unyes
3804 1767 3997 1826 quem-

2530 1859 2802 1919 cumque
2832 1853 3266 1903 monstravero
3300 1846 3437 1905 tibi.

2606 1941 2785 1999 Fecit
2824 1959 2971 2017 erqo
3014 1943 3285 2002 Samuel
3325 1944 3494 2002 sicut
3538 1946 3784 2004 locutus
3824 1948 3997 2004 estet·

2524 2039 2865 2099 Dominus.
2917 2041 3221 2120 Venitque
3252 2043 3325 2100 in
3363 2043 3750 2102 Bethlehem.
3784 2045 3868 2104 Et
3896 2046 3995 2103 ad-

2526 2138 2756 2197 mirati
2790 2147 2945 2198 sunt
2982 2141 3257 2198 seniores
3295 2141 3582 2200 civitatis
3620 2139 3988 2216 Bethlehem,

2523 2233 2602 2296 de
2635 2233 2755 2297 hoc
2786 2236 2959 2316 quod
2992 2235 3242 2299 Samuel
3288 2237 3464 2301 venit
3500 2237 3579 2299 ad
3618 2256 3749 2314 eos,
3788 2259 3993 2299 occur-

2522 2343 2729 2393 rentes
2768 2337 2831 2393 ei
2872 2353 3017 2397 cum
3064 2335 3438 2398 reverentia.
3482 2335 3865 2399 Mirabantur
3902 2357 3993 2398 au·

2522 2438 2672 2507 tem,
2691 2439 2826 2494 tum
2854 2433 3159 2514 quoniam
3190 2433 3472 2497 solitarie
3503 2434 3700 2512 venit,
3725 2444 3831 2498 aut
3859 2455 3989 2499 cum

2520 2530 2946 2611 paucissimiS‚
2997 2541 3132 2594 tum
3177 2532 3483 2614 quoniam
3542 2552 3683 2596 raro
3743 2543 3989 2597 venerat

923 2634 1302 2702 lehemicem,
1335 2631 1457 2693 hoc
1496 2639 1592 2692 est
1635 2628 1842 2691 civem
1887 2635 1951 2690 et
1989 2626 2408 2689 habitatorem
2442 2623 2486 2684 B
2520 2629 2695 2692 illuc.
2729 2630 3057 2712 Siquidem
3103 2641 3357 2694 sanctus
3404 2637 3466 2694 et.
3504 2651 3699 2695 senex
3732 2633 3989 2715 Prophe—

918 2730 1138 2812 oppidi
1187 2728 1576 2792 Bethlehem.
1630 2725 1935 2807 Superius
1995 2725 2238 2787 dictum
2288 2732 2403 2800 est,

622 2845 763 2902 meu.
785 2862 826 2900 x,
849 2852 886 2893 ι.
917 2831 1090 2911 quod
1123 2827 1372 2892 Samuel
1405 2826 1588 2890 unxit
1609 2824 1859 2888 Saulem
1890 2825 2031 2887 oleo
2062 2823 2405 2898 lenticulae,

913 2947 1058 3009 quae
1087 2935 1184 2990 est
1214 2946 1322 2990 vas
1364 2924 1568 2988 fictile
1601 2944 1614 2988 ε
1646 2926 1822 3007 >quod
1855 2923 2120 3005 mystice
2163 2921 2401 2986 factum

913 3025 1187 3102 videtur,
1222 3026 1300 3089 ad
1341 3022 1880 3106 praefigurandum
1924 3020 2405 3084 instabilitatem

911 3134 974 3189 et
1004 3124 1410 3209 fragilitatem
1442 3122 1620 3204 regni
1647 3122 1819 3186 Saul.
1840 3121 2036 3184 David
2066 3139 2220 3183 vero
2252 3118 2405 3200 ungi

907 3222 1168 3305 jubetur
1196 3206 1336 3287 oleo
1373 3241 1595 3298 cornu,
1629 3223 1707 3285 ad
1748 3219 2265 3303 praesignandum
2307 3237 2401 3281 re-

907 3322 1018 3402 gni
1067 3322 1166 3384 sui
1224 3322 1630 3397 soliditatem,
1683 3320 1990 3402 quoniam
2041 3336 2241 3381 cornu
2294 3336 2404 3381 vas

911 3420 1183 3484 solidum
1235 3429 1350 3483 est.
1402 3419 1624 3483 Oleum
1677 3427 1887 3481 tamen
1939 3417 2062 3480 ruit
2099 3416 2398 3497 *ejusdem

909 3519 1166 3601 speciei,
1202 3518 1354 3602 quia
1393 3519 1459 3581 in
1505 3517 1793 3600 utrisque
1833 3517 1956 3579 fuit
1999 3516 2220 3582 eadem
2262 3534 2404 3596 spe-

908 3620 1006 3682 cie
1042 3619 1318 3699 dignitas
1358 3618 1552 3699 regia.
1595 3618 1877 3679 Provida·
1910 3618 2086 3676 enim
2125 3616 2197 3675 in
2237 3616 2402 3691 filiis

905 3720 1046 3794 ejus
1073 3719 1240 3779 mihi
1269 3737 1502 3795 reyem.
1537 3718 1622 3777 Ει
1651 3717 1748 3776 ait
1779 3718 2048 3777 Samuel
2079 3734 2101 3772 .·
2137 3718 2403 3783 Quomo-

2519 2737 2584 2791 ta
2630 2748 2756 2793 non
2804 2729 3138 2792 consuevit
3180 2748 3506 2811 quoquam
3550 2749 3837 2812 pergere,
3876 2731 3987 2792 nisi

2516 2847 2593 2889 ex
2621 2829 2819 2890 ardua
2847 2846 3059 2890 causa.
3082 2830 3533 2908 Dioeeruntque
3556 2848 3579 2890 .·
3599 2833 3989 2908 Pacificastae

2515 2935 2604 2986 est
2648 2929 2969 3004 inyressus
3020 2931 3218 2988 tuus?
3260 2927 3389 2990 Hoc
3431 2926 3985 3008 interrogaverunt,

2517 3024 2811 3087 timentes
2845 3044 2925 3088 ne
2954 3044 3099 3087 eum
3132 3025 3561 3107 suscipiende,
3594 3024 3987 3090 offenderent

2515 3142 2726 3203 regem
2756 3143 2950 3205 quem
2982 3122 3267 3189 sciebant
3296 3142 3424 3187 non
3456 3124 3621 3188 bene
3658 3133 3825 3188 stare
3852 3144 3985 3188 cum

2516 3221 2957 3285 Samuelc.Vel
2981 3222 3347 3285 metuebant
3374 3224 3546 3303 quod
3575 3224 3807 3285 missus
3836 3232 3987 3287 esset

2514 3340 2551 3383 a
2580 3321 2705 3384 Deo
2732 3321 2833 3385 vel
2872 3341 2909 3384 a
2948 3339 3113 3401 rege,
3148 3322 3225 3385 ad
3269 3322 3728 3404 increpandum
3778 3321 3879 3386 vel
3914 3323 3983 3385 ad

2514 3420 3021 3484 denuntiandum
3049 3421 3335 3485 adversa.
3370 3424 3455 3483 Ec
3484 3424 3625 3483 ait:
3642 3424 3982 3500 Pacificas.

2512 3519 2699 3593 Quasi
2743 3519 2913 3582 dicat
2956 3536 2969 3580 ε
3010 3519 3146 3582 Non
3190 3519 3481 3583 imminet
3525 3519 3707 3583 vobis
3752 3520 3986 3603 pericu·

2512 3616 2646 3679 lum
2694 3637 2769 3681 ex
2820 3636 2961 3681 meo
3019 3619 3318 3681 adventu.
3370 3620 3478 3680 Ad
3524 3621 3985 3681 immolandum

2510 3719 2787 3777 Domino
2838 3719 3006 3777 veni.
3052 3718 3608 3795 Sanctificamini,
3654 3716 3717 3779 id
3758 3727 3876 3793 est,
3913 3718 3983 3781 ad

903 3820 986 3877 do
1035 3819 1324 3877 vadam?
1367 3814 1780 3896 quasi‘dicat,
1822 3812 2255 3875 Periculosum
2302 3818 2397 3873 est
2428 3809 2472 3872 C
2509 3814 2910 3877 devotionem
2960 3812 3303 3896 specialem
3343 3832 3456 3877 vos
3500 3824 3848 3896 praeparate
3882 3832 3985 3897 per

903 3916 1062 3977 mihi
1091 3916 1252 3977 hanc
1283 3914 1545 3996 exsequi
1575 3911 1951 3994 jussionem,
1991 3912 2115 3972 nisi
2155 3918 2219 3972 tu
2255 3929 2401 3992 pro-

903 4014 1161 4089 videriS,
1215 4022 1276 4076 et
1323 4019 1778 4092 congruentem
1829 4010 1989 4072 milii
2039 4008 2395 4073 ostenderis

904 4112 1186 4175 modum.
1233 4114 1478 4173 Audiet
1511 4112 1682 4171 enim
1733 4114 1922 4181 Saul,
1969 4108 2141 4190 quod
2189 4108 2388 4170 alium

907 4209 1197 4272 unxerim
1245 4226 1479 4288 regem,
1523 4217 1582 4269 ec
1627 4208 1970 4285 interficiet
2009 4226 2127 4279 me,
2165 4204 2289 4268 nisi
2329 4214 2397 4267 tu

903 4308 1251 4389 protexeris
1283 4324 1406 4370 me.
1438 4307 1566 4370 Hoc
1597 4304 1848 4368 Samuel
1880 4304 2062 4380 dixit,
2099 4323 2228 4367 non
2270 4302 2395 4365 dif-

900 4405 1177 4468 fidenter
1219 4414 1328 4469 aut
1369 4413 1605 4468 temere
1649 4404 2010 4479 asserendO,
2061 4410 2170 4465 aut
2220 4421 2387 4466 mor-

2508 3911 2847 3987 orationeS‚
2882 3913 3153 3978 vestium
3197 3911 3492 3988 lotioneS,
3534 3912 3979 3989 continentiam

2507 4028 2546 4071 a
2574 4009 2977 4091 conjugibuS,
3008 4019 3117 4073 aut
3145 4009 3341 4073 simili
3374 4010 3561 4073 modo
3589 4020 3893 4073 consueto
3924 4011 3981 4071 in

2506 4108 2677 4189 legc3
2710 4120 2770 4170 et
2800 4111 3011 4169 venite
3040 4129 3306 4181 meeum,
3334 4118 3407 4169 ut
3438 4111 3763 4171 immolem
3794 4109 3859 4171 in
3890 4128 3983 4171 exv

2505 4206 2676 4271 celso
2720 4224 2733 4267 :
2774 4207 2946 4289 quod
2989 4206 3171 4270 licuit
3215 4206 3514 4284 Samueli,
3562 4208 3857 4288 quamvis
3894 4226 3983 4269 sa-

2504 4306 2727 4369 cerdos
2770 4324 2898 4369 non
2942 4304 3159 4381 fuerit,
3196 4306 3306 4368 sed
3344 4304 3583 4382 Levita,
3619 4325 3699 4368 ex
3736 4306 3981 4388 dispen-

2504 4404 2747 4467 satione
2786 4404 3023 4467 divina.
3058 4407 3513 4481 Sanctificavit
3550 4425 3696 4481 eryo
3738 4403 3979 4467 Samuel

897 4513 1026 4569 tem
1055 4504 1380 4588 superflue
1421 4502 1845 4579 formidando,
1881 4503 1991 4565 sed
2035 4503 2387 4583 prudenter
2500 4506 2641 4564 Isai
2676 4514 2735 4564 ec
2772 4506 2945 4582 filios
2986 4505 3154 4581 ejus,
3192 4502 3628 4583 adspergendo
3676 4521 3785 4566 eos
3824 4522 3981 4585 aqua

895 4603 1317 4685 conjiciendo,
1336 4602 1490 4685 quia
1509 4599 1839 4684 probabile
1869 4608 2004 4664 erat
2034 4602 2385 4663 secundum
2499 4601 2915 4679 lustrationiS,
2939 4610 3006 4664 et
3034 4602 3273 4665 orando
3308 4620 3423 4682 pro
3454 4600 3634 4683 ipsiS,
3661 4603 3983 4665 exhortan-

895 4703 1239 4767 humanam
1269 4702 1864 4777 considerationem,
1898 4701 2070 4781 quod
2113 4699 2204 4763 sic
2244 4718 2389 4763 eve·
2496 4702 2577 4764 do
2620 4721 2727 4764 eos
2771 4703 2849 4764 ad
2891 4701 3316 4775 devotionem,
3364 4710 3424 4761 et
3464 4704 3714 4761 vocavit
3758 4722 3859 4761 eos
3900 4704 3981 4763 ad

895 4802 1082 4865 niret.
1131 4806 1212 4865 Ec
1254 4804 1353 4862 ait
1393 4804 1712 4863 Dominus
1751 4821 1774 4859 .·
1820 4803 2115 4861 Vitulum
2155 4803 2237 4859 de
2282 4821 2389 4860 ar·
2492 4802 2914 4877 sacrificium,
2948 4800 3120 4881 quod
3164 4807 3228 4861 et
3266 4816 3381 4880 pro
3422 4797 3577 4880 ipsis
3618 4799 3981 4881 specialiter

896 4910 1104 4964 mento
1149 4905 1322 4962 colles
1369 4902 1440 4960 in
1491 4920 1694 4961 manu
1741 4910 1876 4970 tua,
1921 4898 1984 4960 id
2027 4906 2124 4961 est
2169 4906 2377 4961 tecum

2496 4898 2871 4961 immolavit.

897 5002 1112 5076 duceS,
1145 5010 1204 5060 ec
1233 5001 1402 5059 dices
1423 5016 1446 5058 .·
1467 5000 1575 5059 Ad
1602 5000 2078 5058 immolandum
2110 4998 2385 5058 Domino
2416 4996 2465 5059 D
2578 5000 2913 5077 Quumque
2931 4997 3208 5073 ingressi
3222 5006 3423 5056 essent
3452 4994 3567 5057 lsai
3599 5003 3664 5058 et
3694 4994 3823 5058 filii
3846 4997 3979 5077 ejus

898 5102 1068 5161 veni.·
1091 5100 1215 5162 Hoc
1238 5098 1324 5161 ita
1352 5105 1508 5160 erat.
1530 5096 1670 5158 Fuit
1703 5104 1915 5159 tamen
1947 5104 2009 5158 et
2039 5094 2166 5158 alia
2195 5114 2387 5158 causa
2496 5115 2707 5159 coram
2738 5096 2941 5172 altari,
2978 5105 3048 5157 ut
3077 5095 3337 5177 quidam
3369 5102 3722 5176 exponunt,
3747 5094 3851 5159 vel
3878 5113 3979 5177 po-

899 5196 1333 5281 principalior,
1353 5214 1547 5278 quam
1574 5202 1757 5258 caute
1788 5194 2115 5257 subticuit.
2140 5194 2389 5257 Veritas
2498 5196 2622 5257 tius
2654 5195 2863 5258 locum
2907 5202 3221 5257 secretum
3265 5192 3328 5255 in
3370 5193 3557 5255 domo
3606 5192 3748 5271 lsai,
3786 5202 3855 5255 ut
3893 5192 3979 5256 ibi

896 5297 1138 5380 quippe
1168 5294 1488 5357 interdum
1512 5291 1972 5355 rationabiliter
2003 5292 2383 5370 occultatur,

2499 5293 2687 5357 fieret
2728 5292 2945 5356 unctio
2990 5293 3155 5373 regis
3201 5292 3469 5369 occulte,
3513 5292 3683 5352 vidit
3728 5292 3973 5356 Samuel
