4359 6250
923 490 1044 552 512
1455 504 1800 550 ansanum
1845 504 1904 548 m
1947 503 2084 548 car.
2133 499 2243 550 xm
2286 498 2443 544 uam
2486 499 2739 544 saeuum
2780 501 3004 548 neuun.
3050 521 3128 532 -
3172 501 3313 547 aar.
3360 501 3489 548 xxu

923 677 1094 739 tione
1125 685 1188 739 et
1217 675 1360 738 aliis
1391 675 1600 738 causis
1631 674 1837 756 potuit
1869 693 2008 736 esse
2039 675 2118 737 ad
2143 673 2414 755 pruden-
2444 669 2495 730 A
2524 675 2607 733 lis
2642 676 2804 752 ejus,
2850 677 3022 736 coxit
3068 676 3589 735 sorbitiunculas.
3640 675 4045 750 Tollensqzoe

923 774 1074 836 tiam
1107 792 1320 836 veram
1353 773 1724 854 disposituS,
1751 773 2159 854 prudensque
2194 770 2339 846 fuit,
2358 770 2411 832 si

921 873 1179 954 quando
1205 871 1331 933 fuit
1361 871 1704 934 virtuosus,
1725 870 2006 934 Jonadab
2037 869 2178 946 iste,
2216 869 2283 931 in
2312 869 2412 933 Jo-

923 971 1120 1053 sepho
1161 971 1472 1034 Jonathan
1516 969 1897 1052 appellatur.
1935 973 2061 1039 Qui
2098 971 2277 1029 dixit
2326 973 2414 1028 ad

919 1091 1068 1131 cum
1085 1091 1108 1130 :
1127 1073 1338 1138 Quare
1355 1071 1448 1129 sic
1477 1071 1839 1130 attenuaris
1861 1070 2084 1140 macie,
2099 1071 2207 1145 fili
2225 1070 2409 1144 reyis,

910 1189 1033 1245 per
1060 1170 1350 1245 sinqulos
1391 1170 1579 1228 dies?
1611 1175 1912 1248 tanquam
1951 1166 2122 1229 dicat
2157 1183 2170 1226 :
2205 1165 2409 1239 Quum

921 1266 1009 1327 sis
1054 1265 1512 1348 primogenitus
1547 1264 1706 1326 tanti
1747 1263 1934 1343 regiS,
1981 1273 2046 1326 et
2087 1283 2413 1326 successu-

922 1383 1030 1426 rus
1061 1364 1118 1426 ei
1152 1363 1216 1425 in
1260 1381 1475 1444 regno,
1511 1362 1738 1426 merito
1778 1381 1949 1425 esses
1977 1362 2300 1443 jucundus
2338 1381 2411 1424 ac

923 1461 1184 1525 florens,
1213 1466 1345 1523 Cur
1373 1483 1500 1523 non
1533 1463 1786 1522 indicas
1819 1463 1986 1522 milei
2006 1463 2036 1521 ἒ
2065 1479 2265 1542 quum
2288 1460 2409 1522 sim

919 1560 1039 1622 tibi
1071 1559 1408 1622 familiaris
1439 1567 1500 1622 et
1529 1558 1746 1621 fidelis
1777 1559 2018 1621 amicus
2055 1575 2069 1620 ε
2103 1567 2168 1621 et
2200 1567 2409 1621 tamen

922 1677 1141 1721 revera
1161 1677 1286 1721 non
1311 1657 1433 1720 suit
1455 1677 1639 1720 verus
1661 1657 2082 1738 amieuS,quia
2100 1659 2199 1737 (ut
2218 1655 2409 1719 etiam

883 1744 894 1752 ’
920 1756 1164 1819 Tullius
1196 1757 1605 1838 protestatur)
1634 1754 1947 1837 quidquid
1978 1755 2403 1818 contrariatur

2522 775 2692 850 quod
2720 782 3000 844 coa-erat,
3018 774 3251 850 effudit
3280 771 3347 833 in
3376 769 3703 833 scutellam
3736 789 3863 832 sen
3884 787 4037 841 vaS,

2520 879 2580 928 et
2602 874 2822 946 posuit
2849 892 3065 931 coram
3084 892 3181 941 ec,
3200 881 3261 932 et
3290 872 3499 930 noluit
3526 871 3881 930 comedere.
3910 869 4041 928 Di-

2519 969 2745 1047 oeitque
2786 972 3047 1030 Amnon
3089 991 3111 1028 .·
3146 971 3381 1047 Efficite
3431 969 3757 1028 universos
3802 989 3847 1027 a
3896 987 4035 1025 me.

2526 1069 2858 1147 Quumque
2900 1070 3224 1145 ejecissent
3262 1088 3497 1139 omnes,
3529 1068 3703 1127 dixu
3744 1068 4035 1127 Amnon

2518 1168 2607 1225 ad
2642 1169 2923 1228 Thamar
2952 1187 2975 1226 .·
3005 1169 3195 1244 Infer
3230 1169 3443 1228 cibum
3474 1167 3547 1226 in
3590 1167 3917 1235 conclavi,
3960 1172 4035 1224 ut

2522 1263 2586 1324 in
2618 1262 2759 1327 loco
2790 1264 2901 1327 illo
2946 1275 3188 1328 secreto
3224 1274 3374 1347 apto
3404 1263 3671 1328 facinori
3708 1261 3905 1326 fruar
3936 1271 4027 1336 te,

2523 1373 2593 1423 ut
2624 1384 2839 1424 vescar
2866 1367 2945 1424 de
2973 1385 3175 1425 manu
3200 1375 3334 1426 tua.
3358 1367 3530 1424 Tulit
3556 1382 3700 1440 erqo
3725 1363 4033 1422 Thamar

2518 1462 3021 1521 sorbitiunculas
3050 1482 3213 1539 quas
3248 1462 3511 1538 fecerat,
3548 1470 3607 1520 et
3648 1461 3885 1520 attulit
3930 1460 4033 1518 ad

2520 1561 2776 1620 Amnon
2805 1560 3083 1636 fratrem
3108 1581 3305 1620 suum
3332 1561 3406 1620 in
3432 1559 3741 1620 conclavi.
3776 1560 4031 1626 Quum·

2518 1677 2639 1735 que
2666 1659 2989 1719 obtulisset
3010 1660 3119 1718 illi
3136 1661 3375 1728 cibum,
3390 1658 3821 1736 apprehendit
3840 1677 4025 1726 eam,

2518 1765 2577 1814 et
2606 1757 2702 1815 ait
2731 1777 2753 1814 .·
2788 1757 2961 1816 Cuba
2994 1778 3267 1826 meeum,
3298 1775 3475 1818 soror
3516 1775 3673 1815 mea.
3710 1753 4025 1817 Sororem

917 1854 1160 1932 virtuti,
1197 1863 1505 1936 repugnat
1543 1862 1606 1916 et
1645 1853 1965 1916 amicitiae.
1999 1857 2315 1933 Dixitque
2344 1855 2407 1912 ei
2444 1847 2492 1909 B
2520 1862 2723 1929 vocat,
2758 1872 2839 1916 ne
2869 1853 2980 1917 illa
3018 1855 3225 1918 scelus
3257 1854 3589 1936 percipiat,
3616 1862 3679 1916 et
3704 1870 4023 1916 amoroso

917 1959 1174 2017 Amnon
1199 1975 1220 2013 .·
1247 1955 1529 2015 Thamar
1557 1973 1836 2014 sororem
1862 1953 2098 2029 fratris
2132 1955 2258 2012 mei
2286 1954 2407 2013 Ab·

913 2057 1095 2114 salon
1127 2073 1293 2124 am0,
1319 2053 1384 2113 in
1417 2060 1686 2128 tantum,
1710 2051 1882 2132 quod
1907 2069 1984 2114 ex
2013 2050 2247 2114 amoris
2282 2069 2407 2112 ma·

915 2150 1250 2232 gnitudine
1269 2159 1332 2212 et
1351 2149 1725 2213 alteratione
1745 2149 2058 2231 corporali
2082 2149 2405 2213 excessiva

917 2248 1092 2312 illam
1136 2257 1440 2330 sequente
1479 2257 1733 2327 aegroto,
1778 2267 1896 2310 nec
1943 2248 2130 2310 edere
2167 2248 2349 2312 valeo
2386 2265 2399 2308 :

915 2347 1135 2429 sicque
1167 2346 1368 2428 pallor
1399 2356 1462 2410 et
1491 2346 1722 2409 macies
1755 2347 1937 2427 signa
1965 2355 2114 2408 sunt
2142 2345 2399 2409 amoriS.

920 2448 1041 2506 Cui
1061 2447 1386 2522 respondit
1403 2447 1696 2506 Jonadab
1718 2466 1739 2504 .·
1765 2447 1936 2506 Cuba
1953 2465 2146 2523 super
2169 2449 2403 2506 lectum

919 2555 1124 2615 tuum,
1175 2553 1234 2604 et
1284 2548 1660 2620 tanqum-em
1704 2545 1973 2614 simula,
2022 2543 2251 2620 alium,
2308 2543 2405 2605 in-

913 2661 1129 2723 quam,
1157 2641 1523 2720 languorem
1555 2661 1747 2724 quam
1777 2660 1925 2704 eum
1954 2661 2146 2723 quem
2180 2642 2397 2705 habes,

917 2743 1255 2821 Quumque
1285 2743 1531 2801 venerit
1557 2751 1746 2818 pater
1783 2751 1932 2801 tuus
1971 2751 2043 2801 ul
2080 2743 2287 2802 visitet
2320 2753 2400 2811 te,

912 2842 1022 2898 dic
1047 2841 1152 2899 ei:
1191 2841 1438 2910 Veniat,
1467 2859 1599 2910 oro,
1635 2842 1912 2899 Thamar
1931 2860 2110 2899 soror
2133 2861 2297 2909 mea,
2328 2850 2402 2900 ut

911 2940 1016 2998 det
1065 2939 1232 2998 milti
1273 2939 1484 2997 cibum
1527 2947 1586 2997 et
1628 2939 1837 3015 faciat
1868 2941 2309 3014 pulmentum,
2341 2948 2401 2998 et

911 3039 1238 3096 comedam
1262 3039 1342 3096 de
1372 3057 1576 3097 manu
1605 3037 1766 3113 ejus.

2518 1952 2775 2016 nomine
2819 1954 2897 2015 ad
2942 1972 3326 2016 consensum
3372 1953 3673 2014 trahatur.
3710 1955 3875 2021 Quoe
3928 1973 4029 2010 re-

2514 2053 2826 2128 spondit:
2860 2054 3036 2123 Noli,
3082 2052 3292 2127 frater
3333 2054 3443 2112 mi.
3492 2050 3771 2112 Fratrem
3816 2067 4017 2124 suum

2517 2157 2719 2224 vocat,
2757 2157 2827 2211 ut
2856 2157 3045 2213 tantae
3075 2149 3573 2232 propinquitatis
3602 2147 3869 2211 nomine
3902 2167 4023 2211 au-

2516 2245 2671 2322 dito,
2721 2247 3146 2311 retraheretur
3187 2267 3226 2310 a
3264 2247 3556 2310 crimine.
3591 2248 3749 2308 Noli
3792 2249 4025 2324 oppri-

2516 2365 2684 2405 mere
2714 2367 2832 2418 me,
2865 2366 3065 2429 quum
3106 2346 3297 2408 etiam
3329 2346 3599 2409 alienam
3638 2345 4019 2426 opprimere

2515 2443 2597 2505 sit
2630 2443 2946 2526 iniquum.
2974 2449 3194 2526 Neque
3221 2447 3397 2506 enim
3416 2449 3531 2505 hoc
3556 2447 3687 2520 fas,
3710 2443 3776 2506 id
3808 2451 3911 2506 aet
3942 2443 4019 2506 li-

2514 2542 2736 2619 citum,
2768 2554 2859 2604 est
2890 2547 2961 2605 in.
3001 2547 3230 2616 Israel,
3264 2543 3383 2606 hoc
3412 2551 3529 2618 est,
3565 2541 3715 2623 quia
3758 2541 3829 2602 in
3860 2541 4013 2622 lege

2515 2640 2908 2721 prohibitum
2938 2651 3035 2705 est
3065 2641 3183 2703 sub
3215 2660 3407 2722 poena
3436 2640 3678 2704 mortis.
3718 2641 3875 2700 Noli
3902 2642 4011 2718 fa·
4040 2665 4287 2710 10³2,st

2512 2759 2647 2798 cere
2674 2743 3026 2802 stultitiam
3058 2742 3247 2812 hanc,
3282 2740 3400 2803 hoc
3429 2747 3525 2802 est
3556 2757 3715 2820 opus
3750 2747 3881 2800 tam
3919 2739 4010 2800 ir-

2512 2836 2888 2900 rationabile
2908 2845 2971 2900 et
2990 2837 3254 2912 brutale,
3278 2837 3343 2898 in
3374 2855 3503 2919 quo
3524 2835 3681 2899 ratio
3700 2845 3761 2899 et
3784 2837 4007 2898 omnis

2511 2935 2823 3015 sapientia
2840 2934 3112 2998 maxime
3132 2937 3569 2998 absorbentur.
3590 2935 3825 3016 Estque
3844 2935 4009 2996 stul·

2432 3025 2478 3090 C
2510 3032 2826 3097 tissimum
2869 3034 3079 3097 taliter
3116 3034 3290 3100 vinei
3327 3033 3616 3096 libidine.
3646 3036 3785 3110 Eyo
3816 3036 4005 3094 enim

991 3136 1431 3213 Accubuitque
1472 3138 1734 3196 Amnon
1771 3144 1831 3194 et
1867 3136 2058 3214 quasi
2090 3146 2401 3213 oeyrotarc
2506 3134 2679 3210 ferre
2722 3156 2853 3195 non
2884 3144 3100 3213 potero
3138 3136 3555 3214 opprobrium
3596 3154 3830 3205 meum,
3874 3132 4003 3197 hoc

910 3234 1119 3310 coepit.
1155 3236 1490 3313 Quumque
1530 3235 1798 3293 venisset
1837 3253 1954 3293 rex
1997 3236 2086 3294 ad
2129 3236 2401 3295 visitan-

909 3332 1069 3391 dum
1095 3351 1264 3402 eum,
1299 3334 1395 3391 ait
1423 3334 1682 3393 Amnon
1711 3334 1799 3391 ad
1827 3352 2061 3408 reqem,
2099 3332 2212 3413 qui
2246 3332 2399 3395 visi-

913 3428 1071 3491 tavit
1111 3428 1359 3491 Amnon
1401 3430 1717 3510 jacentem
1759 3429 1824 3491 in
1868 3428 2035 3493 lecto
2079 3447 2092 3491 ε
2147 3433 2397 3505 Veniat,

911 3529 1188 3597 obsec-m,
1240 3530 1521 3589 Thamar
1567 3548 1743 3589 soror
1791 3550 1953 3589 mea.
2003 3528 2256 3593 Amnon
2306 3529 2400 3593 lo-

909 3643 1113 3706 quens
1158 3625 1236 3688 ad
1275 3624 1577 3702 Jonadab,
1622 3624 1802 3701 dixit,
1847 3626 2137 3689 Sororem
2178 3627 2394 3691 fratris

912 3723 1060 3799 mei,
1096 3741 1246 3800 non,
1281 3722 1568 3786 Sororem
1601 3742 1830 3800 meam,
1854 3742 1997 3786 amo
2035 3742 2049 3785 :
2080 3734 2395 3806 quatenus

905 3820 1185 3884 Jonadab
1225 3820 1437 3883 minus
1480 3821 1850 3885 ahhorreret
1888 3821 2070 3885 illum
2113 3842 2393 3888 amorem

911 3926 1036 3981 tam
1069 3918 1504 3982 libidinosum.
1541 3919 1660 3981 Sed
1699 3919 1968 4001 loquens
1999 3921 2078 3983 ad
2123 3930 2391 4002 patrem,

908 4017 1155 4095 Veniat,
1182 4017 1410 4099 inquit,
1436 4035 1613 4081 soror
1642 4037 1782 4081 mea
1803 4026 1906 4079 :ut
1939 4036 2046 4081 rex
2064 4020 2279 4083 minus
2304 4041 2400 4083 su-

2508 3240 2623 3309 est,
2662 3240 2788 3295 tam
2834 3233 3322 3313 ignominiosam
3366 3232 3493 3295 mei
3536 3232 4005 3313 constupratio-

2509 3349 2678 3407 nem,
2705 3350 2823 3393 nec
2850 3331 3171 3395 occultare
3202 3341 3444 3414 potere,
3481 3350 3597 3394 nec
3627 3328 4007 3412 aequanimi-

2508 3436 2604 3491 ter
2634 3428 2925 3493 tolerare.
2960 3432 3047 3491 Et
3080 3440 3149 3491 tu
3192 3432 3319 3490 eris
3360 3432 3551 3508 quasi
3593 3450 3762 3489 unus
3788 3432 3868 3489 de
3898 3430 4010 3487 in—

2506 3528 2887 3604 sipientibus
2936 3530 3009 3589 in
3052 3532 3279 3600 Israel,
3324 3528 3451 3590 hoc
3489 3536 3606 3603 est,
3640 3524 4003 3587 diffamiam

2510 3642 2801 3704 magnam
2824 3626 3131 3703 incurreS,
3156 3634 3221 3689 et
3240 3624 3633 3708 reputaberis
3656 3624 3872 3686 fatuus
3892 3623 4009 3687 ho-

2510 3742 2635 3801 mo,
2671 3743 2869 3805 quum
2915 3732 3127 3788 tamen
3169 3733 3457 3806 oporteat
3499 3732 3561 3787 te
3598 3723 3781 3787 bonae
3814 3720 4007 3784 famae

2511 3822 2784 3899 studere,
2822 3832 2891 3885 ut
2932 3823 3139 3905 possis
3186 3823 3348 3905 patri
3389 3832 3496 3886 tuo
3527 3822 3593 3884 in
3638 3820 4005 3904 principatu

2509 3920 2867 3983 succedere.
2900 3920 3113 3998 Porro,
3147 3922 3320 4004 quod
3349 3920 3458 3997 ait,
3482 3920 3692 3995 Quasi,
3715 3918 3871 3981 dicit
3890 3918 4001 3981 hic

2506 4020 2853 4095 veritatem,
2869 4038 2997 4083 non
3016 4019 3503 4083 similitudinem
3528 4026 3795 4081 tantum.
3812 4020 3911 4086 Qu
3923 4020 3999 4077 in

907 4114 1258 4197 spicat-etur
1288 4115 1533 4197 aliquid
1562 4116 1736 4179 mali.
1759 4120 1843 4178 Et
1861 4118 2069 4194 faciat
2100 4120 2170 4178 in
2196 4122 2396 4181 oculis
2502 4120 2718 4193 potius
2760 4123 3015 4198 loquere
3053 4122 3140 4179 ad
3188 4138 3418 4195 reqem,
3449 4128 3509 4179 et
3556 4137 3683 4178 non
3734 4117 3999 4194 neyabit

908 4216 1088 4287 meis,
1121 4223 1339 4294 utpote
1369 4232 1472 4277 me
1510 4223 1840 4296 praesente‚
1877 4223 1946 4277 ut
1969 4234 2108 4278 eam
2147 4214 2397 4279 intuen-
2426 4218 2476 4279 D
2508 4238 2605 4277 me
2634 4219 2752 4278 tibi
2780 4218 2931 4282 dare
2962 4218 3026 4280 in
3066 4218 3425 4299 conjugem.

907 4313 989 4376 do
1021 4313 1112 4375 sic
1135 4322 1506 4395 occupatam
1535 4314 1832 4391 delecter,
1851 4318 2018 4375 duas
2047 4317 2397 4377 sorbitiun-

905 4416 1105 4484 culas,
1127 4411 1190 4474 id
1219 4420 1316 4474 est
1346 4412 1675 4493 pulmenta
1699 4420 1846 4494 apta
1875 4413 1952 4475 ad
1973 4412 2388 4491 glutiendum.

908 4510 1144 4572 Tamen
1201 4518 1272 4572 ut
1314 4509 1626 4592 Josephus
1677 4510 1929 4587 scribit,
1981 4520 2160 4573 erant
2212 4510 2391 4576 frixae

639 4620 674 4665 ιι
689 4622 802 4676 nea·
819 4633 877 4673 vn,
906 4607 1229 4690 collyridae
1249 4626 1262 4671 :
1282 4627 1426 4690 quae
1454 4609 1611 4691 quid
1645 4608 1795 4687 sint,
1830 4628 2024 4691 supra
2053 4610 2281 4692 patuit.
2313 4615 2396 4673 Et

615 4688 681 4728 19.

907 4710 1120 4769 cibum
1159 4709 1415 4784 capiam
1455 4711 1534 4767 de
1581 4728 1785 4769 numu
1828 4710 1988 4786 eju-3.
2027 4710 2213 4769 Misit
2248 4730 2395 4787 erqo

906 4808 1127 4866 David
1165 4809 1252 4865 acl
1289 4808 1573 4867 Thamar
1599 4808 1886 4879 domum,
1921 4809 2138 4867 dicens
2168 4828 2191 4865 .·
2242 4810 2398 4869 Veni

907 4906 978 4964 in
1021 4908 1288 4965 domum
1327 4908 1588 4966 Amnon
1631 4908 1867 4985 fratris
1913 4907 2037 4975 tui,
2082 4916 2139 4966 et
2181 4907 2292 4983 fac
2333 4910 2397 4967 ei

894 5006 1333 5080 pulmentum.

2585 4314 2815 4378 Dicunt
2852 4316 3075 4399 aliqui,
3108 4317 3278 4398 quod
3325 4316 3519 4379 David
3563 4313 3633 4377 in
3676 4314 3849 4377 bello
3894 4332 4003 4377 ac-

2505 4411 2769 4493 quisivit
2818 4423 3083 4477 matrem
3132 4414 3315 4477 istius
3364 4414 3655 4489 Thamar,
3708 4420 3771 4475 et
3820 4412 3993 4492 quod

2505 4519 2706 4574 mater
2735 4512 2874 4594 ejus
2904 4522 3057 4576 tunc
3088 4510 3213 4575 fuit
3236 4530 3569 4594 praegnans
3600 4511 3719 4573 hac
3752 4509 3895 4571 filia
3912 4508 3999 4571 ab

2504 4609 2631 4672 alio
2662 4610 2821 4687 viro,
2855 4612 2947 4674 sic
2976 4611 3150 4693 quod
3181 4629 3309 4674 non
3355 4610 3481 4673 fuit
3509 4608 3817 4673 naturalis
3852 4607 3999 4671 filia

2506 4708 2725 4786 David,
2759 4718 2821 4772 et
2866 4728 2978 4792 per
3015 4728 3436 4792 consequenS,
3472 4728 3590 4773 nec
3621 4727 3770 4772 vera
3814 4716 4000 4770 natu-

2506 4807 2785 4889 ralisque
2814 4826 2993 4872 soror
3024 4808 3223 4891 ipsius
3254 4810 3524 4872 Amnon.
3562 4808 3680 4871 Sed
3710 4806 3831 4870 hoc
3862 4824 3995 4869 non

2503 4903 2756 4967 videtur
2802 4905 2999 4968 textui
3048 4907 3451 4983 concordare,
3503 4923 3620 4969 nec
3664 4904 3733 4967 in
3776 4902 3997 4984 aliqua

2504 5003 2866 5066 authentica
2906 5005 3219 5087 reperitur
3248 5004 3535 5068 historia.
3572 5004 3647 5065 Et
3691 5021 3886 5085 super
3914 5000 3997 5062 il-

2505 5102 3014 5181 ludGEzechieliS,
3046 5104 3259 5167 Frater
3300 5122 3579 5168 sororem
3618 5122 3798 5165 suam
3830 5101 3897 5163 in
3924 5110 3993 5163 te
4022 5128 4261 5173 emim

2504 5200 2733 5286 polluit
2764 5201 3031 5278 nefarie,
3050 5202 3474 5266 communiter
3505 5202 3727 5265 dicunt
3748 5199 3993 5282 exposi-
4026 5196 4091 5235 ¹¹·

2506 5304 2693 5378 toreS,
2726 5301 2897 5382 quod
2928 5300 3320 5383 intelligatur
3350 5302 3429 5365 de
3460 5301 3707 5365 Amnon
3740 5304 3802 5363 et
3830 5297 3989 5360 Tha-

989 5104 1294 5182 Venitque
1314 5106 1596 5165 Thamar
1621 5106 1689 5164 in
1709 5106 1971 5165 domum
1985 5106 2246 5166 Amnon
2264 5105 2396 5181 fra-

907 5202 1024 5260 tris
1065 5204 1192 5263 sui.
1233 5203 1358 5263 Ille
1394 5211 1612 5263 autem
1639 5204 1920 5280 jacebat.
1968 5205 2121 5270 Quae
2171 5208 2394 5265 tollens

902 5300 1222 5378 farinam,
1257 5301 1518 5362 miscuit
1537 5324 1566 5372 ,·
1592 5311 1652 5361 et
1689 5303 2116 5381 liquefaciens
2147 5304 2221 5363 in
2252 5322 2394 5362 ocu-
