4359 6250
150 4825 161 4867 Ι
174 4826 267 4882 aq.

1032 513 1380 559 mannum
1422 513 1483 558 IN
1526 513 1662 560 CAP.
1711 514 1731 558 1
1775 513 1933 558 unm
1974 513 2145 560 Pmm
2187 516 2411 562 amun.
2459 537 2541 546 —
2580 519 2722 564 ΛΒΤ.
2773 521 2792 564 Ι
3329 506 3448 568 255

352 681 419 741 in
470 689 645 742 textu
695 682 1027 746 evidenter
1070 681 1485 763 subjungitur
1531 700 1544 743 :
1598 684 1849 743 Mansit
1880 681 1927 744 A
1960 701 2199 746 annum
2237 702 2250 745 :
2284 686 2459 766 quod
2487 705 2614 750 non
2647 695 2743 749 est
2773 691 3149 769 putandum,
3186 692 3315 754 imo
3347 694 3450 754 ad-

349 798 499 855 eryo
530 783 873 850 multene!
902 782 1171 840 laetavit
1189 782 1411 856 filium
1440 801 1631 840 suum
1654 783 1851 840 donec

350 887 674 938 amoveret
700 899 851 938 eum
882 899 923 938 α
954 883 1115 938 lactc
1136 896 1161 938 .·
1180 879 1353 959 quod
1386 876 1729 940 manifeste
1762 877 1851 938 in-

352 975 775 1055 telligendum
797 977 1050 1041 videtur
1069 978 1148 1039 de
1178 978 1603 1041 ablactatione
1624 996 1661 1039 a
1690 977 1851 1039 lacte

351 1076 678 1151 mamillae,
699 1077 871 1157 quod
902 1076 1173 1157 ipsamet
1192 1077 1373 1139 Anna
1405 1075 1677 1158 praebuit
1712 1074 1851 1136 silio

352 1191 493 1236 suo.
528 1173 773 1236 Deinde
814 1175 993 1238 addit
1033 1175 1358 1257 Scriptura
1401 1194 1415 1238 ε
1451 1179 1535 1238 Ec
1566 1175 1851 1234 adduxit

348 1292 499 1332 acm
516 1293 745 1342 sec-um,
749 1284 1091 1352 postquam
1112 1277 1554 1335 ablactaverat.
1569 1271 1851 1353 Denique

352 1371 420 1430 in
454 1370 723 1434 historia
752 1373 833 1434 de
873 1372 1205 1435 nativitate
1234 1371 1516 1451 Virginis
1558 1370 1850 1452 gloriosae

352 1468 647 1546 habetur,
672 1471 846 1550 quod
890 1479 1185 1551 parentes
1225 1469 1429 1552 ipsius
1480 1488 1642 1544 eam,
1680 1487 1851 1531 com-

353 1566 527 1648 pleto
567 1586 682 1649 per
720 1568 1068 1631 triennium
1118 1567 1564 1632 ablactationis
1609 1574 1852 1648 tempo-

354 1683 443 1740 re,
478 1667 559 1728 ad
595 1666 901 1749 templum
933 1686 1077 1729 cum
1112 1666 1545 1730 oblationibus
1576 1667 1851 1728 adduxe-

354 1772 526 1838 runt,
562 1772 625 1828 et
656 1765 723 1827 in
756 1765 867 1829 illa
895 1773 1079 1828 aetate
1106 1766 1264 1828 dicit
1283 1785 1421 1828 eam
1454 1764 1850 1847 Epiphanius

1964 781 2085 844 huc
2117 783 2301 845 valde
2339 782 2594 864 juvenis
2629 784 2832 848 factus
2868 795 2964 849 est
2997 787 3190 868 judex
3226 789 3446 871 populi

1962 889 2023 941 et
2061 880 2391 962 propheta,
2425 890 2490 945 et
2523 883 2656 946 ibat
2695 885 2773 947 de
2807 886 2964 948 urbe
3006 885 3072 947 in
3103 887 3327 950 urbem
3359 897 3452 950 at-

1960 997 2085 1058 que
2116 980 2195 1041 ad
2227 980 2488 1058 bellum,
2523 990 2712 1064 prout
2740 1002 2926 1045 suum
2961 985 3325 1066 requirebat
3359 987 3450 1050 of-

1964 1077 2206 1140 ficium.
2226 1079 2430 1152 Quum
2461 1079 2694 1142 etenim
2723 1082 2849 1145 Deo
2878 1083 3215 1147 ordinante
3247 1085 3450 1150 factus

1961 1183 2057 1237 est
2090 1177 2283 1256 judex
2319 1178 2563 1260 populi,
2609 1198 2686 1241 ex
2716 1180 3192 1261 dispensatione
3231 1184 3453 1248 divina

1962 1274 2240 1354 perrexit
2277 1295 2314 1336 a
2355 1276 2763 1341 tabernaculo
2806 1279 2885 1341 ad
2932 1279 3070 1343 loca
3113 1287 3176 1342 et
3213 1283 3449 1364 oppida

1962 1381 2342 1453 opportuna,
2397 1383 2460 1438 et
2511 1376 2946 1439 revertebatur
2996 1378 3062 1439 in
3121 1379 3442 1459 Ramatha,
3503 1397 3647 1454 1309.
3663 1413 3733 1450 vu,

1962 1468 2071 1530 ubi
2102 1478 2165 1532 et
2196 1472 2422 1534 domus
2453 1473 2656 1554 ipsius
2687 1482 2842 1550 erat,
2877 1475 3314 1558 judicavitque
3339 1497 3448 1560 po-
3477 1463 3543 1504 ¹⁷·

1963 1567 2185 1648 pulum
2222 1568 2333 1645 ibi,
2365 1577 2434 1631 ut
2467 1569 2635 1632 infra
2673 1569 2889 1634 fertur.
2923 1573 3208 1655 Insuper,
3232 1595 3449 1657 quam·

1961 1665 2059 1727 vis
2098 1666 2328 1730 Levitae
2360 1668 2527 1730 ultra
2563 1669 3164 1751 quinquagesimum
3207 1692 3445 1738 annum

1962 1781 2089 1826 non
2120 1763 2438 1827 debebant
2478 1766 2718 1828 servire
2751 1767 2816 1828 in
2850 1768 3112 1850 templo,
3152 1768 3448 1836 faciendo
3520 1793 3655 1836 Num.
3682 1807 3738 1845 w,

354 1881 469 1943 per
508 1863 881 1944 quindecim
930 1863 1165 1943 gradus
1214 1864 1437 1944 templi
1487 1863 1850 1926 ascendisse
1884 1862 1929 1925 B
1960 1881 2153 1943 opera
2204 1862 2520 1926 laboriosa
2567 1864 2702 1926 sive
2751 1866 3012 1946 majora,
3064 1875 3133 1928 ut
3179 1867 3448 1932 habetur
3475 1856 3651 1909 ΜΨ·

352 1967 481 2022 tam
532 1961 849 2043 expedite,
898 1980 971 2026 ac
1012 1961 1066 2024 si
1122 1961 1349 2024 fuisset
1399 1961 1603 2024 aetatis
1649 1959 1853 2042 perse-

351 2066 492 2121 ctae.
528 2059 708 2121 Tunc
756 2077 1013 2140 quoque
1064 2067 1357 2140 parentes
1406 2059 1543 2140 ejus
1594 2058 1853 2126 dimise-

355 2165 506 2218 runt
536 2176 677 2220 eam
712 2157 801 2220 ibi
833 2177 981 2219 cum
1001 2157 1361 2237 virginibus
1392 2157 1559 2219 aliis,
1580 2158 1723 2220 Haec
1743 2177 1853 2220 au-

358 2263 483 2318 tem
516 2254 789 2318 historia
818 2256 883 2318 in
923 2275 1115 2318 aurea
1146 2255 1441 2336 Legenda
1468 2255 1852 2317 adscribitur

355 2354 415 2416 S.
472 2355 881 2436 Hieronymo,
927 2354 1223 2435 quamvis
1278 2353 1602 2417 recitative
1647 2353 1849 2434 magis

354 2471 549 2533 quam
603 2452 911 2516 assertive
962 2452 1227 2515 forsitan
1282 2450 1517 2514 referat
1565 2471 1737 2528 eam,
1790 2459 1853 2513 et

355 2559 672 2631 quantum
704 2552 782 2613 ad
821 2550 1058 2632 aliqua,
1090 2550 1339 2613 dicatur
1370 2551 1753 2632 apocrypha.

435 2650 655 2730 ltaque
692 2650 871 2730 juxta
911 2657 1151 2712 textum
1196 2648 1450 2711 videtur
1486 2647 1851 2724 dicendum,

355 2749 527 2829 quod
552 2748 768 2810 statim
800 2755 943 2829 post
971 2746 1461 2814 ablactationem
1483 2766 1519 2808 a
1550 2746 1711 2809 lacte
1732 2765 1857 2808 ma-

359 2855 573 2922 terno,
627 2846 710 2907 sit
758 2846 1007 2908 Samuel
1059 2845 1311 2908 oblatus
1362 2852 1424 2906 et
1476 2844 1738 2906 relictus
1789 2844 1854 2905 in

358 2945 797 3021 tabernaculo,
846 2953 909 3007 et
958 2943 1047 3005 ibi
1095 2963 1208 3026 per
1253 2952 1503 3024 tempus
1551 2943 1852 3019 nutrituS,

1961 1960 2028 2021 in
2060 1961 2226 2025 libro
2265 1961 2714 2037 Numerorum3
2756 1970 3033 2026 attamen
3077 1974 3222 2048 post
3261 1969 3449 2050 quin-

1960 2059 2402 2140 quagesimum
2455 2069 2827 2123 manserunt
2877 2062 3159 2125 ministri
3220 2066 3446 2149 'templi

1965 2165 2034 2220 ut
2062 2165 2232 2233 ante,
2254 2157 2545 2220 faciendo
2580 2165 2788 2221 tamen
2811 2159 3118 2241 obsequia
3148 2162 3294 2240 alia,
3310 2164 3448 2245 jux-

1964 2265 2027 2318 ta
2071 2255 2231 2318 illud
2262 2255 2676 2319 Numerorum
2714 2274 2727 2318 :
2763 2256 3094 2340 Quumque
3136 2261 3450 2344 quinqua·
3517 2272 3740 2326 Ibid-vm.

1963 2355 2278 2436 gesimum
2329 2373 2569 2416 annum
2617 2355 2819 2419 aetatis
2859 2355 3289 2438 impleverint,
3329 2381 3452 2424 ser·
3478 2343 3634 2392 ²⁵¹²⁶'

1962 2453 2101 2515 vire
2138 2454 2498 2530 cessabunt,
2524 2461 2841 2534 eruntque
2871 2453 3148 2518 ministri
3181 2456 3449 2523 fratrum

1965 2568 2224 2614 suorum
2265 2551 2330 2612 in
2371 2550 2778 2613 tabernaculo
2821 2550 3104 2630 foederiS,
3141 2563 3211 2616 ut
3249 2568 3454 2622 custo-

1964 2648 2306 2730 diantquae
2327 2647 2450 2710 sibi
2486 2646 2724 2711 suerint
2748 2653 3223 2727 commendata3
3257 2674 3450 2738 opera

1968 2756 2177 2810 autem
2213 2747 2349 2828 ipsa
2389 2765 2517 2810 non
2562 2745 2818 2809 facient.
2854 2747 2943 2810 Ex
2981 2750 3215 2830 quibus
3247 2761 3453 2818 osten-

1967 2845 2160 2922 ditur,
2185 2845 2352 2926 quod
2386 2843 2637 2907 Samuel
2671 2854 2814 2927 post
2842 2846 3451 2930 quinquagesimum

1965 2962 2205 3005 annum
2245 2960 2372 3005 non
2413 2942 2538 3004 fuit
2579 2942 2940 3006 licentiatus
2971 2965 3009 3008 a
3039 2946 3449 3014 tabernaculo

356 3043 599 3106 deinde
646 3043 929 3105 imbutus
950 3091 964 3120 ,
1018 3043 1241 3124 sicque
1290 3041 1497 3104 adhuc
1547 3042 1856 3124 puerulus
1887 3038 1931 3101 C
1968 3041 2075 3104 Dei
2107 3041 2422 3117 recedere,
2459 3059 2536 3103 ex
2565 3040 2686 3104 hoc
2715 3043 2885 3122 quod
2914 3043 3148 3108 Levitae
3179 3065 3304 3109 non
3339 3048 3458 3110 mi-

356 3162 625 3207 exorsus
656 3142 739 3205 sit
769 3141 1155 3206 ministrare.
1192 3141 1345 3203 Nam
1377 3149 1440 3203 et
1470 3139 1570 3201 inf
1576 3160 1643 3203 ra
1672 3140 1860 3204 habe-

356 3248 483 3319 tur,
526 3242 691 3304 Puer
732 3248 946 3303 autem
993 3247 1129 3303 erat
1176 3237 1387 3303 adhuc
1432 3238 1791 3302 infantulus
1838 3258 1851 3301 :

355 3341 531 3422 quod
566 3340 645 3402 de
676 3356 751 3403 eo
768 3339 900 3420 jam
933 3338 1023 3400 ibi
1054 3338 1330 3400 adducto
1358 3336 1680 3401 asseritur.
1700 3338 1859 3401 Puer

356 3448 578 3501 autem
622 3439 842 3501 decem
884 3434 1304 3499 duodecimve
1347 3454 1685 3513 annorum,
1728 3455 1857 3500 non

357 3538 615 3601 videtur
644 3544 791 3618 apte
822 3534 1177 3598 infantulus
1208 3534 1357 3597 dici.
1395 3534 1505 3595 Est
1537 3535 1687 3599 item
1720 3554 1861 3619 pro-

359 3636 793 3718 babile,quod
825 3634 891 3696 in
924 3643 1113 3698 tantae
1144 3632 1477 3696 electionis
1506 3652 1705 3715 puero
1730 3643 1855 3697 tam

358 3733 933 3817 supernaturaliter
962 3734 1131 3809 dato,
1159 3731 1285 3793 fuit
1311 3731 1393 3794 ab
1426 3732 1713 3796 infantiae
1744 3753 1858 3796 an-

361 3834 461 3896 nis
508 3832 761 3915 aliquid
815 3830 1317 3914 ingeniositatiS,
1370 3831 1743 3912 capacitatis
1791 3841 1854 3895 et

359 3933 672 4013 agilitatis
709 3950 904 4013 supra
931 3930 1102 3993 vires
1144 3938 1407 4005 naturae,
1444 3928 1535 3991 ita
1572 3932 1745 4012 quod
1787 3932 1854 3993 in

362 4034 597 4113 quinto
625 4039 737 4093 aut
753 4038 929 4093 sexto
958 4047 1129 4092 anno
1150 4037 1397 4111 poterat
1426 4028 1641 4110 aliqua
1662 4049 1857 4111 parva

362 4148 663 4195 exercere
690 4127 1018 4209 obsequia.

1968 3140 2325 3204 nistrabant
2363 3140 2430 3201 in
2469 3140 2709 3221 templo
2752 3143 2943 3206 modo
2984 3144 3248 3224 praei'ato
3288 3136 3457 3210 ultra

1965 3237 2567 3321 quinquagesimum
2588 3256 2852 3300 annum.

2046 3338 2122 3399 Et
2155 3335 2314 3400 dixit
2347 3335 2580 3399 Elcana
2613 3353 2628 3397 ε
2666 3339 2900 3399 Precor
2927 3348 3003 3399 ut
3033 3340 3298 3418 impleat
3325 3347 3459 3405 Do-

1968 3438 2188 3497 minus
2229 3437 2492 3496 verbum
2531 3456 2748 3497 suum.
2801 3434 2962 3509 Quid
3012 3456 3271 3503 necesse
3323 3442 3454 3507 fuit

1969 3535 2089 3598 hoc
2130 3532 2399 3617 precari,
2433 3532 2616 3613 quasi
2662 3550 2848 3595 verus
2891 3542 2956 3596 et
2996 3546 3252 3600 sanctus
3293 3540 3456 3603 Deus

1969 3634 2171 3716 possit
2209 3650 2397 3695 suum
2429 3630 2694 3695 verbum
2729 3650 2857 3695 non
2889 3632 3158 3715 implere
3191 3640 3215 3698 2
3246 3637 3322 3701 Et
3364 3660 3461 3703 re-

1970 3731 2436 3814 spondendum,
2471 3730 2640 3809 quod
2679 3729 2876 3792 verba
2920 3731 3155 3796 divinae
3195 3738 3459 3817 promis·

1970 3829 2168 3893 sionis
2201 3827 2614 3909 intelligenda
2635 3837 2786 3890 sunt
2815 3847 2984 3910 saepe
3004 3831 3124 3893 sub
3146 3831 3462 3915 implicita

1972 3927 2360 4003 conditione,
2386 3926 2682 3989 videlicet
2713 3926 2838 3989 nisi
2871 3927 3164 3993 homines
3195 3932 3328 3996 suis
3359 3954 3460 3998 ex-

1971 4026 2254 4091 cessibus
2284 4034 2646 4088 mereantur
2674 4025 3081 4107 oppositum:
3110 4028 3252 4094 ideo
3282 4030 3461 4097 Elea-

1976 4145 2056 4188 na
2085 4125 2204 4188 hoc
2237 4123 2502 4205 rogavit,
2527 4131 2594 4185 ut
2629 4122 2896 4186 verbum
2928 4124 3088 4189 illud
3118 4129 3289 4208 quod
3323 4132 3458 4195 Heli

443 4230 755 4292 Praeterea
794 4245 984 4309 super
1022 4226 1087 4289 id
1113 4225 1285 4306 quod
1318 4224 1561 4287 dictum
1596 4234 1713 4301 est,
1749 4226 1865 4290 Ma·
1897 4230 1946 4291 D
1972 4224 2133 4285 dixit
2168 4222 2249 4285 ad
2278 4223 2547 4298 Annam,
2583 4221 2889 4285 Dominus
2934 4223 3112 4287 dabit
3151 4226 3267 4289 tibi
3305 4231 3463 4311 peti-

367 4335 511 4391 neat
556 4326 648 4389 ibi
686 4324 943 4408 jugiter,
980 4324 1205 4387 scribit
1245 4324 1404 4405 Lyra
1445 4340 1459 4383 ε
1494 4323 1561 4385 In
1603 4323 1861 4389 Hebraeo

364 4426 662 4501 habetur,
704 4424 915 4505 Usque
947 4422 1012 4485 in
1053 4422 1379 4497 saeculum,
1415 4421 1478 4482 id
1523 4428 1619 4483 est
1654 4441 1860 4504 usque

254 4565 262 4574 -
284 4546 339 4584 w.
364 4525 443 4587 ad
462 4521 1077 4606 quinquagesimum
1098 4538 1356 4596 annum,
1376 4518 1527 4600 quia
1549 4519 1712 4582 ultra
1733 4539 1861 4584 non

114 4594 151 4639 3:
166 4608 239 4645 nn.
254 4598 314 4640 25.

368 4622 690 4685 debebant
716 4619 953 4683 Levitae
988 4618 1229 4681 servire
1261 4618 1325 4679 in
1359 4617 1619 4699 templo,
1656 4626 1728 4680 ut
1755 4619 1866 4681 ha-

366 4720 556 4783 betur
600 4720 668 4781 in
712 4718 1025 4781 NumeriS.
1074 4716 1251 4780 Unde
1290 4725 1352 4779 et
1392 4715 1562 4778 infra
1606 4715 1861 4798 legitur,

277 4843 343 4881 vn.
370 4818 541 4901 quod
573 4816 827 4881 Samuel
861 4815 1064 4878 iactus
1082 4815 1277 4897 judex
1309 4813 1552 4895 populi,
1588 4813 1722 4877 ibat
1752 4834 1866 4896 per

370 4916 661 4997 singulos
702 4932 907 4977 annos
950 4913 1334 4977 circumiens
1372 4910 1590 4975 Bethel
1632 4920 1697 4974 et
1725 4912 1867 4975 Gal-

369 5016 511 5097 gala
548 5024 615 5078 et
650 5011 927 5095 Maspha,
962 5020 1027 5075 et
1062 5011 1385 5093 Judicabat
1426 5010 1615 5073 Israel
1664 5010 1730 5071 in
1764 5031 1869 5075 su-

370 5113 677 5195 pradictis
718 5112 900 5176 lociS.
936 5111 1077 5175 Haec
1115 5111 1291 5192 Lyrae
1327 5110 1521 5172 verba
1563 5109 1867 5174 videntur

370 5230 617 5289 sonare,
664 5230 739 5275 ac
780 5210 835 5273 si
879 5208 1128 5273 Samuel
1171 5208 1511 5271 mansisset
1554 5208 1619 5270 in
1663 5208 1869 5271 taber—

372 5312 597 5377 naculo
628 5309 886 5375 Domini
916 5328 1118 5390 usque
1145 5310 1223 5371 ad
1254 5308 1866 5390 quinquagesimum

1977 4322 2214 4385 tionem
2263 4328 2458 4397 tuam,
2502 4319 2897 4402 impleretur,
2951 4330 3019 4383 ut
3067 4324 3312 4389 scilicet
3359 4328 3462 4392 Sa-

1974 4420 2145 4484 muel
2185 4420 2277 4481 sic
2309 4419 2434 4482 Deo
2473 4418 2817 4481 offerretur
2847 4438 2921 4482 ac
2959 4420 3350 4489 ministraret
3392 4428 3460 4490 in

1976 4517 2404 4593 tabernaculo,
2456 4515 2764 4597 omnique
2813 4525 3098 4600 tempore
3149 4522 3294 4587 vitae
3332 4544 3462 4591 suae

1976 4634 2294 4681 nazaraeus
2333 4615 2443 4679 Dei
2473 4614 2870 4693 consisteret,
2907 4624 2978 4679 ut
3016 4618 3196 4683 Anna
3232 4625 3464 4705 promi..

1975 4722 2161 4779 serat.

2056 4817 2141 4875 Et
2168 4815 2454 4874 adduxit
2483 4832 2658 4883 eum,
2681 4811 2930 4875 scilicet
2959 4813 3316 4880 Samuelem
3346 4821 3464 4883 An-

1978 4932 2080 4989 na,
2106 4914 2180 4972 in
2226 4912 2452 4971 vitulis
2493 4912 2720 4981 tribus,
2758 4909 2822 4972 id
2867 4919 2964 4973 cst
3007 4930 3154 4975 cum
3199 4917 3461 4982 totidem

1977 5010 2220 5089 vituliS‚
2243 5020 2301 5071 et
2332 5011 2536 5069 tribus
2567 5011 2800 5069 modiis
2828 5011 3094 5085 farinoe,
3119 5023 3178 5073 et
3207 5022 3465 5095 ampho-

1978 5131 2053 5171 ra
2098 5112 2266 5173 vini.
2289 5118 2348 5167 et
2387 5109 2669 5168 adduxit
2712 5128 2858 5167 eum
2907 5110 2994 5167 ad
3033 5112 3296 5175 domum
3339 5119 3464 5177 Do-

1976 5210 2148 5269 mini
2178 5210 2250 5267 in
2291 5208 2453 5267 sico.
2490 5204 2624 5267 Non
2666 5204 2928 5267 adduxit
2967 5206 3180 5270 omnia
3220 5210 3340 5273 ista
3382 5215 3463 5277 ad

1978 5305 2463 5382 immolandum,
2503 5304 2614 5366 sed
2643 5322 2846 5366 unum
2885 5302 3160 5367 vitulum
3199 5309 3278 5371 ad
3307 5309 3464 5375 osfe—
