4359 6250
875 483 995 546 280
1492 500 1838 547 mannum
1881 501 1942 546 m
1985 500 2118 546 car.
2167 501 2233 545 111
2276 500 2433 545 mam
2475 500 2643 546 emm
2686 501 2910 547 neuun.
2956 521 3037 530 —
3076 502 3218 568 ΛΒΤ.
3264 501 3349 546 vu

873 671 1110 731 laveris
1161 691 1277 731 me.
1320 673 1474 732 Hoec
1517 672 1725 748 faciat
1777 671 1896 731 tibi
1923 672 2268 739 Domina-5,
2301 680 2361 730 et
2389 670 2440 732 A
2470 679 2678 748 natuS,
2714 671 3007 753 quamvis
3038 679 3101 734 et
3133 680 3275 754 post
3314 669 3477 733 hanc
3519 670 3715 735 vitam
3762 670 3977 733 etiam

870 771 1003 828 koec
1053 770 1277 839 addat,
1332 767 1396 829 id
1445 777 1562 845 est,
1617 769 1825 831 taliter
1874 776 1936 830 te
1985 768 2250 849 castiget
2299 776 2361 831 et
2470 769 2819 851 purgatorii
2874 770 3089 832 tulerit
3135 788 3357 852 poenas
3400 787 3414 830 ε
3460 769 3631 850 quod
3675 768 3829 832 item
3884 787 3977 831 ex

872 865 1129 946 gravius
1160 873 1222 929 te
1260 864 1513 948 affligat
1549 886 1663 949 per
1704 867 2077 950 temporalia
2119 867 2359 949 quaevis
2470 869 2569 930 his
2619 887 2759 949 quae
2810 868 2877 930 in
2934 868 3223 950 sequenti
3284 868 3597 931 habentur
3644 867 3969 950 capitulo,

873 964 1161 1042 adversa,
1211 973 1402 1047 prout
1444 965 1709 1047 justitiae
1755 985 1886 1029 suae
1925 966 2259 1048 placuerit,
2301 969 2361 1026 si
2470 977 2764 1030 censetur
2794 966 3143 1049 probabile.
3179 966 3329 1029 Erat
3357 966 3526 1029 enim
3559 985 3799 1048 pavens
3840 983 3975 1048 pro

873 1065 1276 1125 absconderis
1319 1086 1360 1125 a
1403 1085 1502 1126 me
1541 1086 1892 1127 sermonem
1939 1086 2019 1125 ex
2066 1067 2361 1126 omnibus
2470 1085 2613 1128 arca
2646 1066 2751 1127 Dei
2786 1064 3008 1144 magiS,
3044 1084 3235 1146 quam
3278 1083 3393 1146 pro
3436 1063 3593 1126 siliis
3636 1064 3769 1126 suis
3798 1073 3975 1128 tem-

874 1164 1082 1222 verbis
1123 1183 1266 1240 quoe
1311 1166 1489 1226 dicta
1534 1175 1687 1226 sunt
1737 1167 1877 1226 tibi.
1935 1164 2165 1227 Dicunt
2217 1163 2359 1244 qui-
2473 1182 2624 1245 pore
2673 1163 2869 1238 belli;
2917 1161 3258 1244 auditaque
3305 1182 3466 1226 arcae
3515 1163 3831 1244 captione,
3882 1182 3973 1226 ex
4008 1177 4281 1231 meanis.

871 1260 1033 1338 dam,
1052 1261 1222 1342 quod
1255 1262 1378 1325 ista
1402 1262 1525 1324 fuit
1557 1262 1762 1326 forma
1786 1261 2122 1343 adjurandi
2147 1281 2363 1344 quem·
2472 1261 2671 1324 nimio
2712 1279 2982 1324 moerore
3020 1261 3252 1324 cecidit
3290 1269 3599 1337 mortuuS,
3634 1279 3835 1340 quum
3868 1271 3975 1324 ta-

873 1375 1170 1440 cumque,
1225 1361 1410 1424 solita
1468 1362 1637 1444 apud
1696 1360 2013 1439 HebraeOS,
2067 1370 2130 1424 ct
2190 1362 2359 1443 quod
2470 1380 2616 1423 men
2641 1359 2921 1424 filiorum
2944 1378 3199 1422 suorum
3220 1359 3539 1423 occisione
3556 1360 3769 1422 audita
3786 1379 3973 1422 man-

875 1457 996 1520 iste
1027 1458 1111 1521 sit
1139 1478 1361 1522 sensus
1399 1478 1412 1522 :
1451 1461 1662 1524 Faciat
1697 1461 1815 1524 tibi
1848 1463 2013 1524 Deus
2044 1469 2138 1524 'tot
2167 1461 2356 1537 mala,
2472 1460 2626 1522 serit
2663 1447 2910 1522 sedenS.
2945 1459 3229 1540 Denique
3271 1457 3747 1540 responsionem
3791 1459 3971 1521 hanc

874 1565 1031 1637 quot
1068 1557 1220 1620 fecit
1259 1558 1451 1622 alicui
1491 1559 1760 1636 homini,
1794 1566 1858 1622 et
1899 1559 2106 1622 adhuc
2149 1559 2356 1640 plura.
2473 1558 2607 1621 Heli
2668 1565 2921 1620 secutus
2976 1566 3072 1621 est
3124 1557 3342 1633 David,
3396 1555 3649 1638 fugiens
3696 1556 3973 1621 Absalo-
4022 1571 4280 1624 unes-¹*-

876 1655 997 1718 Sed
1043 1657 1292 1721 videtur
1333 1659 1504 1739 quod
1554 1659 1871 1740 adjuratio
1917 1659 2038 1720 ista
2083 1658 2202 1720 sub
2249 1658 2359 1720 tali
2471 1653 2848 1719 nem.Porro
2867 1655 3061 1718 verba
3092 1663 3452 1718 sanctorum
3475 1655 3823 1718 dicentium
3852 1656 3972 1718 He-
4002 1635 4279 1738 3³¹⁸*OE

876 1773 1088 1833 sensu,
1133 1755 1358 1819 suisset
1408 1756 1653 1833 illicita,
1699 1757 2001 1838 quoniam
2054 1757 2365 1838 impreca-
2474 1755 2518 1817 li
2552 1756 2942 1831 damnatum,
2978 1754 3208 1837 exponi
3251 1763 3537 1836 possunt,
3572 1755 3740 1836 quod
3778 1763 3971 1818 aeter-

876 1852 965 1916 tio
1007 1855 1150 1916 talis
1194 1855 1512 1919 obviasset
1553 1875 1627 1918 ac
1671 1856 2035 1935 derogasset
2072 1856 2360 1937 justitia).
2401 1854 2448 1917 B
2478 1872 2622 1916 nam
2654 1852 2885 1916 meruit
2914 1852 3388 1917 damnationem
3429 1852 3601 1915 filios
3640 1871 3787 1917 suos
3828 1872 3969 1918 non

874 1951 1008 2015 Non
1059 1953 1234 2016 enim
1285 1953 1620 2016 meruisset
1663 1953 1809 2034 quis
1860 1961 2033 2016 tanta
2082 1953 2365 2017 incidere
2478 1952 2866 2034 increpando
2914 1951 3249 2032 condigne,
3302 1961 3367 2015 et
3412 1952 3745 2014 damnatus
3796 1951 3973 2015 suis-

875 2051 1062 2128 mala,
1089 2059 1348 2134 propter
1378 2052 1498 2114 hoc
1527 2053 1696 2133 quod
1731 2070 1858 2114 non
1892 2052 2225 2134 implesset
2256 2052 2369 2114 hu·
2479 2058 2594 2127 set,
2646 2051 2768 2111 nisi
2818 2049 3244 2132 poenituisset.
3294 2051 3369 2112 Et
3418 2071 3635 2112 rursus
3684 2053 3766 2114 de
3814 2070 3979 2114 con—

799 2173 803 2178 ’
868 2151 1173 2233 jusmodi,
1219 2151 1298 2212 ad
1349 2170 1490 2232 quae
1542 2169 1655 2232 per
1705 2149 1900 2213 verba
1957 2151 2068 2213 illa
2118 2151 2369 2232 adjura-
2478 2148 2885 2212 demnatione
2939 2149 3305 2231 temporalis
3356 2149 3696 2212 occisionis
3748 2149 3985 2212 verisi-

875 2248 1082 2312 batur.
1117 2248 1348 2330 Sicque
1385 2248 1701 2330 adjuratio
1744 2249 1855 2311 illa
1899 2247 2128 2312 fuisset
2171 2249 2366 2312 male·
2478 2255 2725 2310 cantur.

877 2347 1074 2410 dictio
1113 2347 1484 2424 inhumana,
1513 2366 1711 2428 quum
1751 2355 1964 2410 tamen
1995 2347 2180 2411 multi
2212 2348 2367 2429 justi
2562 2348 2771 2407 Crevit
2801 2356 3017 2408 auce-m
3050 2350 3341 2416 Samuel,
3370 2357 3429 2406 et
3468 2349 3787 2410 Dominus
3819 2363 3981 2413 erac

867 2463 952 2508 -ea
991 2444 1089 2506 usi
1133 2445 1422 2524 legantur
1459 2461 1472 2506 ἱ
1518 2444 1660 2509 ideo
1704 2446 2077 2527 exponenda
2117 2447 2369 2509 videtur
2478 2467 2623 2506 cum
2654 2465 2744 2517 eo,
2778 2455 2837 2505 et
2870 2465 2999 2506 non
3038 2447 3268 2505 cecidit
3306 2466 3388 2505 ex
3426 2449 3721 2508 omnibus
3762 2453 3979 2510 verbis

876 2543 995 2606 sub
1017 2544 1292 2624 quadam
1323 2543 1691 2608 conditione
1723 2543 2055 2625 implicita,
2076 2545 2241 2607 sicut
2270 2564 2369 2606 ex·
2476 2545 2615 2622 ejus
2660 2546 2731 2604 in
2784 2554 3048 2612 terram,
3088 2543 3153 2605 id
3197 2552 3313 2620 est,
3358 2553 3585 2607 cunct-a
3633 2564 3775 2626 quae
3822 2567 3975 2628 pro-

875 2643 1081 2724 posita
1119 2651 1236 2705 est.
1355 2658 1362 2663 ’
2477 2643 2763 2726 phetavit
2806 2650 2867 2703 et
2911 2641 3147 2718 docuit,
3182 2650 3363 2704 erant
3408 2661 3577 2720 vera,
3616 2663 3730 2708 nec
3777 2646 3973 2727 quid-

955 2743 1288 2802 Indicavit
1337 2742 1556 2821 itaque
1602 2744 1665 2801 ei
1713 2745 1983 2803 Samuel
2035 2744 2367 2803 universos
2476 2760 2664 2822 quam
2700 2759 2775 2802 ex
2805 2740 2898 2802 eis
2939 2738 3061 2801 suit
3098 2739 3467 2802 frustratum
3509 2749 3618 2804 aut
3662 2745 3969 2826 suppedi-
4315 2823 4317 2828 Ι

873 2859 1212 2910 ser-mones,
1247 2839 1309 2900 id
1359 2847 1456 2901 est
1495 2847 1722 2902 cuncta
1767 2838 1959 2901 verba
1991 2838 2112 2900 sibi
2145 2848 2367 2903 contra
2466 2846 2697 2900 tatum.
2734 2838 2835 2900 Sic
2866 2846 2930 2900 et
2957 2838 3074 2902 Job
3110 2855 3121 2898 :
3157 2838 3309 2914 Lux,
3335 2837 3566 2920 inquit,
3584 2840 3799 2903 vultus
3828 2845 3963 2906 mei
4046 2861 4141 2903 σοι
4162 2873 4269 2905 nn.

877 2937 1136 3000 domum
1166 2936 1326 3014 Heli,
1361 2947 1426 3000 et
1455 2946 1675 3001 contra
1707 2938 2015 3020 populum
2047 2938 2239 3001 Israel
2270 2959 2367 3003 re-
2476 2955 2602 2999 non
2648 2935 2911 2998 cadebat
2957 2935 3022 2997 in
3067 2943 3321 2998 terram.
3356 2939 3442 2998 Ec
3478 2941 3770 3015 cognovit
3809 2943 3968 3000 uni·
3998 2927 4077 2966 ²⁴·

877 3035 1106 3112 velata,
1139 3045 1199 3096 ec
1229 3056 1359 3096 non
1403 3038 1732 3098 abscondit
1773 3038 1854 3097 ab
1890 3057 1979 3097 ec.
2011 3041 2096 3099 Ec
2128 3039 2241 3098 ille
2270 3060 2366 3098 re·
2397 3035 2441 3099 C
2476 3056 2691 3096 versus
2722 3039 2929 3096 Israel
2956 3055 2998 3094 a
3018 3037 3165 3096 Dan
3198 3055 3395 3114 usque
3416 3039 3743 3109 Bersabee,
3768 3037 3831 3100 id
3864 3049 3968 3101 est

875 3136 1134 3212 spondit
1166 3152 1189 3195 :
1219 3138 1538 3196 Dominus
1565 3148 1676 3208 est,
1715 3136 1906 3199 totius
1937 3145 2245 3200 creaturae
2277 3137 2367 3200 fa·
2477 3142 2645 3199 totus
2677 3134 2953 3216 populus
2988 3133 3095 3197 ille
3124 3135 3204 3196 ab
3235 3154 3360 3196 una
3392 3143 3574 3199 terrae
3604 3154 3733 3199 suae
3764 3148 3969 3202 extre-

878 3240 1036 3311 ctor,
1072 3232 1370 3315 princeps
1421 3242 1482 3295 et
1529 3234 1744 3315 judex,
1789 3253 1826 3295 a
1873 3252 2001 3315 quo
2052 3236 2363 3317 appellari
2476 3234 2696 3295 mitate
2748 3250 2951 3314 usque
2992 3233 3070 3294 ad
3116 3232 3328 3309 aliam,
3367 3237 3537 3311 quod
3580 3236 3795 3311 fidelis
3834 3240 3967 3299 Sa-

583 3347 847 3403 cuneum,
878 3350 1008 3395 non
1039 3340 1267 3413 potest,
1303 3340 1366 3394 et
1401 3332 1506 3395 cui
1547 3332 1763 3395 nullus
1796 3342 2006 3414 potest
2035 3343 2146 3396 aut
2176 3334 2366 3397 debet
2476 3337 2649 3394 muel
2684 3334 2998 3409 propheta
3044 3341 3195 3393 esset
3238 3334 3528 3394 Domini.
3570 3336 3653 3395 Et
3698 3338 3967 3399 addidit

583 3413 626 3455 ⁹·
876 3429 1194 3507 resistere,
1230 3450 1427 3512 quum
1463 3430 1598 3513 ipse
1631 3431 1713 3493 sit
1745 3450 1891 3494 vere
1932 3432 2359 3514 omnipotens,
2473 3432 2790 3493 Dominus
2823 3440 2892 3490 uc
2923 3440 3258 3507 appareret
3289 3432 3362 3490 in
3394 3432 3559 3501 Silo,
3582 3431 3647 3493 id
3676 3439 3792 3508 est,
3818 3445 3968 3516 post

865 3537 938 3592 ct
968 3528 1175 3610 prima
1211 3548 1530 3605 mensura,
1566 3549 1755 3592 causa
1795 3550 1869 3593 ac
1910 3531 2130 3610 regula
2171 3532 2365 3594 totius
2476 3527 2909 3611 praescriptam
2961 3528 3425 3610 apparitionem
3474 3529 3681 3592 adhuc
3730 3532 3967 3613 saepius

871 3627 1159 3707 justitiae,
1194 3627 1522 3710 sapientiae
1551 3647 1625 3689 ac
1657 3627 1912 3691 virtutis
1947 3646 1961 3690 ε
2000 3630 2140 3692 ideo
2179 3630 2367 3711 quid-
2475 3628 2770 3710 apparuit
2794 3626 3066 3689 Samueli
3100 3627 3167 3688 in
3201 3626 3605 3690 tabernaculo
3638 3634 3967 3712 suo‚quod

867 3725 1032 3807 quid
1062 3726 1279 3803 dictat,
1299 3726 1539 3790 bonum
1561 3735 1624 3789 et
1649 3727 2021 3810 sapientiale
2046 3729 2359 3791 consistit.
2476 3734 2611 3788 erat
2640 3725 2709 3785 in
2740 3724 2898 3787 urbe
2930 3724 3096 3799 Silo3
3138 3727 3449 3804 quoniam
3481 3730 3799 3788 revelatus
3826 3732 3970 3806 fue-

874 3824 1033 3887 Hinc
1078 3825 1371 3888 subditur
1407 3842 1421 3887 :
1461 3828 1639 3895 Quod
1678 3828 1913 3887 bonum
1943 3836 2032 3887 est
2062 3828 2136 3887 in
2163 3830 2366 3888 oeulis
2474 3834 2577 3884 rac
2610 3824 2929 3883 Dominus
2960 3824 3257 3883 Samueli
3294 3825 3367 3881 in
3400 3825 3540 3884 Silo
3573 3842 3597 3884 .·
3629 3824 3692 3885 id
3736 3835 3857 3903 est,
3891 3847 3967 3890 ex

874 3925 1036 3993 suis,
1065 3925 1300 4001 faciat,
1332 3924 1396 3986 id
1432 3932 1548 4000 est,
1584 3924 1754 4004 quod
1788 3924 2100 4005 sapientia
2133 3944 2247 3987 sua
2278 3926 2368 3987 di-
2476 3939 2603 4002 quo
2649 3921 2781 4002 jam
2833 3919 3031 3981 semel
3074 3919 3269 4001 coepit
3311 3938 3379 3983 se
3425 3918 3515 3983 ibi
3556 3921 3968 3987 manifestare

877 4020 1165 4098 ctaverit,
1201 4020 1483 4103 impleat.
1519 4022 1678 4084 Hinc
1717 4022 1782 4083 in
1826 4022 1990 4086 libro
2028 4022 2367 4105 Sapientiae
2478 4018 2776 4095 Samueli,
2821 4024 3011 4100 prout
3057 4017 3387 4099 Prophetis
3438 4038 3505 4081 sc
3552 4020 3969 4086 manifestare

639 4135 748 4189 sap.
775 4149 847 4185 ιιι,
879 4119 1113 4201 legitur
1147 4138 1161 4181 ε
1196 4118 1346 4193 Quis
1398 4120 1537 4198 tibi,
1576 4121 1864 4198 Domine,
1901 4122 2265 4203 imputabit,
2311 4122 2365 4184 si
2478 4118 2808 4180 consuevit
2838 4115 3031 4181 variis
3063 4116 3609 4193 modiS,videlicet
3639 4118 3707 4179 in
3738 4138 3967 4185 somno

588 4198 654 4302 ss]
685 4199 751 4248 '³’
783 4200 849 4249 ¹⁵’
880 4218 1189 4301 perierint
1246 4219 1532 4283 nationes
1583 4238 1742 4301 quas
1795 4228 1861 4282 tu
1922 4219 2128 4283 fecisti
2170 4225 2194 4282 't
2244 4221 2366 4283 Nec
2398 4221 2447 4282 D
2476 4226 2667 4297 atque
2696 4215 2938 4296 vigilia,
2962 4223 3025 4277 et
3058 4234 3167 4295 per
3196 4215 3453 4294 angelos
3486 4225 3773 4295 sanctos;
3816 4219 3968 4283 hinc

880 4316 1051 4379 enim
1085 4326 1182 4379 est
1209 4316 1372 4378 alius
1403 4318 1565 4380 Deus
1597 4337 1788 4399 quam
1833 4326 1920 4395 tu,
1957 4318 2058 4381 cui
2091 4338 2244 4381 cura
2273 4327 2369 4381 est
2479 4316 2543 4378 in
2578 4316 2799 4379 eodem
2834 4316 2973 4379 loco
3006 4314 3306 4396 dignatus
3344 4324 3441 4379 est
3479 4317 3785 4379 Dominus
3824 4338 3971 4401 pro-

881 4416 960 4478 de
991 4414 1310 4479 omuibus,
1344 4415 1545 4489 Quum
1579 4416 1664 4478 sis
1696 4435 1847 4497 ergo
1884 4416 2115 4498 justuS‚
2151 4418 2367 4481 omnia
2478 4416 2659 4497 sequi
2696 4415 3112 4478 revelationes
3145 4433 3290 4476 suas
3314 4416 3391 4477 ad
3419 4414 3800 4493 Samuelem,
3808 4420 3971 4495 jux-

878 4514 1048 4596 justo
1069 4513 1594 4597 disponisVirtus
1614 4516 1784 4577 enim
1819 4524 1946 4591 tua,
1967 4516 2232 4597 justitiae
2254 4516 2367 4578 ini·
2482 4526 2545 4576 ta
2576 4517 2839 4574 verbum
2869 4515 3163 4583 Domini,
3191 4510 3256 4575 id
3287 4520 3384 4575 est
3415 4513 3764 4575 secundum
3798 4516 3968 4597 quod

882 4614 1041 4675 tium
1071 4622 1188 4675 est.
1208 4613 1367 4677 Hinc
1398 4622 1653 4675 sanctus
1672 4613 1786 4676 Job
1816 4614 1976 4676 dixit
2003 4614 2191 4688 :Quis
2222 4634 2363 4696 ego,
2478 4612 2781 4676 Dominus
2807 4630 2920 4693 per
2941 4611 3189 4692 Moysen
3218 4610 3283 4672 in
3306 4612 3793 4675 Deuteronomio
3815 4632 3969 4695 prae—

609 4724 694 4768 ,τοο
715 4738 770 4778 v»,
787 4728 848 4769 ιο.
882 4720 952 4774 ut
980 4712 1410 4777 contradicam
1443 4711 1843 4775 sermonibus
1864 4712 2111 4775 Sancti?
2133 4713 2221 4773 Ex
2250 4713 2367 4776 hac
2477 4711 2637 4774 dixit
2667 4730 2735 4773 se
2766 4727 3218 4790 responsurum
3262 4708 3501 4790 populo
3534 4728 3649 4772 suo
3680 4728 3794 4791 per
3823 4710 3969 4775 Pro*
4315 4776 4317 4793 ἶ

879 4820 1006 4874 tam
1057 4811 1324 4893 patienti
1373 4818 1437 4874 et
1484 4810 1712 4873 humili
1765 4811 2179 4893 responsione
2230 4812 2363 4873 Heli
2477 4810 2721 4891 phetaS.
2750 4807 3010 4889 Propter
3042 4808 3210 4887 quod
3243 4806 3435 4888 jussit
3469 4824 3484 4868 :
3518 4806 3651 4869 Non
3686 4808 3768 4869 sit
3799 4809 3967 4872 inter
4006 4836 4269 4884 naum
4315 4846 4317 4899 j

877 4912 1144 4975 eliciunt
1173 4909 1396 4991 aliqui,
1432 4910 1603 4991 quod
1640 4910 2026 4991 acceptando
2068 4929 2261 4993 super
2300 4930 2368 4973 se
2478 4927 2589 4972 vos
2619 4906 2730 4988 qui
2762 4906 3077 4988 pythones
3107 4905 3399 4969 consulat
3436 4924 3646 4986 neque
3683 4906 3962 4983 divinoS,
3995 4901 4069 4943 ¹¹·

875 5020 939 5075 et
979 5029 1126 5074 suos
1164 5008 1398 5072 divinae
1439 5008 1770 5071 sententiae
1813 5009 2199 5090 aequitatem,
2236 5030 2367 5072 me-
2464 5016 2537 5070 et
2567 5014 2807 5087 quaerat
2835 5025 2872 5067 a
2902 5002 3171 5067 mortuis
3198 5004 3730 5067 veritat.em.Hinc
3762 5004 3967 5088 loqui-

875 5110 1024 5185 ruit,
1046 5107 1366 5171 mediante
1397 5125 1510 5168 sua
1534 5106 1939 5184 contritione,
1960 5116 2364 5189 peccatorum
2476 5116 2576 5169 tur
2606 5105 2795 5169 lsaias
2832 5123 2845 5166 :
2880 5104 3198 5185 Numquid
3234 5121 3359 5166 non
3392 5122 3428 5164 a
3460 5104 3583 5166 Deo
3616 5122 3731 5166 suo
3762 5124 3968 5188 popn-
4010 5132 4183 5179 Jmm.
4206 5138 4267 5178 ιβ,

875 5225 1134 5269 suorum
1178 5204 1641 5282 remissionem,
1677 5213 1741 5267 et
1780 5224 1893 5287 pro
1925 5205 2017 5267 eis
2047 5214 2363 5288 tempora-
2473 5208 2572 5269 lus
2604 5212 2844 5285 quaeret
2874 5202 3252 5266 veritatem2
3284 5203 3377 5264 Ad
3421 5202 3623 5283 legem
3666 5204 3871 5283 magis
3902 5214 3969 5267 et
3994 5198 4065 5237 ²⁰·

872 5304 1016 5369 litor
1046 5312 1143 5367 est
1171 5303 1457 5385 punituS,
1491 5323 1619 5367 non
1650 5304 2032 5367 aeternaliter
2061 5305 2359 5368 condem·
2472 5305 2548 5367 ad
2593 5301 2937 5384 Prophetas
2974 5319 2987 5363 :
3023 5309 3086 5363 et
3117 5302 3139 5323 ²
3172 5300 3525 5363 secundum
3573 5299 3735 5381 legis
3784 5320 3969 5365 man-
4022 5322 4041 5341 ·
4072 5322 4121 5363 ia
4146 5328 4211 5365 m
