4359 6250
978 503 1327 548 ENARRATlo
1371 504 1432 548 IN
1474 505 1611 550 CAP.
1659 505 1745 550 xu
1789 505 1944 550 unm
1990 505 2247 550 securim·
2284 506 2506 552 amun.
2552 525 2631 534 —
2672 506 2814 550 ΛΒΤ.
2860 505 2945 550 XX

3384 483 3503 546 503

394 668 522 731 ubi
553 670 932 752 prohibetur
973 672 1335 738 idololatria
1373 675 1645 738 exterior
1684 692 1905 757 corpo·
1934 675 1983 736 Α
2016 676 2327 758 positores
2372 676 2439 737 in
2485 676 2806 756 allegoriis
2846 685 2907 738 et
2949 674 3319 757 tropologiis
3350 675 3497 752 suis,

397 767 586 846 ralis,
621 770 999 851 prohibetur
1038 783 1506 855 consequenter
1546 773 1906 836 idololatria

394 867 786 948 spiritualis.
821 868 1076 947 Quarto,
1120 891 1235 954 per
1283 891 1494 935 rerum
1540 872 1906 934 similitudi-

395 984 578 1042 nem,
608 986 754 1048 quae
788 987 918 1031 non
951 970 1030 1031 ad
1062 971 1182 1033 hoc
1215 970 1398 1034 factae
1429 981 1576 1034 sunt
1607 980 1678 1034 ut
1709 971 1906 1053 signi-

395 1062 630 1128 ficent.
657 1066 733 1128 Et
756 1075 884 1130 tres
904 1068 1126 1150 primae
1145 1071 1576 1152 expositiones
1599 1090 1725 1134 non
1759 1078 1906 1132 sunt

391 1163 804 1226 audientium
846 1164 1205 1246 ossensivae,
1240 1169 1349 1230 sed
1393 1177 1617 1251 quarta
1660 1169 1816 1246 haec,
1851 1170 1903 1230 si

394 1261 627 1345 inepte
659 1274 1054 1346 proponatur
1076 1283 1090 1328 :
1113 1275 1182 1328 ut
1203 1267 1257 1329 si
1277 1266 1548 1344 dicatur,
1568 1268 1696 1330 Hoc
1719 1267 1907 1347 signi-

396 1359 565 1423 ficat
604 1361 790 1425 illud.
827 1363 890 1426 Si
930 1374 1142 1428 autem
1174 1366 1442 1443 dicatur,
1478 1367 1649 1448 quod
1682 1366 1906 1428 simili-

394 1461 562 1522 tudo
595 1480 708 1523 seu
733 1463 960 1526 modus
995 1464 1185 1526 unius
1217 1464 1505 1545 designat
1537 1466 1795 1528 modum
1827 1466 1908 1527 al-

397 1558 636 1636 ·teriuS,
658 1578 786 1622 non
807 1569 906 1624 est
935 1561 1353 1639 ostensivum,
1367 1564 1902 1645 quemadmodum

401 1677 526 1739 per
555 1657 898 1722 Jeremiam
931 1679 1058 1724 non
1089 1661 1180 1723 ait
1208 1662 1512 1725 Dominus
1553 1662 1906 1744 quidquam

399 1756 490 1818 de
531 1755 1038 1836 significatione,
1074 1761 1184 1822 sed
1218 1761 1478 1823 modum
1516 1769 1580 1823 et
1618 1760 1906 1823 similitu-

401 1953 492 2016 do
533 1953 590 2014 si
631 1955 864 2018 mulier
901 1964 1268 2020 contemnat
1305 1967 1651 2020 amatorem
1693 1979 1900 2037 suum,

403 2052 501 2114 sic
535 2055 922 2136 contempsit
955 2075 1059 2119 me
1087 2057 1316 2119 domus
1347 2057 1565 2133 Israel;
1600 2076 1718 2121 nec
1747 2058 1908 2121 dixit

400 2152 588 2231 quod
619 2161 864 2216 amator
904 2155 1272 2236 hujusmodi
1312 2154 1636 2237 significet
1667 2157 1900 2238 ipsum,

401 2251 524 2313 sed
563 2252 825 2314 modum
865 2255 1179 2336 expressit
1207 2263 1270 2318 et
1299 2255 1786 2320 similitudinem
1816 2256 1908 2318 in-

405 2357 506 2412 ter
550 2359 902 2415 amatorem
943 2361 1006 2416 et
1045 2353 1403 2431 mulierem,
1438 2363 1500 2417 et
1539 2355 1702 2418 inter
1741 2374 1809 2418 se
1846 2365 1908 2418 et

396 2448 832 2531 synagogam.
871 2452 934 2515 Si
977 2453 1096 2516 hoc
1135 2453 1324 2516 modo
1363 2453 1775 2534 loquerentur
1805 2474 1909 2517 ex-

2014 793 2141 837 non
2187 774 2593 838 offenderent
2636 775 3001 850 audientes3
3045 775 3153 836 sed
3198 774 3499 854 quoniam

2014 872 2259 949 dicunt,
2297 873 2445 936 Tale
2486 874 2641 956 quid
2676 872 3012 954 'significat
3056 873 3181 935 tale
3220 873 3396 954 quid,
3440 880 3503 936 et

2014 980 2112 1034 est
2143 971 2355 1052 figura
2385 972 2483 1034 vel
2519 971 2855 1053 prophetia
2882 990 2992 1034 seu
3026 970 3329 1052 parabola
3355 971 3500 1034 talis

2015 1071 2129 1148 rei,
2163 1090 2363 1153 quum
2396 1070 2667 1133 alterum
2708 1089 2835 1134 non
2878 1071 2959 1132 sit
2996 1069 3237 1132 dictum
3268 1076 3378 1132 aut
3408 1068 3501 1132 fa-

2014 1177 2185 1231 ctum
2231 1178 2489 1251 propter
2534 1169 2805 1232 alterum
2851 1167 3501 1248 significandum,-oi'-

2018 1268 2289 1331 rendunt
2322 1267 2611 1348 graviter·
2641 1267 2993 1342 audientcS,
3029 1267 3195 1329 sicut
3234 1266 3300 1328 in
3333 1264 3502 1329 facto

2013 1365 2211 1429 David
2243 1373 2307 1428 et
2335 1365 2518 1442 Uriae,
2549 1365 2658 1428 ubi
2690 1365 2933 1442 dicunt,
2962 1365 3133 1447 quod
3163 1363 3359 1427 David
3390 1364 3501 1444 qui

2017 1465 2239 1545 utique
2275 1464 2340 1526 in
2382 1464 2493 1528 illo
2535 1462 2703 1527 facto
2747 1463 2872 1526 fuit
2913 1463 3220 1546 proditor,
3257 1462 3504 1526 adulter

2015 1572 2078 1626 et
2107 1563 2451 1640 homicida,
2488 1562 2813 1644 significat
2852 1562 3195 1638 Christum,
3232 1570 3294 1624 et
3322 1561 3503 1624 Urias

2016 1663 2115 1727 vir
2159 1662 2376 1725 fidelis
2422 1671 2485 1724 et
2524 1671 2803 1738 sanctuS,
2839 1660 3185 1738 diabolum,
3220 1669 3283 1723 et
3322 1659 3505 1723 Beth-

2017 1761 2206 1824 sabee
2254 1761 2625 1824 Ecclesiam.
2674 1759 2736 1823 Si
2785 1769 2997 1822 autem
3050 1759 3142 1821 sic
3191 1759 3498 1836 dicerent,

117 1868 366 1918 aen-nan.
402 1853 634 1918 dinem
678 1864 922 1919 tantum
963 1859 1284 1940 exprimit,
1331 1859 1548 1922 dicens
1592 1879 1606 1921 :
1640 1859 1908 1933 Quomo-
1943 1856 1987 1917 B
2017 1860 2194 1924 Sicut
2232 1860 2428 1924 David
2470 1859 2709 1924 amavit
2754 1877 3015 1921 uxorem
3052 1856 3236 1934 Uriae,
3272 1865 3335 1920 et
3374 1876 3504 1939 prae

2015 1960 2155 2041 ejus
2186 1978 2401 2022 amore
2432 1958 2797 2040 procuravit
2826 1966 3094 2020 mortem
3127 1957 3225 2018 sui
3265 1955 3498 2033 mariti,

2017 2058 2109 2121 sic
2151 2059 2277 2122 Rex
2313 2057 2619 2121 coelorum
2661 2055 2898 2118 amavit
2939 2055 3329 2137 Synagogam
3368 2053 3503 2117 sive

2017 2156 2390 2234 Ecclesiam,
2442 2175 2515 2218 ac
2563 2174 2693 2239 prae
2739 2155 2881 2236 ejus
2932 2172 3146 2216 amore
3192 2151 3502 2216 destruxi-t

2017 2255 2347 2318 diabolum
2380 2255 2479 2318 vel
2520 2253 2843 2336 principes
2875 2252 3237 2335 Synagogae,
3272 2259 3335 2313 et
3363 2269 3503 2312 eam

2018 2353 2365 2435 assumpsit
2419 2353 2485 2414 in
2546 2371 2867 2436 sponsam,
2920 2368 3049 2414 non
3094 2348 3506 2413 offenderent

2020 2451 2372 2515 audientes.
2408 2452 2550 2515 Haec
2578 2453 2797 2515 doctor
2826 2449 3147 2533 praefatuS.

1526 2878 2176 2966 ARTICULUS
2251 2880 2407 2964 XX

694 3152 1080 3199 EXPLANATlo
1123 3153 1399 3200 CAPITULI
1442 3152 1770 3199 DuonEcun
1812 3152 1826 3197 ἶ
1875 3152 2038 3198 ulsrr
2081 3153 2238 3199 ERGO
2280 3153 2546 3201 DOMINUS
2588 3154 2839 3199 NATHAN
2886 3154 2970 3199 AD
3011 3154 3220 3199 Davu).

565 3431 640 3495 lc
675 3430 1026 3495 recitantur
1057 3430 1411 3513 increpatio
1431 3450 1504 3494 ac
1529 3430 1908 3513 poenitentia
1936 3429 1983 3493 C
2019 3430 2251 3507 lentuS,
2299 3440 2359 3491 ec
2402 3435 2565 3492 alter
2606 3451 2887 3509 pauper,
2937 3432 3371 3513 comparative
3418 3432 3508 3495 lo-

578 3530 900 3608 David,-et
939 3529 1380 3594 misericordia
1414 3530 1472 3593 ei
1502 3550 1540 3593 a
1569 3531 1695 3593 Deo
1733 3530 1908 3593 exhi-

405 3628 570 3692 bita.
607 3632 794 3691 Misit
831 3650 978 3708 erqo
1008 3631 1328 3692 Dominus
1359 3631 1628 3693 Nathan
1666 3632 1754 3689 ad
1781 3632 1908 3689 Da-

407 3730 530 3789 vid
572 3728 652 3790 ad
699 3728 1187 3810 increpandum.
1223 3727 1525 3791 Dominus
1565 3736 1776 3791 autem
1817 3735 1910 3790 to-

408 3834 548 3888 tum
573 3827 745 3908 quod
771 3835 1020 3907 gestum
1055 3824 1179 3888 fuit
1208 3845 1246 3888 a
1277 3825 1473 3889 David
1505 3826 1674 3888 circa
1693 3825 1907 3887 Uriam

2016 3529 2272 3611 quendo
2310 3546 2325 3590 ε
2360 3548 2503 3591 nam
2536 3530 2826 3610 quamvis
2870 3539 3036 3592 esset
3078 3530 3257 3594 dives
3294 3530 3500 3608 mileS,

2018 3635 2229 3690 tamen
2281 3635 2571 3709 respectu
2625 3627 2791 3708 regis
2826 3626 2967 3690 -fuit
3016 3646 3278 3709 pauper.
3313 3630 3505 3689 Dives

2017 3728 2283 3787 habebat
2308 3747 2451 3786 ove-s·
2478 3737 2537 3788 ec
2568 3730 2744 3787 boves
2764 3728 3091 3804 plurimos
3120 3730 3333 3796 valde,
3354 3726 3507 3807 quia

2016 3824 2213 3888 David
2244 3824 2477 3887 multas
2506 3824 2729 3887 habuit
2750 3844 2973 3889 uxores
2996 3833 3060 3887 et
3078 3824 3467 3888 concubinas
3486 3850 3501 3900 3

405 3933 476 3989 et
505 3925 846 4005 conjugem
879 3926 1040 4006 ejus,
1066 3924 1459 3989 revelaverat
1486 3924 1730 3987 Nathan
1765 3941 1908 4006 pro-
2011 3944 2267 4003 pauper
2297 3934 2513 3985 autem
2542 3926 2717 3985 nihil
2748 3926 3011 3989 habebat
3049 3925 3506 4000 omnino-prm-

407 4024 643 4106 phetae.
683 4023 808 4090 Qui
849 4043 1054 4102 quum
1099 4024 1370 4083 venissel
1409 4026 1499 4083 ad
1527 4044 1697 4095 eum,
1729 4023 1907 4082 dimit

403 4126 472 4183 ei
501 4144 524 4181 .·
555 4124 890 4199 Responde
939 4122 1107 4181 mihi
1137 4122 1504 4199 judicium,
1540 4120 1601 4182 id
1652 4129 1769 4195 est,
1812 4119 1909 4200 ju-

405 4228 572 4285 stam
605 4219 990 4282 sententiam
1021 4217 1240 4300 profer
1269 4220 1348 4281 de
1379 4238 1569 4281 causa
1599 4237 1788 4299 quam
1833 4217 1911 4278 ti-

403 4319 478 4381 hi
523 4336 903 4400 proponam.
942 4321 1082 4378 Duo
1128 4318 1263 4377 viri
1303 4327 1492 4378 erant
1531 4320 1602 4377 in
1646 4319 1910 4377 civitate

408 4438 570 4479 una.
595 4416 843 4478 Nathan
889 4415 1226 4497 proposuit
1267 4415 1657 4497 parabolam,
1692 4423 1755 4477 et
1798 4416 1912 4477 Da-

409 4516 522 4580 vid
561 4513 813 4597 putavit
852 4532 996 4577 eum
1042 4512 1281 4577 referre
1321 4533 1453 4577 rem
1491 4523 1754 4595 gestam.
1790 4514 1912 4577 Vo-

2020 4031 2113 4081 cer
2133 4040 2313 4081 ovem
2332 4041 2536 4081 unam
2550 4026 2937 4100 parvulam:
2954 4039 3097 4084 nam
3114 4020 3295 4083 Urias
3317 4040 3503 4083 unam

2017 4120 2343 4181 dumtaxat
2373 4118 2600 4181 habuit
2627 4120 2988 4201 conjugem,
3025 4138 3169 4201 quae
3212 4127 3505 4201 respectu

2019 4216 2327 4297 regalium
2373 4216 2757 4282 feminarum
2795 4218 3043 4282 modica
3082 4217 3209 4280 fuit
3238 4218 3507 4299 dignita-

2019 4325 2116 4391 te;
2157 4337 2353 4397 qaam
2396 4326 2662 4386 emerat,
2692 4317 2900 4379 dando
2951 4335 3068 4399 pro
3114 4317 3245 4395 illa,
3277 4328 3338 4378 ec
3384 4338 3507 4377 nu-

2023 4418 2271 4487 trierat,
2304 4425 2363 4475 ec
2410 4436 2553 4494 quae
2600 4426 2885 4475 creverat
2934 4420 3114 4493 apud
3162 4437 3311 4476 eum
3357 4434 3507 4475 cum

2017 4516 2180 4591 filiis
2210 4515 2350 4591 ejus
2379 4516 2603 4585 simul,
2635 4517 2715 4573 de
2740 4534 2910 4593 pane
2942 4516 3126 4574 illius
3154 4518 3507 4583 comedens,

410 4615 534 4677 luit
565 4620 780 4676 autem
812 4612 979 4675 Deus
1018 4612 1230 4694 ipsum
1273 4611 1471 4674 David
1513 4612 1604 4674 sic
1643 4612 1912 4674 circum·
1941 4614 1991 4675 D
2018 4622 2077 4672 et
2123 4616 2202 4672 de
2250 4614 2447 4672 calice
2495 4614 2682 4672 illius
2730 4614 2970 4682 bibens,
3014 4611 3076 4675 id
3128 4620 3245 4689 est,
3292 4612 3506 4675 adole-

409 4712 657 4788 veniri,
710 4719 773 4773 et
818 4710 1086 4793 ‘propria
1146 4710 1289 4793 capi
1352 4710 1787 4792 responsione,
1841 4718 1912 4772 ut

407 4810 671 4891 cognita
713 4828 828 4871 sua
870 4809 1082 4891 culpa,
1116 4808 1500 4892 profundius
1547 4808 1911 4871 humiliaret

411 4930 482 4974 se
513 4909 754 4991 ipsum,
789 4907 968 4970 nulla
996 4908 1102 4969 via
1130 4906 1443 4970 evadendi
1474 4915 1583 4969 aut
1613 4925 1912 4970 excusan-

411 5008 476 5073 di
525 5007 812 5069 inventa.
847 5006 1306 5087 Exponendum
1347 5013 1443 5068 est
1484 5005 1720 5087 itaque,
1755 5005 1910 5086 quid

413 5106 720 5189 parabola
754 5105 874 5167 ista
905 5104 1273 5185 signaverit.
1299 5105 1429 5167 Duo
1448 5104 1593 5180 viri,
1615 5103 1912 5169 videlicet

413 5203 615 5269 David
649 5214 712 5267 et
739 5202 943 5281 UriaS‚
981 5213 1162 5265 erant
1193 5203 1258 5264 in
1291 5202 1550 5265 civitate
1585 5222 1713 5264 una
1737 5203 1913 5264 Jeru-

415 5304 643 5381 salem,
665 5323 838 5365 unus
857 5304 1058 5375 dives,
1079 5300 1233 5382 quia
1251 5300 1450 5363 David
1471 5299 1599 5362 suit
1631 5320 1738 5363 rex
1766 5319 1914 5382 opu-

2021 4709 2371 4773 scentulam
2434 4709 2609 4771 illam
2668 4710 2935 4791 accepit,
3000 4730 3143 4791 quae
3202 4709 3325 4771 ruit
3380 4709 3505 4773 sibi

2019 4808 2469 4872 commensalis
2492 4807 2672 4888 quasi
2698 4808 3047 4871 domestica
3074 4808 3236 4886 oviS,
3258 4827 3383 4872 non
3407 4828 3508 4891 pa·

2020 4905 2277 4983 scualiS,
2311 4917 2369 4968 et
2414 4909 2487 4967 in
2530 4908 2685 4969 sinu
2715 4908 2899 4966 illius
2928 4910 3281 4977 dormiem,
3314 4906 3377 4969 id
3411 4915 3506 4969 est

2020 5003 2403 5078 contorali83
2443 5014 2706 5084 eratque
2744 5005 2854 5064 illi
2892 5006 3060 5065 sicut
3102 5006 3273 5081 filia,
3308 5003 3373 5066 id
3413 5012 3509 5067 cst

2021 5102 2205 5165 valde
2250 5101 2587 5165 familiaris
2628 5112 2818 5185 atque
2856 5102 3109 5166 dilecta.
3149 5105 3361 5171 Quum
3398 5124 3510 5163 au-

2024 5212 2146 5262 tem
2177 5204 2563 5279 pereyrinus
2603 5194 2875 5281 quidam
2918 5203 3187 5261 venisset
3218 5205 3305 5262 ad
3332 5202 3508 5261 divi·

2023 5310 2171 5371 tem,
2208 5298 2273 5361 id
2316 5308 2433 5377 est,
2468 5299 2731 5383 spiritus
2768 5298 3230 5375 fornicationiS,
3264 5296 3511 5362 alienus
