4359 6250
97 2372 124 2416 11
140 2375 231 2430 Rev.
245 2389 300 2426 11,

79 2443 110 2483 ⁴.
127 2445 178 2482 15.

881 513 1225 558 auxanium
1270 513 1331 558 m
1375 514 1512 558 exe.
1560 514 1641 558 xv
1663 561 1668 564 ,
1687 513 1844 559 unm
1887 512 2140 559 saeuum
2181 513 2405 566 neema.
2453 535 2533 544 —
2570 517 2714 562 aar.
2763 517 2909 563 xxlv
3321 499 3440 560 525

327 680 506 742 lonis
538 681 604 744 in
635 681 960 746 civitatem
983 682 1354 746 Jerusalem.
1374 685 1828 748 Verumtamen
1865 685 1916 746 A
1945 689 2034 750 Ex
2064 689 2300 770 quibus
2340 689 2613 766 videtur,
2646 690 2818 771 quod
2860 697 3107 769 gestum
3150 689 3271 752 hoc
3309 689 3433 751 Ab·

323 798 526 841 verus
577 788 783 842 textus
831 781 1042 858 habet,
1076 783 1220 845 Post
1262 783 1685 864 quadraginta
1725 804 1831 845 an·
1945 787 2180 850 salonis
2228 787 2469 850 nullam
2518 787 2707 850 habet
2756 787 3299 851 continuationem
3350 787 3429 850 ad

327 895 449 939 nos
487 895 504 938 :
541 877 633 941 sic
663 897 918 961 quoque
946 880 1365 962 Hieronymus
1397 881 1743 959 transtulit,
1771 890 1834 944 et
1945 886 2315 966 petitionem
2342 885 2564 968 populi
2585 887 2663 948 de
2685 903 2828 966 rege
2852 885 3432 949 instituendo.Hinc

323 975 600 1056 quidam
632 976 782 1039 libri
813 979 1080 1041 correcti
1112 979 1204 1043 sie
1235 979 1492 1042 habent.
1943 984 2334 1065 computatio
2379 984 2606 1047 horum
2648 983 3069 1065 quadraginta
3118 1002 3433 1046 annorum

393 1075 595 1139 Porro
621 1075 687 1138 in
719 1076 882 1140 libro
903 1078 982 1140 de
1004 1077 1326 1140 Hebraicis
1348 1078 1833 1159 quaestionibuS,
1943 1081 2265 1144 videretur
2286 1082 2517 1145 melius
2542 1082 2825 1145 inchoari
2846 1103 2883 1145 a
2904 1082 3111 1165 prima
3129 1082 3433 1145 unctione

325 1172 731 1252 computatio
777 1172 1003 1235 horum
1049 1175 1474 1255 quadraginta
1517 1193 1831 1237 annorum
1945 1179 2140 1244 David
2182 1181 2249 1242 in
2290 1199 2524 1261 regem,
2559 1181 2636 1243 de
2676 1200 2800 1262 qua
2844 1201 3039 1263 supra
3074 1181 3281 1263 primo
3320 1181 3435 1244 Re-

331 1268 648 1351 incipitur
691 1291 728 1332 a
773 1279 1054 1353 tempore
1105 1291 1232 1352 quo
1276 1271 1424 1334 Saul
1473 1274 1830 1336 sacerdotes
1941 1297 2092 1359 gum
2119 1279 2483 1361 libr02quae
2506 1279 2722 1342 unctio
2744 1279 2869 1341 fuit
2890 1289 3031 1361 post
3058 1279 3430 1362 petitionem

327 1368 594 1444 oceidit,
627 1369 934 1450 quoniam
975 1370 1173 1433 David
1216 1369 1341 1432 fuit
1379 1371 1596 1453 aliquo
1641 1371 1828 1434 modo
1943 1378 2163 1460 populi
2200 1386 2711 1456 memoratam,et
2739 1387 2887 1441 ante
2918 1380 3317 1442 sacerdotum
3340 1396 3437 1442 oc-

329 1485 532 1528 causa
559 1475 751 1549 atque
775 1468 1024 1532 occasio
1044 1468 1513 1534 intersectionis
1545 1469 1826 1549 illorum,
1944 1476 2274 1539 cisionem.
2310 1477 2462 1538 Nam
2506 1477 2569 1537 in
2615 1476 2819 1558 prima
2850 1476 2961 1538 illa
2991 1476 3293 1539 unctione
3322 1476 3436 1539 Da-

218 1591 268 1618 n
288 1572 301 1582 '
330 1565 492 1646 quia
541 1566 734 1628 nimis
782 1577 999 1650 aperte
1044 1569 1270 1650 petivit
1314 1569 1394 1631 ab
1422 1568 1830 1632 Achimelech
1945 1575 2070 1651 vid,
2097 1575 2337 1637 dictum
2360 1584 2475 1650 est,
2502 1575 2785 1638 Directus
2818 1583 2913 1637 est
2941 1575 3205 1657 spiritus
3229 1575 3435 1638 Domi·
3491 1586 3727 1643 meo-m.

331 1683 534 1744 panes
565 1675 630 1728 et
667 1666 972 1746 gladium,
1005 1687 1207 1749 quum
1249 1668 1441 1732 sciret
1481 1668 1571 1730 ibi
1613 1669 1832 1731 adesse
1943 1673 2010 1734 ni
2043 1673 2108 1735 in
2138 1674 2337 1738 David
2357 1673 2517 1736 adie
2544 1674 2653 1736 illa
2685 1682 2747 1736 et
2778 1673 2845 1735 in
2876 1672 3194 1755 reliquum
3221 1689 3235 1735 ε
3261 1674 3433 1754 quod
3464 1651 3529 1693 ¹³‘

329 1764 506 1844 Doeg
562 1765 927 1844 Idumaeum,
980 1766 1060 1829 de
1108 1786 1236 1849 quo
1287 1766 1707 1852 probabiliter
1753 1765 1831 1828 ti-
1941 1773 2365 1835 communiter
2405 1772 2744 1854 exponitur
2784 1773 2863 1835 de
2902 1772 3131 1855 spiritu
3179 1771 3433 1836 sortitu-

329 1863 520 1941 muit,
556 1865 730 1945 quod
772 1864 1040 1928 referret
1083 1866 1206 1928 ista
1247 1865 1444 1929 Sauli.
1477 1867 1715 1929 Idcirco
1749 1865 1828 1927 fit
1865 1869 1913 1931 B
1940 1870 2108 1932 dinis
2162 1880 2353 1953 atque
2401 1871 2793 1948 constantiae,
2847 1873 2999 1953 quia
3047 1880 3187 1953 post
3247 1870 3425 1932 illam

331 1960 438 2023 hic
481 1962 660 2024 illius
709 1965 1012 2046 temporis
1042 1965 1329 2042 mentio,
1361 1964 1668 2046 quoniam
1715 1964 1826 2026 illa
1941 1970 2306 2033 unctionem
2347 1969 2541 2051 coepit
2578 1970 2775 2032 David
2816 1968 3280 2033 famosissimus
3313 1968 3438 2031 fie—

332 2059 540 2140 ipsius
571 2062 767 2127 David
798 2063 1009 2144 culpa,
1043 2061 1168 2126 fuit
1206 2065 1440 2146 partim
1480 2083 1671 2127 causa
1711 2064 1830 2125 hu·
1939 2069 2014 2146 ri,
2050 2078 2112 2131 et
2139 2077 2465 2150 promotus
2500 2069 2566 2131 in
2598 2086 2831 2148 regem,
2858 2068 3422 2132 victoriosissimus

329 2159 436 2239 jus
481 2160 851 2224 rebellionis
886 2161 1225 2224 Absalonis
1266 2163 1570 2227 adversus
1602 2162 1828 2226 David.
1939 2166 2084 2229 fuit.
2102 2168 2296 2248 Cujus
2326 2168 2690 2250 oppositum
2713 2167 2961 2232 videtur
2990 2167 3049 2230 ei
3082 2167 3425 2248 contigisse

331 2257 458 2322 Nec
489 2260 702 2322 obstat
729 2261 901 2342 quod
931 2260 1176 2323 dictum
1204 2270 1320 2338 est,
1342 2261 1506 2324 hanc
1538 2261 1830 2325 rebellio·
1937 2266 2005 2329 in
2044 2267 2485 2348 persecutione
2524 2266 2648 2328 sibi
2688 2267 2865 2329 illata
2894 2287 2931 2328 a
2961 2266 3219 2349 pro'prio
3252 2265 3417 2343 filio,

329 2375 480 2419 ncm
511 2359 806 2422 evenisse
826 2368 1085 2442 propter
1107 2370 1440 2442 peccatum
1461 2360 1657 2425 David
1678 2381 1824 2423 cum
1934 2375 1997 2428 et
2016 2366 2093 2428 de
2103 2366 2457 2448 turpatione
2487 2384 2754 2428 uxorum
2790 2385 3047 2428 suarum
3068 2385 3105 2428 a
3128 2364 3267 2428 filio
3288 2384 3427 2428 suo.

329 2455 682 2520 Bethsabee
727 2465 790 2520 et
836 2468 1058 2521 contra
1103 2458 1316 2522 Uriam
1367 2477 1381 2520 :
1430 2458 1582 2541 quia
1631 2459 1819 2542 plura
1932 2463 2075 2526 Ideo
2107 2471 2277 2526 recte
2308 2461 2613 2544 incipitur
2644 2461 3036 2543 computatio
3060 2455 3287 2524 horum
3321 2481 3427 2524 an-

328 2564 592 2635 peccata
619 2565 888 2638 possunt
915 2577 1056 2621 esse
1084 2576 1292 2621 causae
1325 2558 1622 2639 partiales
1654 2559 1824 2640 ejus-
1935 2579 2163 2623 norum
2195 2560 2275 2622 ab
2306 2559 2418 2621 illa
2450 2558 2844 2636 inunctione,
2868 2567 2935 2621 ut
2966 2558 3259 2641 opposita
3285 2559 3427 2641 jux-

327 2653 474 2715 dem
527 2671 734 2736 poenae
778 2674 816 2717 a
863 2656 989 2719 Deo
1047 2656 1238 2719 illatae
1285 2665 1395 2718 aut
1445 2656 1818 2720 inferendae.
1935 2669 1995 2721 ta
2025 2678 2090 2721 se
2121 2659 2347 2740 posita,
2384 2658 2616 2720 clarius
2651 2657 3072 2721 innotescant.

318 2749 463 2814 Haee
492 2753 688 2814 etiam
719 2753 944 2816 scribit
973 2755 1154 2836 Lyra,
1189 2763 1251 2817 et
1283 2756 1628 2818 concordat
1667 2754 1820 2817 satis
2025 2758 2146 2820 Sed
2199 2758 2262 2819 in
2314 2757 2415 2818 his
2464 2757 2675 2821 verbis
2734 2757 2934 2819 Rabbi
2992 2757 3165 2819 Pauli
3217 2757 3417 2820 multa

321 2868 468 2912 cum
501 2851 714 2914 verbis
736 2852 899 2914 Petri
918 2852 1323 2929 ComestoriS,
1343 2853 1615 2916 dicentis
1643 2852 1817 2915 :Alia
1933 2856 2459 2938 reprehensibilia
2490 2856 2802 2920 contineri
2836 2863 3265 2918 recensentur.
3290 2856 3421 2918 Pri-

321 2948 538 3012 littera
567 2951 780 3027 habet,
800 2950 943 3015 Post
970 2952 1392 3034 quadraginta
1421 2971 1644 3016 annos,
1667 2952 1824 3026 Qua·
1931 2974 2107 3017 mum
2137 2964 2254 3032 est,
2274 2956 2443 3036 quod
2478 2953 2631 3016 dicit
2663 2953 3053 3036 Scripturam
3086 2972 3213 3017 non
3247 2954 3421 3017 attri-

320 3049 616 3129 draginta
657 3049 834 3112 enim
873 3050 1024 3112 anni
1069 3049 1417 3128 fluxerunt,
1452 3069 1531 3114 ex
1559 3071 1688 3134 quo
1719 3071 1822 3114 oc-
1854 3055 1900 3120 C
1933 3055 2126 3117 buere
2166 3053 2574 3137 culpabiliter
2614 3053 2739 3136 ipsi
2778 3053 2973 3116 David
3018 3054 3419 3117 sacerdotum

323 3148 441 3211 cisi
483 3157 638 3212 sunt
680 3151 1037 3213 sacerdotes
1081 3150 1254 3213 Nobe
1289 3168 1303 3212 :
1339 3150 1451 3231 qui
1497 3160 1824 3233 ponuntur
1931 3154 2339 3217 occisionem.
2374 3154 2692 3235 Scriptum
2735 3161 2831 3216 est
2872 3153 3045 3216 enim
3090 3154 3295 3235 primo
3341 3154 3415 3216 li-

326 3247 452 3323 hic,
491 3256 564 3310 ut
605 3256 993 3311 monstretur
1030 3248 1315 3313 divinam
1364 3248 1676 3313 ultionem
1717 3270 1821 3311 su-
1932 3252 2070 3329 br0,
2101 3253 2273 3335 quod
2304 3252 2501 3315 David
2530 3251 2691 3313 dixit
2717 3250 3021 3313 Abiathar
3062 3250 3204 3314 filio
3234 3250 3421 3314 Achi-

329 3346 550 3409 scitari
599 3366 790 3429 super
831 3346 1052 3423 David,
1088 3365 1164 3410 eo
1205 3348 1375 3429 quod
1412 3348 1822 3411 Achimelech
1933 3350 2178 3412 melech
2211 3349 2540 3431 pontificis
2572 3348 2894 3412 interfecti
2922 3348 3092 3430 :Ego
3114 3368 3255 3410 sum
3278 3368 3421 3411 reus
3494 3370 3721 3425 mmm.

331 3445 726 3509 sacerdotem
757 3444 1012 3508 fefellit.
1935 3447 2225 3512 omnium
2255 3447 2611 3510 animarum
2642 3446 2840 3529 patris
2873 3446 2987 3523 tui,
3018 3446 3081 3509 id
3112 3456 3208 3509 est
3238 3446 3429 3509 inter·
3458 3434 3525 3477 ²³·

409 3543 734 3626 Additque
781 3543 943 3627 Lyra
987 3562 1000 3605 :
1045 3543 1244 3606 Rabbi
1297 3544 1593 3608 Salomon
1641 3544 1820 3621 dicit,
1882 3538 1887 3543 ’
1937 3545 2233 3609 fectionis
2264 3564 2678 3627 personarum
2702 3544 2990 3607 omnium
3021 3545 3419 3607 sacerdotum

333 3644 508 3723 quod
535 3641 642 3705 isti
664 3642 1082 3723 quadraginta
1105 3642 1256 3705 anni
1282 3642 1602 3725 incipiunt
1621 3664 1658 3706 a
1680 3651 1828 3707 tem·
1936 3643 2214 3708 illorum.
2234 3644 2420 3705 Aliud
2452 3651 2567 3721 est,
2593 3643 2765 3724 quod
2796 3642 2951 3704 dicit
2979 3641 3191 3723 ipsum
3223 3643 3420 3707 David

211 3778 306 3816 sm,
333 3760 488 3822 pore
512 3758 642 3822 quo
667 3742 942 3823 populus
971 3741 1162 3804 Israel
1193 3742 1420 3823 petivit
1451 3759 1662 3823 regem
1683 3761 1826 3806 con·
1937 3761 2064 3806 non
2094 3742 2389 3805 debuisse
2420 3759 2800 3823 praesumere
2833 3748 3069 3802 tantam
3106 3740 3417 3803 malitiam

337 3847 429 3901 tra
477 3839 792 3903 Samuelis
841 3840 1343 3922 persuasionem.
1377 3840 1572 3922 Cujus
1613 3840 1704 3903 rei
1747 3840 1826 3903 rit
1935 3860 2074 3904 esse
2104 3841 2171 3902 in
2202 3840 2543 3921 Saul,quia
2572 3838 2855 3902 nondum
2885 3838 3126 3919 ejectus
3160 3837 3188 3900 f
3192 3837 3285 3900 uit
3313 3857 3421 3920 pu-

334 3938 436 4001 hic
481 3938 815 4014 memoria,
848 3937 1153 4019 quoniam
1203 3938 1410 4020 prima
1454 3938 1619 4002 facie
1656 3939 1827 4002 vide-
1936 3938 2102 4002 blice
2144 3939 2223 4001 ab
2268 3938 2490 4001 eodem
2528 3953 2541 3999 :
2576 3936 2727 4018 quia
2753 3938 2853 4016 (ut
2897 3936 2961 3997 in
3008 3936 3215 4017 primo
3256 3935 3421 3999 libro

335 4036 523 4099 batur
552 4055 856 4117 magnum
895 4037 1134 4099 malum
1169 4037 1432 4100 rebellio
1460 4037 1818 4115 Absalonis,
1937 4038 2264 4117 recitatur)
2294 4036 2441 4100 Saul
2482 4054 2649 4118 saepe
2688 4035 2863 4098 nisus
2906 4034 3050 4110 suit,
3086 4034 3276 4097 etiam
3317 4053 3421 4098 co-
3469 4060 3711 4114 mimum,

335 4137 502 4199 sicut
531 4145 596 4199 et
625 4136 875 4199 Samuel
907 4136 1569 4218 praenuntiavit,quod
1601 4138 1825 4220 petitio
1939 4156 2071 4199 ram
2122 4137 2363 4213 multiS,
2396 4134 2683 4198 occidere
2726 4141 2787 4195 et
2835 4132 3171 4214 perfodere
3208 4133 3420 4215 ipsum
3452 4126 3638 4242 κῶζ’
3667 4127 3711 4167 ¹¹

335 4234 558 4317 populi
603 4234 684 4297 de
722 4235 1133 4298 concessione
1179 4236 1366 4315 rcgiS,
1400 4255 1529 4298 non
1568 4243 1704 4298 erat
1746 4237 1824 4298 ad
1858 4235 1907 4297 D
1935 4235 2150 4313 David,
2186 4243 2527 4316 antequam
2566 4232 2742 4295 venit
2780 4232 2859 4293 ad
2889 4230 3299 4296 Achimelech
3332 4251 3425 4294 sa-

335 4332 600 4396 bonum.
637 4332 758 4395 Sed
795 4341 1018 4396 contra
1059 4334 1282 4396 scribit
1325 4333 1523 4396 Rabbi
1568 4334 1819 4412 PauluS,
1933 4332 2284 4407 cerdotem3
2308 4339 2371 4395 et
2402 4340 2529 4393 tam
2560 4328 2901 4392 manifeste
2922 4329 3420 4411 persequebatur

335 4430 554 4494 dicens
592 4447 606 4491 :
641 4429 815 4493 Licet
844 4430 1042 4492 David
1075 4429 1302 4493 fuisset
1329 4449 1521 4493 causa
1550 4431 1825 4494 occasio-
1934 4428 2144 4510 ipsum
2182 4427 2402 4504 David,
2435 4428 2607 4508 quod
2640 4425 2889 4508 putavit
2918 4426 3230 4488 sacerdoti
3264 4445 3421 4508 pon-

339 4529 500 4591 nalis
549 4528 894 4592 occisionis
950 4530 1371 4605 sacerdotum,
1427 4548 1554 4592 non
1613 4539 1822 4592 tamen
1932 4527 2098 4590 tifici
2129 4527 2249 4591 hoc
2278 4526 2603 4606 cognitum
2634 4544 2795 4587 esse.
2830 4525 3087 4606 Propter
3118 4524 3291 4605 quod
3320 4526 3419 4602 (ut

337 4628 745 4710 culpabiliter
776 4626 1254 4691 attribuendum
1275 4628 1652 4691 esteiztum
1673 4628 1825 4710 quia
1934 4627 1998 4689 in
2047 4626 2256 4708 primo
2317 4623 2481 4688 libro
2532 4622 2788 4703 legitur)
2836 4621 2995 4685 dixit
3051 4621 3351 4704 pontifici
3406 4639 3420 4683 :

338 4726 664 4809 Scriptura
705 4746 833 4788 non
877 4726 1150 4808 imponit
1188 4726 1245 4789 ei
1291 4726 1656 4808 hujusmodi
1695 4727 1824 4790 cul·
1931 4725 2132 4799 Quare
2176 4722 2557 4804 conjurastis
2597 4723 2935 4784 adversum
2974 4740 3097 4797 me,
3136 4728 3203 4783 tu
3241 4729 3306 4784 et
3348 4718 3424 4783 fi·
3479 4742 3713 4796 mann,

337 4844 518 4905 pam3
563 4834 700 4888 tum
745 4824 898 4907 quia
945 4844 1074 4888 non
1121 4826 1393 4887 debebat
1443 4845 1824 4907 praesumere
1933 4825 2057 4887 lius
2087 4824 2250 4887 lsai?
2279 4823 2356 4884 Et
2395 4841 2611 4884 rursus
2642 4821 2722 4883 ad
2752 4818 3115 4883 emissarios
3155 4836 3169 4880 ε
3202 4818 3421 4882 Manus
3453 4810 3518 4859 ¹³²
3541 4811 3607 4851 ¹⁷·

339 4924 399 4986 in
432 4924 623 4987 Saule
653 4944 793 4988 esse
827 4932 1064 4987 tantam
1095 4924 1426 4999 malitiam,
1460 4926 1632 5006 quod
1664 4926 1825 4988 occi·
1933 4924 2209 5004 (inquit)
2254 4940 2475 4984 eorum
2522 4940 2667 4982 cum
2721 4918 2917 4984 David
2970 4926 3092 4996 est,
3146 4918 3421 4981 scientes

335 5022 512 5087 deret
541 5023 902 5086 sacerdotes
936 5031 1194 5104 propter
1225 5022 1722 5104 hospitalitatem
1747 5025 1824 5085 si·
1932 5021 2101 5103 quod
2148 5020 2434 5100 fugisset,
2470 5028 2533 5081 ct
2569 5037 2697 5081 non
2742 5017 3184 5081 indicaverunt
3231 5015 3417 5079 mihi.

338 5121 399 5184 bi
437 5121 521 5184 ab
558 5122 654 5185 eis
693 5121 1063 5199 exhibitam,
1098 5122 1254 5204 quia
1297 5123 1582 5184 nondum
1630 5121 1752 5185 ruit
1790 5144 1826 5186 a
1934 5120 2215 5183 Tertium
2248 5127 2364 5195 est,
2396 5118 2566 5201 quod
2598 5116 2773 5193 dicit,
2808 5116 3287 5198 perversitatem
3327 5116 3424 5197 ip-

338 5220 520 5283 Saule
552 5220 812 5302 publice
842 5220 1118 5300 ejectus3
1165 5218 1298 5282 tum
1328 5220 1482 5302 quia
1516 5221 1826 5302 perversi-
1933 5219 2066 5281 sius
2116 5219 2303 5298 Doeg,
2337 5217 2621 5281 nondum
2671 5213 2871 5277 fuisse
2920 5214 3239 5293 cognitam
3289 5214 3417 5297 ipsi

339 5325 426 5381 tas
457 5318 666 5401 ipsius
706 5319 879 5398 Doeg
916 5320 1200 5382 nondum
1243 5328 1376 5381 erat
1415 5320 1608 5382 David
1647 5326 1818 5383 nota.
1932 5316 2148 5381 David.
2205 5315 2523 5397 Scriptum
2580 5321 2678 5377 est
2725 5312 2899 5376 enim
2957 5312 3163 5394 primo
3223 5313 3417 5392 libr0,
