4359 6250
588 2075 602 2122 1
618 2077 720 2121 Par.
732 2079 847 2128 ndi.

586 4816 729 4863 meh.
744 4834 785 4867 v.
798 4821 838 4863 i.

874 493 992 560 386

1436 512 1787 561 ssNAnmmo.
1824 512 1881 557 tx
1924 511 2060 557 cAP.
2107 510 2258 555 xxlu
2303 509 2458 554 Lutnt
2499 509 2668 555 Pnnn
2709 509 2934 554 RFAEUH.
2977 527 3059 538 --
3098 507 3241 552 Am.
3283 505 3374 550 11..

872 693 1207 750 [naverunt
1254 703 1465 748 coram
1517 683 1805 748 Domino.
1842 682 2017 756 Quod
2068 681 2360 762 Magister
2388 678 2438 740 A
2546 682 2766 740 David
2805 689 3022 740 aulem
3061 689 3122 740 et
3173 679 3302 738 viri
3344 677 3484 754 ejus
3513 684 3698 736 erant
3737 675 3810 732 in
3849 675 3970 734 de-

872 785 937 848 in
970 783 1253 848 historiis
1284 782 1376 846 sic
1406 782 1665 864 exponit
1702 798 1715 842 :
1751 781 1814 844 ld
1846 789 1963 856 est,
1984 799 2197 843 eoram
2229 778 2359 842 Gad
2463 789 2626 839 serto
2667 782 2864 840 Maon
2903 781 2974 838 in
3017 779 3474 854 campestribus
3503 777 3590 834 ad
3619 776 3966 836 dexteram

870 883 1181 966 propheta
1228 890 1291 945 ot
1334 880 1637 944 Abiathar
1684 879 2029 942 sacerdote.
2063 879 2139 940 Et
2180 877 2362 958 juxta
2461 878 2767 937 Jesimon.
2800 879 2935 937 Ivit
2983 896 3130 953 erqo
3172 877 3340 937 Saul
3382 884 3442 934 et
3483 873 3640 933 socii
3681 872 3820 948 ejus
3863 872 3968 932 ad

869 981 989 1046 hoc
1018 980 1149 1044 Gad
1182 979 1305 1043 fuit
1333 999 1479 1044 cum
1512 977 1731 1042 David.
1753 979 2122 1058 Mansitque
2143 979 2361 1038 David
2463 980 2885 1054 quoerendum
2914 996 3062 1036 eum
3092 974 3158 1036 in
3188 974 3440 1037 deserto
3479 972 3678 1035 Maon.
3711 970 3964 1050 Estque

870 1081 943 1139 in
988 1081 1184 1150 silva,
1210 1081 1523 1140 Jonatkas
1561 1087 1779 1138 autem
1818 1095 2109 1136 reversus
2150 1085 2241 1136 est
2286 1077 2358 1135 in
2463 1074 2640 1136 Maon
2687 1073 3016 1156 proprium
3057 1090 3287 1136 nomen
3335 1070 3569 1134 deserti
3615 1069 3812 1144 illius,
3847 1066 3960 1132 vel

868 1179 1133 1238 domum
1162 1197 1371 1237 suam.
2464 1173 2562 1252 (ut
2592 1172 2703 1234 alii
2732 1173 2982 1251 dicunt)
3010 1171 3231 1253 oppidi
3261 1169 3635 1251 adjacentis,
3667 1171 3752 1230 Et
3783 1187 3964 1228 nun-

950 1277 1392 1336 Ascenderunt
1421 1283 1641 1334 autem
1672 1274 1925 1350 ziphaei
1962 1275 2049 1332 ad
2078 1274 2247 1332 Saul
2283 1271 2355 1330 in
2468 1272 2704 1332 tiatum
2745 1281 2834 1331 est
2877 1272 3119 1342 David,
3148 1269 3259 1350 qui
3309 1276 3612 1349 tanquam
3657 1265 3758 1328 vir
3803 1284 3960 1347 pru-

876 1375 1459 1446 Gabaa,dicentes.·
1484 1373 1715 1435 Nonne
1740 1391 1872 1430 ecce
1894 1372 2111 1432 David
2140 1371 2359 1430 latitat
2466 1370 2646 1445 denS,
2680 1367 3000 1431 ordinavit
3041 1367 3352 1449 quosdam
3395 1385 3472 1429 ex
3515 1363 3648 1426 suis
3687 1364 3800 1445 qui
3849 1382 3958 1426 ex-

869 1476 1049 1550 apud
1076 1491 1189 1532 nos
1220 1473 1291 1532 in
1324 1473 1475 1532 locis
1510 1471 1849 1532 tutissimis
1877 1472 2084 1537 silva»,
2119 1469 2194 1528 in
2236 1471 2360 1528 col-
2470 1467 2792 1548 plorarent
2841 1466 3052 1528 studia
3097 1474 3161 1528 et
3204 1465 3436 1528 itinera
3477 1463 3647 1526 Saul.
3679 1461 3788 1524 vel
3837 1481 3962 1542 per

874 1575 929 1630 te
961 1571 1268 1640 Ilackila,
1298 1589 1440 1650 qaae
1469 1578 1557 1628 est
1588 1571 1675 1628 ad
1704 1571 2035 1628 dexteram
2072 1567 2308 1627 deserti
2331 1568 2360 1626 ?
2469 1566 2597 1628 Gad
2631 1564 3004 1647 prophetam
3036 1564 3339 1626 Dominus
3371 1562 3495 1624 sibi
3526 1561 3677 1624 talia
3715 1559 3962 1624 revela-

876 1671 1068 1730 Nunc
1112 1687 1259 1746 erqo
1306 1669 1473 1728 sicut
1518 1666 1912 1726 desideravit
1959 1667 2186 1726 anima
2221 1675 2359 1734 tua,
2469 1663 2583 1725 vit.
2616 1666 2980 1744 Statimque
3029 1664 3354 1724 descendit
3403 1665 3491 1722 ad
3529 1671 3802 1740 petram.
3838 1659 3962 1722 Per

874 1777 944 1829 ut
974 1769 1397 1838 descenderes,
1430 1767 1733 1826 descende
1754 1788 1778 1834 ,·
1816 1774 2109 1824 nostrum
2138 1773 2358 1824 autem
2469 1771 2712 1846 petram
2776 1761 3075 1843 intelligit
3133 1761 3552 1844 Hieronymus
3611 1759 3960 1841 quemdam

873 1867 999 1926 erit
1030 1874 1101 1926 ut
1134 1867 1469 1926 tradamus
1498 1883 1645 1922 eum
1676 1863 1747 1922 in
1780 1882 2012 1922 manus
2039 1863 2229 1938 reqis,
2255 1860 2358 1923 Isti
2397 1867 2444 1928 B
2471 1861 2970 1925 munitissimum
3001 1861 3234 1936 locum,
3271 1861 3337 1922 in
3368 1879 3497 1942 quo
3525 1859 3720 1922 David
3749 1866 3810 1921 et
3851 1859 3960 1920 sui

880 1962 1113 2045 ziphaei
1150 1961 1175 2024 Γ
1181 1969 1408 2025 uerunt
1438 1961 1515 2022 de
1544 1959 1713 2022 tribu
1734 1959 2081 2040 Juda,quia
2110 1960 2362 2022 descen·

878 2063 1109 2124 derunt
1138 2062 1215 2124 de
1244 2059 1433 2124 Calcb
1465 2077 1578 2140 per
1610 2057 1821 2120 filium
1854 2058 1993 2138 ejus
2018 2057 2201 2135 Mesa,
2223 2059 2360 2140 ipse

874 2169 971 2224 est
1020 2168 1198 2242 pater
1248 2158 1425 2241 Ziph,
1461 2166 1531 2219 ut
1579 2157 1786 2238 primo
1834 2155 2358 2238 Paralipomenon

874 2259 1127 2338 legitur.
1148 2257 1375 2338 Sicque
1398 2254 1554 2338 Ziph
1582 2255 1968 2336 quandoque
1998 2263 2093 2317 est
2124 2274 2358 2318 nomen

871 2357 1012 2434 viri,
1028 2355 1363 2439 aliquando
1386 2353 1573 2416 urbis,
1592 2353 1697 2416 lsti
1721 2353 1955 2434 Ziphaei
1984 2353 2117 2435 iniq
2127 2373 2206 2416 ue
2225 2373 2362 2434 ege-

870 2464 1019 2518 runt
1038 2463 1259 2520 contra
1277 2451 1470 2516 David
1492 2460 1829 2530 cognatum
1852 2459 1916 2514 et
1935 2452 2360 2515 contribulem

868 2573 1078 2617 suum.
1094 2554 1409 2632 Dixitque
1432 2553 1600 2611 Saul
1617 2571 1639 2610 .·
1656 2552 1994 2612 Benedicti
2024 2571 2129 2610 vos
2148 2553 2361 2612 Domi-

868 2673 975 2724 no,
1008 2652 1069 2714 id
1109 2658 1226 2726 est,
1261 2650 1336 2712 ad
1380 2647 1633 2710 laude-m
1674 2646 1782 2708 Dei
1825 2646 2145 2710 benedicti
2194 2649 2354 2724 sitis,

868 2771 980 2814 seu
1011 2747 1327 2814 benedicti
1350 2747 1503 2810 estis
1525 2765 1563 2808 a
1583 2745 1868 2820 Domino,
1882 2747 2041 2824 quia
2060 2749 2360 2808 doluistis

870 2851 1071 2910 vic-em
1102 2867 1335 2917 meam,
1352 2845 1415 2907 id
1447 2853 1563 2918 est,
1584 2843 1743 2906 mihi
1776 2843 2217 2907 condoluistis.
2239 2845 2362 2908 Sic-

869 2965 997 3028 que
1026 2945 1173 3008 Saul
1208 2943 1529 3007 benedixit
1572 2942 1667 3006 eis
1707 2961 1821 3024 pro
1870 2961 2061 3024 opere
2100 2943 2353 3020 vitios0,

2472 1967 2890 2043 reposuerunt
2920 1980 2994 2023 ea
3012 1979 3152 2041 quae
3182 1959 3339 2041 ipsis
3369 1959 3546 2022 oneri
3578 1957 3865 2032 fuerunt,
3885 1967 3960 2019 ut

2470 2067 2682 2122 essent
2711 2059 3132 2141 expe-ditiores
3163 2059 3242 2121 ad
3271 2058 3508 2121 omnia.
3541 2056 3664 2119 Alii
3702 2075 3816 2139 per
3847 2075 3964 2138 pe-

2471 2167 2630 2220 tram
2680 2156 3048 2236 intelligunt
3093 2166 3408 2238 petrosam
3459 2165 3522 2218 et
3568 2153 3958 2237 profundam

2469 2274 2828 2330 cavernam,
2863 2254 2975 2317 ubi
3025 2256 3458 2337 deposuerunt
3504 2253 3674 2317 talia.
3707 2257 3791 2315 Et
3824 2275 3962 2314 ver-

2467 2357 2732 2416 sabatur
2768 2357 2838 2414 in
2867 2357 3110 2414 deserto
3141 2357 3361 2415 Maon.
3401 2355 3578 2422 Quod
3605 2373 3803 2434 quum
3833 2373 3960 2412 au·-

2467 2455 2661 2513 disset
2681 2456 2862 2524 Saul,
2879 2462 3248 2529 persecutus
3271 2462 3362 2512 est
3380 2454 3599 2513 David
3621 2455 3690 2512 in
3711 2454 3958 2512 deserto

2470 2554 2690 2612 Maon.
2723 2554 2810 2612 Et
2855 2553 2988 2612 ibat
3030 2553 3197 2611 Saul
3237 2560 3296 2610 et
3339 2551 3470 2610 viri
3497 2551 3638 2627 eius
3663 2553 3752 2610 ad
3781 2553 3960 2610 tatus

2469 2651 2704 2709 montis
2746 2649 2961 2711 situati
3011 2649 3076 2710 in
3121 2650 3373 2712 deserto
3416 2648 3614 2725 Maon,
3647 2669 3728 2708 ez:
3763 2657 3962 2727 parte

2467 2766 2602 2805 una
2623 2769 2652 2818 ,·
2687 2749 2908 2807 David
2946 2755 3163 2806 autem
3199 2757 3258 2806 et
3297 2747 3433 2806 viri
3467 2748 3608 2823 ejus
3645 2755 3830 2808 erant
3883 2748 3960 2806 in

2468 2849 2664 2906 tatere
2709 2849 2943 2906 montis
2978 2867 3061 2905 ex
3091 2855 3280 2923 parte
3318 2851 3550 2907 altera.
3583 2849 3788 2908 Porro
3825 2848 3960 2906 Da-

2467 2946 2582 3003 vid
2617 2946 2990 3020 desperabat
3027 2965 3092 3003 se
3120 2965 3160 3004 a
3191 2945 3364 3023 facie
3399 2947 3569 3006 Saul
3597 2964 3776 3022 posse
3809 2965 3960 3004 eva-

870 3044 1040 3127 quod
1062 3051 1270 3106 tamen
1304 3041 1426 3105 sibi
1457 3041 1751 3124 apparuit
1782 3041 2043 3115 bonum,
2062 3043 2360 3122 quemad·
2391 3043 2436 3106 C
2464 3045 2634 3104 dere.
2653 3042 2850 3124 Cujus
2879 3042 3290 3124 subjungitur
3321 3042 3514 3106 ratio:
3535 3046 3762 3125 Itaque
3777 3046 3959 3105 Saul

870 3144 1128 3206 modum
1158 3142 1433 3205 latrones
1452 3141 1688 3221 gratias
1718 3150 1910 3220 agunt
1936 3142 2081 3214 Deo,
2096 3141 2248 3203 dum
2270 3142 2358 3203 di-

870 3240 1095 3305 vidunt
1116 3238 1320 3322 spolia
1339 3238 1567 3301 borum
1586 3256 1748 3319 quos
1770 3238 2357 3301 occiderunt.Abite

866 3360 1036 3417 erqo.
1066 3359 1197 3411 orn,
1228 3348 1287 3399 ct
1326 3340 1709 3414 diliqemius
1742 3348 2129 3415 proeparate,
2160 3347 2221 3397 et
2249 3359 2358 3398 cu-

866 3438 1104 3499 riosius
1134 3438 1331 3515 (πρίω,
1357 3445 1417 3496 et
1446 3436 1842 3495 considerate
1884 3438 2091 3495 locum
2130 3438 2245 3495 ubi
2271 3438 2356 3497 sit

862 3556 975 3615 pes
1020 3536 1161 3613 ejus
1210 3536 1525 3602 velociter,
1582 3536 1683 3594 vel
1728 3536 1873 3613 quis
1925 3535 2159 3594 viderit
2207 3556 2356 3595 eum

868 3637 985 3704 ibt,
1035 3636 1148 3696 uba·
1192 3635 1483 3695 dixistis.
1530 3634 1862 3709 Recoqitat
1907 3635 2083 3692 enim
2128 3636 2210 3693 de
2257 3654 2356 3693 me

866 3735 1039 3813 quod
1066 3734 1303 3793 callide
1335 3732 1611 3791 insidier
1628 3732 1709 3791 ei.
1735 3730 2145 3790 Considerate
2172 3742 2232 3791 et
2268 3734 2358 3791 vi-

865 3834 1005 3891 dete·
1050 3832 1271 3891 omnia
1323 3830 1597 3889 latibula
1641 3829 1803 3905 elus,
1842 3830 1907 3887 in
1940 3830 2175 3907 quibus
2223 3832 2358 3889 abs-

866 3930 1193 3996 conditur,
1238 3938 1299 3988 et
1348 3929 1724 3987 revertimin
1736 3928 1759 3985 i
1806 3928 1895 3987 ad
1948 3947 2044 3985 me
2084 3930 2173 3986 ad
2223 3948 2353 3987 rem

865 4036 1127 4091 «vnum.
1146 4036 1216 4086 ut
1252 4029 1479 4085 radam
1520 4026 1858 4085 vobiscum.
1880 4026 2063 4093 Quod
2080 4027 2356 4085 st'etiam

870 4126 938 4183 iu
964 4134 1202 4185 tenum
1222 4144 1287 4183 se
1304 4124 1718 4188 obsum-erit,
1736 4121 1794 4183 id
1818 4130 1929 4194 est,
1948 4121 2150 4185 foveis
2173 4129 2356 4185 terrm

2464 3151 2524 3201 et
2565 3145 2700 3201 viri
2735 3143 2876 3219 ejus
2917 3144 2988 3202 in
3027 3145 3290 3202 modum
3325 3162 3572 3203 coronoe
3613 3144 3958 3219 cinyebanc

2465 3243 2686 3301 David
2713 3251 2772 3301 et
2801 3243 2972 3301 viros
2999 3242 3160 3317 ejus.

2565 3337 2684 3401 Sed
2745 3338 3073 3420 quaeritur,
3134 3338 3412 3419 qualiter
3475 3338 3692 3401 fidelis
3752 3340 3954 3405 David

2465 3436 2674 3498 sciens
2713 3455 2783 3499 se
2819 3444 3080 3499 unctum
3124 3436 3190 3499 in
3231 3454 3444 3516 regem
3481 3438 3560 3500 ad
3605 3439 3954 3503 sueceden-

2463 3534 2614 3595 dum
2639 3534 2810 3596 Sauli
2835 3536 2904 3596 in
2930 3534 3506 3615 regno,difl'idebat
3527 3556 3596 3599 se
3613 3556 3800 3619 posse
3817 3558 3958 3601 eva-

2463 3633 2634 3695 dere.
2665 3632 2760 3695 Ad
2807 3634 2980 3714 quod
3027 3634 3286 3715 quidam
3339 3636 3746 3717 respondent,
3777 3639 3952 3719 quod

2461 3748 2592 3794 non
2623 3732 2984 3814 desperavit
3013 3732 3376 3797 evasionem
3409 3752 3525 3815 pro
3563 3754 3654 3811 se,
3688 3736 3796 3798 sed
3836 3754 3956 3818 pro

2463 3828 2618 3892 suis.
2652 3830 2728 3890 Et
2779 3830 3030 3906 iterum,
3065 3829 3265 3912 aliqui
3313 3832 3558 3910 dicunt,
3599 3834 3772 3914 quod
3819 3854 3952 3897 non

2463 3928 2822 4009 desperavit
2845 3929 3210 3992 evasionem
3229 3948 3347 4011 pro
3367 3950 3482 3993 sua
3501 3950 3790 4013 persona,
3805 3952 3958 4014 quo-

2463 4026 2634 4087 niam
2663 4036 2874 4089 certus
2903 4036 3038 4089 erat
3067 4028 3148 4089 de
3179 4027 3554 4110 impletione
3572 4030 3778 4093 divini
3811 4052 3956 4113 pro-

2463 4123 2664 4196 missi,
2727 4124 2836 4186 sed
2896 4125 3258 4206 desperavit
3313 4146 3384 4189 se
3441 4144 3627 4209 posse
3685 4131 3954 4195 evadere

866 4240 933 4283 se
958 4219 1393 4287 occultaverit,
1426 4223 1873 4298 [me-scrutabor
1898 4241 2047 4281 eum
2092 4222 2161 4281 in
2201 4242 2356 4280 eun-
2387 4222 2436 4283 1)
2463 4222 2704 4303 absque
2733 4222 2902 4285 bello
2933 4242 3080 4285 cum
3111 4223 3298 4286 Saule
3331 4242 3346 4285 ε
3379 4226 3552 4306 quod
3583 4226 3825 4291 bellum
3853 4248 3955 4291 ex÷

864 4322 985 4379 rtis
1016 4320 1303 4379 mutibus
1329 4322 1529 4383 luda.
1564 4316 1627 4380 id
1659 4326 1751 4380 est
1794 4337 1939 4380 cum
1976 4318 2153 4381 omni
2191 4320 2356 4381 mul-

870 4416 1141 4481 titudine
1182 4434 1327 4499 qum
1370 4424 1467 4479 est
1514 4414 1577 4477 in
1621 4416 1798 4479 Juda.
1836 4415 1972 4486 vol,
2006 4417 2071 4478 ln
2103 4416 2354 4480 cunctis

868 4514 1156 4579 millibus
1175 4514 1353 4583 luda.
1376 4514 1437 4577 id
1462 4524 1580 4583 est.
1602 4532 1715 4595 per
1732 4514 1951 4577 omnia
1980 4514 2117 4577 loca
2151 4514 2354 4577 tribus

864 4614 1025 4677 luda
1046 4630 1063 4675 ε
1088 4612 1153 4676 in
1184 4631 1313 4695 qua
1342 4611 1547 4675 millia
1573 4631 1712 4675 esse
1742 4612 2065 4684 dicuntur,
2084 4613 2186 4675 vel
2219 4633 2356 4696 pro-

870 4720 1010 4794 pter
1038 4710 1319 4779 urbium.
1354 4710 1453 4773 vel
1486 4720 1746 4792 propter
1774 4709 2105 4773 hominum
2145 4712 2356 4793 copio—

868 4810 1141 4878 sitatem,
1172 4808 1353 4891 juxta
1402 4808 1559 4871 illud
1608 4808 1899 4878 uicum,
1932 4809 2001 4870 Et
2053 4816 2141 4877 tu,
2178 4810 2356 4873 Beth·

870 4908 1103 4975 lehem.
1136 4906 1441 4989 parvulus
1484 4926 1555 4969 es
1600 4906 1665 4969 in
1708 4906 1997 4969 millibus
2022 4908 2204 4971 luda.
2241 4908 2354 4973 Per

868 5006 1001 5071 hmo
1052 5004 1435 5074 insinuatur.
1470 5004 1641 5085 quod
1690 5005 1882 5068 etiam
1934 5004 2117 5067 valde
2165 5007 2350 5069 multi

864 5105 947 5168 de
996 5102 1163 5167 tribu
1203 5102 1385 5170 luda,
1424 5100 1717 5165 favebant
1762 5102 1933 5165 Sauli
1976 5112 2198 5166 eontra
2241 5106 2354 5167 Da·

866 5202 999 5267 vid.
1032 5208 1119 5265 A!
1170 5202 1275 5260 ello·
1318 5210 1669 5277 suam-utos.
1710 5204 2010 5262 ubic-rme!
2062 5203 2129 5261 in
2180 5206 2346 5281 Ziph

864 5314 1017 5363 emh·
1046 5304 1232 5361 smel.

2463 4319 2712 4383 horruit
2750 4339 2826 4383 ex
2865 4320 3094 4383 timore
3123 4321 3464 4384 occisionis
3495 4324 3780 4388 virorum
3807 4344 3954 4389 suo—

2463 4438 2604 4480 rum
2633 4426 2693 4481 et
2722 4416 3087 4499 aliquorum
3105 4420 3219 4500 qui
3249 4429 3428 4483 erant
3459 4440 3605 4485 cum
3627 4422 3798 4499 Saul,
3819 4444 3956 4506 per-

2462 4526 2801 4597 sequentes
2843 4536 2990 4578 eum
3039 4516 3470 4581 involuntarie
3513 4521 3716 4601 magis
3757 4540 3952 4602 quam

2463 4624 2710 4696 sponte.
2747 4614 2888 4677 Haec
2929 4623 3142 4677 autem
3193 4617 3641 4698 responsiones
3688 4638 3818 4683 non
3857 4622 3954 4683 vi-

2461 4713 2694 4775 dentur
2735 4712 2930 4775 textui
2969 4714 3378 4789 concordare,
3416 4714 3486 4777 in
3513 4735 3644 4797 quo
3673 4717 3953 4781 clarissi-

2463 4829 2566 4873 me
2603 4810 2860 4887 dicitur,
2892 4811 3062 4891 quod
3103 4811 3464 4893 desperavit
3497 4833 3566 4877 se
3597 4834 3782 4897 posse
3811 4836 3956 4881 ava-

2459 4910 2626 4971 dere.
2637 4908 2920 4991 Denique
2939 4928 3134 4990 supra
3155 4909 3398 4989 legitur,
3411 4914 3950 4993 quemadmodum

2459 5006 2654 5069 David
2687 5006 2852 5069 inter
2879 5016 3090 5070 cetera
3111 5008 3272 5070 dixit
3297 5009 3378 5071 ad
3405 5010 3718 5073 ¹lonathan
3739 5030 3756 5074 :
3777 5014 3952 5077 Vivit
3979 5034 4266 5091 manus.

2461 5104 2764 5167 Dominus
2793 5113 2852 5167 et
2887 5105 3044 5167 vivit
3075 5106 3290 5168 anima
3321 5115 3451 5184 tua,
3473 5109 3626 5189 quia
3657 5130 3788 5175 uno
3819 5122 3946 5175 tan-

2460 5210 2592 5265 tum
2621 5209 2720 5283 (ut
2767 5204 2854 5266 ita
2891 5202 3130 5280 dicam)
3155 5204 3356 5283 gradu
3399 5224 3520 5287 ego
3557 5216 3618 5269 et
3658 5228 3830 5273 mors
3857 5213 3954 5274 di·

2457 5300 2758 5363 vidimur.
2777 5302 2920 5365 ldeo
2948 5302 3028 5363 ad
3061 5302 3232 5364 istud
3259 5304 3604 5383 quaesitum
3633 5316 3733 5369 est
3761 5308 3954 5373 alites
