4359 6250
643 1264 794 1309 ludic.
811 1280 852 1308 ιιι

605 1330 734 1380 9,10.

905 472 1022 534 112
1757 487 2104 533 manuario
2145 488 2209 533 ιΝ
2252 486 2389 532 cxr.
2437 487 2458 531 ι
2498 486 2771 533 sument.
2816 506 2897 516 —
2937 487 3080 533 xn'r.
3128 488 3148 531 ι

896 654 1192 740 gusti'nus
1237 658 1463 741 probat
1504 677 1618 740 per
1661 658 1805 735 hoc,
1847 658 2020 740 quod
2063 657 2391 739 Scriptura
2420 658 2471 718 A
2580 661 2665 720 Ec
2693 662 2791 720 ait
2815 662 3045 729 Judas,
3076 657 3141 720 id
3170 667 3266 721 est
3300 658 3500 720 tribus
3527 657 3706 733 luda,
3744 659 3986 717 Simeo-

900 775 1026 820 non
1069 757 1231 821 solet
1268 757 1598 820 nominare
1642 757 1868 819 ducem
1915 754 2136 838 populi
2170 754 2385 831 Israel,

899 855 1022 917 nisi
1069 855 1380 938 exprimat
1423 856 1563 937 ejus
1606 855 1938 934 originem·
1967 874 2078 916 seu
2125 852 2385 929 tribum,

897 954 976 1015 de
1005 973 1132 1036 qua
1163 962 1339 1017 ortus
1371 954 1495 1031 sit;
1541 972 1669 1016 non
1710 962 1923 1017 autem
1965 972 2137 1015 nunc
2182 951 2392 1033 expri-

901 1052 1038 1127 mit,
1074 1053 1152 1115 de
1195 1070 1322 1133 quo
1365 1061 1542 1115 ortus
1584 1052 1669 1114 sit
1710 1052 1901 1114 Judas
1942 1051 2048 1114 hic
2093 1069 2106 1112 :
2153 1050 2390 1113 idcirco

898 1169 1012 1232 per
1039 1150 1285 1227 ludam,
1319 1150 1700 1231 intelligitur
1731 1150 1850 1212 hoc
1882 1150 2021 1213 loco
2053 1148 2261 1211 tribus
2289 1148 2392 1209 Ju-

857 1298 868 1308 .
899 1250 999 1311 da.
1035 1248 1204 1312 Infra
1240 1268 1498 1331 quoque
1541 1249 1832 1325 habetur,
1875 1250 2046 1330 quod
2090 1245 2385 1311 Othoniel

899 1348 1078 1410 filius
1120 1348 1341 1426 Cenez,
1391 1348 1514 1410 fuit
1563 1348 1808 1430 primus
1859 1348 1986 1410 dux
2030 1365 2142 1409 seu
2196 1345 2390 1426 judex

900 1447 1119 1530 populi
1150 1447 1338 1511 Israel
1370 1455 1514 1530 post
1540 1447 1749 1511 Josue.
1783 1447 1877 1508 Ad
1911 1452 2287 1527 argumenta
2318 1443 2385 1505 in

897 1547 1258 1628 oppositum
1322 1545 1714 1627 Augustinus
1781 1545 2145 1627 respondet,
2211 1542 2380 1623 quod

900 1645 1204 1708 Dominus
1263 1645 1422 1708 dixit
1474 1645 1710 1707 tribum
1759 1644 1916 1707 Juda
1964 1642 2199 1706 debere
2248 1660 2389 1705 esse

901 1744 1126 1806 ducem
1158 1744 1335 1820 belli,
1370 1744 1449 1806 ad
1483 1743 1900 1819 innuendum,
1921 1762 1990 1805 se
2023 1743 2186 1804 velle
2216 1740 2385 1823 quod

2497 758 2573 817 m·
2599 759 2806 835 fratri
2832 778 2971 827 su0,
3003 756 3070 818 id
3100 764 3195 819 est
3226 754 3419 819 tribui
3456 754 3708 818 Simeon
3737 774 3753 817 :
3786 772 3981 835 quam

2498 855 2787 917 nominat
2820 854 3103 933 fratrem,
3137 855 3288 937 quia
3326 856 3407 917 de
3448 862 3577 918 toto
3609 853 3847 936 populo
3876 852 3987 914 tri-

2498 952 2619 1015 bus
2650 952 2823 1016 illius
2856 954 3137 1035 loquitur
3167 953 3519 1031 collective,
3554 951 3735 1034 quasi
3767 953 3849 1014 de
3879 950 3985 1013 ho-

2498 1052 2675 1115 mine
2721 1070 2871 1129 uno,
2906 1060 2968 1115 et
3010 1070 3231 1115 omnes
3274 1060 3453 1115 erant
3493 1052 3572 1115 de
3611 1050 3856 1113 semine
3893 1049 3987 1111 Ja-

2500 1150 2640 1227 cob,
2675 1152 3213 1233 quemadmodum
3252 1152 3319 1214 in
3360 1150 3647 1214 Numeris
3687 1149 3985 1230 leguntur

2501 1247 2628 1310 filii
2658 1249 2846 1313 Israel
2878 1249 3114 1313 dixisse
3144 1269 3257 1333 per
3284 1248 3544 1313 nuntios
3575 1248 3705 1329 regi
3738 1247 3935 1310 Edom
3962 1262 3978 1306 :

2502 1348 2641 1411 Haec
2691 1348 2949 1411 mandat
2998 1349 3193 1412 frater
3242 1357 3386 1412 tuus
3435 1347 3645 1411 Israel.
3698 1349 3981 1409 Ascende

2499 1467 2745 1508 mecum
2776 1450 2847 1507 in
2884 1458 3115 1509 sortem
3148 1468 3379 1519 meam,
3415 1445 3479 1508 id
3518 1454 3616 1510 est
3645 1446 3711 1507 in
3744 1454 3977 1509 terram

2499 1563 2641 1625 quae
2683 1563 2798 1627 per
2839 1545 3029 1609 sortis
3070 1546 3439 1609 missionem
3482 1546 3627 1608 data
3666 1553 3765 1607 est
3792 1544 3975 1621 mihi,

2497 1653 2555 1703 et
2576 1664 2805 1722 puyna
2834 1655 3057 1707 contra
3090 1647 3555 1714 Chananaeum,
3586 1643 3651 1705 id
3682 1652 3800 1721 est,
3820 1642 3983 1705 adsi-

2498 1749 2593 1804 ste
2637 1751 2701 1805 et
2742 1740 2977 1825 adjuva
3021 1762 3122 1805 me
3165 1743 3243 1806 ad
3290 1743 3783 1825 expugnandum
3830 1742 3987 1804 resi-

902 1849 1070 1905 totus
1101 1841 1374 1924 populus
1403 1842 1562 1904 suda
1601 1850 1821 1904 contra
1862 1841 2246 1904 Chananaeos
2279 1858 2390 1921 pu·
2416 1839 2462 1900 B
2499 1841 2657 1903 duos
2677 1841 3060 1905 Chananaeos
3091 1860 3253 1924 quos
3284 1841 3569 1903 nondum
3589 1840 3814 1903 devici.
3828 1839 3988 1903 Non-

900 1948 1143 2022 gnaret.
1176 1939 1400 2004 Habito
1430 1948 1638 2003 autem
1673 1940 1794 2003 isto
1837 1958 2163 2021 responso,
2200 1945 2384 2020 potu-

900 2048 1086 2102 erunt
1116 2038 1240 2100 filii
1261 2039 1448 2101 Israel
1471 2039 1637 2101 inter
1668 2058 1735 2101 se
1767 2037 2093 2102 communi
2123 2055 2389 2099 consen-

900 2158 974 2199 su
1017 2137 1312 2200 ordinare
1355 2138 1700 2200 exercitum
1746 2156 1956 2213 suum,
2000 2144 2062 2198 et
2103 2134 2385 2215 aliquem

899 2236 966 2298 in
1016 2255 1090 2299 eo
1139 2235 1525 2299 constituere
1575 2234 2017 2317 principalem.
2070 2234 2261 2296 Porro
2314 2233 2379 2293 in

899 2334 1286 2397 Scholastica
1333 2333 1534 2397 fertur
1576 2333 1840 2395 historia
1884 2350 1898 2394 ε
1947 2332 2239 2396 Creditur
2281 2330 2388 2393 Ca-

899 2434 1002 2496 leb
1033 2442 1177 2515 post
1204 2433 1390 2497 Josue
1421 2434 1656 2514 populo
1698 2430 2053 2515 praefuisse,
2090 2430 2200 2493 sed
2244 2448 2388 2512 pro-

897 2540 1040 2613 pter
1099 2531 1401 2612 temporis
1469 2531 1841 2593 brevitatem
1903 2548 2030 2610 quo
2090 2525 2381 2611 praefuit‚

897 2648 1014 2693 nec
1065 2629 1412 2693 rectoribus
1461 2647 1668 2710 neque
1707 2628 2030 2709 judicibus
2075 2646 2383 2689 annume-

899 2736 1092 2790 ratur.

978 2826 1240 2908 Insuper
1283 2825 1450 2888 circa
1495 2825 1627 2887 haec
1668 2824 1890 2887 scribit
1933 2824 2092 2906 Lyra
2137 2841 2150 2885 :
2194 2824 2384 2886 ludas

897 2923 1297 3001 ascendet‚id
1329 2932 1426 2985 est
1459 2924 1659 2985 tribus
1678 2924 1858 2985 Juda.
1878 2924 2006 2986 Hoc
2035 2922 2385 2986 communi-

2496 1939 2647 2001 dum
2692 1940 2864 2002 enim
2906 1941 3321 2003 obtinuerunt
3366 1940 3491 2001 filii
3535 1938 3722 2003 Israel
3766 1939 3983 2002 omnia

2496 2039 2732 2120 oppida
2762 2048 2825 2102 et
2857 2038 3161 2103 fortalitia
3192 2039 3285 2101 eis
3322 2058 3434 2121 per
3467 2039 3654 2101 Josue
3688 2036 3987 2100 distribu-

2496 2145 2581 2213 ta,
2616 2147 2875 2220 propter
2905 2138 3190 2201 diversas
3230 2156 3451 2201 causas
3483 2136 3548 2199 in
3586 2136 3984 2218 expositione

2498 2236 2644 2298 libri
2683 2237 2870 2301 Josue
2910 2237 3325 2300 introductas.
3370 2240 3449 2299 Ut
3484 2247 3543 2297 et
3572 2256 3683 2313 eqo
3710 2256 3981 2315 pergam

2501 2346 2703 2396 tecum
2734 2338 2807 2395 in
2834 2346 3065 2397 sortem
3089 2346 3291 2405 taam,
3308 2336 3386 2398 ad
3408 2334 3859 2398 debellandum
3892 2333 3985 2395 ibi

2497 2434 2893 2497 adversarios
2926 2443 3090 2497 tuOS.
3116 2436 3201 2495 Ec
3230 2436 3394 2494 abiit
3422 2454 3565 2494 cum
3596 2454 3666 2493 eo
3698 2436 3983 2495 Simeon.

2496 2534 2619 2596 Cur
2667 2534 2858 2595 Judas
2909 2533 3120 2616 potius
3165 2532 3509 2615 postulavit
3548 2532 3855 2595 auxilium
3898 2532 3989 2595 Si-

2498 2631 2765 2709 meoniS,
2807 2651 2999 2714 quam
3053 2630 3333 2693 tribuum
3372 2632 3663 2708 aliarum,
3715 2650 3987 2712 quarum

2495 2731 2729 2812 aliquae
2760 2749 3025 2793 numero
3056 2738 3119 2793 ct
3148 2730 3375 2793 robore
3406 2738 3809 2793 excesserunt.
3838 2748 3989 2811 pro—

2494 2829 2747 2908 geniem
2788 2827 3149 2891 Simeonisz
3180 2829 3639 2911 Respondetur,
3677 2828 3843 2909 quod
3889 2828 3987 2889 id-

2496 2947 2593 3005 eo,
2612 2928 2761 3010 quia
2776 2928 2873 3007 (ut
2896 2927 3135 2990 dictum
3157 2930 3280 3007 est)
3304 2946 3419 3009 per
3446 2927 3633 2990 Josue
3664 2926 3985 2989 hereditas

901 3032 994 3084 ter
1024 3022 1362 3104 exponitur
1391 3022 1690 3103 sic‚quod
1711 3022 1900 3084 sudas
1933 3021 2386 3084 instituebatur
2413 3023 2459 3086 C
2494 3046 2608 3089 seu
2640 3046 2776 3089 sors
2809 3026 3095 3089 filiorum
3135 3026 3449 3090 Simeonis
3494 3026 3618 3087 fuit
3661 3027 3726 3087 in
3772 3026 3987 3089 medio

895 3121 1023 3183 dux
1071 3120 1137 3182 in
1177 3119 1364 3184 bellis
1405 3119 1690 3184 filiorum
1729 3119 1918 3184 Israel
1959 3119 2381 3201 generaliter3

896 3221 1006 3283 sed
1049 3221 1167 3285 hoc
1211 3240 1341 3284 non
1381 3221 1543 3284 bene
1592 3230 1900 3284 consonat
1940 3220 2379 3302 sequentibuS,

897 3321 1198 3402 quoniam
1230 3321 1363 3383 Aod
1395 3328 1457 3382 et
1485 3321 1696 3397 Barac,
1715 3320 1983 3403 Jephthe
2013 3328 2076 3384 et
2105 3320 2379 3397 Gedeon,

898 3419 1158 3482 fuerunt
1186 3420 1380 3481 duces
1412 3419 1476 3480 in
1510 3419 1756 3498 magnis
1789 3419 2047 3500 praeliiS,
2075 3427 2138 3481 et
2168 3427 2380 3481 tamen

895 3537 1024 3581 non
1055 3526 1235 3580 erant
1265 3518 1343 3580 de
1374 3517 1543 3579 tribu
1574 3518 1752 3580 Juda.
1787 3518 1932 3581 Ideo
1967 3517 2154 3580 aliter
2196 3536 2383 3599 expo-

896 3623 1058 3678 nunt
1098 3615 1363 3693 HebraeI,
1403 3616 1687 3678 dicentes
1728 3635 1840 3698 per
1875 3617 2070 3678 verba
2104 3615 2237 3691 illa,
2272 3615 2377 3677 Ju-

895 3714 1007 3776 das
1049 3714 1368 3791 ascendet,
1415 3713 1706 3792 intelligi,
1751 3713 1922 3794 quod
1968 3713 2172 3776 tribus
2217 3714 2378 3776 Juda

896 3813 1103 3895 prima
1121 3820 1510 3894 expugnaret
1527 3813 1923 3876 adversarios
1947 3813 2012 3873 in
2035 3821 2203 3875 sorte
2226 3832 2339 3874 sua
2360 3832 2374 3877 ε

823 3932 832 3939 ·
896 3921 1154 3994 propter
1184 3912 1356 3993 quod
1387 3911 1700 3987 subditur,
1737 3911 1812 3972 Et
1842 3911 1931 3974 ait
1958 3913 2148 3974 Judas
2181 3911 2382 3975 Sime-

895 4009 1004 4072 oni
1037 4009 1215 4072 fratri
1249 4027 1362 4071 suo
1395 4027 1408 4069 :
1443 4010 1729 4072 Ascende
1759 4029 2008 4072 mecum
2041 4009 2106 4071 in
2142 4018 2376 4073 sortem

895 4127 1124 4170 meam.
1171 4108 1312 4170 Haec
1362 4107 1542 4190 Lyra.
1588 4107 1767 4171 Circa
1817 4109 1950 4171 haec
2001 4108 2166 4185 dicO,
2204 4110 2376 4190 quod

2498 3126 2783 3190 filiorum
2813 3126 2992 3203 luda,
3020 3127 3163 3189 ideo
3194 3126 3581 3206 congruebat
3602 3135 3673 3188 ut
3702 3126 3979 3190 invicem

2496 3244 2565 3288 se
2591 3226 2909 3306 juvarent.
2935 3229 3363 3305 Ascendicque
3388 3229 3620 3295 Judas,
3652 3224 3849 3287 fultus
3878 3244 3987 3287 au-

2495 3323 2648 3387 xilio
2679 3324 3014 3400 SimeoniS,
3049 3335 3107 3384 et
3150 3326 3427 3386 tradidit
3456 3326 3777 3384 Dominus
3822 3325 3987 3384 Cha-

2494 3443 2800 3484 nanoelwn
2826 3433 2885 3483 CC
2915 3425 3333 3484 Pllc'rezoeum
3364 3423 3437 3482 in
3472 3442 3701 3482 manus
3729 3441 3977 3482 eorum.

2493 3523 2655 3583 Ante
2680 3521 2810 3602 jam
2844 3521 3083 3584 dictum
3116 3528 3232 3596 est,
3259 3520 3428 3600 quod
3465 3519 3585 3581 filii
3620 3518 3805 3582 lsrael
3835 3537 3987 3582 con-

2496 3619 2824 3681 suluerunt
2839 3619 3191 3696 Dominum,
3207 3619 3353 3700 quis
3372 3619 3740 3682 ascenderet
3760 3627 3983 3681 contra

2494 3717 2957 3792 Cliananaeum3
2994 3726 3056 3780 et
3088 3717 3238 3780 item
3270 3717 3443 3798 quod
3472 3716 3658 3778 Judas
3700 3715 3857 3778 dixit
3897 3715 3977 3778 ad

2496 3815 2877 3892 Simeonem,
2924 3815 3137 3895 Pugna
3182 3835 3427 3879 mecum
3479 3824 3699 3879 contra
3742 3815 3984 3878 Chana—

2494 3932 2726 3975 naeum.
2760 3913 2939 3976 Nunc
2982 3923 3193 3976 autem
3238 3913 3472 3976 dicitur
3512 3913 3811 3976 Dominus
3858 3921 3985 3976 tra—

2492 4012 2732 4074 didisse
2792 4013 2857 4074 in
2918 4031 3145 4075 manus
3196 4012 3501 4094 ipsorum,
3556 4031 3683 4076 non
3744 4012 3981 4075 Chana-

2494 4129 2702 4174 naeum
2736 4111 3080 4186 dumtaxat,
3105 4112 3214 4174 sed
3246 4111 3437 4174 etiam
3469 4111 3884 4186 Pherezaeum,
3915 4109 3981 4172 id

896 4225 1013 4269 nec
1051 4206 1459 4287 AugustinuS,
1506 4225 1621 4269 nec
1655 4206 1898 4283 Glossa,
1936 4226 2050 4270 nec
2091 4207 2383 4296 Magister
2410 4209 2459 4270 D
2491 4218 2587 4272 cst
2643 4211 2952 4291 quosdam
3012 4210 3091 4273 de
3151 4209 3424 4272 residuis
3472 4209 3843 4272 Chananaeis
3901 4228 3977 4272 ac

895 4306 962 4366 in
994 4304 1299 4382 historiiS,
1320 4323 1436 4366 nec
1465 4305 1699 4386 aliquis
1730 4305 2050 4386 expositor
2081 4305 2382 4368 notabilis

894 4421 1085 4485 quem
1130 4403 1413 4484 legerim,
1456 4402 1613 4465 dicit
1657 4404 1824 4484 quod
1866 4404 2058 4466 Iudas
2105 4422 2218 4467 seu
2267 4403 2383 4465 ali-

894 4501 1040 4583 quis
1069 4502 1148 4564 de
1180 4501 1348 4564 tribu
1376 4502 1554 4578 Juda,
1591 4501 2042 4565 instituebatur
2071 4500 2382 4582 generali-

895 4609 990 4663 ter
1015 4602 1142 4663 dux
1175 4600 1240 4662 in
1269 4599 1455 4664 bellis
1489 4600 1776 4663 filiorum
1797 4600 2008 4678 Israel,
2027 4619 2103 4664 eo
2134 4600 2381 4664 scilicet

892 4708 1199 4782 tempore,
1233 4719 1361 4782 quo
1403 4699 1649 4781 judices
1695 4700 1945 4781 plebem
1989 4699 2163 4762 illam
2212 4717 2380 4778 rege-

891 4798 1066 4860 bant.
1085 4799 1476 4880 Augustinus
1506 4817 1760 4878 quoque
1782 4798 1935 4860 satis
1957 4798 2190 4875 innuit,
2205 4799 2374 4879 quod

893 4897 1002 4960 ille
1033 4897 1229 4960 refert
1258 4896 1550 4960 Hebraeos
1589 4915 1893 4959 asserere.
1928 4896 2031 4958 Ait
2070 4895 2369 4977 equidem

890 4997 1280 5075 Augustinus
1317 5013 1331 5058 ε
1366 4997 1416 5056 A
1451 4996 1618 5057 tribu
1646 4996 1804 5057 Juda
1835 4995 2039 5058 voluit
2069 4994 2377 5058 Dominus

893 5094 1174 5177 incipere
1218 5094 1460 5156 conteri
1500 5093 1908 5156 chananaeos.
1943 5093 2085 5156 Ideo
2129 5095 2379 5176 exposi-

892 5203 1060 5258 tores
1090 5192 1386 5257 catholici
1426 5212 1556 5256 non
1599 5202 1779 5256 erant
1816 5193 1905 5255 ita
1935 5193 2221 5270 notandi,
2257 5212 2375 5256 nec

888 5292 977 5356 eis
1009 5291 1101 5355 sic
1131 5301 1311 5356 erant
1341 5291 1718 5376 praeserendi
1748 5291 2022 5355 Hebraei.

2488 4308 2851 4371 PherezaeiS.
2887 4308 3188 4390 Superius
3228 4327 3377 4388 ergo
3408 4327 3521 4390 per
3550 4309 3971 4371 Chananaeum

2488 4406 2833 4486 designatae
2892 4417 3042 4468 sunt
3098 4407 3289 4470 etiam
3348 4414 3573 4470 cetera-2
3624 4413 3841 4484 gentes
3898 4407 3979 4468 de

2488 4503 2656 4566 tribu
2687 4505 2903 4583 Cham,
2942 4505 3300 4568 habitantes
3332 4505 3596 4568 ibidem.
3624 4508 3701 4566 Et
3724 4523 3982 4582 percus·

2486 4614 2707 4664 serunt
2738 4606 2811 4665 in
2841 4609 3063 4676 BezeC,
3099 4604 3164 4665 id
3195 4611 3290 4666 est
3321 4603 3387 4663 in
3422 4603 3560 4666 loco
3590 4622 3704 4666 seu
3734 4602 3977 4685 oppido

2489 4701 2581 4763 sic
2612 4702 2803 4775 dicto,
2830 4710 2938 4763 aut
2968 4704 3417 4784 prope,decem
3440 4703 3657 4762 millia
3687 4703 3978 4770 virorum

2488 4799 3008 4863 Chananaeorum.

2587 4903 3109 4978 [averteruntque
3167 4900 3562 4959 Adonibezec
3621 4900 3694 4957 in
3750 4899 3974 4958 Bezec.

2488 4995 2884 5060 Adonibezec
2928 4996 3378 5079 interpretatur
3414 4995 3720 5059 Dominus
3762 4996 3975 5072 Bezec,

2488 5104 2550 5157 et
2589 5104 2852 5177 praeerat
2894 5094 3032 5159 loco
3074 5095 3192 5156 illi.
3226 5095 3468 5158 Adonai
3501 5095 3745 5177 quippe
3776 5093 3978 5155 inter-

2489 5201 2772 5275 pretatur
2801 5193 3126 5257 Dominus.
3147 5197 3233 5254 Ec
3254 5203 3721 5270 puynaverunt
3750 5201 3979 5254 contra

2484 5314 2658 5364 eum,
2688 5315 2764 5354 ac
2800 5303 3273 5371 percusserunt.
3308 5293 3505 5370 Fuqit
3546 5301 3761 5352 autem
3796 5293 3973 5352 Ado·

4014 1427 4030 1465 i
4041 1428 4079 1469 4.

4047 2942 4185 2985 Iotae
4202 2957 4265 2983 ιιι
