4359 6250
627 2368 802 2473 1111199.
817 2382 888 2419 xv,

631 2661 752 2705 leid.
775 2676 832 2713 ιιι,
845 2664 886 2704 4.

664 2761 786 2805 leid.
803 2774 888 2813 xm,

623 2830 762 2879 28‚2⁹;
777 2839 890 2877 svm.

627 2896 692 2944 u,
716 2894 781 2935 ¹5.

919 482 1038 547 584

1575 502 1922 548 walthario
1965 503 2026 547 ΙΝ
2068 502 2205 549 cn.
2252 503 2273 548 1
2316 502 2475 547 unm
2513 502 2715 547 ‘raum
2756 502 2979 549 amun.
3022 524 3103 534 —
3144 504 3289 549 ΛΒΤ.
3330 505 3355 550 1

919 678 1141 733 auctor
1171 670 1512 753 Scripturae
1542 672 1684 753 (qui
1714 673 1877 735 Deus
1915 674 2037 754 est)
2067 672 2172 737 hic
2205 673 2409 735 inten-
2436 670 2489 733 A
2520 671 2585 733 in
2618 671 2918 735 civilibus
2948 682 3013 735 et
3042 673 3291 737 bellicis
3330 674 3518 737 rebus
3556 674 3679 737 ruit
3715 694 3999 737 summus

919 768 1014 831 dit
1043 770 1119 831 ad
1151 778 1430 831 nostram
1467 770 1844 833 doctrinam.

1001 868 1143 931 Haec
1172 867 1372 929 Rabbi
1397 868 1648 944 Paulu5‚
1673 870 1857 949 cujus
1887 870 2058 933 dicta
2087 870 2240 933 satis
2272 888 2410 952 pro-

922 965 1220 1029 babiliter
1263 975 1512 1045 sonant,
1546 968 1804 1049 dempto
1842 987 1938 1045 e0,
1974 970 2146 1050 quod
2184 970 2410 1032 asserit

921 1066 1202 1129 medicos
1243 1085 1370 1129 non
1408 1067 1800 1147 distinguere
1832 1068 1897 1129 in
1930 1087 1996 1131 re
2022 1068 2152 1145 illa,
2188 1070 2410 1133 videli-

921 1172 1022 1227 cet
1051 1165 1127 1226 ad
1158 1164 1648 1228 confortandum
1689 1166 1962 1229 calorem
2004 1166 2283 1230 hominis
2315 1168 2411 1230 in-

924 1260 1228 1342 frigidati,
1262 1264 1340 1325 de
1371 1263 1580 1327 calore
1606 1264 1966 1345 juvenculae
1995 1265 2261 1345 virginis
2300 1276 2411 1329 aut

919 1370 1255 1443 corruptas,
1291 1362 1572 1444 pulchrae
1609 1371 1719 1425 aut
1762 1364 2219 1446 incompositae.
2254 1366 2409 1427 Nam

921 1467 984 1521 et
1032 1459 1278 1541 physici
1323 1461 1598 1537 tradunt,
1640 1462 1814 1543 quod
1856 1462 2086 1543 puellae
2128 1464 2409 1543 virgines

921 1566 1070 1619 sunt
1101 1557 1436 1621 calidiores
1465 1578 1656 1640 quam
1688 1559 1924 1623 fractae.
1949 1561 2233 1624 Pulchrae
2262 1581 2412 1643 quo-

919 1675 1044 1736 que
1065 1657 1208 1738 plus
1231 1665 1486 1721 movent
1506 1659 1856 1740 appetitum
1878 1676 1892 1721 :
1912 1679 1990 1722 cu
1993 1660 2096 1740 jus
2117 1660 2410 1723 accensio

919 1753 1232 1818 calefacit.

2519 778 2661 852 post
2692 790 2927 851 regem,
2946 781 3011 834 et
3036 772 3340 835 Abiathar
3369 773 3433 835 in
3462 772 3895 855 spiritualibus
3924 794 3999 837 ae

2518 869 2755 932 divinis
2782 888 2795 931 :
2821 871 3040 951 sieque
3064 892 3175 954 per
3193 872 3347 936 Joab
3372 873 3651 955 speravit
3676 874 3999 955 acquirere

2519 968 2956 1030 adsistentiam
2987 969 3287 1047 militum,
3316 980 3381 1034 et
3410 990 3522 1053 per
3552 971 3866 1048 Abiathar,
3900 991 3999 1033 sa-

2518 1068 2837 1129 cerdotum
2858 1087 2931 1131 ac
2950 1069 3337 1145 Levitarum3
3362 1078 3423 1133 et
3442 1070 3523 1132 ab
3546 1070 3685 1152 ipso
3700 1070 3999 1133 Abiathar

2520 1172 2821 1246 tanquam
2864 1186 2901 1229 a
2947 1168 3217 1250 praesule
3264 1168 3517 1232 volebat
3564 1168 3804 1249 inungi.
3834 1168 3997 1232 Dici-

2521 1271 2621 1324 tur
2648 1282 2924 1345 quoque‚
2944 1266 3115 1347 quod
3133 1266 3288 1329 Joab
3318 1267 3761 1350 suspicabatur
3786 1285 3993 1347 regem

2518 1360 2989 1425 vindicaturum
3014 1365 3080 1427 in
3102 1384 3169 1427 se
3191 1365 3611 1447 iniquitatem,
3626 1384 3813 1447 quam
3834 1385 3995 1429 com-

2520 1460 2695 1522 misit
2725 1461 2791 1523 in
2812 1461 3025 1525 Abner
3048 1472 3113 1525 et
3131 1463 3445 1541 Amasam,
3463 1482 3625 1546 quos
3654 1465 3994 1546 proditorie
4044 1483 4077 1525 11
4090 1485 4183 1530 neq.
4198 1499 4241 1526 r

2520 1559 2716 1622 interf
2718 1560 2863 1637 ecit,
2891 1570 2955 1624 et
2984 1562 3151 1643 quod
3186 1581 3295 1624 rex
3328 1561 3469 1625 filio
3508 1561 3631 1624 sibi
3662 1564 3995 1627 succeden-
4020 1548 4223 1595 ²⁷³¹¹·¹‘··

2517 1658 2567 1720 ti
2607 1658 2672 1720 in
2712 1678 2928 1740 regno,
2966 1660 3272 1723 ultionem
3313 1660 3486 1723 illam
3524 1662 3941 1725 committeret
3972 1681 3987 1723 :

2520 1757 2662 1821 ideo
2700 1758 2905 1823 voluit
2943 1758 3065 1821 sibi
3107 1760 3372 1823 mercari
3419 1760 3701 1824 favorem
3743 1760 3862 1823 filii
3900 1782 3995 1823 re-

998 1856 1292 1915 Adom‘as
1330 1864 1546 1915 autem
1585 1858 1768 1933 filius
1799 1860 2088 1934 Hayqitlz
2123 1861 2411 1919 elevaba-
2447 1855 2492 1916 B
2518 1856 2796 1936 gnaturi,
2833 1877 2913 1920 ne
2953 1858 3289 1939 puniretur
3326 1858 3408 1921 ab
3452 1878 3549 1921 eo.
3584 1858 3885 1922 Similiter
3915 1860 3993 1922 de

922 1964 1052 2024 tur,
1106 1953 1172 2014 id
1230 1962 1345 2031 est,
1400 1956 1601 2017 erexit
1656 1975 1722 2018 se
1777 1956 1985 2038 ipsum
2045 1957 2404 2034 ambitiose,

917 2053 1135 2111 dicens
1157 2074 1180 2111 .·
1203 2056 1337 2129 Ερο
1376 2056 1670 2129 reynabo.
1691 2058 2016 2133 Fecitque,
2039 2056 2102 2117 id
2133 2065 2229 2117 est
2260 2075 2413 2138 prze-

921 2150 1187 2231 paravit,
1221 2152 1347 2211 sibi
1376 2172 1608 2213 currus
1639 2163 1698 2213 et
1727 2155 1966 2233 equites
1995 2164 2055 2214 et
2087 2158 2413 2234 quinqua-

910 2252 1029 2327 „qin
1039 2260 1105 2310 ta
1123 2251 1308 2319 viros,
1323 2252 1440 2329 qui
1459 2262 1608 2311 ante
1624 2273 1766 2311 eum
1790 2252 1857 2313 in
1877 2272 2067 2315 curru
2089 2253 2409 2316 sedentem

919 2358 1251 2409 currerent
1282 2370 1303 2406 .·
1336 2330 1499 2411 sicut
1541 2349 1660 2411 hoc
1701 2369 1894 2431 supra
1933 2350 2096 2415 libro
2130 2352 2410 2416 secundo

919 2446 1121 2525 magis
1166 2447 1522 2528 expositum
1565 2455 1682 2509 est.
1717 2448 1859 2511 Ideo
1882 2440 2098 2511 'autem
2131 2450 2413 2531 adspira-

920 2544 1016 2607 vit
1044 2544 1119 2606 ad
1155 2562 1441 2624 regnum,
1476 2546 1778 2625 quoniam
1812 2546 1976 2609 inter
2010 2544 2182 2610 filios
2216 2548 2408 2611 David

921 2643 1293 2724 superstites
1325 2643 1538 2706 senior
1573 2643 1598 2705 f
1604 2644 1696 2705 uit
1730 2664 1743 2708 :
1781 2664 1928 2707 nam
1969 2654 2104 2707 erat
2141 2655 2409 2727 quartus

920 2740 986 2802 in
1032 2740 1275 2819 ordine,
1312 2741 1558 2805 Amnon
1599 2748 1808 2805 autem
1852 2752 1916 2805 et
1955 2743 2232 2807 Absalon
2279 2744 2411 2808 sue-

921 2848 1069 2901 runt
1097 2840 1314 2917 occisi,
1336 2850 1399 2903 et
1429 2840 1674 2917 tertius,
1701 2842 1945 2905 scilicet
1965 2843 2259 2921 Cheleab,
2281 2863 2411 2907 cre-

919 2938 1091 3001 ditur
1118 2938 1248 3019 jam
1278 2938 1535 3015 obiisse,
1569 2940 1667 3002 vel
1701 2940 1870 3003 iners
1900 2961 2014 3003 seu
2043 2941 2298 3023 ineptus
2331 2943 2407 3005 ad

2520 1954 2823 2017 Abiathar
2854 1955 3077 2033 fertur,
3101 1958 3274 2037 quod
3307 1966 3567 2020 noverat
3591 1958 3785 2020 Deum
3813 1958 3996 2019 dixis-

2520 2072 2587 2115 se
2609 2054 2685 2115 ad
2710 2054 2865 2129 Heli,
2882 2056 3050 2135 quod
3077 2055 3412 2118 sacerdotii
3436 2056 3714 2137 dignitas
3739 2056 3997 2118 transfe-
4034 2077 4139 2131 1309
4156 2081 4237 2121 aas

2520 2153 2717 2214 renda
2744 2161 2912 2215 esset
2934 2173 2971 2215 a
2999 2153 3267 2236 posteris
3299 2154 3447 2216 suiS.
3467 2153 3767 2217 Abiathar
3792 2164 3993 2218 autem
4022 2144 4085 2183 ³⁶·

2520 2251 2849 2313 descendit
2896 2250 2976 2313 ab
3018 2252 3154 2313 Heli
3191 2269 3206 2313 :
3242 2252 3479 2316 idcirco
3522 2272 3603 2315 ne
3652 2253 3997 2317 sacerdotio

2520 2348 2899 2429 privaretur,
2934 2350 3136 2413 voluit
3168 2350 3316 2414 novi
3348 2350 3514 2432 regis
3556 2350 3841 2415 favorem
3873 2372 3999 2415 me-

2522 2447 2667 2509 reri.
2713 2449 2939 2529 Atque,
2980 2457 3051 2511 ut
3092 2449 3347 2526 dicitur,
3390 2449 3634 2513 Hebraei
3673 2449 3997 2512 affirmant

2519 2546 2856 2609 Dominum
2890 2566 3018 2609 non
3049 2548 3299 2610 dedisse
3328 2566 3631 2631 responsa
3670 2568 3785 2631 per
3820 2549 4001 2612 Abia-

2520 2644 2661 2706 thar
2690 2664 2727 2707 a
2767 2653 3049 2727 tempore
3075 2665 3205 2727 quo
3237 2646 3431 2709 David
3458 2665 3496 2708 a
3523 2646 3871 2710 Jerusalem
3911 2647 3999 2710 l'u-

2518 2742 2611 2823 git
2639 2763 2675 2805 a
2708 2742 2871 2806 facie
2901 2745 3255 2807 AbsaloniS.
3274 2748 3485 2807 Sadoc
3514 2766 3659 2806 vero
3688 2750 3994 2817 sacerdos,
4046 2772 4231 2824 unqu.

2520 2841 2764 2923 primus
2796 2851 2939 2924 post·
2963 2842 3282 2920 Abiathar,
3301 2853 3360 2904 et
3381 2846 3673 2905 Banaias
3690 2848 3875 2923 filius
3902 2849 3999 2907 Jo-
4026 2839 4083 2877 ¹⁶·

2521 2942 2711 3011 iadoe,
2744 2952 2804 3002 ec
2842 2944 3110 3005 Nathan
3141 2944 3455 3020 prophet-a
3484 2952 3545 3003 et
3574 2944 3811 3015 Semi,
3844 2943 3999 3005 alter

919 3054 1186 3117 regnum
1233 3035 1468 3112 fuisse3
1512 3047 1573 3101 et
1615 3039 1764 3102 item
1806 3040 2109 3121 quoniam
2152 3038 2180 3101 f
2186 3040 2277 3102 uit
2308 3042 2409 3121 ju·
2444 3039 2487 3101 C
2519 3037 2599 3100 ab
2624 3038 2735 3101 illo
2757 3038 2871 3121 qui
2891 3039 3218 3103 maledixit
3244 3039 3394 3120 regi,
3416 3050 3475 3100 et
3500 3043 3747 3103 Cer-echi
3764 3052 3825 3102 et
3844 3044 3999 3104 Phe·
4024 3058 4231 3100 msam-1.

919 3135 1098 3200 venis
1149 3137 1435 3219 pulcher,
1472 3138 1787 3216 amabilia,
1823 3140 2189 3222 populoque
2234 3159 2409 3203 acce-

920 3243 1089 3318 ptus·
1125 3239 1258 3297 Nee
1304 3239 1622 3314 corripuit
1667 3259 1812 3298 eum
1852 3249 2043 3316 pater
2082 3260 2239 3299 suus
2284 3243 2410 3300 ali-

919 3337 1202 3414 quandO,
1246 3336 1464 3396 dicens
1502 3357 1524 3395 .·
1569 3339 1783 3406 Quare
1829 3341 1944 3398 hoe
1990 3339 2205 3418 fec-isti
2228 3343 2259 3399 ?
2294 3338 2409 3400 Per

919 3431 1042 3494 hoc
1072 3431 1322 3495 videtur
1345 3432 1668 3514 Scriptura
1700 3434 1987 3511 innuere,
2007 3436 2177 3516 quod
2211 3436 2407 3499 David

922 3549 1035 3612 per
1066 3531 1520 3612 negligentiam
1562 3530 1687 3595 fuit
1716 3534 2076 3616 culpabiliS‚
2115 3554 2240 3597 non
2274 3555 2409 3598 cor-

921 3629 1213 3711 ripiendo
1245 3631 1551 3693 Adoniam
1593 3633 1672 3695 de
1717 3633 1997 3697 vanitate
2042 3644 2101 3697 et
2147 3653 2409 3716 usurpa-

923 3726 1093 3790 tione
1123 3749 1234 3792 seu
1265 3728 1614 3793 ambitione
1637 3729 1937 3812 praefata:
1967 3733 2133 3795 unde
2163 3741 2227 3795 et
2254 3733 2409 3796 Ado-

923 3826 1062 3889 nias
1106 3827 1308 3908 magis
1348 3830 1644 3892 audacter
1685 3830 2190 3913 prosequebatur
2220 3852 2405 3894 suum

920 3935 1322 4008 conceptum,
1342 3927 1674 4008 suspicans
1695 3929 1865 4010 quod
1894 3922 2074 4012 pater
2095 3950 2246 3992 suus
2278 3950 2405 3993 non

919 4024 1244 4088 resisteret
1285 4025 1366 4087 ei.
1410 4026 1858 4090 Verumtamen
1904 4029 2293 4110 expositores
2339 4030 2405 4093 in

919 4123 1038 4185 hac
1079 4143 1146 4185 re
1187 4134 1490 4186 excusant
1528 4125 1723 4189 David
1755 4146 1792 4188 a
1821 4127 2008 4209 culpa
2041 4127 2176 4190 sive
2208 4147 2245 4190 a
2273 4136 2407 4190 tan-

2521 3141 2697 3210 lechi,
2749 3158 2863 3221 per
2912 3157 3073 3221 quos
3122 3140 3233 3220 qui
3280 3140 3713 3219 designentur,
3763 3141 3997 3204 dictum
4056 3157 4227 3200 mas-s.

2519 3245 2615 3300 est
2657 3238 2723 3300 in
2770 3238 3167 3320 expositione
3207 3238 3358 3300 libri
3405 3239 3692 3316 secundi,
3724 3250 3783 3300 et
3822 3261 3999 3301 omne
4026 3226 4081 3264 ἐ·

2517 3339 2714 3397 robur
2752 3339 3069 3397 exercitus
3117 3340 3357 3407 David,
3390 3337 3689 3400 videlicet
3730 3337 3993 3410 robusti,

2518 3437 2596 3498 de
2639 3435 2873 3518 quibus
2918 3437 2983 3498 in
3032 3437 3312 3502 secundo
3359 3437 3523 3500 libro
3566 3437 3719 3500 satis
3760 3439 3997 3502 dietum
4036 3462 4229 3506 mam.

2517 3544 2632 3612 est,
2669 3557 2799 3596 non
2828 3546 3013 3596 erant
3042 3557 3189 3596 eum
3216 3539 3505 3606 Adonia,
3526 3537 3680 3619 quia
3718 3537 4001 3602 sciebant
4026 3530 4185 3576 3⁸¹*

2518 3635 3011 3716 praenuntiatum
3044 3636 3382 3698 esseaDeo
3416 3654 3526 3716 per
3549 3635 4001 3718 Nathan,quod

2519 3733 2814 3796 Salomon
2858 3735 3023 3814 patri
3065 3733 3129 3794 in
3172 3751 3366 3813 regno
3394 3735 3781 3812 succederet,
3816 3745 4003 3818 prout
4065 3755 4161 3800 1⁶1³.
4182 3767 4228 3794 m.
4261 3759 4262 3780 ³

2518 3832 2583 3893 in
2628 3833 2907 3895 secundo
2949 3831 3113 3895 libro
3152 3831 3379 3914 patuit,
3414 3831 3481 3894 in
3512 3833 3719 3915 primo
3747 3853 4002 3916 quoque
4029 3825 4229 3927 ’ξῑξζῖζζζζ
4261 3837 4262 3916 f

2516 3929 2683 3993 libro
2712 3930 3232 4012 Paralipomenon
3264 3939 3479 4013 aperte
3507 3931 3797 3994 habetur.
4026 3955 4177 4000 mm.

2596 4033 2959 4092 Immolatis
2986 4049 3131 4106 erqo
3160 4032 3453 4092 Adonias
3481 4032 3795 4091 arietibus
3821 4042 3881 4092 et
3914 4035 4004 4092 vi-

2519 4132 2673 4191 talis
2701 4139 2760 4189 et
2790 4130 3114 4188 universis
3134 4130 3520 4205 pe'nyuibuS,
3558 4128 3623 4190 id
3654 4138 3751 4191 est
3782 4129 4005 4192 multis

921 4230 1004 4298 ta,
1055 4221 1188 4286 sive
1237 4242 1274 4285 a
1323 4231 1472 4301 tota,
1517 4223 1820 4301 dicenteS,
1868 4226 2040 4306 quod
2094 4226 2407 4306 ignoravit
2440 4224 2488 4286 D
2516 4236 2578 4290 et
2602 4226 2847 4308 magnis
2870 4226 3373 4308 sacrificii5,quae
3392 4226 3625 4290 obtulit
3644 4247 3758 4309 per
3775 4247 4005 4292 manus

919 4320 1226 4382 Adoniam
1260 4322 1583 4404 adspirare
1613 4323 1690 4386 ad
1721 4342 2006 4404 regnum.
2029 4325 2182 4387 Nam
2217 4327 2405 4408 paulo

918 4427 1062 4500 post
1091 4419 1333 4483 Nathan
1373 4422 1534 4484 dixit
1572 4424 1648 4484 ad
1687 4422 2031 4487 Bethsabee
2067 4441 2080 4485 :
2115 4424 2273 4486 Num
2302 4446 2409 4488 au-

918 4517 1069 4580 disti
1098 4521 1269 4601 quod
1303 4521 1660 4601 regnaverit
1693 4522 1991 4598 AdoniaS,
2018 4531 2080 4585 et
2109 4524 2407 4587 dominus

916 4625 1133 4680 noster
1167 4619 1362 4683 David
1396 4620 1515 4683 hoc
1549 4619 1838 4699 ignorat?
1879 4621 2224 4685 Bethsabee
2251 4642 2409 4705 quo-

915 4735 1042 4796 que
1074 4717 1150 4779 ad
1182 4735 1392 4797 regem
1421 4735 1435 4780 :
1461 4718 1641 4796 Ecce,
1669 4719 1901 4800 inquit,
1929 4739 2100 4782 nunc
2131 4721 2405 4784 Adonias

917 4823 1155 4893 regnat,
1196 4825 1276 4892 te,
1310 4816 1567 4879 domine
1596 4817 1682 4879 mi
1725 4837 1852 4892 rex,
1889 4817 2241 4897 ignorante.

995 4917 1080 4975 Ec
1108 4936 1310 4975 sermo
1340 4917 1482 4994 ejus
1509 4937 1656 4976 eccm
1687 4918 1842 4976 Joab
1868 4919 2010 4993 filio
2041 4920 2315 4990 Sarvz'oe,
2348 4929 2406 4980 et

914 5033 1063 5074 cum
1102 5015 1426 5074 Abiathar
1467 5018 1814 5084 sacerdote,
1843 5017 1961 5094 qui
2002 5016 2406 5092 adjuvabant

904 5121 1124 5186 parces
1145 5114 1445 5182 Adonioe,
1468 5111 1533 5174 id
1565 5119 1682 5188 est,
1709 5113 1978 5176 consilio
2010 5122 2202 5195 atque
2232 5115 2406 5178 auxi-

917 5207 1004 5270 lio
1036 5209 1189 5272 Joab
1223 5210 1534 5294 principis
1573 5211 1841 5289 militiae,
1875 5220 2068 5293 atque
2102 5212 2407 5276 Abiathar

917 5306 1269 5386 pontificis,
1306 5309 1625 5391 praecipue
1673 5309 1990 5373 utebatur.
2032 5310 2185 5374 Joab
2228 5313 2401 5375 enim

2516 4326 2913 4389 sacerdotum
2936 4326 3109 4390 velut
3132 4345 3239 4388 rex
3261 4344 3484 4402 novus,
3492 4327 3699 4404 juoeta
3721 4329 4007 4404 lapidem
4056 4399 4066 4407 ι

2516 4429 2841 4496 Zoleelech,
2870 4427 2987 4505 qui
3023 4435 3113 4486 est
3150 4427 3405 4486 vicinus
3435 4427 3609 4504 fonti
3636 4429 3859 4503 qud,
3896 4445 4011 4489 vo-

2516 4525 2651 4588 lens
2692 4525 2819 4587 Deo
2861 4531 3076 4604 gratus
3120 4523 3344 4599 videri,
3378 4532 3442 4586 et
3479 4524 3662 4605 quasi
3708 4524 4009 4606 religiose

2515 4623 2821 4704 incipere,
2854 4625 3122 4692 vocavit,
3155 4621 3215 4684 id
3247 4631 3363 4698 est,
3399 4623 3476 4684 ad
3508 4622 3877 4688 convivium
3914 4623 4013 4686 in-

2514 4722 2760 4799 vitavit,
2796 4723 3127 4782 universos
3154 4722 3395 4798 fratres
3422 4742 3587 4793 suos,
3611 4725 3783 4798 filios
3810 4727 4005 4800 remla,

2512 4831 2571 4882 et
2598 4841 2813 4880 omnes
2845 4822 3015 4880 viros
3040 4823 3219 4881 ,luda
3253 4841 3464 4880 servos
3504 4822 3693 4898 reyiS.
3736 4822 4009 4884 Nathan

2514 4930 2729 4980 autem
2754 4921 3157 4998 pro-phetam,
3175 4929 3234 4980 et
3254 4920 3609 4991 Banaiam,
3630 4929 3689 4980 et
3720 4922 4011 4980 robustos

2512 5039 2810 5098 quosque,
2835 5027 2893 5078 et
2916 5021 3321 5079 Salomonem
3345 5020 3621 5097 fratre-m
3649 5039 3843 5078 suum
3874 5039 4011 5080 non

2514 5119 2783 5188 vocavit,
2818 5115 2971 5197 quia
3022 5115 3147 5178 fuit
3194 5115 3317 5179 sibi
3368 5124 3723 5199 suspectus.
3771 5115 4009 5180 Omnes

2511 5215 2683 5277 enim
2714 5214 2887 5278 viros
2914 5215 3074 5277 Juda
3104 5233 3321 5279 servos
3354 5215 3540 5296 regis,
3584 5213 3709 5278 sibi
3752 5215 4013 5297 putavit

2514 5312 2747 5376 favere.
