4359 6250
585 779 639 823 lll
650 780 784 824 Ecdr.
796 795 845 831 tv,

584 847 728 887 26-31.

720 1980 851 2016 1111111

606 2948 787 3001 Luam,
795 2954 811 2994 ί
820 2953 856 2994 2-

593 3015 661 3057 ¹³.

878 484 997 549 434

1492 505 1839 551 manuario
1881 505 1943 550 IN
1984 504 2122 550 cn.
2168 505 2190 549 1
2233 501 2391 548 unm
2432 503 2682 549 sacuam!
2723 503 2950 550 amun.
2994 522 3075 532 —-
3116 503 3258 548 ΛΒΤ.
3303 502 3348 547 11

879 673 1216 737 vincantur
1246 695 1460 740 amore
1503 684 1694 758 atque
1736 675 2031 751 delirent,
2065 681 2254 757 prout
2298 673 2366 735 in
2397 669 2446 732 A
2475 674 2667 736 verba
2707 674 3087 755 jucundiora
3125 672 3450 736 multoties
3501 671 3736 754 repeti,
3791 681 3858 734 et
3895 671 3964 734 in

876 775 1259 856 apocryphis
1306 775 1519 838 Esdrae
1567 774 1821 858 plenius
1870 773 2192 836 recitatur.
2227 771 2364 848 Vel,

878 873 1186 935 Amabilis
1218 893 1408 955 super
1449 891 1730 936 amorem
1770 872 2133 946 mulierum,
2171 871 2235 933 id
2273 878 2370 933 est

877 969 1185 1034 affectum
1218 971 1631 1035 inflammans
1660 972 1737 1034 ad
1772 979 1833 1033 te
1862 971 2207 1033 amandum
2239 989 2371 1031 ma-

878 1070 977 1150 gis
1038 1070 1317 1148 intense,
1368 1089 1562 1153 quam
1623 1069 1881 1133 feminae
1929 1077 2173 1146 amant,
2227 1085 2369 1148 quae

879 1168 1071 1231 etiam
1104 1187 1231 1232 non
1278 1168 1680 1232 mediocriter
1717 1167 1900 1231 affici
1933 1167 2139 1232 solent
2168 1167 2246 1229 ad
2279 1166 2372 1229 vi-

880 1285 1006 1329 ros
1041 1268 1192 1329 Nam
1226 1277 1289 1330 et
1318 1267 1483 1330 sicut
1524 1277 1707 1349 turpe
1735 1266 1979 1348 appetit
2008 1265 2272 1341 bonum,
2307 1273 2371 1327 et

880 1365 1142 1428 materia
1175 1365 1464 1442 formam,
1500 1365 1590 1429 sic
1632 1364 1871 1428 femina
1902 1365 2133 1442 virum,
2170 1373 2243 1426 ut
2273 1363 2372 1426 di-

880 1464 967 1526 cit
987 1464 1429 1547 PhilosophuS,
1455 1464 1751 1546 quamvis
1778 1473 1840 1526 et
1872 1463 2065 1526 verba
2095 1465 2236 1545 ejus
2266 1462 2375 1525 ali-

882 1571 975 1625 ter
1024 1572 1260 1644 queant
1309 1564 1563 1646 exponi.
1614 1566 1801 1625 Sicut
1846 1573 2055 1624 mater
2100 1564 2373 1623 unicum

881 1673 1059 1723 amat
1087 1666 1307 1740 filium
1345 1684 1563 1732 suum,
1594 1665 1690 1723 ita
1720 1673 1776 1722 te
1803 1664 2153 1739 diligebam
2182 1683 2206 1720 .·
2237 1669 2372 1722 tum

882 1769 1140 1843 propter
1172 1770 1343 1824 tuam
1378 1761 1749 1838 bonitatem,
1776 1769 1909 1822 tum
1940 1769 2201 1842 propter
2221 1760 2373 1822 cari-

2475 772 2867 835 carminibus
2911 771 3196 834 tristibus
3241 771 3460 853 aliqua
3487 769 3682 836 verba
3721 770 3968 834 doloro-

2477 871 2666 934 siora.

2555 967 2735 1032 Circa
2781 968 3130 1052 praehabita
3174 968 3264 1032 ait
3311 968 3532 1032 Petrus
3579 965 3904 1031 Comestor
3943 981 3962 1026 ι

2477 1066 2766 1131 Creditur
2789 1087 3043 1132 carmen
3078 1068 3246 1130 istud
3278 1066 3540 1130 metrice
3572 1065 3770 1129 fuisse
3797 1083 3969 1128 com-

2480 1167 2778 1249 positum,
2813 1176 3036 1249 estque
3075 1165 3470 1230 continentia
3505 1164 3698 1246 hujus
3741 1163 3969 1228 carmi-

2479 1267 2580 1328 nis
2620 1267 2960 1349 tripartita.
2995 1266 3203 1328 Primo
3247 1266 3376 1346 agit
3413 1265 3493 1328 de
3540 1264 3681 1328 loco
3733 1263 3799 1325 in
3837 1280 3968 1343 quo

2483 1365 2649 1429 facta
2680 1374 2772 1428 est
2814 1373 3074 1445 strages,
3104 1373 3168 1427 et
3198 1364 3584 1446 imprecatur
3611 1362 3670 1426 ei
3701 1361 3964 1424 malum.

2482 1463 2770 1529 Secundo
2799 1465 3198 1528 commendat.
3219 1463 3367 1526 Saul
3387 1471 3448 1526 et
3468 1462 3802 1525 Jonathan.
3825 1461 3970 1522 Ter-

2482 1563 2570 1626 tio
2591 1563 2951 1646 specialiter
2977 1563 3377 1626 commendat
3405 1561 3740 1638 Jonathan,
3765 1568 3971 1622 osten-

2480 1663 2637 1725 dens
2667 1671 2976 1745 quantum
3007 1662 3300 1725 dilexerit
3329 1681 3497 1724 eum.
3531 1660 3654 1724 Nec
3685 1659 3890 1735 obest,
3915 1657 3968 1720 si

2481 1762 2825 1844 aliquando
2852 1761 3203 1844 pluraliter,
3240 1760 3584 1842 aliquando
3622 1757 3974 1839 singulari-

882 1867 1075 1922 tatem
1118 1879 1245 1941 qua
1287 1879 1391 1922 me
1421 1859 1784 1942 praevenisti
1828 1878 2028 1940 quum
2074 1859 2370 1922 vicissem
2410 1858 2455 1919 B
2487 1869 2578 1923 ter
2622 1862 2701 1923 de
2748 1861 2969 1924 eodem
3012 1869 3228 1923 monte
3278 1858 3596 1941 loquatur.
3631 1859 3740 1920 Est
3791 1857 3964 1920 enim

880 1957 1151 2034 Goliath,
1177 1966 1245 2020 ut
1274 1958 1515 2020 dictum
1547 1967 1643 2020 est
1679 1958 1741 2020 in
1774 1959 1981 2040 primo
2003 1957 2200 2034 libr-03
2235 1966 2370 2020 tum

882 2065 1140 2138 propter
1188 2055 1459 2120 effectus
1500 2057 1782 2119 caritatis
1834 2064 1955 2118 tuae
1998 2057 2075 2118 ad
2128 2075 2253 2132 me,
2309 2065 2372 2119 et

882 2154 1199 2218 beneficia
1238 2164 1346 2217 tua
1374 2154 1533 2217 mihi
1581 2156 1869 2237 impensa
1896 2156 2003 2235 (de
2034 2154 2270 2236 quibus
2304 2154 2370 2215 in

881 2253 1099 2315 multis
1142 2253 1439 2335 capitulis
1482 2253 1675 2335 primi
1719 2252 1868 2314 libri
1911 2261 2007 2315 est
2052 2253 2367 2334 dictum);

880 2359 943 2414 et
970 2359 1227 2434 propter
1256 2350 1666 2414 affinitatem.
1691 2351 1881 2415 Porro
1911 2371 2089 2414 amor
2118 2352 2364 2429 matriS,

879 2449 1230 2532 praesertim
1281 2450 1489 2513 viduae
1536 2451 1615 2512 ad
1674 2450 1935 2513 unicum
1985 2448 2230 2526 filium,
2277 2461 2374 2514 est

880 2547 1067 2610 valde
1106 2547 1486 2631 praecipuuS,
1521 2556 1589 2610 ut
1619 2548 1709 2610 ait
1738 2548 2172 2630 Hieronymus.
2200 2549 2370 2612 Talis

883 2645 1118 2709 etenim
1162 2656 1364 2709 mater
1403 2647 1527 2709 viri
1577 2647 1802 2710 solatio
1844 2647 2165 2724 destituta,
2213 2648 2374 2711 affe-

884 2745 1159 2808 ctionem
1190 2764 1367 2809 suam
1398 2745 1581 2808 valde
1612 2745 1925 2826 recolligit
1954 2766 2025 2809 ac
2056 2746 2284 2827 defigit
2306 2749 2372 2810 in

884 2843 1075 2906 unico
1103 2843 1372 2926 pignore
1403 2843 1567 2906 uteri
1606 2845 1727 2906 sui.
1770 2845 1947 2907 Unde
1986 2854 2049 2908 et
2086 2845 2374 2909 Christus

884 2940 1187 3004 Dominus
1220 2940 1331 3003 tali
1359 2941 1546 3005 matri
1586 2943 2002 3024 compatienS,
2037 2944 2376 3008 suscitavit

888 3039 1101 3101 filium
1132 3041 1270 3122 ejus
1301 3059 1339 3102 a
1368 3049 1591 3105 morte.

964 3140 1072 3201 His
1098 3140 1307 3216 dictis,
1342 3160 1561 3203 rursus
1599 3141 1817 3204 dolore
1856 3140 2245 3219 stimulatuS,
2281 3162 2376 3205 re-

886 3237 1071 3319 petiit
1098 3238 1294 3301 David
1319 3256 1333 3301 :
1370 3242 1690 3308 Quomodo
1710 3242 2077 3301 ceciderunt
2106 3244 2374 3311 robusti,

882 3346 943 3396 ct
964 3339 1305 3413 perierunt
1342 3358 1529 3397 arma
1560 3339 1781 3397 bellica
1806 3342 1837 3398 Ρ
1867 3338 2022 3419 quia
2064 3358 2242 3401 arma
2271 3357 2374 3401 eo-

886 3452 1027 3495 rum
1060 3433 1313 3497 fuerunt
1351 3434 1559 3497 ablata
1592 3454 1705 3517 per
1745 3435 1970 3512 hosteS,
1998 3455 2114 3500 nec
2153 3445 2375 3519 potue-

886 3540 1034 3593 runt
1050 3542 1323 3596 armatos
1346 3532 1703 3597 defendere.
1717 3534 1901 3596 Juxta
1921 3535 2093 3598 hunc
2112 3536 2372 3599 modum

889 3629 954 3691 in
1004 3631 1395 3695 carminibus
1433 3632 1852 3713 jucunditatis
1904 3633 2113 3697 solent
2157 3634 2375 3716 aliqua

2482 1979 2647 2022 unus
2689 1978 2896 2036 monS,
2930 1958 3145 2040 plures
3186 1958 3426 2021 habens
3471 1958 3689 2022 colles„
3721 1956 3964 2020 Montes

2483 2058 2587 2119 isti
2618 2059 2718 2138 (ut
2758 2057 3007 2138 dicunt)
3036 2065 3182 2120 ante
3219 2056 3478 2120 fuerunt
3522 2055 3852 2132 uberrimi,
3905 2065 3970 2118 et

2483 2157 2867 2238 imprecatus
2911 2164 3007 2218 est
3049 2156 3142 2218 eis
3173 2155 3369 2218 David
3412 2173 3539 2218 non
3583 2154 3968 2230 ariditatem,

2482 2256 2590 2318 sed
2636 2255 3057 2318 sterilitatem.
3091 2255 3246 2317 Nam
3292 2254 3381 2316 ait
3417 2272 3430 2316 :
3466 2253 3682 2335 Neque
3711 2253 3838 2316 sint
3877 2251 3969 2314 ibi

2483 2355 2617 2436 agri
2645 2353 3095 2436 primitiarum,
3129 2352 3195 2416 id
3225 2361 3322 2414 est
3351 2351 3675 2416 fructuum
3703 2353 3974 2435 optimo·

2485 2472 2648 2530 rum,
2692 2460 2762 2514 ut
2799 2452 2998 2534 prius,
3033 2450 3156 2512 Alii
3195 2451 3419 2514 dicunt
3457 2450 3973 2513 maledictionem

2484 2551 2648 2614 hanc
2691 2550 3089 2632 prophetiam
3137 2547 3354 2626 fuisse,
3391 2567 3534 2630 quae
3574 2548 3836 2631 impleta
3873 2559 3976 2612 est

2485 2651 2604 2712 sub
2634 2649 2793 2725 Elia,
2827 2650 3080 2730 quando
3119 2647 3285 2711 facta
3311 2657 3408 2711 est
3450 2647 3516 2710 in
3548 2647 3735 2710 lsrael
3767 2646 3974 2711 fames

2485 2766 2732 2828 magna,
2748 2756 2818 2810 ut
2849 2745 2949 2808 inf
2952 2766 3019 2809 ra
3046 2747 3234 2811 tertio
3258 2746 3423 2809 libro
3449 2746 3977 2810 habetur.Postre-
4003 2765 4057 2808 ιιι
4069 2767 4238 2820 ηψπ.
4315 2799 4318 2822 2

2485 2865 2612 2922 mc,
2652 2847 2718 2907 in
2765 2845 2976 2908 verbis
3017 2844 3368 2927 praescripti
3417 2844 3718 2907 carminis
3763 2844 3978 2926 loqui·

2484 2954 2588 3008 tur
2617 2944 2813 3006 David
2853 2943 2930 3005 ad
2959 2943 3269 3006 Jonathan
3309 2952 3630 3007 mortuum
3661 2951 3972 3024 tanquam

2409 3044 2454 3108 C
2485 3043 2562 3105 ad
2595 3043 2940 3118 viventem,
2972 3050 3045 3103 ut
3077 3043 3271 3105 moris
3307 3051 3404 3105 est
3439 3041 3978 3125 deplangentium

2482 3152 2788 3219 mortuOS,
2813 3160 2941 3204 non
2972 3143 3142 3223 quod
3173 3142 3407 3205 mortui
3437 3140 3809 3221 hujusmodi
3833 3162 3980 3206 ver-

2482 3242 2565 3304 ba
2610 3241 2874 3303 audiant
2920 3258 2934 3301 ε
2975 3240 3089 3321 qui
3135 3249 3346 3303 tamen
3397 3260 3472 3303 ea
3519 3240 3714 3304 variis
3765 3242 3978 3305 modis

2483 3356 2862 3419 cognoscere
2898 3346 3186 3421 possunt.
3215 3340 3368 3402 Nam
3401 3358 3666 3421 corpore
3711 3341 3974 3417 mortui,

2482 3438 2710 3503 vivunt
2732 3438 2796 3499 in
2828 3438 3062 3515 anima,
3084 3445 3147 3500 et
3176 3456 3251 3500 ea
3268 3456 3413 3519 quae
3444 3436 3612 3499 fiunt
3637 3457 3754 3520 pro
3785 3438 3976 3521 ipsiS‚

2482 3555 2863 3618 cognoscere
2900 3545 3091 3618 atque
3130 3537 3457 3619 percipere
3495 3546 3742 3619 queunt
3781 3538 3984 3620 pluri-

2481 3635 2602 3698 bus
2633 3634 2861 3699 modiS.

2028 4060 2680 4148 ARTICULUS
2756 4063 2844 4146 II

1548 4332 1628 4378 nt:
1679 4333 2017 4381 srlm'ruau
2072 4335 2336 4381 EJUSDEM
2387 4336 2660 4383 CAPITULI
2711 4338 2880 4383 Palm
2932 4338 3312 4385 INTELLECTU.

1020 4614 1075 4677 X
1104 4613 1225 4677 isto
1254 4612 1537 4695 capitulo
1575 4613 1898 4691 docemur,
1935 4614 2204 4678 virtutes
2237 4635 2382 4678 san·
2411 4618 2460 4680 D
2487 4616 2860 4680 credulitate
2888 4616 3072 4678 multi
3098 4616 3427 4679 falluntur.
3449 4617 3862 4683 Potissimum
3881 4642 3992 4687 vc-

1040 4713 1126 4776 cti
1171 4712 1368 4775 David
1418 4710 1821 4775 considerare
1870 4731 1943 4775 ac
2002 4712 2258 4775 imitari.
2304 4713 2379 4775 Et

887 4811 1097 4894 primo
1144 4810 1283 4892 ejus
1333 4808 1759 4892 prudentiam,
1794 4810 1947 4890 quia
1987 4829 2113 4873 non
2164 4812 2380 4873 statim

886 4909 1156 4972 credidit
1208 4906 1597 4971 adolescenti
1658 4908 1857 4969 ardua
1897 4908 2214 4985 recitanti,
2269 4911 2379 4972 sed

887 5006 1233 5071 certificari
1279 5006 1595 5086 quaesivit.
1651 5005 1751 5068 Sic
1796 5014 1861 5067 et
1903 5024 2018 5068 nos
2062 5025 2191 5069 non
2242 5007 2380 5070 sine

886 5124 1038 5169 vera
1057 5104 1439 5167 discretione
1467 5104 1798 5166 credamus
1828 5104 2210 5186 cuicumque
2240 5124 2382 5166 nar-

888 5203 1078 5279 ranti,
1096 5210 1158 5265 et
1182 5219 1466 5263 rumores
1488 5200 1695 5263 varios
1720 5200 2033 5277 recitanti,
2057 5200 2379 5263 autetiam

890 5319 1055 5364 nova
1092 5300 1385 5378 dogmata
1429 5298 1833 5379 proponenti.
1870 5298 2061 5361 Facili
2104 5317 2380 5380 namque

2488 4732 2559 4776 ro
2606 4713 2963 4778 difficulter
3001 4714 3330 4776 credamus
3377 4714 3499 4791 his,
3533 4716 3646 4797 qui
3685 4716 3988 4784 referunt

2489 4810 2674 4874 nobis
2717 4810 2883 4873 mala
2920 4811 2998 4873 de
3041 4810 3206 4888 aliis,
3241 4819 3304 4874 et
3347 4812 3858 4891 detrahentibuS‚
3883 4836 3986 4880 se—

2488 4908 3010 4991 minantibusque
3051 4909 3472 4984 discordiam3
3508 4930 3622 4974 nec
3655 4913 3845 4994 proni
3899 4917 3985 4977 si-

2489 5026 2630 5067 mus
2661 5005 2803 5068 aliis
2844 5008 3028 5088 quasi
3060 5026 3176 5090 pro
3204 5025 3354 5071 vero
3383 5016 3448 5070 et
3483 5017 3656 5072 certo
3686 5029 3984 5089 narrare,

2490 5122 2632 5184 quae
2652 5123 2728 5165 ex
2750 5103 2991 5166 incerta
3011 5103 3316 5167 relatione
3337 5104 3718 5167 audivimuS.
3737 5106 3990 5191 Nempe

2488 5209 2560 5262 ut
2597 5200 2892 5263 Salomon
2939 5201 3004 5261 in
3044 5200 3209 5264 libro
3246 5201 3728 5266 proverbiorum
3771 5204 3992 5288 loqui-

3177 5296 3188 5309 ·
3423 5298 3436 5311 .
4049 5268 4250 5309 stne-nv.

2491 5307 2594 5359 tur
2626 5315 2641 5359 :
2675 5298 2982 5360 Innocens
3021 5298 3224 5361 credit
3265 5316 3438 5361 omni
3482 5298 3695 5378 verbo,
3729 5311 3990 5367 astutus
4023 5334 4088 5373 ιε.
