4359 6250
921 497 1039 559 492

1479 514 1826 560 mannum
1869 516 1930 560 IN
1973 516 2110 561 CAP.
2168 515 2233 562 11
2276 515 2431 560 LIBRI
2474 515 2726 562 saeuum
2768 515 2991 562 REGUH.
3037 534 3118 544 —
3158 515 3299 560 Am.
3346 515 3449 560 xvi

922 683 1191 767 pientes,
1225 685 1339 766 qui
1379 702 1721 748 conversos
1755 684 2307 749 confirmaverunt
2335 705 2408 748 ac
2438 684 2487 747 A
2520 685 2721 748 ritatis
2752 685 2990 750 vertice
3020 686 3462 760 consummati,
3488 685 3705 766 sicque
3734 693 3992 748 secreta-

919 792 1460 846 conservaverunt
1489 783 1555 844 in
1589 783 1720 846 fide
1751 791 1814 846 et
1831 782 2062 846 Christi
2093 784 2403 848 dominio.

917 881 1263 957 Postrem0‚
1299 900 1412 963 per
1445 880 1769 950 officiatos
1803 881 1998 944 David
2040 880 2409 960 significan-

920 988 1022 1041 tur
1053 979 1275 1042 vicarii
1305 979 1560 1056 Christi,
1598 980 1963 1061 imperator,
2001 998 2178 1059 reges
2212 999 2284 1042 ac
2308 980 2409 1061 ju-

918 1078 1113 1155 diceS,
1130 1079 1442 1156 doctoreS‚
1462 1078 1705 1160 praelati
1727 1086 1789 1140 et
1813 1079 2277 1160 praedicatoreS,
2295 1077 2407 1160 qui

917 1176 1093 1241 varia
1143 1187 1439 1240 exercent
1488 1196 1680 1259 opera
1725 1176 1791 1239 in
1837 1177 1946 1239 Dei
1997 1177 2300 1252 Ecclesia,
2346 1185 2409 1238 et

918 1285 1198 1358 praesunt
1243 1275 1556 1340 militibus
1600 1277 1761 1358 ejuS,
1795 1296 1868 1339 ae
1911 1293 2106 1358 opera
2149 1277 2258 1339 Dei
2304 1277 2410 1339 de-

917 1374 1230 1450 scribunt,
1255 1384 1318 1438 et
1347 1384 1524 1456 gesta
1555 1375 1949 1450 Sanctorum,
1973 1375 2407 1456 decursusque

920 1481 1299 1555 temporum.
1335 1472 1479 1535 Filii
1520 1491 1670 1537 vero
1710 1473 1905 1536 David
1949 1481 2097 1535 sunt
2137 1473 2259 1536 viri
2300 1473 2409 1536 he-

919 1571 1074 1634 roici
1107 1581 1169 1635 et
1200 1572 1490 1654 perfecti,
1527 1572 1592 1634 in
1632 1573 1800 1636 dono
1843 1572 2174 1654 sapientiae
2208 1580 2271 1634 et
2306 1591 2409 1635 ca-

2518 783 2595 844 rii
2627 794 2690 848 et
2718 785 3066 848 consiliarii
3108 783 3573 866 Omnipotentis
3612 782 3841 859 effecti,
3870 784 3987 864 qui

2516 883 2765 947 Christo
2820 892 2971 947 sunt
3029 883 3323 965 proximi,
3372 891 3433 946 et
3480 901 3681 963 genus
3726 881 3985 945 electum
4016 904 4237 945 wan-9

2516 982 2720 1059 valde,
2766 983 3315 1065 sacerdotiumque
3364 982 3594 1063 regale,
3638 981 3985 1063 spirituales

2516 1081 2643 1144 Deo
2684 1081 2921 1144 hostias
2970 1081 3351 1156 orationum,
3386 1080 3857 1162 praeconiorum‚
3890 1099 3989 1140 sa·

2514 1178 2909 1242 crificiorum
2931 1188 2993 1242 et
3017 1198 3281 1261 operum
3314 1179 3735 1260 perfectorum
3761 1177 3990 1258 jugiter

2516 1277 2917 1340 immolantes
2946 1295 2959 1338 :
2987 1277 3224 1341 idcirco
3244 1285 3391 1339 sunt
3420 1275 3609 1358 primi
3640 1275 3720 1338 ad
3740 1293 3985 1338 manum

2514 1375 2699 1456 Regis
2731 1375 3046 1452 altissimi,
3082 1383 3383 1457 tanquam
3422 1375 3498 1438 ad
3538 1375 3679 1456 ejus
3718 1373 3989 1437 volunta-

2516 1482 2641 1537 tem
2674 1473 2741 1536 in
2773 1473 3073 1537 omnibus
3102 1472 3571 1555 adimplendam
3611 1471 3989 1535 ferventissi-

2514 1572 2601 1634 mi
2632 1579 2824 1653 atque
2854 1571 3245 1653 pronissimi.

2005 2001 2654 2090 ARTICULUS
2731 2005 2920 2088 XVI

1559 2278 2014 2324 nECLARA‘rlo
2065 2278 2403 2324 capl'rucl
2453 2277 2623 2322 Nom
2670 2277 2685 2322 ἶ
2742 2278 2823 2322 ΕΤ
2872 2278 3071 2340 Dle‘l'
3121 2279 3359 2324 nAvm.

1043 2559 1422 2623 IDELITAS
1463 2569 1528 2622 et
1575 2559 1782 2642 pietas
1827 2559 2020 2621 David
2073 2559 2149 2622 ad
2198 2558 2406 2621 filium
2446 2557 2492 2618 B
2518 2560 2751 2619 debilis
2770 2561 3068 2636 pedibus,
3102 2557 3167 2620 id
3200 2564 3296 2620 est
3334 2557 3599 2621 claudus
3639 2559 3943 2621 exsistens
3975 2576 3989 2620 :

1039 2658 1322 2721 Jonathae
1357 2657 1756 2721 dilectissimi
1790 2657 1889 2719 sui
1927 2655 2139 2733 amici,
2173 2656 2279 2719 hic
2308 2658 2411 2719 de·
2518 2657 2631 2737 qui
2675 2657 2951 2738 qualiter
2996 2655 3199 2720 factus
3249 2655 3332 2719 sit
3372 2656 3660 2733 clauduS,
3696 2657 3995 2739 praehabi-
4048 2679 4235 2732 naam

919 2757 1307 2820 scribuntur.
1355 2760 1436 2818 Et
1479 2758 1656 2816 dixit
1704 2758 1948 2826 David,
1983 2754 2247 2819 forsitan
2298 2757 2409 2818 diu
2522 2763 2655 2818 tum
2684 2765 2802 2818 est.
2848 2759 2987 2828 Ubi,
3020 2758 3260 2836 inquit,
3292 2761 3435 2816 est?
3464 2758 3547 2817 Et
3584 2758 3747 2818 Siba
3784 2760 3873 2816 ad
3906 2778 3996 2816 re·
4020 2744 4061 2784 ⁴·

920 2863 1067 2919 ante
1098 2874 1173 2918 ea
1200 2873 1344 2936 quae
1375 2853 1756 2936 praecedenti
1799 2853 2078 2935 capitulo
2118 2863 2267 2916 sunt
2305 2856 2412 2917 de-
2513 2874 2658 2932 ‚qem
2690 2877 2713 2914 .·
2744 2857 2924 2925 Ecce,
2959 2857 3081 2924 ait,
3110 2857 3182 2914 in
3225 2857 3411 2914 domo
3448 2864 3539 2914 est
3577 2857 3837 2916 Machir
3870 2857 3997 2932 filii

921 2954 1178 3036 scripta,
1211 2953 1508 3034 quamvis
1539 2961 1758 3035 postea
1797 2951 2117 3031 recitetur,
2153 2953 2305 3034 quia
2343 2954 2409 3016 in
2520 2955 2803 3014 Ammiel
2833 2956 2903 3013 in
2934 2955 3257 3016 Lodabar.

923 3051 1292 3115 recitatione
1344 3071 1554 3114 rerum
1605 3060 1947 3133 gestarum,
1982 3070 2110 3114 non
2160 3071 2413 3136 semper
2604 3055 2816 3121 Quum
2840 3063 3058 3113 autem
3087 3054 3355 3113 venisset
3378 3053 3803 3131 Mipkiboseth
3824 3053 4001 3131 filius

921 3152 1076 3215 ordo
1109 3151 1412 3234 temporis
1443 3151 1836 3214 observatur.
1863 3154 2152 3212 Putasne
2179 3162 2268 3213 est
2294 3154 2413 3213 ali·
2518 3155 2815 3215 Jonathae
2855 3153 2990 3229 filii
3032 3154 3203 3212 Saul
3243 3154 3331 3211 ad
3372 3153 3613 3222 David,
3644 3154 3893 3213 corruit
3934 3154 3999 3211 in

923 3252 1070 3330 quis
1090 3252 1208 3329 qui
1225 3252 1608 3311 remanserit
1633 3252 1712 3309 de
1735 3252 1920 3310 domo
1942 3253 2136 3321 Saul,
2157 3270 2414 3332 praeser-
2520 3253 2760 3328 faciem
2788 3272 3001 3321 suam,
3024 3250 3143 3312 hoc
3170 3258 3288 3326 est,
3309 3249 3373 3311 in
3406 3258 3635 3312 terram
3667 3251 4007 3331 prostravit

925 3349 1038 3409 tim
1071 3368 1147 3412 ex
1180 3347 1423 3410 semine
1450 3347 1777 3410 Jonathas?
1809 3348 1978 3428 quod
2011 3357 2178 3430 peto,
2214 3359 2286 3410 ut
2314 3350 2413 3425 fa·
2525 3369 2613 3427 se,
2650 3355 2719 3411 ut
2762 3348 3051 3412 flecteret
3092 3348 3303 3430 ipsum
3346 3347 3539 3409 David
3570 3348 3647 3410 ad
3681 3348 4002 3430 pietatem,

923 3449 1094 3507 ciam
1141 3467 1289 3507 cum
1335 3466 1404 3505 eo
1451 3448 1963 3506 misericordiam
2010 3449 2156 3517 Dei,
2203 3447 2267 3509 id
2318 3454 2415 3509 est
2523 3468 2561 3511 a
2590 3467 2720 3529 quo
2751 3448 2965 3509 timuit
2992 3446 3257 3510 forsitan
3281 3447 3435 3508 dure
3458 3446 4011 3529 tractari,propter

926 3564 1139 3608 veram
1173 3544 1473 3626 pietatem
1507 3553 1569 3606 et
1601 3543 2101 3607 misericordiam
2135 3546 2259 3608 Deo
2290 3546 2416 3627 pla·
2526 3546 2795 3628 injurias
2825 3545 3021 3608 David
3047 3565 3084 3607 a
3104 3544 3251 3607 Saul
3284 3544 3512 3606 illataS.
3532 3544 3619 3605 Ex
3650 3543 4009 3607 humilitate

927 3652 1197 3717 centem,
1220 3662 1292 3705 ac
1316 3642 1692 3704 imitativam
1724 3642 2176 3707 misericordiae
2198 3644 2306 3707 Dei
2337 3645 2413 3706 ad
2525 3664 2783 3727 quoque
2805 3642 3093 3707 exhibuit
3124 3642 3305 3705 illum
3338 3643 3641 3705 honorem
3672 3642 3863 3723 regias
3885 3662 4011 3704 ma—

927 3742 1240 3819 homineS‚
1271 3752 1536 3821 propter
1568 3745 1922 3811 Jonaclean,
1954 3742 2016 3804 id
2061 3751 2156 3804 est
2202 3762 2415 3806 amore
2450 3740 2493 3803 C
2523 3743 2759 3826 Jestati.
2799 3746 2881 3805 Et
2908 3744 3210 3803 adoravit
3240 3760 3452 3822 regem
3492 3740 3859 3804 adoratione
3896 3742 4011 3803 du-

926 3840 1229 3918 Jonathas,
1264 3850 1456 3921 atque
1494 3848 1566 3901 ut
1605 3838 1902 3920 impleam
1949 3838 2159 3902 foedus
2203 3841 2418 3904 amici·
2526 3842 2647 3919 liae,
2682 3860 2810 3904 non
2856 3841 3079 3904 latriae.
3112 3842 3427 3921 Dia-itque
3470 3843 3688 3902 David
3716 3862 3741 3901 .·
3772 3844 4014 3919 Mipki-

929 3939 1033 4001 tiae
1061 3958 1134 4001 ac
1167 3938 1498 4001 fidelitatis
1527 3938 1700 4019 quod
1734 3936 1847 3999 inii
1879 3957 2116 4000 secum.
2140 3938 2316 4003 Unde
2349 3938 2413 4000 in
2526 3943 2753 4001 boseth„
2778 3942 2905 4009 Qui
2922 3940 3249 4017 respondit
3265 3943 3555 4001 :Adsum
3582 3959 3803 3999 servus
3836 3948 4007 4000 ιιιτιε.

2527 4043 2611 4102 E't
2658 4041 2755 4099 ait
2802 4041 2863 4098 ei
2911 4040 3131 4101 David
3160 4060 3183 4097 .·
3217 4040 3315 4101 Ne
3366 4040 3587 4099 timeas
3633 4056 3735 4100 me
3788 4037 4015 4101 timore

2528 4139 2829 4200 humano.
2865 4136 2967 4199 Sic
3000 4136 3215 4217 itaque
3244 4136 3389 4217 pius
3422 4136 3615 4199 David
3646 4136 4019 4199 consolaba-

675 4056 901 4110 meqax,
932 4038 1139 4119 primo
1180 4036 1345 4100 libro
1384 4036 1683 4099 Jonathas
1719 4036 1806 4097 ait
1837 4036 1914 4097 ad
1947 4035 2141 4098 David
2177 4054 2192 4097 :
2229 4036 2289 4099 Si
2324 4036 2419 4098 vi-

643 4120 900 4169 ¹⁴'¹⁵³⁸¹¹'¹’
933 4154 1103 4213 xero,
1123 4133 1316 4198 facies
1347 4134 1507 4198 mihi
1539 4133 2008 4197 misericordias
2039 4134 2327 4209 Domini3
2362 4135 2414 4197 si

641 4184 706 4223 ¹⁸⁵
930 4252 1082 4298 vero
1121 4242 1407 4296 mortuus
1456 4228 1659 4308 fuero,
1697 4250 1825 4295 non
1871 4230 2122 4295 auferes
2171 4232 2419 4295 miseri-

929 4331 1210 4395 cordiam
1258 4341 1427 4394 tuam
1473 4351 1510 4393 a
1553 4332 1743 4394 domo
1791 4350 1934 4393 mea
1977 4331 2044 4393 in
2088 4331 2419 4413 sempiter-

930 4450 1104 4493 num.
1125 4430 1200 4493 Et
1231 4438 1682 4511 percusserunt
1705 4428 1910 4491 foedus
1944 4437 2232 4511 uterque.
2256 4434 2417 4492 Erat

927 4539 1144 4589 autem
1174 4532 1252 4589 de
1279 4532 1488 4601 dom,
1525 4527 1590 4589 id
1631 4535 1726 4590 est
1769 4526 2036 4603 familia,
2071 4531 2264 4597 Saul,
2290 4550 2420 4588 ser-

927 4648 1047 4687 vus
1094 4630 1353 4688 nomine
1401 4628 1583 4697 siba,
1619 4634 1801 4688 natus
1851 4626 1929 4688 de
1978 4625 2149 4687 tribu
2198 4626 2419 4706 Benja-

928 4725 1085 4803 min,
1121 4726 1286 4788 sicut
1335 4732 1398 4787 et
1447 4723 1618 4786 Saul.
1657 4728 1856 4792 Quem
1898 4744 2100 4803 quum
2145 4733 2418 4784 vocasset

929 4845 1046 4884 rex
1088 4828 1175 4884 ad
1213 4844 1298 4894 se,
1331 4825 1508 4883 dimit
1553 4825 1614 4883 εἰ
1644 4843 1666 4887 ε
1705 4826 1800 4883 Tu
1839 4844 1900 4881 es
1937 4824 2096 4884 Siba
2120 4826 2149 4883 ἓ
2176 4825 2264 4884 Et
2308 4825 2419 4883 itte

2530 4245 2631 4299 tur
2680 4236 2889 4318 ipsum
2940 4234 3385 4316 miphiboseth,
3420 4235 3571 4315 quia
3612 4236 3711 4314 (ut
3753 4234 4021 4315 dieitur)

2527 4334 2687 4398 vidit
2728 4352 2871 4396 eum
2914 4340 3275 4415 paventem.
3310 4332 3421 4396 Vel
3464 4332 3678 4395 forsan
3722 4351 3849 4397 non
3891 4332 4019 4396 for-

2528 4432 2813 4508 midavit,
2847 4432 3000 4513 quia
3044 4431 3329 4513 percepit
3358 4450 3395 4493 a
3425 4430 3575 4493 Siba
3610 4432 3781 4513 quod
3814 4432 4015 4495 David

2528 4530 2730 4595 voluit
2760 4530 2820 4593 ei
2848 4528 3227 4593 benefacere
3266 4537 3524 4611 propter
3560 4528 3871 4591 Jonathan
3910 4550 4021 4611 pa-

2529 4638 2688 4692 trem
2748 4647 2957 4690 suum.
3013 4630 3181 4696 Quia
3230 4630 3481 4707 faciens
3526 4629 3775 4705 faciam
3830 4630 3903 4688 in
3958 4638 4020 4688 te

2526 4728 3042 4789 misericordiam
3085 4734 3348 4802 propter
3386 4727 3715 4787 Jonathan
3756 4736 4019 4804 patrem

2530 4836 2740 4894 tuum,
2768 4834 2828 4884 et
2860 4826 3198 4884 restituam
3232 4824 3351 4884 tibi
3379 4844 3594 4885 omnes
3632 4844 3819 4901 ayros
3846 4828 4021 4887 Saul

931 4924 1255 5000 respondit
1287 4942 1309 4980 .·
1342 4924 1476 4998 Eyo
1523 4942 1668 4981 sum
1715 4941 1932 4981 servus
1983 4932 2152 4982 tuus.
2185 4924 2271 4982 Et
2322 4924 2419 4983 ait
2452 4918 2500 4980 D
2519 4923 2758 5001 patris,
2790 4920 2856 4982 id
2896 4927 2995 4982 est
3036 4920 3135 4982 avi
3171 4921 3271 4980 tui
3298 4942 3321 4980 .·
3351 4919 3463 5002 qui
3496 4920 3633 5002 agri
3662 4922 3807 5001 jure
3836 4922 4023 5003 regni

929 5042 1044 5081 rea:
1075 5020 1152 5082 ad
1185 5018 1399 5081 Sibam
1437 5035 1449 5079 :
1489 5020 1833 5097 Numquid
1861 5029 2141 5097 superest
2174 5022 2419 5099 aliquis

927 5123 1006 5179 de
1033 5122 1218 5179 domo
1259 5120 1448 5190 Saul,
1497 5116 1560 5179 id
1607 5124 1701 5178 est
1741 5117 1820 5179 de
1859 5116 2104 5179 semine
2145 5118 2307 5198 ejus,
2351 5129 2420 5179 ut

929 5219 1173 5296 faciam
1204 5237 1352 5277 cum
1381 5236 1450 5276 eo
1481 5216 1994 5276 misericordiam
2015 5218 2187 5276 Dei?
2206 5219 2422 5278 Dia-ic-

2530 5022 2606 5083 ad
2628 5038 2832 5083 meam
2856 5017 3139 5082 devoluti
3164 5026 3311 5081 sunt
3332 5026 3736 5100 potestatem3
3759 5030 3820 5081 et
3842 5030 3911 5081 tu
3930 5042 4027 5081 co-

2530 5122 2738 5179 medes
2757 5137 2997 5196 panem
3030 5117 3097 5177 in
3124 5138 3341 5177 mensa
3364 5138 3505 5179 mea
3524 5138 3789 5195 semper,
3806 5118 3869 5179 id
3898 5127 4021 5191 est,

2530 5216 2706 5281 omni
2744 5225 3029 5297 tempore
3066 5224 3426 5297 opportuno
3467 5215 3779 5279 reficieris
3824 5216 4023 5298 regiis

931 5336 1052 5396 que
1099 5317 1261 5377 Siba
1310 5317 1448 5392 reyi
1482 5334 1505 5376 .·
1549 5317 1850 5393 Superest
1899 5318 2083 5393 filius
2128 5319 2423 5378 Jonatlzae
2532 5314 2693 5378 cibis
2736 5333 2809 5377 ac
2856 5314 3134 5396 potibuS.
3170 5316 3298 5383 Qui
3338 5316 3642 5387 adorans,
3674 5317 3877 5387 dimit,
3909 5315 4025 5377 hu-
