4359 6250
933 477 1052 541 320

1539 494 1888 541 mantuano
1931 495 1990 540 IN
2033 495 2170 540 CAP-
2218 494 2282 540 xl
2324 493 2481 540 unm
2522 495 2690 541 Pnuss
2732 494 2954 542 REGUH.
3000 513 3081 524 -·-
3119 495 3262 542 AM.
3308 494 3415 542 xxl

925 669 1092 745 ejus,
1137 667 1258 730 hoc
1307 674 1424 743 est,
1469 665 1810 748 pecoribus
1856 665 1989 728 suis
2035 664 2414 747 privabitur.
2448 663 2501 726 A
2529 685 2597 729 se
2628 665 2813 728 tertia
2843 665 2947 728 die
2978 672 3319 729 venturum
3354 666 3421 727 in
3459 663 3771 727 auxilium
3800 662 3915 738 θίε,
3946 671 4007 724 et

927 765 1291 830 Nominavit
1319 772 1527 828 autem
1572 785 1640 828 se
1677 773 1824 828 ante
1855 764 2234 839 Samuelem,
2270 762 2421 845 quia

930 864 1184 928 volebat
1215 865 1580 945 recognosci
1613 883 1686 927 ac
1719 863 1928 926 timeri
1963 871 2033 924 ut
2063 880 2193 925 rex.
2230 861 2297 924 ln
2331 879 2421 924 re—

927 982 1079 1044 gum
1129 981 1385 1045 quoque
1435 963 1658 1025 edictis
1711 981 1819 1026 rex
1869 961 2056 1024 debet
2105 960 2415 1042 praeponi,

929 1062 1039 1124 sed
1069 1071 1131 1126 et
1163 1061 1309 1124 Saul
1340 1061 1468 1142 jam
1501 1063 1707 1145 major
1737 1081 1850 1124 seu
1887 1059 2164 1141 dignior,
2203 1077 2420 1140 quam-

929 1161 1026 1222 vis
1073 1179 1200 1225 non
1241 1160 1518 1224 sanctior
1557 1159 1684 1222 fuit
1723 1159 2015 1222 Samuele
2056 1176 2069 1220 :
2109 1158 2417 1240 quoniam

928 1259 1204 1339 dignitas
1237 1278 1432 1342 penes
1463 1257 1896 1341 praelationem
1925 1255 2419 1340 praesidentiam-

926 1377 1052 1440 que
1095 1367 1418 1440 pensatur,
1465 1356 1716 1421 bonitas
1765 1375 1913 1420 vero
1958 1376 2069 1420 seu
2113 1355 2419 1418 sanctitas

927 1475 1122 1538 penes
1170 1457 1492 1520 virtutem.
1527 1455 2046 1520 Comminabatur
2093 1461 2307 1516 autem
2350 1453 2415 1513 in

929 1555 1153 1638 primis
1185 1555 1331 1618 Saul
1363 1573 1665 1638 pecorum
1695 1553 2108 1630 ablationem,
2146 1570 2273 1615 non
2306 1551 2418 1614 ho-

925 1654 1172 1716 minum
1219 1653 1728 1731 trucidationem,
1768 1661 1838 1714 ut
1871 1659 2217 1733 temperate
2260 1648 2415 1712 inci-

926 1761 1104 1835 peret
1133 1772 1314 1815 suam
1344 1770 1639 1816 exercere
1665 1749 2199 1834 jurisdictionem.

2528 764 2835 844 quosdam
2868 783 2944 827 ex
2976 763 3217 828 nuntiis
3249 763 3512 827 retinuit
3534 781 3749 826 secum
3772 760 4007 842 quidu-

2529 871 2746 925 cerent
2776 862 3223 926 eum.Videtur
3253 871 3465 925 tamen
3496 862 3666 943 quod
3688 860 3754 922 in
3780 859 4007 942 populo

2528 971 2709 1024 erant
2752 962 2906 1024 satis
2944 961 3131 1024 multi
3170 962 3282 1044 qui
3322 962 3492 1024 viam
3535 967 3871 1022 noverunt.
3907 961 4008 1018 Ve-

2526 1071 2768 1123 nerunt
2794 1081 2941 1138 erqo
2970 1063 3219 1133 nuncii,
3250 1071 3311 1122 el
3338 1061 3905 1122 annuntiaverunt
3928 1059 4009 1118 vi-

2526 1162 2621 1221 ris
2649 1163 2853 1232 Jabes,
2887 1179 3028 1242 quae
3058 1159 3205 1223 Saul
3234 1168 3298 1223 et
3322 1158 3573 1223 Samuel
3600 1177 3676 1220 ac
3704 1156 3901 1220 ceteri
3920 1157 4006 1218 eis

2527 1259 3089 1321 demandaverunt.
3112 1258 3347 1339 Estque
3378 1256 3707 1332 credibile,
3722 1255 3895 1337 quod
3914 1254 4007 1317 Sa—

2527 1356 2695 1420 muel
2728 1375 2805 1420 ex
2833 1357 3051 1420 divina
3082 1356 3469 1421 revelatione
3504 1354 3805 1434 cognovit
3842 1352 4005 1435 quod

2526 1455 2672 1518 Saul
2694 1475 2841 1518 cum
2864 1455 2995 1519 suis
3029 1455 3471 1537 triumpharet.
3492 1456 3617 1523 Qui
3640 1455 3849 1515 laetati
3862 1463 4003 1512 sunt

2524 1555 2603 1617 de
2634 1554 2897 1618 instanti
2929 1554 3237 1632 subsidio,
3262 1563 3321 1614 et
3348 1556 3663 1614 diverunt
3692 1550 4005 1614 Ammoni-

2526 1653 2605 1715 tis
2638 1652 2900 1730 ironice,
2935 1661 3000 1716 et
3036 1661 3107 1716 ut·
3144 1652 3513 1735 deciperent
3554 1651 3728 1733 ipsos
3762 1668 3779 1712 ε
3818 1653 4004 1712 Mane

2520 1754 2843 1814 exibimus
2869 1756 2957 1814 ad
2987 1773 3113 1824 vos,
3139 1760 3440 1833 tanquam
3474 1748 3647 1826 victi,
3666 1759 3725 1810 ec
3752 1749 4004 1826 facietis

1005 1854 1261 1914 Invasit
1284 1872 1432 1930 erqo
1466 1855 1659 1913 timor
1687 1851 1980 1920 Domini,
2003 1848 2066 1911 id
2097 1856 2195 1911 est
2226 1847 2416 1911 timor
2447 1849 2494 1912 B
2522 1853 2699 1912 nobis
2728 1871 2913 1912 omne
2940 1854 3111 1932 quod
3130 1851 3456 1928 placuerit
3487 1850 3682 1910 vobis.
3702 1846 3893 1921 Quasi
3922 1846 4003 1908 di-

925 1950 1218 2014 incussus
1247 1971 1284 2014 a
1315 1952 1462 2027 Deo,
1494 1950 1596 2013 vel
1639 1950 1828 2012 timor
1867 1947 2072 2011 bonus
2113 1947 2239 2011 Deo
2280 1946 2413 2028 pla·
2518 1959 2664 2014 cant
2699 1968 2713 2012 ε
2748 1949 2883 2013 Non
2924 1958 3020 2013 est
3058 1949 3172 2032 qui
3208 1949 3469 2030 adjuvet
3498 1966 3634 2011 nos.
3672 1946 3802 2009 Hoc
3842 1945 4002 2008 dixe-

920 2067 1094 2126 cenS‚
1142 2050 1246 2113 cui
1299 2050 1505 2132 placet
1555 2056 1625 2110 ut
1672 2047 1950 2131 populus
2000 2047 2224 2109 timeat
2266 2063 2413 2108 suos
2518 2059 2668 2113 runt
2695 2050 2800 2114 die
2831 2049 3194 2114 immediate
3224 2049 3620 2132 praecedente
3653 2047 3993 2110 adventum

922 2148 1282 2232 superiores
1311 2147 1422 2212 Dei
1454 2146 1747 2224 vicariOS,
1767 2151 2187 2226 populum,ec
2214 2165 2413 2222 eyres-
2518 2149 2686 2213 Saul.
2741 2153 2827 2212 Ec
2874 2153 3124 2231 factum
3170 2158 3259 2210 est
3307 2169 3510 2227 quum
3554 2149 3829 2207 venisset
3870 2147 4001 2206 dies

919 2250 980 2308 si
1005 2259 1158 2309 sunl
1185 2250 1374 2328 quasi
1403 2249 1511 2307 vir
1541 2267 1733 2318 unus,
1768 2244 1830 2308 id
1863 2253 1960 2309 est
1996 2263 2224 2308 omnes
2267 2261 2415 2306 con·
2515 2250 2864 2318 crastinus,
2895 2247 2959 2310 id
2989 2255 3086 2311 est
3118 2247 3224 2310 die
3259 2244 3625 2309 immediate
3670 2251 3993 2326 sequente,

922 2346 1220 2424 corditer,
1239 2356 1299 2407 el
1318 2347 1634 2407 recensuit
1661 2365 1783 2416 eos,
1810 2344 1873 2407 id
1905 2352 2001 2407 est
2029 2342 2407 2419 numeravit,
2517 2354 2853 2429 postquam
2884 2346 3005 2410 viri
3044 2346 3228 2409 Jabes
3268 2345 3564 2408 dixerunt
3592 2341 3991 2418 Ammonitis,

922 2447 996 2506 in
1027 2449 1249 2518 Bezec,
1269 2443 1333 2507 id
1365 2451 1460 2507 est
1483 2443 1661 2526 juxta
1691 2442 1911 2506 urbem
1944 2441 2037 2506 sic
2065 2443 2323 2519 dictam,
2346 2442 2411 2506 in
2514 2445 2690 2509 Mane
2721 2445 3035 2510 exibimus
3064 2446 3143 2508 ad
3177 2461 3312 2521 voS,
3336 2445 3672 2506 constituit
3698 2445 3867 2504 Saul
3886 2461 3992 2519 po·

922 2561 1048 2624 qua
1088 2544 1189 2623 (ut
1232 2543 1298 2605 in
1341 2541 1632 2605 Judicum
1680 2540 1842 2604 libro
1887 2541 2146 2622 legitur)
2184 2541 2413 2604 Adoni·
2507 2549 2770 2622 pulum,
2802 2545 2922 2608 hoc
2953 2551 3049 2607 est
3076 2542 3423 2607 exercitum
3454 2560 3637 2605 suum
3668 2539 3911 2616 divisit,
3931 2542 3997 2600 in

922 2640 1108 2704 bezec
1142 2640 1500 2724 imperavit.
1538 2640 1875 2704 Recensuit
1911 2649 2123 2704 autem
2166 2659 2295 2704 non
2335 2657 2411 2703 ex
2520 2651 2641 2703 tres
2660 2653 2903 2721 parles,
2940 2645 3022 2704 Ec
3054 2645 3377 2719 inqressus
3415 2650 3507 2702 est
3547 2641 3764 2701 media
3794 2648 3999 2700 castra

920 2739 1214 2817 elatione,
1268 2749 1337 2802 ut
1384 2739 1604 2817 David,
1655 2740 1765 2802 sed
1815 2747 1887 2801 ut
1935 2738 2166 2802 melius
2218 2738 2410 2802 sciret
2514 2740 3041 2818 Ammonitarum,
3062 2742 3135 2801 in
3158 2740 3393 2817 vigilia
3422 2740 3775 2810 matutina,
3792 2747 3854 2798 et
3864 2757 4001 2815 per-

918 2838 1192 2921 qualiter
1212 2846 1276 2902 et
1299 2837 1366 2900 in
1387 2847 1544 2920 quot
1575 2847 1784 2920 partes
1814 2837 2127 2902 divideret
2155 2845 2406 2900 tantum
2515 2841 2710 2900 cussit
2725 2843 3003 2901 Ammon
3025 2859 3221 2920 usque
3239 2841 3403 2899 dum
3423 2839 3830 2898 incalesceret
3844 2837 3995 2896 dies.

917 2937 1286 3001 exercitum.
1309 2941 1721 3018 Fueruntque
1737 2940 2033 3016 filiorum
2056 2942 2263 2999 Israel
2287 2947 2403 2998 tre·
2514 2935 2603 2998 Ex
2633 2937 2837 2999 tribus
2869 2937 3104 3001 etenim
3136 2936 3293 3000 locis
3325 2935 3511 2998 irruit
3542 2953 3737 3016 super
3768 2934 4003 3017 impro-

916 3047 1099 3098 centa
1131 3038 1385 3110 millia,·
1415 3038 1706 3098 virorum
1735 3047 1952 3098 autem
1969 3040 2148 3099 Iuda
2174 3039 2404 3113 triyin-
2438 3035 2482 3100 C
2516 3034 2707 3113 visoS,
2744 3043 2808 3098 et
2837 3037 2915 3099 de
2946 3055 3059 3099 sua
3090 3035 3357 3099 victoria
3387 3031 3569 3115 quasi
3602 3041 3796 3111 tutoS‚
3824 3041 3889 3096 et
3918 3032 4002 3094 ita

919 3144 984 3195 ca
1021 3137 1261 3197 millia.
1287 3135 1420 3198 Viri
1456 3144 1666 3199 autem
1703 3135 1863 3198 Juda
1901 3136 2403 3199 numerabantur
2514 3135 2747 3199 occidit
2774 3154 2883 3199 eos
2913 3155 2950 3199 a
2982 3136 3191 3218 primo
3229 3133 3513 3198 diluculo
3552 3152 3759 3215 usque
3800 3134 3877 3195 ad
3918 3131 4003 3195 al-

643 2554 793 2600 ludis.
809 2569 835 2607 ι,
851 2558 892 2598 5.

626 2743 662 2849 {l
673 2744 888 2802 limatur,

916 3251 1226 3311 seorsum,
1262 3241 1564 3316 tanquam
1597 3234 1918 3318 praecipue
1949 3234 2259 3311 bellicosi,
2289 3232 2409 3299 for-

917 3337 1010 3394 tes
1053 3350 1126 3394 ac
1176 3332 1445 3395 nobileS.
1490 3332 1609 3396 Sed
1649 3333 1885 3395 mirum
1924 3331 2200 3412 videtur,
2234 3334 2403 3415 quod

919 3427 1042 3493 filii
1073 3430 1261 3494 Israel
1303 3450 1431 3495 non
1472 3438 1654 3507 erant
1693 3432 1896 3494 multo
1926 3431 2165 3514 plureS,
2203 3452 2403 3515 quum

619 3536 882 3644 xffiffi;.w;
916 3528 982 3590 in
1015 3537 1282 3611 utraque
1322 3530 1762 3594 numeratione
1800 3528 1968 3593 facta
2008 3550 2121 3613 per
2149 3531 2401 3613 Moysen

915 3626 978 3689 in
1019 3628 1291 3706 deserto,
1326 3627 1566 3691 fuerint
1593 3628 1775 3710 quasi
1809 3627 1876 3689 in
1917 3627 2114 3709 duplo
2156 3628 2394 3711 plureS.

911 3724 1360 3789 Verumtamen
1395 3727 1547 3789 satis
1578 3725 1909 3808 probabile
1938 3734 2056 3803 est,
2093 3728 2264 3809 quod
2306 3728 2402 3789 in—

912 3822 1010 3885 fra
1056 3832 1184 3886 tam
1235 3841 1468 3906 paucos
1518 3824 1654 3887 dies
1705 3824 1988 3887 universi
2038 3824 2158 3887 viri
2210 3825 2398 3889 lsrael

909 3939 1038 3984 non
1099 3930 1392 4004 poterant
1448 3924 1814 3987 convenire.
1879 3924 2114 3986 Rursus
2175 3932 2399 4007 putan-

908 4020 1085 4096 dum,
1120 4021 1290 4101 quod
1331 4020 1397 4082 hi
1437 4020 1550 4102 qui
1589 4021 1938 4083 secundum
1979 4021 2182 4102 legem
2215 4032 2397 4085 erant

615 4130 884 4239 noenius-
912 4117 1280 4181 removendi
1325 4137 1363 4180 a
1405 4118 1645 4201 praelio‚
1692 4118 2203 4199 removebantur,
2241 4140 2399 4203 prae-

910 4215 1130 4277 sertim
1161 4234 1358 4297 quum
1391 4215 1642 4279 Samuel
1675 4216 1872 4280 fuerit
1902 4237 2203 4300 praesenS.

989 4314 1076 4373 Ει
1101 4315 1414 4375 άὶωενιιπι
1436 4312 1607 4391 Saul,
1633 4314 1885 4379 Samuel
1915 4316 2237 4399 ceterique
2268 4337 2397 4381 ma-

906 4408 1101 4489 jores»,
1120 4412 1375 4471 nuntiis
1404 4414 1522 4492 qui
1551 4424 1894 4475 venerant:
1909 4416 2024 4476 Sic
2051 4418 2278 4477 dicetis
2308 4420 2395 4476 vi-

907 4510 1002 4569 ris
1030 4511 1148 4589 qui
1174 4512 1420 4571 suntin
1439 4513 1621 4572 Jabes
1654 4514 1911 4574 Galaad
1925 4534 1948 4573 .·
1968 4514 2277 4584 Cra3,hoc
2300 4523 2395 4578 est

906 4606 985 4668 de
1025 4607 1334 4688 proxime,
1373 4616 1590 4690 utpote
1631 4618 1757 4671 tam
1798 4609 1925 4674 cito
1965 4612 2133 4675 sicut
2169 4612 2393 4677 venire

902 4705 1274 4787 poterimuS,
1293 4710 1418 4768 erit
1449 4709 1622 4767 vobis
1643 4712 1842 4779 salus,
1863 4708 1925 4771 id
1957 4718 2053 4772 est
2083 4710 2391 4774 auxilium

899 4802 1297 4867 liberationis
1324 4804 1405 4867 ab
1437 4805 1750 4883 hostibuS‚
1777 4828 1979 4886 quum
2009 4809 2390 4881 incaluerit,

899 4901 964 4965 id
1004 4910 1120 4979 est,
1168 4903 1442 4967 calorem
1494 4904 1560 4966 in
1611 4903 2028 4967 inferioribus
2066 4908 2385 4971 causando

896 5002 1273 5081 ascenderit,
1312 5006 1426 5063 sol.
1471 5002 1940 5084 proposuerunt
1983 5004 2158 5067 enim
2203 5007 2387 5070 valde

897 5118 1084 5164 mane
1123 5120 1315 5183 super
1359 5100 1572 5164 hostes
1617 5100 1879 5178 irruere,
1917 5110 1985 5165 ut
2026 5101 2196 5166 infra
2236 5104 2389 5167 insi-

898 5206 1151 5260 nuatur.
1193 5199 1273 5260 At
1317 5218 1466 5262 vero
1510 5199 1577 5261 in
1621 5198 2008 5264 Scholastica
2053 5199 2257 5265 fertur
2294 5204 2387 5266 hi-

2516 3242 2648 3296 tum
2692 3234 2885 3298 diem.
2932 3236 3202 3314 Reliqui
3243 3244 3461 3295 aulem
3502 3234 3785 3311 dispersi
3824 3241 3997 3303 sunl,

2513 3336 2609 3395 ita
2644 3344 2715 3395 ut
2753 3355 2884 3396 non
2920 3336 3449 3414 relinquerentur
3474 3353 3557 3391 em
3596 3334 3690 3392 eis
3720 3334 3853 3392 duo
3885 3352 4004 3411 pa-

2510 3436 2692 3493 riter.

2590 3535 2675 3594 Ει
2704 3533 2803 3593 ait
2823 3535 3107 3610 populus
3136 3533 3224 3590 ad
3252 3532 3644 3601 Samuelem,
3677 3528 3865 3610 cujus
3905 3549 4002 3593 or-

2509 3630 2903 3694 dinationem
2950 3629 3291 3693 voluerunt
3340 3627 3601 3692 laudare
3646 3644 3661 3689 t
3712 3630 3873 3698 Quis
3914 3640 4002 3689 est

2510 3733 2627 3790 iste
2657 3728 2755 3791 vir
2784 3736 2894 3791 aut
2923 3736 3124 3791 coetus
3158 3727 3596 3807 virorum,qui
3614 3728 4003 3797 dioeie,Saul

2508 3849 2638 3889 non
2667 3829 2961 3905 reynabil
2990 3847 3182 3905 super
3210 3831 3371 3887 nos?
3399 3826 3527 3888 Hoc
3558 3824 3731 3889 enim
3769 3825 4003 3889 forma-

2509 3926 2653 3990 liter
2691 3935 2801 3989 aut
2841 3924 3297 4007 aequivalenter
3336 3924 3647 4001 dixerunt,
3679 3924 3797 4005 qui
3843 3943 4001 4007 prze-

2507 4024 2756 4088 cedenti
2806 4023 3087 4106 capitulo
3136 4022 3373 4086 dixisse
3422 4022 3725 4103 leguntur
3772 4040 3786 4084 :
3836 4022 3997 4085 Num
4024 4036 4245 4091 meets·-

2507 4124 2752 4186 salvare
2785 4142 2898 4186 nos
2932 4121 3165 4205 poterit
3195 4123 3353 4185 iste?
3376 4125 3541 4184 Date
3572 4124 3768 4193 viros,
3790 4121 3852 4183 id
3875 4130 3994 4199 est,

2428 4227 2478 4288 D
2510 4230 2575 4284 tu
2621 4230 2684 4284 et
2724 4220 2893 4297 Saul,
2933 4220 3160 4283 tradite
3203 4219 3347 4284 illos
3391 4218 3687 4282 manibus
3734 4218 3993 4296 nostris,

2502 4330 2563 4381 el
2592 4320 3054 4397 interficiemus
3084 4320 3231 4379 illos
3258 4326 3562 4398 tanquam
3592 4316 3887 4381 rebelles,
3910 4320 4001 4379 Et

2503 4422 2601 4482 ait
2630 4423 2798 4481 Saul
2822 4440 2845 4479 .·
2878 4421 3027 4483 Non
3056 4421 3379 4479 occidetur
3407 4420 3755 4498 quisquam
3784 4420 3861 4478 in
3888 4420 4003 4477 die

2503 4522 2647 4588 hac,
2662 4537 2863 4600 quum
2896 4517 3015 4579 ista
3046 4516 3130 4579 sit
3158 4516 3294 4579 dies
3324 4515 3747 4597 jucunditatis
3776 4526 3843 4580 et
3866 4516 4001 4579 lau-

2502 4616 2623 4694 dis,
2659 4635 2851 4699 quam
2895 4616 3063 4680 diem
3115 4616 3415 4679 nolumus
3459 4613 3791 4696 sanguinis
3830 4614 4001 4679 eifu-

2502 4714 2703 4793 sione,
2756 4723 2819 4778 et
2866 4715 3214 4779 multorum
3265 4732 3540 4777 moerore
3588 4713 3993 4777 obnubilare.

2500 4813 2642 4876 ldeo
2664 4814 2977 4890 subditur,
2993 4814 3153 4892 quia
3173 4815 3361 4874 hodie
3380 4814 3510 4891 feci
3518 4822 3540 4873 l
3560 4814 3881 4874 Dominus
3898 4833 4001 4875 sa·

2500 4916 2697 4973 lucem
2728 4913 2802 4971 in
2831 4915 3061 4980 Israel,
3094 4910 3159 4972 id
3188 4918 3306 4987 est,
3343 4909 3676 4973 victoriam
3718 4910 3996 4973 eontulit

2498 5010 2721 5072 nobis:
2749 5008 2913 5086 ide0,
2934 5008 3101 5071 sicut
3130 5008 3635 5072 misericordiam
3666 5008 3997 5071 consecuti

2498 5127 2719 5169 sumus
2756 5126 2793 5169 a
2833 5106 3122 5183 Domino,
3166 5106 3258 5169 sic
3297 5106 3601 5170 debemus
3642 5106 4003 5171 misericor-

2495 5205 2664 5268 diam
2697 5203 2907 5268 facere
2940 5204 3247 5287 proximis
3279 5204 3539 5283 nostriS,
3560 5212 3624 5268 et
3639 5204 3993 5283 gratiarum

896 5296 1299 5379 storia‚quod
1332 5296 1480 5360 Saul
1512 5296 1580 5360 in
1609 5296 1818 5361 Gabaa
1848 5299 2141 5381 promisit
2157 5301 2383 5365 Jabitis
2494 5303 2730 5368 actioni
2778 5302 3245 5387 sacrificiisque
3290 5303 3608 5368 insistere.
3642 5305 3838 5365 Dixit
3881 5325 4001 5365 au-
