4359 6250
977 503 1324 550 mannum
1368 503 1427 548 ιΝ
1470 503 1607 548 car.
1653 503 1674 547 1
1716 503 1871 548 mam
1920 503 2169 548 saeuum
2213 504 2435 550 nacon.
2481 524 2562 534 —
2602 507 2743 552 aar.
2793 508 2812 552 1
3317 494 3430 556 431

324 674 513 738 modi
576 674 859 740 obedire.
914 673 1144 755 Aliqua
1192 691 1447 754 quoque
1506 671 1836 734 mendacia
1865 669 1914 732 A
1940 672 2125 735 Josue
2158 673 2406 756 scripsi,
2427 693 2544 737 nec
2576 675 2743 737 istud
2775 676 2854 738 de
2875 676 3092 753 David,
3115 696 3230 741 nec
3259 680 3432 761 quod

322 772 726 854 perniciosa,
760 782 828 835 ut
864 772 1024 835 falsa
1065 771 1453 846 testimonia,
1490 771 1591 832 lex
1632 779 1835 833 morte
1946 773 2011 832 in
2041 772 2229 834 Josue
2249 773 2557 852 allegatur
2587 775 2666 836 de
2698 774 2969 838 statione
2992 776 3144 838 solis
3175 785 3237 839 et
3268 776 3433 841 lunae
3460 795 3724 846 munna.

64 3445 223 3497 Josuex,
238 3452 305 3491 13.

82 5283 136 5324 2-.

324 872 619 953 punivit.
674 873 891 954 ltaque
943 873 1230 954 peccavit
1281 872 1388 934 hic
1438 871 1831 945 adolescem,

322 970 437 1033 vel
470 971 686 1033 taliter
725 971 1118 1047 mentiend0‚
1146 979 1211 1032 et
1253 990 1364 1052 per
1392 977 1571 1049 gesta
1611 969 1837 1049 iniqua

322 1069 611 1150 gratiam
657 1069 854 1132 David
898 1070 1266 1150 quaerendo‚
1306 1069 1407 1132 vel
1447 1069 1627 1148 juxta
1668 1066 1838 1130 Jose-

323 1168 541 1248 phum
603 1167 1019 1250 impingendo
1070 1167 1323 1232 Saulem
1386 1167 1451 1230 in
1510 1166 1829 1246 gladium,

322 1287 537 1346 quum
580 1276 843 1348 propter
887 1267 1125 1346 regiam
1174 1266 1550 1346 dignitatem
1595 1273 1657 1327 et
1696 1284 1840 1328 san-

322 1373 507 1428 ctam
556 1365 927 1428 unctionem
978 1365 1273 1428 debuerit
1322 1365 1443 1427 hoc
1497 1363 1719 1440 vitare,
1774 1371 1838 1426 et

323 1463 651 1525 christum
694 1463 945 1528 Domini
983 1463 1229 1543 judicio
1276 1463 1407 1540 Dei,
1450 1463 1633 1544 cujtis
1674 1461 1839 1525 vica-

329 1561 473 1623 rius
507 1571 667 1638 erat,
702 1562 1127 1625 committere.

414 1663 703 1722 Plan-vit
730 1671 947 1721 autem
984 1663 1205 1722 David
1228 1665 1568 1738 planctum
1615 1661 1840 1736 lausus-

324 1762 609 1829 cemodi,
635 1758 699 1820 id
731 1767 827 1822 est
848 1757 1115 1839 lugubre
1145 1777 1425 1835 carmen,
1444 1758 1615 1840 quod
1648 1757 1838 1839 paulo

1947 870 2254 952 scriptum
2299 890 2438 933 esse
2481 870 2548 934 in
2595 871 2758 935 libro
2786 873 3130 950 Iustorum,
3165 874 3434 938 habetur

1948 968 2011 1029 in
2054 967 2280 1032 Genesi
2323 969 2675 1032 formaliter
2715 979 2823 1032 aut
2867 981 3106 1053 aperte,
3147 972 3272 1036 imo
3317 994 3433 1038 nec

1946 1076 2253 1147 quantum
2287 1068 2364 1129 ad
2397 1087 2678 1146 sensum,
2705 1068 2829 1131 nisi
2863 1068 3078 1133 forsan
3111 1073 3294 1135 valde
3326 1075 3436 1139 ob-

1948 1185 2170 1240 scure3
2218 1185 2425 1247 neque
2466 1166 2532 1228 in
2575 1167 2756 1228 libris
2798 1169 3036 1249 Regum
3068 1179 3176 1232 aut
3204 1171 3437 1235 Parali-

1949 1283 2266 1345 pomenon
2319 1265 2548 1344 legitur
2592 1266 2787 1328 David
2834 1269 3244 1348 praevaluisse
3287 1291 3436 1334 arcu

1951 1363 2016 1424 in
2061 1363 2323 1445 praeliis.
2358 1363 2548 1427 Porro
2588 1365 2788 1446 aliqui
2834 1364 2982 1428 libri
3029 1385 3156 1429 non
3204 1368 3439 1432 habent

1949 1460 2202 1538 Arcum,
2239 1463 2348 1524 sed
2389 1463 2456 1523 in
2503 1462 2764 1526 Hebraeo
2814 1464 3081 1526 habetur
3129 1485 3203 1529 ac
3254 1466 3435 1530 libris

1950 1560 2274 1624 correctiS.
2308 1560 2602 1623 Rabanus
2651 1570 2864 1624 aute-m
2915 1582 3027 1644 per
3076 1584 3293 1627 arcum
3345 1567 3440 1628 in-

1952 1658 2181 1737 telligit
2231 1656 2696 1721 fortitudinem.
2751 1659 2930 1722 Unde
2982 1671 3046 1724 et
3089 1662 3288 1744 aliqui
3345 1665 3440 1727 sic

1950 1765 2310 1838 exponunt:
2334 1756 2638 1839 Praecepit
2668 1766 2737 1819 ut
2757 1759 3058 1821 docerent
3089 1759 3263 1824 filios
3282 1763 3440 1825 Juda

330 1863 482 1938 post
527 1856 846 1932 subditur,
888 1876 1081 1934 super
1110 1860 1280 1918 Saul
1318 1867 1377 1916 et
1414 1877 1607 1935 super
1644 1860 1839 1917 Jona-
1878 1863 1924 1924 Β
1951 1876 2190 1933 arcum,
2245 1855 2308 1918 id
2357 1864 2453 1917 est
2503 1856 2696 1918 robur
2733 1875 2847 1918 seu
2888 1856 3260 1921 firmitatem
3311 1861 3438 1922 vir·
3503 1945 3508 1948 Ι

1954 1962 2175 2032 tutum,
2211 1961 2522 2035 quatenus
2568 1952 2766 2016 fortes
2815 1954 3047 2018 fierent
3093 1956 3160 2018 in
3212 1957 3437 2023 timore

331 1958 501 2016 clean
519 1956 743 2032 silium
772 1957 937 2032 eju-3,
971 1955 1032 2017 id
1065 1963 1160 2016 est
1190 1955 1269 2016 de
1303 1953 1748 2017 interfectione
1778 1962 1841 2016 et

328 2063 547 2116 morte
600 2053 909 2135 ipsorum,
956 2054 1124 2117 sicut
1172 2053 1380 2117 adhuc
1433 2053 1576 2116 fieri
1630 2053 1839 2116 solent

329 2152 629 2214 carmina
656 2161 885 2216 moesta
906 2152 985 2214 de
1014 2169 1389 2232 magnorum
1413 2151 1840 2215 debellatione

330 2269 409 2314 ac
465 2259 700 2331 strage.
735 2254 821 2312 Ec
856 2253 1163 2329 praecepit
1214 2261 1285 2310 ut
1331 2255 1625 2312 docerent
1667 2253 1839 2330 filios

325 2353 519 2410 ,Iuda
564 2369 823 2419 arcam,
857 2349 920 2411 id
969 2357 1086 2426 est,
1124 2358 1195 2411 ut
1241 2357 1537 2431 parentes
1578 2349 1711 2411 nati
1762 2369 1837 2412 ex

1957 2053 2061 2114 Dei
2094 2061 2155 2114 et
2195 2051 2554 2114 obedientia
2587 2051 2764 2131 legiS,
2802 2072 2881 2114 ne
2912 2064 3306 2118 mererentur
3340 2057 3442 2119 de-

1954 2150 2740 2232 bellaquuemadmodum
2767 2151 2912 2212 Saul
2939 2162 3199 2235 propter
3228 2154 3441 2218 inobe-

1952 2249 2258 2312 dientiam
2291 2268 2492 2310 suam.

2034 2346 2330 2428 Sequitur
2361 2365 2637 2409 carmen.
2657 2350 2738 2408 Ec
2769 2350 2864 2408 ait
2885 2349 3104 2427 David,
3123 2349 3440 2434 incipiens

332 2448 517 2510 tribu
545 2449 729 2525 Juda,
761 2447 1151 2512 instruerent
1193 2447 1367 2512 filios
1408 2468 1555 2511 suos
1596 2448 1661 2510 in
1706 2458 1840 2511 arte
1952 2465 2205 2508 carmen
2240 2444 2509 2526 lugubre
2537 2463 2652 2526 per
2673 2447 2868 2508 verba
2899 2449 3263 2528 sequentia:
3289 2453 3444 2514 (bn-

331 2555 400 2608 et
424 2547 736 2610 exercitio
760 2546 1125 2627 sagittandi,
1153 2554 1223 2608 ut
1245 2547 1326 2610 de
1348 2555 1557 2609 cetero
1584 2555 1843 2628 possent
1948 2549 2189 2618 sidera,
2223 2547 2452 2614 Israel,
2468 2565 2592 2622 pro
2622 2547 2724 2604 llis
2753 2548 2871 2625 qui
2900 2551 3144 2608 mortui
3171 2559 3351 2620 sunt,
3378 2550 3442 2614 id

334 2645 645 2714 resistere
689 2644 1051 2722 philistaeis,
1106 2645 1215 2726 qui
1270 2645 1625 2723 sagittando
1685 2665 1843 2728 prae-
1950 2653 2066 2720 cst,
2111 2651 2181 2705 tu
2234 2642 2466 2724 popule
2516 2642 2701 2704 Israel
2752 2643 2959 2705 adhuc
3011 2655 3335 2727 superstes
3379 2657 3442 2711 et

332 2745 685 2809 valuerunt
718 2762 732 2807 :
768 2753 830 2806 et
871 2744 989 2806 hoc
1022 2743 1385 2826 specialiter
1422 2744 1614 2826 jussit
1646 2743 1839 2807 tribui
1951 2741 2553 2822 vivenS,diligenter
2584 2742 2909 2823 perpende
2931 2744 3086 2824 quid
3121 2744 3235 2808 tibi
3257 2765 3443 2828 agen-

328 2843 532 2918 suda,
580 2842 730 2924 quia
782 2842 986 2904 tribus
1037 2842 1148 2904 illa
1195 2842 1424 2905 ceteris
1477 2842 1841 2906 bellicosior
1951 2842 2103 2904 dum
2136 2840 2220 2902 sit
2250 2847 2510 2922 propter
2531 2857 2640 2902 cos
2662 2839 2773 2920 qui
2797 2840 2875 2902 de
2906 2842 3150 2905 semine
3181 2853 3289 2908 tuo
3309 2847 3438 2927 jam

335 2940 470 3004 fuit
504 2948 567 3004 et
596 2940 845 3016 fortior,
865 2949 929 3002 et
948 2941 1147 3003 David
1180 2949 1366 3002 natus
1401 2939 1523 3003 fuit
1552 2961 1629 3004 ex
1658 2959 1751 3017 ea,
1778 2950 1841 3004 et
1950 2946 2328 3002 corruerunt
2361 2937 2426 2998 in
2458 2937 2651 3014 bello,
2688 2956 2765 3000 ne
2801 2938 2924 3002 tale
2957 2940 3114 3020 quid
3145 2941 3263 3004 tibi
3294 2963 3442 3007 con-

332 3039 538 3102 scivit
564 3040 734 3120 quod
770 3039 973 3102 tribus
1007 3039 1118 3100 illa
1148 3039 1356 3121 primo
1389 3040 1743 3122 susciperet
1774 3059 1840 3102 se
1876 3039 1919 3102 C
1955 3037 2174 3117 tingat.
2223 3035 2566 3100 Considera
2614 3055 2870 3117 quoque
2911 3056 3100 3118 quam
3155 3043 3440 3120 praeclari

334 3138 407 3201 in
443 3156 662 3220 regem
699 3165 715 3215 3
766 3141 935 3199 sieut
962 3141 1279 3216 scriptum
1306 3149 1396 3199 est
1430 3140 1503 3199 in
1538 3142 1698 3200 libro
1726 3144 1842 3201 Ju-
1954 3136 2235 3212 fuerunt,
2269 3134 2379 3222 qui
2412 3153 2528 3216 pro
2552 3134 2701 3197 boni
2734 3137 3094 3199 communis
3125 3139 3443 3205 defensio-

332 3248 613 3299 storum.
650 3238 735 3299 De
777 3235 944 3299 libro
989 3236 1312 3299 Justorum
1356 3244 1419 3299 et
1461 3237 1841 3318 allegatione
1953 3254 2033 3298 ne
2054 3235 2250 3297 occisi
2281 3241 2452 3309 sunt,
2475 3241 2543 3294 ut
2571 3240 2863 3315 ⁴tempore
2887 3245 3250 3316 opportuno
3283 3260 3443 3304 mor-

337 3332 577 3415 ipsius,
614 3332 693 3395 fit
721 3331 964 3395 mentio
998 3332 1064 3393 in
1095 3332 1344 3395 duobus
1374 3333 1529 3396 locis
1568 3334 1844 3416 Scriptu-
1955 3342 2081 3397 tcm
2112 3352 2333 3396 eorum
2373 3330 2507 3393 zelo
2535 3331 2799 3413 justitiae
2838 3332 3189 3397 ulciscaris.
3225 3336 3442 3401 Consi-

338 3450 429 3493 rae
460 3430 809 3505 canonicae,
830 3429 1075 3493 scilicet
1098 3430 1163 3491 in
1198 3430 1360 3493 libro
1389 3432 1597 3509 Josue,
1624 3441 1687 3495 et
1716 3433 1837 3495 hoc
1953 3432 2105 3493 dera
2144 3431 2320 3507 item,
2353 3448 2546 3511 quam
2584 3428 3036 3493 miserabiliter
3075 3434 3443 3499 ceciderunt

80 5216 103 5257 1
104 5217 309 5307 guisum.

337 3530 510 3593 loco.
544 3528 704 3603 Quid
735 3536 949 3591 autem
980 3547 1095 3610 per
1127 3528 1359 3591 librum
1395 3529 1715 3592 Iustorum
1747 3530 1834 3594 vi-

333 3629 568 3690 deatur
600 3627 1113 3706 intelligendum,
1150 3645 1341 3708 super
1379 3626 1614 3690 librum
1653 3629 1841 3692 Josue

334 3725 591 3789 diffuse
622 3726 869 3801 induxi,
908 3725 1145 3788 idcirco
1179 3733 1571 3807 pertranseo,
1613 3726 1737 3789 nisi
1769 3736 1840 3789 ut

331 3824 619 3889 breviter
668 3824 915 3906 aliquid
968 3832 1245 3905 tangam,
1294 3825 1465 3906 quod
1514 3826 1595 3887 ad
1644 3826 1835 3908 hujus

333 3924 465 3987 loci
499 3923 991 4003 intelligentiam
1023 3921 1295 3986 confert.
1330 3923 1545 4005 Itaque
1574 3924 1837 4006 quidam

332 4043 453 4105 per
484 4022 723 4086 librum
755 4024 1080 4087 Iustorum
1115 4021 1566 4086 intellexerunt
1598 4023 1831 4087 librum

331 4122 677 4197 Genese0s‚
716 4122 783 4183 in
814 4140 945 4204 quo
974 4122 1183 4201 agitur
1215 4122 1295 4184 de
1323 4121 1616 4203 pluribus
1646 4123 1836 4203 justis

1953 3530 2020 3591 in
2050 3529 2311 3611 propria
2333 3537 2518 3591 terra.
2553 3526 2730 3589 Unde
2761 3528 3168 3610 subjungitur
3201 3552 3216 3596 :
3251 3554 3442 3612 super

1950 3633 2196 3689 eoecelsa
2237 3639 2348 3689 tua
2389 3629 2742 3698 vulnerati,
2781 3626 2842 3688 id
2875 3636 2973 3689 est
3013 3628 3078 3690 in
3114 3634 3442 3697 montibus

1952 3728 2227 3809 propriae
2271 3734 2454 3789 terrae
2495 3724 2630 3787 laesi
2674 3733 2736 3787 et
2766 3724 2943 3802 victi,
2980 3727 3068 3789 ita
3107 3731 3281 3810 quod
3325 3752 3442 3796 nec

1952 3826 2018 3887 in
2053 3824 2310 3908 propria
2346 3832 2535 3899 terra,
2577 3842 2694 3886 nec
2737 3824 2802 3886 in
2843 3824 2999 3888 locis
3031 3828 3172 3906 eJus
3204 3830 3442 3895 altiori-

1952 3927 2070 3988 bus
2115 3944 2187 3987 ac
2234 3922 2500 3985 munitis
2540 3931 2886 4005 potuerunt
2936 3926 3225 3991 evadere.
3279 3930 3440 3994 Hinc

1949 4024 2185 4088 clarius
2235 4022 2528 4084 subditur
2577 4038 2591 4083 ε
2639 4024 2890 4099 Inclyta·
2936 4027 3168 4096 Israel,
3221 4037 3440 4111 utpote

1950 4142 2057 4187 rex
2088 4121 2235 4186 Saul
2268 4128 2330 4185 et
2355 4120 2654 4183 Jonathas
2684 4139 2757 4183 ac
2796 4121 2906 4183 alii
2939 4122 3210 4203 nobileS‚
3245 4148 3441 4207 super

332 4221 451 4303 qui
487 4241 524 4283 a
555 4220 875 4302 principio
906 4220 1130 4282 mundi
1165 4239 1370 4301 usque
1403 4221 1480 4282 ad
1510 4222 1701 4285 Jacob
1732 4241 1837 4304 pa·
1868 4229 1917 4290 D
1951 4233 2188 4283 montes
2223 4231 2384 4290 tuoe,
2427 4220 2491 4281 id
2523 4227 2621 4281 est
2654 4218 2718 4280 in
2759 4218 3082 4301 aliquibus
3123 4226 3438 4290 montium

336 4319 687 4383 triarcham
707 4328 771 4381 et
797 4318 971 4382 filios
994 4319 1135 4400 ejus
1169 4318 1459 4392 fuerunt;
1487 4328 1548 4381 et
1577 4319 1643 4381 in
1669 4319 1835 4384 libro

337 4419 453 4481 illo
486 4418 713 4481 dicunt
751 4418 922 4479 istud
962 4418 1041 4479 de
1080 4436 1231 4480 arcu
1270 4418 1767 4498 praenuntiatum
1797 4440 1836 4484 a

333 4516 530 4581 Jacob
573 4517 641 4577 in
680 4515 1128 4579 benedictione
1156 4516 1354 4591 Judae,
1393 4515 1461 4577 in
1502 4536 1626 4597 qua
1671 4517 1836 4580 inter

203 4644 225 4672 x
264 4646 307 4683 x,
338 4624 549 4679 cetera
581 4613 969 4691 continetur,
991 4612 1205 4675 Manus
1234 4620 1356 4675 tuae
1384 4613 1448 4675 in
1474 4614 1834 4679 cervicibus

339 4714 752 4777 inimicorum
792 4722 1046 4777 tuorum
1086 4732 1099 4776 :
1135 4712 1306 4793 quod
1338 4712 1405 4773 in
1445 4713 1641 4775 David
1671 4734 1839 4779 asse-

338 4822 491 4881 runt
538 4811 984 4893 adimpletum,
1038 4810 1190 4892 quia
1237 4811 1634 4874 adversarios
1687 4834 1835 4878 suos

338 4911 629 4993 undique
670 4910 1082 4992 expugnavit,
1118 4909 1196 4972 ad
1241 4910 1412 4990 quod
1464 4918 1597 4972 arte
1642 4913 1835 4993 sagit-

334 5010 515 5074 tandi
551 5008 673 5073 fuit
703 5005 1124 5089 adjutuS.Alii
1153 5007 1376 5070 dicunt
1408 5008 1574 5070 istud
1604 5010 1683 5072 de
1702 5020 1835 5075 arte

338 5108 686 5189 sagittandi
720 5107 1114 5169 insinuatum
1149 5106 1213 5167 in
1234 5106 1483 5183 Genesi,
1504 5106 1613 5168 ubi
1642 5108 1833 5173 Jacob

343 5218 613 5275 testatur
644 5226 713 5271 se
745 5206 969 5269 tulisse
1012 5224 1233 5286 agrum
1266 5205 1345 5267 de
1384 5224 1578 5267 manu
1613 5206 1833 5270 Amor-

340 5308 497 5373 rhaei
541 5308 606 5368 in
646 5325 800 5369 arcu
832 5313 895 5367 et
930 5303 1143 5385 gladio
1188 5322 1325 5367 suo.
1363 5304 1483 5367 Sed
1528 5312 1596 5367 ut
1640 5324 1830 5386 super

1946 4318 2257 4404 partibuS‚
2292 4318 2620 4396 interfecti
2647 4327 2820 4379 sunt.
2856 4318 3000 4383 Ideo
3033 4339 3144 4401 per
3175 4325 3437 4388 modum

1944 4418 2320 4483 admirantis
2352 4426 2416 4479 et
2445 4415 2722 4479 dolentis
2751 4417 2947 4480 David
2979 4420 3250 4502 adjecit:
3282 4427 3438 4493 Quo-

1948 4522 2129 4581 modo
2172 4519 2538 4577 ceciderunt
2581 4518 2776 4593 fortes
2800 4520 2830 4576 ἒ
2859 4518 3043 4597 quasi
3073 4519 3245 4583 dicat
3281 4539 3295 4583 ε
3329 4523 3436 4585 Mi-

1948 4634 2089 4677 rum
2138 4624 2202 4678 et
2250 4613 2616 4679 dolorosum
2666 4622 2763 4677 est
2811 4614 2952 4691 hoc,
3000 4636 3072 4679 ac
3121 4618 3281 4682 ultio
3325 4621 3435 4685 Dei

1946 4734 2084 4777 esse
2114 4714 2364 4776 videtur
2394 4720 2651 4795 propter
2680 4721 2939 4796 peccata
2968 4712 3113 4777 Saul
3145 4726 3208 4779 et
3237 4720 3437 4782 consi·

1948 4814 2200 4875 milium
2245 4812 2530 4875 ei.Circa
2578 4812 2711 4874 haec
2762 4811 2986 4874 scribit
3037 4813 3232 4876 Rabbi
3282 4817 3434 4880 Pau-

1947 4914 2081 4977 lus:
2107 4913 2235 4975 Hoc
2265 4918 2651 4993 praeceptum
2683 4909 3218 4985 David‚videlicet
3237 4916 3435 4979 verba

1946 5011 2077 5087 illa,
2112 5011 2188 5071 Et
2238 5009 2540 5091 praecepit
2592 5018 2660 5070 ut
2709 5008 3008 5071 docerent
3053 5008 3227 5074 filios
3274 5014 3434 5077 Juda

1943 5128 2185 5185 arcum,
2220 5116 2290 5170 ut
2321 5107 2580 5188 quidam
2605 5105 3007 5169 Hebraeorum
3041 5111 3430 5190 expositores

1942 5208 2186 5283 dicunt,
2224 5215 2319 5269 est
2354 5207 2432 5267 de
2474 5204 2822 5268 substantia
2866 5206 3169 5269 carminis
3211 5209 3426 5290 hujuS,

1941 5306 2091 5388 quia
2125 5306 2190 5369 in
2223 5304 2506 5368 carmine
2538 5304 2656 5366 boc
2699 5302 3070 5367 intendebat
3101 5306 3297 5370 David
3329 5310 3432 5373 de-

3497 2174 3511 2217 1
3533 2177 3640 2231 1169.
3659 2189 3727 2226 xv,

3468 2241 3535 2284 26.
