4359 6250
949 489 1298 535 manuario
1343 489 1402 534 ιΝ
1446 489 1582 534 car.
1631 489 1736 533 vin
1779 489 1936 534 unm
1981 489 2233 534 sacuam
2274 490 2498 537 ascum.
2543 510 2624 521 —-
2666 491 2808 536 aar.
2856 491 2959 537 xiv
3382 470 3497 531 487

395 666 729 740 postremo
773 658 1121 722 sceleribus
1165 660 1328 740 ejuS‚
1376 660 1464 723 nil
1511 678 1771 742 prorsus
1815 661 1894 724 de
1930 660 1979 723 A
2009 661 2156 741 quis
2188 671 2550 743 praesumat,
2572 663 2681 724 sed
2714 663 2915 742 magis
2946 661 3265 738 tormidet,
3290 661 3497 724 sciens

395 760 544 839 ejus
575 759 955 840 poenitentia
987 760 1291 840 tangitur.
1312 760 1524 841 Itaque
1551 779 1676 822 non
1701 761 1900 821 simus
2009 760 2180 840 quod
2232 761 2563 823 verissime
2613 761 2781 823 dicat
2830 761 3155 842 Scriptura
3204 777 3217 822 :
3266 759 3495 822 Servus
3528 775 3790 828 mazam.

395 857 641 921 curiosi
673 859 752 921 de
783 859 900 922 hac
931 878 999 921 re
1029 857 1448 940 inquirenda3
1485 860 1594 922 sed
1626 861 1782 922 tanti
1814 860 1902 921 vi-
2011 859 2219 920 sciens
2252 859 2644 922 voluntatem
2685 859 2928 922 domini
2973 857 3093 934 sui,
3128 867 3191 920 et
3231 877 3356 921 non
3400 857 3495 920 fa·

399 956 458 1016 ri
492 956 679 1038 lapsu
713 965 1000 1038 pensato,
1027 975 1361 1019 vereamur
1389 958 1637 1020 occulta
1669 959 1777 1020 Dei
1808 959 1902 1040 ju·
2010 957 2208 1034 ciem,
2264 957 2468 1039 plagis
2519 957 2847 1039 vapulabit
2892 953 3132 1019 multiS.
3186 957 3263 1018 Et
3316 977 3329 1020 :
3382 957 3495 1020 Cui
3552 961 3760 1006 wid-48-

394 1054 593 1132 dicia,
631 1075 842 1138 neque
872 1057 950 1119 de
984 1075 1098 1118 sua
1137 1055 1404 1118 scientia
1441 1064 1550 1118 aut
1587 1058 1899 1138 sapientia
2012 1058 2154 1139 plus
2186 1058 2402 1120 datum
2435 1065 2552 1133 est,
2578 1056 2723 1139 plus
2757 1057 3114 1138 requiretur
3142 1055 3223 1118 ab
3256 1055 3415 1137 ipse.

1495 1481 2147 1568 ARTICULUS
2225 1484 2423 1567 XIV

905 1756 1289 1802 EXPLANATIO
1333 1756 1608 1803 CAPITULI
1650 1755 1868 1801 OCTAvl
1913 1756 1926 1799 Ζ
1972 1755 2215 1803 FAcTuu
2258 1757 2365 1802 EST
2408 1759 2611 1804 AUTEM
2654 1759 2803 1804 POST
2845 1760 3000 1805 ΗΒΕ.

115 2643 368 2692 ΙΡαν.ιπιι,

101 2708 136 2746 1.

116 4320 367 4373 Gcn.nx,87.

541 2035 972 2100 ECITATUR
1015 2036 1085 2099 in
1125 2035 1406 2118 capitulo
1447 2036 1588 2112 iste,
1624 2034 1899 2116 qualiter
1937 2034 1983 2094 B
2013 2037 2272 2100 milians
2308 2037 2631 2101 Moabitas,
2667 2037 2803 2116 Vel,
2836 2038 3087 2104 Mensus
3126 2049 3221 2104 est
3260 2060 3367 2105 eos
3401 1987 3499 2104 fu·-

561 2135 870 2198 Dominus
901 2134 1176 2198 contulit
1209 2142 1427 2197 sancto
1447 2133 1642 2197 David
1674 2134 1900 2197 merito

393 2253 532 2297 suae
560 2232 921 2296 devotionis
945 2251 1205 2313 magnas
1228 2232 1546 2296 victorias,
1567 2231 1720 2294 Nam
1749 2231 1900 2312 quia

393 2340 621 2413 gratus
655 2331 782 2393 fuit
813 2332 961 2408 Deo,
997 2331 1232 2394 meruit
1265 2331 1450 2413 plura
1484 2331 1804 2412 accipere3
1838 2339 1900 2392 et

401 2441 749 2494 narrantur
789 2431 894 2494 hic
934 2438 1206 2512 quatuor
1245 2430 1528 2494 victoriae
1567 2429 1728 2511 ejuS,
1761 2429 1901 2512 qui-

399 2531 526 2592 bus
551 2537 830 2610 quatuor
859 2528 1177 2608 gentibuS,
1205 2529 1329 2591 Deo
1358 2527 1728 2604 auxiliante,
1747 2547 1901 2609 prae-

401 2628 632 2691 valuit.
676 2631 952 2690 Factum
995 2637 1084 2688 est
1129 2637 1344 2688 autem
1381 2638 1524 2706 post
1569 2631 1721 2698 haec,
1759 2647 1901 2704 pcr-

399 2728 604 2788 cussit
633 2727 855 2788 David
883 2744 1028 2788 cum
1063 2743 1178 2788 suo
1219 2725 1500 2788 exercitu
1528 2727 1898 2787 Philistiim

393 2835 458 2885 et
509 2826 897 2884 humiliavit
943 2843 1066 2894 eoa,
1122 2823 1408 2905 ipsorum
1465 2821 1660 2886 robur
1707 2829 1898 2904 atque

395 2921 771 3004 superbiam
819 2922 1306 3004 prosternendo.
1355 2925 1439 2984 E't
1486 2924 1636 2983 tulit
1679 2922 1899 2983 David

390 3025 670 3100 frenum-
692 3023 926 3082 tributi
943 3024 1022 3082 de
1041 3042 1246 3081 manu
1262 3023 1655 3091 philistiim,
1678 3019 1744 3082 id
1775 3028 1890 3096 est,

393 3128 778 3204 potestatem
822 3128 886 3183 et
927 3121 1034 3202 jus
1078 3120 1398 3201 quoddam
1445 3119 1738 3199 exigendi
1794 3118 1896 3181 tri-

2009 2136 2250 2212 nieulo,
2288 2136 2351 2197 id
2390 2144 2508 2213 est,
2550 2155 2850 2199 mensura
2891 2137 3156 2218 justitiae
3200 2148 3263 2202 et
3304 2141 3499 2222 aequi-

2009 2235 2156 2297 tatis
2197 2235 2407 2314 rigore
2455 2252 2563 2299 eos
2611 2235 2987 2315 dijudicavit
3030 2245 3093 2298 et
3138 2237 3495 2319 castigavit,

2010 2352 2349 2415 coaequans
2404 2341 2606 2410 terrae,
2662 2333 2723 2396 id
2785 2342 2901 2411 est,
2963 2334 3226 2399 fortiora
3277 2357 3495 2402 eorum

2009 2441 2216 2496 castra
2247 2452 2319 2495 ac
2360 2431 2722 2495 habitacula
2762 2433 3022 2496 omnino
3062 2444 3375 2514 evertenS,
3418 2457 3499 2502 ne

2010 2530 2414 2593 rebellarent.
2450 2534 2709 2592 Mensus
2746 2542 2836 2592 est
2872 2542 3089 2593 autem
3126 2535 3286 2594 duos
3314 2536 3499 2613 funi-

2007 2633 2209 2699 culos,
2232 2629 2296 2691 id
2326 2637 2443 2706 est,
2468 2629 2789 2711 duplicem
2821 2630 3079 2693 modum
3112 2633 3495 2712 procedendi

2007 2747 2152 2790 cum
2202 2728 2294 2790 eis
2341 2727 2789 2806 consideravit,
2834 2749 3036 2790 unum
3084 2734 3173 2792 ad
3215 2735 3497 2794 occiden-

2005 2831 2188 2898 dum,
2222 2837 2279 2888 et
2320 2847 2529 2888 unum
2568 2831 2657 2888 ad
2699 2830 3175 2905 vivificandum
3207 2851 3229 2890 .·
3271 2829 3333 2892 id
3374 2840 3491 2908 est,

2007 2925 2496 3007 principaliores
2540 2934 2603 2988 et
2644 2925 2845 3006 magis
2884 2945 3026 2988 reos
3055 2945 3168 3009 per
3199 2927 3369 2991 viam
3398 2929 3499 3011 ju-

2005 3023 2196 3086 stitiae
2252 3023 2595 3100 interfecit,
2651 3023 2796 3086 aliis
2846 3043 2960 3107 per
3009 3025 3178 3089 viam
3239 3025 3498 3109 pietatis

2005 3121 2313 3205 pepercit,
2349 3130 2501 3204 puta
2532 3124 2903 3203 vulgaribus
2935 3143 3097 3206 quos
3140 3126 3399 3208 reliquit
3430 3128 3494 3189 in

387 3220 623 3282 butum
673 3238 710 3281 a
761 3218 922 3280 filiis
978 3219 1166 3282 Israel
1218 3218 1484 3281 abstulit
1530 3218 1890 3295 Philistaeis,
1930 3220 1973 3283 C
2004 3222 2150 3297 vita,
2172 3229 2242 3282 ut
2273 3221 2396 3283 sibi
2428 3222 2548 3284 sub
2580 3222 2820 3286 tributo
2851 3222 3327 3288 servirent.Nee
3358 3226 3499 3289 sine

386 3317 714 3382 vincendo
745 3317 1023 3380 eosdem.
1044 3316 1197 3379 Nam
1228 3317 1419 3396 longo
1453 3326 1737 3398 tempore
1768 3315 1893 3379 filii

387 3416 587 3480 lsrael
631 3416 964 3479 solverunt
1003 3415 1341 3480 Philistaeis
1395 3416 1734 3493 tributum,
1783 3417 1892 3479 sed

389 3514 594 3578 David
627 3514 692 3576 in
725 3523 974 3576 tantum
1007 3514 1340 3595 praevaluit
1370 3514 1523 3590 illis,
1548 3515 1721 3595 quod
1744 3513 1894 3577 faeti

2005 3319 2372 3382 rationabili
2429 3340 2615 3384 eausa
2676 3321 2951 3385 vastavit
3011 3322 3103 3385 sic
3158 3323 3491 3402 MoabitaS,

2003 3418 2299 3499 quamvis
2332 3437 2460 3481 non
2492 3420 2884 3501 exprimatur
2914 3420 2980 3481 in
3015 3428 3209 3483 textu.

2085 3516 2381 3597 Sequitur
2432 3516 2707 3597 qualiter
2755 3517 2911 3581 vicit
2961 3518 3169 3600 Syros
3226 3522 3309 3582 Et
3349 3541 3495 3598 per-

389 3622 550 3677 sunt
597 3613 658 3675 ei
713 3611 1058 3675 tributarii.
1113 3611 1398 3694 Denique
1448 3620 1724 3694 potestas
1785 3612 1896 3675 illa
2001 3617 2199 3675 cussit
2243 3616 2463 3676 David
2505 3618 2837 3676 Adai-ezer
2878 3618 3099 3693 filium
3144 3620 3359 3681 Rohob
3402 3640 3495 3679 re-

387 3711 694 3791 exigendi
725 3710 1060 3787 tributum,
1096 3718 1266 3774 recte
1295 3719 1555 3774 vocatur
1587 3710 1840 3774 frenum
1877 3728 1890 3772 ε

389 3810 704 3893 quoniam
753 3809 919 3873 sieut
964 3809 1146 3873 freno
1191 3810 1487 3873 subditur
1527 3829 1730 3891 equus
1773 3829 1896 3872 scs-

391 3908 549 3985 sori,
587 3909 681 3971 sic
715 3908 828 3971 tali
861 3916 1172 3990 potestate
1205 3927 1332 3971 una
1363 3926 1520 3989 gens
1555 3907 1895 3989 subjicitur

393 4007 608 4072 alteri.

479 4105 962 4187 Consequentcr
1017 4106 1299 4186 tangitur
1348 4106 1623 4187 qualiter
1671 4106 1898 4170 vicerit

397 4204 727 4268 Moabitas,
763 4206 848 4266 Et
879 4206 1196 4281 percussit
1239 4207 1449 4276 Moab,
1496 4204 1558 4266 id
1603 4212 1700 4267 est
1739 4203 1899 4267 Moa-

397 4304 570 4367 bitas
619 4310 804 4366 natos
851 4320 928 4365 ex
978 4302 1221 4366 semine
1265 4302 1442 4366 Moab
1494 4301 1616 4363 filii
1663 4302 1796 4379 Lot,
1837 4313 1898 4363 et

1995 3731 2138 3790 yem
2173 3715 2367 3782 Soba,
2399 3712 2463 3775 id
2496 3721 2591 3774 est
2624 3712 2902 3792 regionis
2939 3713 3030 3775 sic
3064 3714 3272 3791 dictae,
3306 3716 3495 3797 perti-

2006 3810 2215 3873 nentis
2245 3811 2323 3873 ad
2355 3810 2620 3892 Syriam,
2650 3820 2717 3873 ut
2748 3811 2947 3894 aliqui
2980 3812 3242 3875 dieunt:
3274 3814 3493 3896 sicque

2004 3908 2127 3971 alia
2161 3908 2349 3971 suita
2380 3910 2637 3989 regione
2677 3910 2744 3972 in
2782 3930 2911 3991 qua
2949 3910 3235 3990 regnavit
3275 3913 3493 3993 regina

2004 4007 2353 4071 Saba.Nam
2384 4018 2445 4073 et
2477 4010 2685 4092 primo
2704 4009 3229 4091 Paralipomenon
3259 4011 3494 4074 dicitur

2005 4106 2190 4184 Soba,
2236 4125 2363 4169 non
2412 4107 2592 4183 Saba,
2634 4116 2699 4171 et
2740 4107 2830 4169 ibi
2875 4108 3151 4187 additur,
3200 4108 3361 4173 Soba
3408 4130 3494 4173 re·
3536 4131 3659 4174 war
3657 4144 3785 4183 .......

2006 4204 2215 4287 gionis
2245 4205 2491 4283 Emath,
2529 4206 2592 4268 id
2623 4214 2720 4269 est
2749 4205 3102 4270 Antiochiae
3138 4224 3151 4269 :
3186 4226 3315 4289 quo
3344 4227 3495 4273 con·
3522 4196 3545 4236 ³

2006 4311 2149 4380 stat,
2186 4304 2356 4386 quod
2399 4305 2477 4367 ad
2523 4304 2766 4388 Syriam
2806 4305 3187 4388 pertinebat.
3223 4310 3495 4376 Quando

397 4422 660 4465 ouen-sus
686 4411 778 4462 est
806 4421 906 4462 eos
935 4403 1263 4481 sanicula,
1290 4400 1356 4463 id
1384 4409 1502 4478 est,
1536 4409 1767 4463 terram
1799 4419 1898 4464 eo-
1930 4404 1978 4466 D
2003 4404 2328 4481 profectus
2376 4412 2465 4463 est
2513 4413 2585 4463 ut
2631 4406 3083 4465 dominaretur
3130 4423 3325 4482 super
3369 4409 3496 4481 flu-

397 4519 544 4563 rum
577 4499 646 4562 in
679 4518 862 4563 suam
893 4499 1138 4579 redegit
1166 4506 1565 4581 potestatem,
1598 4508 1790 4582 atque
1819 4500 1896 4562 ad

397 4599 658 4663 libitum
711 4598 1148 4680 pertransivit,
1201 4607 1266 4662 et
1313 4599 1416 4663 cui
1469 4598 1676 4663 voluit
1723 4598 1898 4663 dedit

394 4698 844 4761 hereditatem.
879 4698 990 4761 Est
1020 4699 1264 4782 quippe
1303 4698 1633 4763 funiculus
1664 4699 1900 4761 instru-

395 4807 694 4862 mentum
724 4798 1055 4875 metiendi,
1089 4800 1270 4879 juxta
1310 4798 1466 4860 illud
1509 4799 1575 4859 in
1609 4798 1899 4863 Ezechie-

179 4920 204 4949 z
279 4923 368 4957 .ιι.
397 4898 460 4960 le
494 4918 508 4961 :
547 4896 896 4960 Funiculus
926 4896 1138 4961 lineus
1170 4897 1238 4959 in
1267 4914 1461 4959 manu
1495 4898 1654 4977 ejuS,
1681 4905 1898 4979 utpote

266 5049 322 5086 n,
355 5067 367 5078 ,
395 4996 524 5059 viri
571 4995 909 5059 mensoris.
958 4995 1024 5057 In
1074 4995 1374 5059 Zacharia
1424 5014 1679 5077 quoque
1729 5013 1742 5057 :
1790 4995 1900 5058 As-

397 5094 653 5176 sumpsi
685 5094 846 5156 mihi
878 5094 1036 5156 duas
1067 5094 1304 5175 virgae,
1328 5112 1522 5155 unam
1545 5095 1766 5157 vocavi
1793 5095 1900 5157 Dc-

397 5212 642 5268 eorem,
691 5202 756 5256 et
799 5193 1060 5255 alteram
1106 5193 1511 5256 Funiculum.
1559 5196 1902 5273 voaequans

405 5302 622 5362 terrea,
653 5290 720 5353 id
753 5298 870 5367 est,
903 5291 1091 5353 -valde
1121 5298 1533 5373 prosternens
1565 5299 1755 5372 atque
1785 5291 1900 5353 hu-

2006 4522 2152 4563 men
2194 4502 2597 4579 Euphraten,
2632 4501 2694 4563 id
2742 4510 2837 4564 est
2880 4521 3083 4584 usque
3124 4504 3201 4565 ad
3248 4501 3494 4567 flumen

2009 4600 2193 4663 illud.
2230 4600 2389 4662 Hinc
2425 4599 2491 4661 in
2532 4600 2937 4681 praeallegato
2979 4601 3143 4664 libro
3182 4602 3496 4685 Paralipo-

2006 4717 2241 4762 menon
2272 4699 2505 4761 clarius
2536 4698 2790 4774 dicitur,
2826 4698 3085 4772 Quando
3116 4701 3396 4783 perrexit
3425 4710 3496 4765 ut

2009 4798 2303 4860 dilataret
2335 4797 2675 4879 imperium
2708 4817 2893 4863 suum
2925 4817 3129 4880 usque
3149 4801 3230 4863 ad
3253 4799 3495 4863 flumen

2006 4896 2395 4977 Euphraten.
2426 4896 2503 4957 Et
2534 4896 2655 4958 hoc
2682 4896 2851 4976 juste
2882 4896 3090 4960 facere
3120 4898 3345 4979 potuit,
3367 4898 3497 4963 imo

2006 5003 2069 5057 et
2099 4994 2343 5057 debuit.
2379 4994 2533 5056 Nam
2574 5014 2779 5075 usque
2821 4993 3066 5058 flumen
3106 4995 3288 5073 illud,
3324 4998 3496 5079 quod

3562 4720 3754 4764 Ibidem.

2008 5101 2103 5156 est
2133 5112 2336 5155 unum
2367 5092 2446 5155 de
2475 5102 2749 5174 quatuor
2780 5092 2998 5155 fluviis
3030 5095 3329 5175 paradisi,
3362 5116 3499 5179 pro-
3544 5114 3790 5165 omnm.

2008 5192 2269 5255 miserat
2301 5194 2463 5254 Deus
2496 5191 2653 5254 filiis
2683 5193 2871 5255 Israel
2904 5202 3101 5256 terras
3126 5194 3500 5258 Chananaeo-

2012 5310 2174 5367 rum,
2210 5291 2388 5371 juxta
2421 5290 2578 5354 illud
2614 5291 3083 5354 Deuteronomii
3120 5309 3134 5353 :
3170 5292 3221 5353 A
3250 5294 3500 5357 deserto
3528 5312 3792 5362 neaeman,
