4359 6250
95 1301 144 1342 111
153 1301 352 1355 Beymw,

91 1368 353 1413 to;1v1,3.11.

107 2097 154 2138 tv
169 2099 276 2153 Rey.
296 2112 340 2140 tx
351 2131 362 2149 ‚

85 2162 215 2203 22-37.

953 520 1304 568 ENARRA'rxo
1347 524 1408 569 IN
1455 523 1591 570 GAP.
1637 523 1746 570 111
1788 522 1946 568 unm
1985 524 2187 570 Tuum
2226 525 2450 572 neom.
2495 545 2576 555 —
2616 527 2761 572 Am.
2806 526 2957 573 1111

3377 509 3495 572 725

385 711 510 776 per
557 693 1012 776 poenitentiam
1073 711 1204 755 non
1251 692 1520 769 deletur,
1576 711 1694 755 suo
1749 710 1896 755 mox
1923 690 1976 752 A
2005 696 2255 756 halavit
2272 698 2564 766 demisso,
2588 697 2653 758 id
2672 705 2769 759 est
2788 697 3095 760 inclinato
3114 699 3339 776 capite,
3360 706 3493 760 tan-

384 793 682 874 pondere
722 792 919 856 trahit
947 791 1027 854 ad
1060 791 1256 853 aliud.

491 895 651 953 Hoec
697 892 862 951 dicit
909 893 1232 951 Dominus
1272 912 1293 951 .·
1331 894 1490 952 Ecce
1545 910 1654 966 eyo
1703 892 1894 950 indu-

382 1010 533 1050 cam
561 1009 760 1067 super
783 1000 840 1050 te
867 993 1140 1060 malum,
1171 999 1230 1049 et
1258 992 1575 1050 demetam
1593 989 1895 1066 posterio-

383 1110 468 1149 ra
510 1099 650 1160 tua,
687 1097 750 1148 et
793 1089 1190 1166 interficiam
1229 1090 1308 1147 de
1342 1090 1564 1148 Achab
1604 1089 1894 1164 minyen-

389 1197 520 1247 tem
573 1189 663 1246 ad
682 1188 1028 1264 parietem,
1063 1196 1122 1246 et
1151 1190 1452 1246 clausum
1492 1195 1551 1246 et
1583 1186 1890 1246 ultimum

389 1289 468 1346 in
495 1287 728 1348 Israel.
765 1285 908 1347 Haec
947 1302 1140 1366 supra
1181 1283 1282 1346 bis
1319 1284 1399 1347 de
1435 1283 1766 1346 Jeroboam
1801 1291 1893 1346 at-

387 1404 520 1466 que
567 1385 650 1446 de
695 1383 892 1446 Baasa
934 1382 1106 1446 dicta
1147 1391 1297 1444 sunt
1344 1391 1536 1465 atque
1579 1382 1886 1464 exposita.

389 1487 478 1548 Et
506 1486 673 1544 dabo
703 1486 971 1543 domum
1003 1491 1184 1542 tuam
1219 1484 1386 1542 sicut
1427 1485 1694 1542 domum
1718 1485 1892 1542 Jero-

392 1586 580 1644 boam
607 1583 745 1658 filii
773 1583 1018 1650 Nabat,
1057 1592 1118 1641 et
1157 1583 1328 1640 sicut
1369 1583 1634 1640 domum
1671 1583 1892 1642 Baasa

387 1683 527 1759 ficii
553 1682 760 1752 Aleia,
793 1681 955 1760 quia
1003 1681 1194 1756 egisti
1237 1689 1310 1738 ut
1358 1698 1456 1738 me
1494 1681 1582 1738 ad
1631 1680 1891 1738 iracun-

387 1783 576 1842 diam
597 1799 1004 1858 provocares,
1035 1789 1097 1840 et
1115 1798 1381 1856 peccare
1417 1779 1633 1855 fecisti
1659 1781 1884 1840 Israel.

2003 809 2197 872 quam
2226 800 2667 857 consternatus
2696 815 2771 858 ac
2800 795 3121 858 desolatus
3146 820 3161 870 ς
3196 803 3259 858 et
3288 795 3493 859 confi·

2007 889 2255 952 tebatur
2286 910 2353 954 se
2382 890 2662 971 graviter
2692 894 3059 971 excessisse,
3083 901 3155 955 ut
3179 893 3491 976 Iosephus

2004 987 2201 1050 addit.
2226 987 2351 1050 Cur
2370 1008 2498 1051 non
2527 991 2768 1072 sprevit
2787 991 2982 1055 verba
3002 991 3176 1068 Eliae,
3196 1011 3313 1054 nec
3342 1011 3490 1055 eum

2005 1086 2447 1163 incarceravit,
2486 1087 2652 1150 sicut
2692 1089 3076 1172 contempsit
3115 1089 3309 1153 verba
3346 1091 3492 1154 Pro·
3533 1112 3782 1167 masan.

2003 1185 2232 1266 phetae,
2258 1186 2337 1248 de
2357 1186 2573 1268 quoin
2605 1185 2741 1250 fine
2762 1188 3177 1270 praecedentis
3198 1189 3486 1270 capituli,
3519 1178 3588 1218 ⁴³·

2003 1299 2193 1361 quem
2244 1290 2306 1344 et
2350 1283 2697 1344 secundum
2748 1283 3090 1366 Josephum
3131 1283 3197 1346 in
3238 1303 3491 1348 carcere

2003 1380 2253 1461 posuit3
2296 1382 2831 1462 quemadmodum
2862 1382 3051 1445 etiam
3084 1381 3150 1444 in
3196 1385 3490 1465 sequenti

2001 1478 2283 1560 capitulo
2330 1479 2585 1558 legitur,
2630 1480 2950 1544 Michaeam
3004 1481 3433 1546 incarcerasse
3464 1486 3490 1544 i
3544 1503 3783 1553 mam,

2000 1576 2094 1640 Ad
2124 1579 2297 1660 quod
2315 1579 2569 1642 videtur
2586 1579 2952 1657 dicendum,
2975 1581 3148 1661 quod
3166 1580 3336 1642 Elias
3367 1579 3493 1644 fuit
3520 1568 3587 1609 ²⁷·

1999 1676 2185 1740 valde
2216 1676 2497 1741 famosus
2517 1678 2850 1760 Propheta,
2872 1680 3053 1761 cujus
3074 1679 3360 1744 oratione
3381 1699 3492 1744 no·
3520 1701 3786 1752 manna.

2001 1784 2179 1838 verat
2208 1776 2439 1838 coelum
2471 1777 2677 1839 tribus
2718 1778 2905 1840 annis
2936 1777 3137 1841 fuisse
3177 1778 3487 1855 clausum,

395 1881 526 1940 Sed
580 1888 642 1939 et
688 1881 766 1939 de
811 1879 1068 1939 Iezabel
1115 1881 1362 1938 locutus
1409 1885 1500 1936 est
1545 1878 1891 1947 Dominus,
1927 1880 1972 1941 B
2001 1883 2066 1937 et
2083 1873 2208 1936 alia
2229 1874 2532 1955 praeclara
2548 1874 2869 1938 mirabilia
2890 1895 3030 1939 esse
3060 1885 3327 1958 peracta,
3350 1875 3493 1940 ideo

393 1981 616 2040 dicens
646 1999 671 2038 .·
696 1980 894 2040 Canes
941 1979 1266 2036 comedent
1309 1977 1567 2037 ,Iezabel
1613 1977 1686 2034 in
1736 1995 1892 2052 aqro

392 2082 650 2139 Jezraez
672 2099 694 2136 .·
716 2077 889 2158 quod
919 2075 1196 2157 qualiter
1228 2073 1311 2136 sit
1341 2074 1698 2156 impletum,
1724 2073 1892 2136 infra

395 2184 628 2258 quarto
658 2175 824 2238 libro
855 2175 1242 2237 continetur.
1267 2177 1348 2236 Si
1371 2184 1666 2234 mortuus
1685 2175 1892 2253 fuerit

325 2355 333 2358 η
393 2277 620 2337 Achab
640 2276 716 2334 in
744 2277 1028 2346 civitate,
1053 2276 1379 2334 comedent
1399 2293 1544 2332 eum
1573 2292 1760 2332 canes
1779 2296 1806 2343 ,·
1833 2274 1894 2331 si

140 2587 192 2630 lll
213 2589 338 2643 Περ.

139 2667 166 2692 u
230 2655 256 2666 ..

113 3085 230 3129 laid.
261 3086 335 3126 38.

85 4574 366 4623 Ibid.xx,43.

394 2383 616 2434 autem
659 2383 954 2434 mortuus
995 2373 1206 2450 fuerit
1247 2373 1318 2432 in
1357 2389 1535 2446 ayro,
1568 2373 1893 2430 comedent

393 2493 540 2533 eum
595 2475 884 2532 volucres
935 2473 1098 2532 coeli.
1150 2469 1477 2544 Quomodo
1526 2486 1747 2533 verum
1797 2476 1894 2530 est

395 2571 539 2648 hoc,
573 2589 775 2652 quum
825 2569 1116 2650 sequenti
1165 2567 1446 2650 capitulo
1496 2567 1562 2629 in
1615 2566 1894 2630 Samaria

395 2689 538 2733 esse
567 2668 858 2750 sepultus
890 2667 1173 2747 legatur?
1193 2667 1290 2730 Ad
1317 2667 1489 2749 quod
1510 2666 1894 2748 responden—

393 2771 550 2831 dum
593 2767 862 2843 videtur,
897 2767 1071 2848 quod
1115 2765 1286 2829 istud
1315 2773 1451 2827 erat
1479 2765 1582 2828 vel
1625 2765 1891 2827 commi-

396 2867 598 2942 natio,
633 2885 830 2947 quam
859 2864 1051 2947 paulo
1081 2873 1224 2946 post
1253 2863 1624 2945 poenitendo
1652 2863 1890 2937 evasit3

396 2966 499 3028 vel
545 2965 692 3028 ideo
741 2964 1043 3027 dicuntur
1091 2981 1236 3026 eum
1285 2981 1474 3025 canes
1524 2962 1888 3040 comesturi,

2002 1971 2198 2035 verba
2227 1973 2365 2052 ejus
2395 1973 2597 2052 magis
2631 1974 2965 2055 pertimuit
3000 1991 3014 2035 z
3050 1983 3113 2037 et
3142 1974 3358 2038 forsan
3392 1995 3493 2038 su-

2003 2070 2649 2152 persapientissimuS‚
2690 2072 2865 2153 pius,
2913 2073 3248 2155 justusque
3290 2075 3496 2137 Domi-

2005 2188 2126 2230 nus
2175 2169 2401 2232 videns
2460 2169 2671 2251 ipsum
2720 2171 2936 2233 Achab
2978 2171 3058 2234 ad
3108 2172 3493 2236 occisionem

2005 2265 2251 2329 Naboth
2280 2275 2343 2328 et
2382 2268 2849 2348 possessionem
2879 2268 3081 2331 vineae
3123 2269 3264 2350 ejus
3294 2268 3495 2333 fuisse

2004 2363 2359 2446 collapsum
2404 2383 2479 2426 ex
2528 2365 2775 2428 malitia
2813 2367 3210 2449 impiissimae
3245 2366 3492 2431 Jezabel

2002 2463 2205 2544 magis
2237 2481 2430 2544 quam
2461 2483 2537 2526 ex
2567 2484 2658 2540 se,
2678 2465 2853 2528 dedit
2880 2465 2941 2528 ei
2976 2466 3269 2529 timorem
3297 2465 3492 2529 istum

2003 2562 2317 2626 servilem.
2341 2563 2742 2626 pensandum
2764 2582 3035 2645 quoque,
3051 2583 3243 2646 quam
3266 2565 3494 2646 imper-

2004 2661 2223 2723 territe
2262 2661 2511 2724 locutus
2546 2661 2629 2724 sit
2663 2662 2830 2724 Elias
2870 2663 3086 2724 omnia
3120 2663 3317 2726 verba
3355 2663 3491 2728 haec

2005 2759 2138 2841 regi
2167 2760 2457 2824 animoso
2487 2768 2551 2823 et
2579 2760 2910 2839 iracundO,
2944 2761 3057 2843 qui
3088 2769 3235 2825 ante
3266 2762 3359 2825 sic
3389 2761 3491 2826 su-

2004 2867 2180 2939 gerat
2211 2878 2285 2922 ex
2316 2859 2814 2924 comminatione
2844 2859 3103 2924 feminae
3132 2860 3400 2924 vitiosae.

2083 2960 2169 3020 Et
2211 2960 2425 3036 factus
2469 2969 2559 3022 est
2604 2979 2809 3020 sermo
2836 2961 3107 3021 Domini
3153 2963 3241 3022 ad
3268 2962 3493 3022 Etiam

3558 2881 3680 2926 Ibid.
3700 2895 3784 2933 xix.

3520 2945 3562 2995 2,
3585 2947 3625 2988 3.

395 3064 552 3146 quia
605 3061 985 3145 sanguinem
1033 3062 1174 3144 ejus
1224 3058 1569 3124 linxerunt.
1623 3059 1893 3141 Sanguis
1918 3062 1974 3141 ,C
2013 3058 2367 3127 Thesbiten,
2408 3059 2680 3118 dicens:
2718 3059 2955 3120 Nonne
3000 3060 3232 3120 vidisti
3278 3061 3493 3120 humi-

395 3180 678 3244 namque
720 3169 817 3225 est
853 3159 922 3221 in
955 3159 1375 3241 dispositione
1418 3158 1779 3241 propinqua
1815 3162 1893 3223 ad

393 3279 678 3325 carnem.
709 3259 889 3322 Unde
917 3257 1098 3321 filius
1141 3257 1380 3321 dicitur
1423 3266 1608 3320 natus
1641 3259 1720 3320 de
1749 3259 1895 3321 sub-

393 3359 634 3423 stantia
677 3358 899 3440 patris,
943 3357 1097 3439 quia
1126 3358 1206 3419 de
1249 3356 1494 3419 semine
1525 3357 1688 3437 ejuS,
1720 3357 1893 3437 quod

393 3466 661 3523 vocatur
721 3456 980 3537 sanguis
1042 3456 1434 3537 coagulatus.
1485 3457 1706 3533 Iqitur
1762 3476 1888 3516 non

394 3561 534 3639 fuit
561 3560 728 3618 alter
762 3559 915 3619 talis
944 3558 1112 3617 sicut
1143 3558 1389 3626 Achab,
1421 3558 1536 3635 qui
1565 3558 1896 3617 venunda-

397 3668 500 3718 tus
527 3667 620 3717 est
650 3666 725 3717 ut
753 3657 995 3733 faceret
1023 3658 1276 3716 malum
1305 3656 1378 3714 in
1408 3664 1741 3731 conspectu
1769 3658 1894 3715 Do-

394 3758 590 3817 mini.
641 3756 1000 3817 Concitavit
1037 3756 1214 3815 enim
1253 3773 1400 3813 eum
1428 3755 1684 3813 ,Iezabel
1727 3772 1894 3812 uoeor

392 3874 542 3924 sua,
561 3863 622 3913 et
651 3854 1107 3914 abominabilis
1138 3854 1352 3929 factus
1381 3861 1494 3923 est,
1527 3853 1602 3911 in
1635 3860 1892 3910 tantum

393 3964 470 4013 ut
513 3961 882 4032 sequeretur
931 3953 1134 4021 idota,
1155 3971 1298 4029 quoe
1337 3951 1626 4027 fecerant
1665 3952 1893 4010 Amor-

395 4054 583 4125 rhaei,
619 4072 775 4131 quos
820 4053 1215 4127 consumpsit
1262 4051 1582 4110 Dominus
1631 4070 1673 4109 a
1719 4050 1894 4127 facie

393 4152 692 4227 filiorum
717 4150 946 4211 Israel.

2004 3158 2244 3217 liatum
2272 3157 2494 3218 Achab
2520 3150 2739 3218 coi-am
2768 3160 2909 3218 me?
2940 3159 3109 3227 Quia
3139 3160 3349 3235 iyitur
3378 3160 3495 3219 lzu-

2003 3256 2299 3315 miliatus
2351 3265 2441 3316 est
2479 3275 2676 3316 causa
2718 3259 2869 3329 mei,
2904 3256 2968 3319 id
3009 3264 3106 3319 est
3146 3275 3225 3320 ex
3264 3256 3491 3320 timore

2002 3352 2301 3415 vindictae
2342 3372 2499 3416 meae
2530 3372 2641 3416 seu
2678 3354 2997 3435 aequitatis
3029 3364 3092 3418 et
3132 3374 3211 3418 ex
3252 3354 3493 3417 intuitu

2002 3469 2264 3513 suorum
2306 3450 2685 3529 facinorum,
2718 3473 2849 3514 non
2892 3456 3203 3515 inducam
3244 3457 3493 3515 mlum

2002 3552 2074 3609 in
2105 3551 2329 3611 diebus
2368 3550 2552 3625 ejus‚·
2576 3554 2685 3611 sed
2728 3553 2802 3611 in
2844 3552 3068 3612 diebus
3094 3554 3230 3628 filii
3256 3553 3365 3613 sui
3396 3554 3491 3611 in-

1999 3649 2213 3725 feram
2250 3652 2497 3709 nmium
2535 3651 2761 3709 domui
2796 3650 2961 3727 ejus,
2997 3648 3063 3713 id
3106 3658 3223 3726 est,
3266 3649 3491 3732 praesa-

2000 3756 2098 3809 tas
2126 3747 2343 3830 plagas
2375 3755 2439 3810 et
2466 3747 2744 3811 ultiones
2783 3747 3087 3813 differam
3112 3767 3317 3830 usque
3345 3757 3491 3831 post

2001 3848 2140 3927 ejus
2190 3856 2480 3909 mortem.
2523 3846 2677 3908 Nam
2717 3847 2866 3910 dato
2903 3848 3075 3929 quod
3116 3864 3245 3910 non
3284 3848 3491 3929 poeni-

2004 3944 2197 4008 tuerit
2224 3945 2358 4007 zelo
2389 3944 2674 4027 justitiae,
2710 3946 2817 4009 sed
2868 3946 3085 4009 servili
3116 3946 3483 4025 formidine,

2003 4053 2214 4107 tamen
2268 4062 2382 4126 per
2445 4043 2887 4126 poenitentiam
2942 4044 3119 4106 illam
3172 4054 3237 4108 et
3282 4045 3490 4108 humi-

2003 4142 2329 4206 liationem
2370 4162 2444 4206 ac
2493 4142 2918 4205 satisfactoria
2950 4160 3163 4224 opera,
3198 4160 3343 4225 quae
3386 4143 3489 4223 (ut

475 4252 708 4327 Itaque
749 4267 953 4327 quum
1000 4248 1283 4307 audisset
1311 4247 1533 4307 Achab
1578 4265 1892 4306 sermones
1922 4252 1971 4313 D
2000 4240 2241 4304 dictum
2298 4242 2429 4321 est)
2487 4240 2670 4318 fecit,
2723 4240 2931 4322 potuit
2985 4240 3489 4305 misericordiam

396 4350 574 4415 istos,
593 4346 789 4405 scidit
819 4346 1196 4405 vestimenta
1223 4364 1370 4414 sua,
1390 4361 1518 4405 non
1540 4361 1617 4405 ex
1648 4342 1884 4421 furore,

397 4444 750 4508 secundum
773 4444 943 4524 quod
965 4442 1031 4504 in
1055 4441 1190 4505 fine
1210 4442 1626 4523 praecedentis
1649 4442 1892 4524 capitu-

400 4543 444 4606 li
465 4543 701 4623 legitur
731 4541 984 4605 venisse
1012 4541 1077 4603 in
1101 4540 1446 4603 Samariam
1479 4539 1886 4619 furibunduS,

399 4642 510 4705 sed
541 4660 617 4704 ex
641 4639 879 4725 *timore
908 4648 1100 4720 atque
1120 4638 1187 4700 in
1228 4638 1482 4719 signum
1502 4638 1891 4703 humiliatio-

399 4740 502 4803 nis
539 4758 613 4802 ac
653 4738 1068 4820 poenitentiae,
1102 4737 1396 4819 quamvis
1437 4736 1798 4803 humiliatio
1829 4746 1894 4802 et

399 4836 782 4921 poenitentia
813 4836 926 4899 illa
952 4836 1292 4899 credantur
1323 4836 1576 4899 venisse
1605 4855 1681 4900 ex
1711 4837 1892 4901 timo-

400 4956 468 4999 re
497 4934 741 5011 servili,
779 4952 907 4997 non
938 4953 1014 4997 ex
1059 4934 1192 4997 fide
1237 4933 1510 4997 formata
1538 4935 1800 4998 caritate
1829 4944 1894 4997 et

399 5034 535 5097 zelo
582 5031 870 5114 justitias.
918 5032 1133 5115 Aliqui
1183 5041 1396 5095 tamen
1443 5032 1687 5112 dicunt,
1722 5034 1891 5115 quod

400 5134 479 5196 ad
521 5142 774 5212 tempus
813 5150 961 5195 vere
989 5132 1324 5214 ,poenituit,
1359 5132 1468 5195 sed
1519 5131 1711 5214 paulo
1749 5141 1894 5214 post

400 5229 793 5295 recidivavit.
811 5234 896 5293 Et
914 5233 1166 5309 operuit
1186 5232 1399 5291 cilicio
1413 5250 1674 5291 carnem
1685 5250 1892 5301 suam,

388 5330 860 5409 jejunavitque
885 5340 946 5391 et
974 5330 1290 5390 dormivit
1326 5331 1399 5389 in
1440 5348 1641 5398 sacco,
1670 5338 1729 5389 et
1760 5349 1896 5389 am-

2001 4339 2166 4401 hanc
2195 4339 2426 4402 mereri
2460 4357 2473 4401 ε
2508 4338 2815 4422 quoniam
2844 4356 3037 4420 opera
3068 4338 3235 4401 bona
3270 4358 3347 4403 ex
3382 4358 3490 4421 ge-

2002 4457 2152 4501 nere
2171 4446 2351 4501 extra
2374 4438 2703 4501 caritatem
2730 4437 2914 4516 facta,
2934 4446 3084 4501 sunt
3115 4437 3279 4501 bene
3306 4440 3491 4502 meri-

2002 4536 2164 4599 toria
2193 4537 2561 4619 temporalis
2594 4537 3035 4620 prosperitatis
3066 4545 3129 4601 et
3160 4536 3491 4618 prolonga-

2001 4635 2195 4699 tionis
2222 4635 2371 4699 vitae
2404 4635 2757 4717 praesentiS,
2792 4654 2993 4716 quum
3029 4635 3191 4697 Deus
3234 4635 3487 4698 nullum

2001 4736 2243 4798 bonum
2272 4735 2551 4797 dimittat
2578 4734 3133 4798 irremuneratum.

2077 4834 2392 4898 Moraliter
2420 4841 2595 4915 patet
2622 4852 2697 4895 ex
2729 4833 2852 4896 isto
2882 4832 3186 4914 capitulo,
3214 4832 3489 4914 qualiter
3568 4853 3730 4897 seam

2001 4937 2375 4999 innocentes
2406 4951 2479 4995 ac
2507 4931 2661 5011 justi
2700 4930 3071 5012 frequenter
3102 4931 3283 4993 falsis
3313 4932 3491 4995 testi·
3516 4914 3705 4959 mmm·

2003 5033 2239 5097 moniis
2281 5029 2753 5113 opprimuntur,
2797 5038 2861 5091 et
2902 5048 3095 5111 quam
3134 5046 3324 5109 grave
3370 5030 3491 5093 cri-

2004 5151 2151 5195 men
2192 5130 2277 5192 sit
2322 5129 2484 5202 hoc;
2518 5128 2838 5209 quomodo
2888 5126 3079 5190 etiam
3128 5127 3491 5208 superiores

2005 5229 2379 5311 frequenter
2424 5226 2661 5307 injuste
2705 5224 3119 5288 inferioribus
3159 5224 3496 5305 indignen-

2008 5338 2134 5404 tur,
2188 5343 2425 5406 eosque
2484 5332 2970 5407 persequantur,
3015 5341 3089 5386 eo
3133 5324 3306 5405 quod
3364 5343 3495 5387 non
