4359 6250
85 4240 346 4297 lVReyatd·

83 4304 342 4356 ‘Mannum

82 4366 194 4471 {gut
215 4383 272 4419 m,
299 4372 343 4411 §-

937 503 1287 551 mantnano
1330 506 1390 551 lx
1433 505 1569 552 CAP.
1617 505 1704 550 xll
1747 505 1905 550 unm
1948 505 2201 551 SECUNDI
2242 507 2466 552 REGUM.
2511 525 2590 534 —
2634 505 2775 551 ΛΒΤ.
2825 504 2908 550 XX

3343 485 3461 549 507

355 680 506 734 tum
540 674 618 735 ad
651 691 907 756 corpuS,
945 683 1041 738 est
1071 673 1318 757 aliquid
1350 693 1610 738 suorum
1644 693 1870 756 paren-
1895 673 1947 735 A
1975 673 2390 737 circumcisus
2421 693 2550 738 non
2583 673 2727 752 fuit,
2747 674 2899 756 quia
2928 673 3331 738 circumcisio
3351 673 3463 736 fie-

351 772 671 835 t-um.Nec
695 772 762 833 in
794 772 916 837 isto
938 774 1307 852 derogatum
1339 783 1436 837 est
1466 773 1563 834 illi
1593 772 1870 834 infantu-

355 869 450 944 lo,
473 871 580 932 cui
606 871 768 934 Deus
799 872 1115 936 convertit
1145 891 1217 935 ac
1250 872 1569 935 ordinavit
1599 879 1868 934 mortem

353 969 549 1030 illam
583 971 660 1032 ad
691 970 900 1051 majus
932 970 1492 1045 bonum.Qualiter
1517 989 1668 1035 vero
1701 971 1869 1033 istud

355 1086 498 1130 non
541 1069 970 1132 contrarietur
1000 1069 1236 1132 divinae
1263 1068 1548 1150 justitiae,
1585 1069 1714 1132 imo
1753 1087 1870 1132 nec

353 1165 598 1248 pietati
648 1167 904 1244 divinae,
960 1187 1076 1231 nec
1129 1169 1344 1232 verbis
1401 1167 1749 1232 Ezechielis
1797 1187 1870 1232 ac

61 1282 320 1388 Μεεὲξηὲ,
350 1265 680 1342 Jeremiae,
715 1266 1089 1342 dicentium,
1122 1266 1574 1348 Unusquisque
1615 1267 1680 1328 in
1727 1286 1870 1348 pec-

59 1357 323 1457 nimitza

353 1375 512 1430 cato
555 1385 674 1428 suo
721 1365 1052 1441 morietur,
1087 1373 1151 1429 et
1195 1364 1372 1427 filius
1417 1384 1544 1428 non
1593 1365 1871 1448 portabit

356 1465 782 1546 iniquitatem
813 1465 1035 1546 patriS‚
1064 1483 1259 1546 supra
1289 1473 1478 1546 atque
1507 1465 1574 1526 in
1607 1465 1750 1527 aliis
1780 1463 1871 1526 lo-

353 1563 458 1626 cis
493 1564 740 1627 dictum
773 1572 873 1626 est
903 1583 1092 1646 saepe.

443 1663 762 1726 Praeterea
794 1682 871 1725 ex
910 1663 1010 1725 his
1046 1671 1330 1744 apparet,
1367 1664 1540 1744 quod
1584 1661 1870 1745 increpa-

357 1770 469 1823 tus
501 1762 589 1823 sit
618 1761 815 1824 David
850 1782 886 1823 a
916 1761 1162 1824 Nathan
1193 1760 1383 1841 longo
1411 1770 1694 1843 tempore
1725 1769 1871 1843 post

1976 772 2083 835 bat
2113 772 2217 836 die
2246 783 2491 850 octavo.
2530 774 2651 836 Alii
2700 781 2947 856 putant,
2981 774 3152 856 quod
3194 773 3260 835 in
3306 772 3464 854 peri-

1975 872 2121 934 culo
2161 871 2345 935 licuit
2386 881 2636 955 tempus
2674 874 2795 936 hoc
2834 872 3207 955 praevenire.
3251 875 3466 933 Timu-

1974 981 2293 1050 eruntque
2342 974 2514 1032 servi
2561 975 2779 1033 David
2826 975 3139 1034 nuntiare
3184 974 3246 1032 ei
3296 973 3468 1052 quod

1978 1079 2271 1130 mortuus
2306 1080 2458 1130 esset
2487 1075 2834 1147 parvulus.
2872 1072 3199 1138 Dioeerunt
3240 1072 3413 1130 enim
3445 1091 3467 1130 .·

1979 1170 2137 1228 Ecce
2155 1189 2360 1246 quum
2380 1172 2705 1245 parvulus
2736 1169 2953 1229 adhuc
2984 1171 3242 1240 viveret,
3271 1173 3473 1249 loque-

1979 1269 2213 1326 bamur
2263 1271 2352 1328 ad
2402 1289 2573 1337 eum,
2622 1278 2682 1328 et
2728 1287 2859 1328 ‘non
2908 1269 3213 1329 audiebat
3262 1288 3474 1330 vocem

1979 1375 2304 1425 nostram:
2320 1377 2559 1446 quanto
2586 1369 2811 1444 magns,
2825 1368 2886 1426 si
2904 1369 3286 1436 ‹timer-imus,
3308 1369 3474 1426 Mor-

1981 1473 2130 1524 tuus
2157 1474 2247 1523 est
2259 1485 2452 1540 puer,
2472 1485 2535 1524 se
2556 1468 2795 1544 affliqet
2812 1469 2841 1526 ,Ρ
2861 1469 3073 1534 Quum
3090 1484 3237 1542 erqo
3252 1467 3472 1526 David

1979 1565 2263 1623 audisset
2290 1583 2499 1623 servos
2526 1585 2671 1624 suos
2699 1567 3124 1634 mussitantes,
3148 1566 3471 1625 intelleoeit

1979 1664 2150 1739 quod
2196 1671 2485 1722 mortuus
2526 1673 2679 1724 esset
2724 1665 3122 1740 infantulus.
3160 1664 3471 1742 Dixitque

1979 1763 2066 1820 ad
2105 1781 2315 1820 servos
2351 1781 2497 1821 suos
2528 1782 2551 1821 .·
2586 1764 2763 1824 Num
2806 1773 3097 1823 mortuus
3132 1772 3221 1822 est
3252 1765 3472 1840 puer?

353 1859 670 1923 adulterii
719 1861 819 1922 sui
865 1861 1424 1943 perpetrationem,
1463 1869 1681 1942 utpote
1721 1868 1868 1923 nato
1906 1865 1953 1926 B
1985 1860 2111 1926 Qui
2140 1863 2607 1936 responderunt
2632 1864 2696 1921 ei
2724 1882 2747 1920 .·
2778 1865 3075 1924 Mortuus
3103 1872 3215 1922 est.

356 1957 694 2022 infantulo
721 1968 873 2023 tunc
897 1958 1550 2041 concepto.Quocirca
1581 1977 1708 2021 non
1743 1966 1871 2020 tan—

357 2067 504 2119 tum
548 2056 850 2135 admiror,
885 2058 1056 2138 quod
1088 2057 1186 2121 vir
1217 2056 1326 2119 ille
1357 2064 1486 2118 tam
1521 2056 1863 2133 virtuosuS,

357 2164 515 2238 post
559 2163 736 2218 tanta
779 2155 1128 2237 gratiarum
1170 2155 1573 2232 charismata,
1609 2164 1870 2237 repente

357 2254 444 2316 ad
491 2261 672 2316 tanta
714 2253 1052 2317 devolutus
1098 2261 1194 2316 est
1235 2253 1496 2331 scelera,
1532 2262 1865 2334 quantum,

358 2352 544 2434 quod
589 2351 762 2414 infra
805 2359 1009 2415 totum
1058 2360 1308 2433 tempus
1348 2352 1517 2432 quod
1561 2349 1752 2413 fluxit
1789 2352 1870 2414 ab

359 2448 691 2512 adulterio
723 2449 836 2512 illo
867 2469 1072 2531 usque
1103 2450 1182 2511 ad
1214 2449 1714 2532 increpationem
1753 2449 1873 2511 mi-

361 2549 708 2612 nistratam
769 2567 885 2630 per
943 2548 1209 2624 Nathan,
1265 2561 1391 2612 non
1444 2548 1872 2612 consideravit

360 2665 520 2710 suos
566 2665 884 2724 excessuS,
921 2665 1130 2727 neque
1171 2647 1492 2729 poenituit.
1531 2647 1594 2709 ln
1635 2647 1871 2728 quibus

359 2744 673 2808 omnibus
705 2744 1278 2826 innotescit,quam
1312 2743 1730 2807 ineffabiliter
1749 2765 1873 2806 ma-

359 2863 498 2926 gna
545 2852 608 2906 et
657 2843 1022 2905 miseranda
1072 2843 1156 2905 sit
1204 2843 1486 2905 humana
1533 2841 1866 2925 fragilium,

359 2942 622 3006 caecitas
653 2960 725 3005 ac
757 2940 1234 3019 defectuositaS,
1253 2951 1315 3005 et
1346 2943 1516 3023 quod
1551 2961 1701 3004 vera
1728 2960 1872 3005 con-

2059 1959 2369 2018 Surreoeit
2413 1978 2559 2035 erqo
2605 1963 2823 2020 David
2863 1964 2941 2020 de
2992 1969 3188 2030 terra,
3218 1959 3470 2038 cognita

1979 2063 2184 2117 morte
2234 2053 2562 2134 infantuli,
2605 2058 2829 2120 nolens
2871 2059 2949 2121 de
2998 2058 3167 2121 malo
3217 2058 3470 2120 irreme-

1978 2153 2200 2216 diabili
2240 2174 2308 2217 se
2354 2154 2562 2236 ipsum
2610 2157 2811 2237 magis
2856 2155 3173 2237 affligere,
3205 2167 3266 2217 et
3305 2161 3470 2217 lotus

1979 2263 2336 2332 unctusque
2378 2265 2487 2315 est.
2535 2254 2689 2318 Nam
2743 2254 2969 2318 faciem
3022 2256 3197 2332 lavit,
3244 2264 3308 2318 et
3354 2273 3472 2316 un-

1978 2361 2215 2431 guento
2248 2361 2356 2414 aut
2386 2352 2613 2416 balneo
2650 2373 2801 2415 usus
2832 2362 2948 2416 est.
2974 2359 3312 2434 Quumque
3332 2375 3473 2415 mu-

1983 2460 2167 2510 tasset
2216 2461 2467 2523 vestem,
2503 2451 2657 2533 quia
2706 2453 2769 2513 in
2822 2461 2996 2515 veste
3044 2451 3470 2534 poenitentiali

1981 2548 2317 2612 Dominum
2370 2551 2673 2628 exoravit,
2712 2549 2893 2614 flevit
2935 2559 2999 2614 et
3039 2550 3373 2632 jejunavit,
3408 2559 3472 2614 et

1981 2648 2197 2711 forsan
2232 2648 2295 2710 in
2328 2647 2541 2711 cilicio
2570 2657 2679 2710 aut
2711 2649 2775 2711 in
2810 2667 3013 2726 sacco,
3034 2652 3358 2727 inyressus
3380 2659 3469 2710 εει

1978 2749 2244 2808 domum
2287 2751 2577 2819 Domini,
2612 2748 2675 2810 id
2722 2757 2818 2811 est
2862 2747 3365 2825 tabernaculum,
3401 2747 3465 2810 in

1978 2864 2107 2926 quo
2138 2845 2555 2909 constituerat
2583 2866 2815 2924 arcam,
2848 2857 2908 2908 ει
2937 2848 3235 2908 adoravit
3264 2846 3468 2909 Domi·
3524 2868 3559 2911 ιι
3577 2871 3685 2925 ηερ.
3702 2883 3757 2920 m,

1981 2963 2156 3020 num,
2190 2943 2425 3024 gratias
2468 2963 2661 3026 agens
2703 2946 2892 3027 justis
2931 2965 3005 3009 ac
3042 2946 3166 3028 piis
3208 2945 3465 3026 judiciis
3498 2935 3563 2976 ¹⁷·

361 3041 548 3105 tritio
579 3060 708 3105 non
741 3040 868 3102 nisi
901 3060 978 3104 ex
1007 3039 1267 3124 speciali
1302 3041 1411 3104 Dei
1439 3041 1871 3124 praeventione
1906 3045 1949 3108 C
1979 3042 2156 3124 ejus3
2204 3041 2451 3124 fuitque
2496 3043 2743 3126 patiens
2790 3043 2855 3106 in
2901 3063 3156 3107 suarum
3206 3063 3465 3127 precum

360 3162 440 3205 ac
473 3141 682 3223 gratia
717 3141 984 3203 oriatur.

451 3242 540 3303 Et
571 3256 861 3300 reversus
879 3250 968 3299 est
990 3240 1261 3301 Nathan
1281 3239 1354 3299 in
1375 3242 1639 3299 domum
1656 3260 1867 3302 suam.

358 3322 698 3403 Percussit
738 3358 987 3418 quoque
1028 3340 1345 3398 Dominus
1379 3342 1737 3415 parvulum
1779 3338 1873 3400 in-

363 3436 684 3499 firmitat-e
713 3435 912 3512 letali,
933 3456 1122 3515 quem
1147 3446 1482 3514 pepererat
1513 3458 1681 3497 umor
1701 3440 1872 3498 Urioe

360 3537 618 3605 David,
649 3544 710 3596 ει
740 3537 1114 3613 desperatus
1137 3544 1228 3595 est
1258 3552 1444 3615 posse
1475 3534 1872 3597 convalesce-

364 3654 462 3697 re.
479 3637 997 3713 Deprecatusque
1023 3642 1113 3693 εει
1136 3635 1354 3693 David
1378 3634 1728 3693 Dominum
1750 3653 1871 3710 pro

357 3736 675 3813 parvulo,
701 3741 772 3793 ut
803 3732 962 3794 Deus
996 3730 1364 3810 dignaretur
1395 3750 1542 3793 eum
1575 3750 1874 3813 superna-

366 3829 670 3893 turaliter
699 3848 946 3892 curare.
971 3828 1047 3890 Et
1077 3828 1371 3909 quamvis
1402 3829 1598 3891 David
1629 3829 1874 3892 audivit

365 3950 406 3992 a
437 3928 688 3991 Nathan
730 3927 1120 3991 infantulum
1157 3927 1560 4003 moriturum,
1595 3935 1872 3991 attamen

1981 3150 2044 3204 et
2072 3141 2604 3205 abstinentiarum
2648 3143 3013 3225 repulsione
3044 3164 3115 3207 ac
3148 3143 3271 3206 filii
3304 3161 3470 3207 mor-

1982 3248 2064 3315 te,
2100 3238 2509 3304 conformans
2560 3242 2625 3303 in
2676 3243 2795 3305 hoc
2846 3242 3238 3306 voluntatem
3288 3260 3466 3305 suam

1979 3338 2295 3401 voluntati
2327 3360 2400 3402 ac
2432 3340 2817 3403 ordinationi
2859 3341 3112 3403 divinae.
3148 3339 3470 3403 Exhilara—

1981 3437 2073 3499 vit
2115 3456 2372 3519 quoque
2411 3438 2498 3500 ita
2539 3458 2607 3501 se
2652 3439 2884 3521 ipsum,
2925 3448 2997 3501 ut
3038 3438 3470 3502 consolaretur

1983 3536 2186 3618 ipsam
2218 3535 2585 3613 Bethsabee‚
2611 3555 2799 3617 quam
2835 3537 3160 3617 diligebat.
3188 3540 3266 3599 Ει
3294 3538 3470 3598 venit

1977 3638 2054 3695 in
2102 3638 2367 3696 domum
2413 3656 2628 3705 suam,
2649 3636 3009 3715 petivitque
3052 3646 3125 3696 ut
3158 3646 3468 3713 ponerent

1979 3734 2040 3793 ei
2073 3754 2343 3812 panem,
2370 3743 2431 3794 et
2468 3736 2759 3794 comedit.
2794 3736 3125 3795 Dim-erunt
3164 3744 3379 3794 autem
3409 3736 3471 3794 ei

1978 3834 2150 3892 servi
2196 3832 2305 3892 sui
2350 3854 2371 3891 .·
2415 3834 2571 3901 Quis
2608 3843 2697 3893 εει
2734 3852 2941 3893 sermo
2979 3853 3167 3912 qucm
3204 3834 3471 3911 fecisti?

1981 3934 2255 4007 Propter
2296 3932 2644 4009 infantem,
2694 3951 2897 4015 quum
2944 3932 3157 3991 adhuc
3208 3933 3469 4001 viveret,

369 4026 698 4108 ignoravit
727 4046 809 4088 an
841 4026 1180 4107 prophetia
1211 4024 1322 4087 illa
1352 4024 1548 4089 fuerit
1579 4045 1875 4108 praenun-
1966 4030 2298 4107 jejunasti
2324 4040 2383 4090 et
2414 4032 2644 4106 flebas,·
2666 4039 2917 4091 mortuo
2948 4040 3162 4091 autem
3176 4031 3328 4107 jam
3350 4048 3473 4106 pu-

369 4126 561 4188 tiatio
609 4124 1129 4189 comminationis
1181 4132 1244 4186 et
1287 4124 1736 4187 conditionatae
1784 4144 1876 4187 as-

1981 4148 2108 4199 er0,
2149 4130 2518 4197 surrexisti,
2558 4138 2617 4189 et
2666 4130 2997 4188 comedisti
3035 4148 3299 4205 panem.
3344 4128 3473 4196 Qui

373 4223 702 4300 sartioniS,
722 4222 890 4285 sicut
913 4222 1250 4305 prophetia
1271 4223 1350 4285 de
1369 4223 1545 4286 obitu
1569 4224 1870 4301 Ezechiae,
1905 4230 1955 4291 D
1984 4228 2080 4287 ait
2110 4244 2132 4286 .·
2154 4230 2429 4304 Propter
2459 4229 2804 4307 infantem,
2828 4248 3031 4305 quum
3061 4230 3187 4297 adh
3200 4246 3275 4287 uc
3304 4229 3473 4287 vive-

373 4321 928 4402 suhversioneque
963 4320 1212 4384 Ninive.
1248 4324 1333 4382 Et
1361 4323 1703 4400 jejunavit
1746 4326 1876 4383 Da-

373 4423 494 4483 vid
506 4422 804 4499 jejunio,
825 4430 886 4481 et
906 4422 1230 4498 inqressus
1255 4441 1537 4482 seorsum
1569 4420 1631 4481 in
1665 4420 1874 4483 locum

371 4524 720 4597 secretum,
747 4518 1045 4595 orationi,
1069 4519 1572 4601 compunctioni,
1606 4528 1669 4583 et
1699 4520 1878 4583 lacri-

365 4620 498 4682 mis
529 4626 776 4700 aptum,
795 4619 1017 4695 jacuit
1047 4638 1240 4695 super
1272 4628 1531 4690 terram,
1566 4638 1634 4681 se
1666 4618 1875 4700 ipsum

369 4716 700 4801 profunde
730 4715 1130 4779 humiliando
1161 4735 1372 4780 coram
1395 4716 1744 4780 Altissimo.
1779 4722 1878 4777 Ve-

367 4827 615 4879 nerunt
644 4825 863 4876 autem
893 4816 1170 4876 seniores
1207 4820 1436 4877 domus
1465 4816 1627 4894 eju-5,
1662 4837 1878 4894 coqen-

370 4928 486 4985 tes,
547 4914 616 4976 id
683 4921 787 4975 est
843 4912 1078 4976 obnixe
1135 4922 1196 4976 et
1261 4914 1444 4995 quasi
1511 4914 1877 4995 importune

369 5022 670 5093 rogantes
731 5033 912 5084 eum,
967 5022 1040 5073 ut
1089 5024 1376 5089 sumeret
1433 5018 1511 5073 de
1565 5022 1737 5073 terra
1799 5013 1876 5075 ad

367 5113 720 5176 edendum.
749 5113 879 5181 Qui
912 5113 1145 5183 noluit,
1172 5132 1284 5172 nec
1309 5114 1580 5172 comedit
1611 5133 1758 5172 cum
1787 5114 1877 5172 eis

367 5214 614 5271 cibum.
650 5212 912 5271 Accidit
953 5220 1169 5270 autem
1199 5212 1308 5269 die
1338 5213 1608 5288 septima
1646 5220 1718 5271 ut
1749 5231 1877 5270 mo-

367 5318 628 5371 reretur
665 5308 918 5387 infans.
963 5305 1144 5369 Unde
1183 5306 1384 5389 aliqui
1424 5307 1667 5385 dicunt,
1703 5309 1875 5389 quod

1983 4334 2100 4395 ret,
2117 4325 2435 4402 jejunavi
2462 4335 2522 4385 et
2551 4327 2742 4400 flevi,·
2770 4328 3057 4386 dicebam
3081 4327 3293 4385 enim:
3317 4325 3474 4393 Quis

1982 4424 2123 4493 scit,
2157 4425 2217 4482 si
2246 4426 2411 4503 forte
2440 4426 2630 4484 donet
2666 4425 2835 4484 mihi
2864 4444 3013 4483 eum
3045 4424 3382 4493 Dominus,
3415 4432 3475 4481 et

1987 4524 2165 4582 vivat
2198 4523 2423 4600 infans
2444 4524 2475 4581 ἐ
2510 4524 2703 4582 Nunc
2732 4532 2949 4582 autem
2986 4522 3143 4601 quia
3184 4530 3475 4581 mortuus

1983 4629 2097 4689 est,
2129 4639 2331 4697 quare
2352 4620 2589 4695 jejuno
2612 4622 2642 4678 ?
2688 4620 3035 4698 Numquid
3070 4628 3291 4695 potero
3328 4640 3474 4679 eum

1986 4737 2281 4778 revocare
2324 4720 2611 4796 amplius
2632 4722 2663 4777 ?
2702 4720 2837 4795 qu
2878 4721 3114 4778 vadam
3150 4720 3357 4795 mayis
3388 4720 3477 4777 ad

1985 4836 2130 4877 eum
2149 4841 2174 4888 ,·
2206 4819 2317 4875 ille
2348 4835 2494 4875 vero
2526 4836 2655 4876 non
2685 4825 3040 4877 revertetur
3067 4819 3154 4875 ad
3192 4836 3311 4877 me.

2064 4916 2151 4976 Et
2179 4917 2539 4975 consolatus
2574 4924 2663 4974 est
2705 4915 2923 4975 David
2952 4917 3291 4975 Beth-sabee
3320 4934 3477 4974 αωο-

1985 5034 2118 5073 rem
2145 5034 2359 5083 suam,
2378 5014 2826 5092 inssressusque
2855 5017 2943 5074 ad
2970 5033 3135 5083 eam,
3168 5014 3478 5073 dormivit

1984 5131 2132 5171 cum
2162 5132 2237 5169 ea
2269 5132 2291 5170 ,τ
2319 5128 2446 5172 non
2480 5118 2625 5172 ante
2658 5109 2797 5190 ejus
2828 5109 3345 5191 purificationem
3378 5128 3477 5172 se-
3506 5137 3742 5187 Lem-m.

1985 5209 2268 5272 cundum
2320 5207 2547 5287 legem,
2584 5208 2695 5270 sed
2742 5217 3025 5289 tempore
3072 5209 3472 5290 procedente.

1984 5312 2138 5378 Quae
2160 5309 2393 5384 yenuit
2422 5308 2670 5385 filium,
2696 5316 2758 5368 et
2788 5308 3039 5367 vocavit
3074 5326 3303 5367 nomen
3332 5307 3475 5383 ejus
