<?xml version="1.0" encoding="UTF-8"?>
<!DOCTYPE html PUBLIC "-//W3C//DTD XHTML 1.0 Transitional//EN"
    "http://www.w3.org/TR/xhtml1/DTD/xhtml1-transitional.dtd">
<html xmlns="http://www.w3.org/1999/xhtml" xml:lang="en" lang="en">
 <head>
  <title>
</title>
<meta http-equiv="Content-Type" content="text/html;charset=utf-8" />
  <meta name='ocr-system' content='tesseract 3.04.00' />
  <meta name='ocr-capabilities' content='ocr_page ocr_carea ocr_par ocr_line ocrx_word'/>
</head>
<body>
  <div class='ocr_page' id='page_1' title='image "./doctorisecstati02denigoog_0100.png"; bbox 0 0 4359 6250; ppageno 0'>
   <div class='ocr_carea' id='block_1_1' title="bbox 1227 498 3489 565">
    <p class='ocr_par' dir='ltr' id='par_1_1' title="bbox 1227 498 3489 565">
     <span class='ocr_line' id='line_1_1' title="bbox 1227 498 3489 565; baseline 0.001 -4"><span class='ocrx_word' id='word_1_1' title='bbox 1227 514 1574 562; x_wconf 57' lang='lat' dir='ltr'><strong>ananau-io</strong></span> <span class='ocrx_word' id='word_1_2' title='bbox 1616 516 1678 561; x_wconf 77' lang='lat' dir='ltr'><strong>m</strong></span> <span class='ocrx_word' id='word_1_3' title='bbox 1720 517 1857 563; x_wconf 66' lang='lat' dir='ltr'><strong>cu.</strong></span> <span class='ocrx_word' id='word_1_4' title='bbox 1903 516 1945 563; x_wconf 85' lang='lat' dir='ltr'>x</span> <span class='ocrx_word' id='word_1_5' title='bbox 1984 517 2186 564; x_wconf 77' lang='lat' dir='ltr'><strong>sesua.</strong></span> <span class='ocrx_word' id='word_1_6' title='bbox 2232 536 2312 547; x_wconf 91' lang='lat'>—</span> <span class='ocrx_word' id='word_1_7' title='bbox 2351 518 2494 564; x_wconf 60' lang='lat' dir='ltr'><strong>surr.</strong></span> <span class='ocrx_word' id='word_1_8' title='bbox 2542 518 2668 565; x_wconf 84' lang='lat' dir='ltr'><strong>xvn</strong></span> <span class='ocrx_word' id='word_1_9' title='bbox 3405 498 3489 563; x_wconf 74' lang='lat'><strong>59</strong></span> 
     </span>
    </p>
   </div>
   <div class='ocr_carea' id='block_1_2' title="bbox 385 682 3757 770">
    <p class='ocr_par' dir='ltr' id='par_1_2' title="bbox 385 682 3757 770">
     <span class='ocr_line' id='line_1_2' title="bbox 385 682 3757 770; baseline 0.002 -26"><span class='ocrx_word' id='word_1_10' title='bbox 385 682 462 744; x_wconf 86' lang='lat' dir='ltr'><strong>in</strong></span> <span class='ocrx_word' id='word_1_11' title='bbox 485 682 762 765; x_wconf 88' lang='lat' dir='ltr'><strong>epistola</strong></span> <span class='ocrx_word' id='word_1_12' title='bbox 779 683 861 747; x_wconf 89' lang='lat' dir='ltr'><strong>ad</strong></span> <span class='ocrx_word' id='word_1_13' title='bbox 882 683 1310 766; x_wconf 78' lang='lat' dir='ltr'>Polycarpum,</span> <span class='ocrx_word' id='word_1_14' title='bbox 1324 683 1517 747; x_wconf 78' lang='lat' dir='ltr'><strong>Motus</strong></span> <span class='ocrx_word' id='word_1_15' title='bbox 1535 683 1886 749; x_wconf 88' lang='lat' dir='ltr'><strong>coelestium</strong></span> <span class='ocrx_word' id='word_1_16' title='bbox 1917 685 1966 747; x_wconf 78' lang='lat' dir='ltr'>A</span> <span class='ocrx_word' id='word_1_17' title='bbox 1997 683 2189 767; x_wconf 89' lang='lat' dir='ltr'><strong>hujus</strong></span> <span class='ocrx_word' id='word_1_18' title='bbox 2220 686 2512 749; x_wconf 79' lang='lat' dir='ltr'><strong>miraculi</strong></span> <span class='ocrx_word' id='word_1_19' title='bbox 2546 706 2613 750; x_wconf 90' lang='lat' dir='ltr'><strong>se</strong></span> <span class='ocrx_word' id='word_1_20' title='bbox 2644 686 2917 751; x_wconf 90' lang='lat' dir='ltr'><strong>habente</strong></span> <span class='ocrx_word' id='word_1_21' title='bbox 2939 706 3051 770; x_wconf 91' lang='lat' dir='ltr'><strong>per</strong></span> <span class='ocrx_word' id='word_1_22' title='bbox 3073 688 3328 751; x_wconf 85' lang='lat' dir='ltr'><strong>vocem*</strong></span> <span class='ocrx_word' id='word_1_23' title='bbox 3342 686 3485 751; x_wconf 88' lang='lat' dir='ltr'><strong>obe-</strong></span> <span class='ocrx_word' id='word_1_24' title='bbox 3538 708 3559 727; x_wconf 92' lang='grc'><em>·</em></span> <span class='ocrx_word' id='word_1_25' title='bbox 3584 705 3757 751; x_wconf 74' lang='lat' dir='ltr'><strong>modum</strong></span> 
     </span>
    </p>
   </div>
   <div class='ocr_carea' id='block_1_3' title="bbox 381 783 1890 1854">
    <p class='ocr_par' dir='ltr' id='par_1_3' title="bbox 381 783 1890 1854">
     <span class='ocr_line' id='line_1_3' title="bbox 381 783 1886 867; baseline 0.001 -21"><span class='ocrx_word' id='word_1_26' title='bbox 381 801 736 865; x_wconf 88' lang='lat' dir='ltr'><strong>corporum</strong></span> <span class='ocrx_word' id='word_1_27' title='bbox 787 783 1151 860; x_wconf 86' lang='lat' dir='ltr'><strong>immutare,</strong></span> <span class='ocrx_word' id='word_1_28' title='bbox 1195 784 1322 846; x_wconf 90' lang='lat' dir='ltr'><strong>Deo</strong></span> <span class='ocrx_word' id='word_1_29' title='bbox 1367 792 1464 846; x_wconf 84' lang='lat' dir='ltr'><strong>est</strong></span> <span class='ocrx_word' id='word_1_30' title='bbox 1513 784 1886 867; x_wconf 78' lang='lat' dir='ltr'><strong>proprium3</strong></span> 
     </span>
     <span class='ocr_line' id='line_1_4' title="bbox 381 884 1888 961; baseline 0.001 -16"><span class='ocrx_word' id='word_1_31' title='bbox 381 888 591 945; x_wconf 83' lang='lat' dir='ltr'><strong>donec</strong></span> <span class='ocrx_word' id='word_1_32' title='bbox 631 885 1046 944; x_wconf 56' lang='lat' dir='ltr'><strong>ulcisceretur</strong></span> <span class='ocrx_word' id='word_1_33' title='bbox 1073 905 1137 943; x_wconf 78' lang='lat' dir='ltr'><strong>se</strong></span> <span class='ocrx_word' id='word_1_34' title='bbox 1160 902 1317 961; x_wconf 73' lang='lat' dir='ltr'><strong>qens</strong></span> <span class='ocrx_word' id='word_1_35' title='bbox 1355 887 1435 943; x_wconf 85' lang='lat' dir='ltr'><strong>de</strong></span> <span class='ocrx_word' id='word_1_36' title='bbox 1474 886 1788 957; x_wconf 66' lang='lat' dir='ltr'><strong>inimic-ie,</strong></span> <span class='ocrx_word' id='word_1_37' title='bbox 1822 884 1888 951; x_wconf 90' lang='lat' dir='ltr'><strong>id</strong></span> 
     </span>
     <span class='ocr_line' id='line_1_5' title="bbox 383 980 1888 1065; baseline 0.001 -19"><span class='ocrx_word' id='word_1_38' title='bbox 383 990 490 1047; x_wconf 87' lang='lat' dir='ltr'><strong>est</strong></span> <span class='ocrx_word' id='word_1_39' title='bbox 529 1000 737 1063; x_wconf 91' lang='lat' dir='ltr'><strong>usque</strong></span> <span class='ocrx_word' id='word_1_40' title='bbox 775 983 855 1044; x_wconf 91' lang='lat' dir='ltr'><strong>ad</strong></span> <span class='ocrx_word' id='word_1_41' title='bbox 902 980 1102 1045; x_wconf 81' lang='lat' dir='ltr'><strong>finem</strong></span> <span class='ocrx_word' id='word_1_42' title='bbox 1148 981 1351 1064; x_wconf 82' lang='lat' dir='ltr'><strong>praelii</strong></span> <span class='ocrx_word' id='word_1_43' title='bbox 1396 983 1614 1065; x_wconf 82' lang='lat' dir='ltr'><strong>hujuS,</strong></span> <span class='ocrx_word' id='word_1_44' title='bbox 1649 984 1718 1045; x_wconf 90' lang='lat' dir='ltr'><strong>in</strong></span> <span class='ocrx_word' id='word_1_45' title='bbox 1760 1002 1888 1065; x_wconf 92' lang='lat' dir='ltr'><strong>quo</strong></span> 
     </span>
     <span class='ocr_line' id='line_1_6' title="bbox 385 1079 1890 1167; baseline 0 -22"><span class='ocrx_word' id='word_1_46' title='bbox 385 1079 741 1167; x_wconf 74' lang='lat' dir='ltr'><strong>israelitica</strong></span> <span class='ocrx_word' id='word_1_47' title='bbox 761 1081 945 1163; x_wconf 82' lang='lat' dir='ltr'><strong>plebs</strong></span> <span class='ocrx_word' id='word_1_48' title='bbox 966 1080 1315 1145; x_wconf 88' lang='lat' dir='ltr'><strong>vindictam</strong></span> <span class='ocrx_word' id='word_1_49' title='bbox 1340 1080 1624 1144; x_wconf 85' lang='lat' dir='ltr'><strong>exercuit</strong></span> <span class='ocrx_word' id='word_1_50' title='bbox 1653 1081 1719 1144; x_wconf 89' lang='lat' dir='ltr'><strong>in</strong></span> <span class='ocrx_word' id='word_1_51' title='bbox 1740 1082 1890 1145; x_wconf 89' lang='lat' dir='ltr'><strong>Cha-</strong></span> 
     </span>
     <span class='ocr_line' id='line_1_7' title="bbox 386 1178 1887 1262; baseline 0.001 -19"><span class='ocrx_word' id='word_1_52' title='bbox 386 1198 678 1255; x_wconf 77' lang='lat' dir='ltr'><strong>nanaeOS,</strong></span> <span class='ocrx_word' id='word_1_53' title='bbox 730 1179 844 1262; x_wconf 90' lang='lat' dir='ltr'><strong>qui</strong></span> <span class='ocrx_word' id='word_1_54' title='bbox 893 1178 1320 1243; x_wconf 85' lang='lat' dir='ltr'><strong>Israelitarum</strong></span> <span class='ocrx_word' id='word_1_55' title='bbox 1376 1179 1887 1245; x_wconf 83' lang='lat' dir='ltr'><strong>interfectionem</strong></span> 
     </span>
     <span class='ocr_line' id='line_1_8' title="bbox 383 1278 1889 1361; baseline -0.001 -18"><span class='ocrx_word' id='word_1_56' title='bbox 383 1278 703 1360; x_wconf 86' lang='lat' dir='ltr'><strong>optabant</strong></span> <span class='ocrx_word' id='word_1_57' title='bbox 731 1287 796 1341; x_wconf 88' lang='lat' dir='ltr'><strong>et</strong></span> <span class='ocrx_word' id='word_1_58' title='bbox 823 1278 1378 1355; x_wconf 79' lang='lat' dir='ltr'><strong>machinabantur,</strong></span> <span class='ocrx_word' id='word_1_59' title='bbox 1415 1287 1776 1361; x_wconf 84' lang='lat' dir='ltr'><strong>terramque</strong></span> <span class='ocrx_word' id='word_1_60' title='bbox 1809 1279 1889 1342; x_wconf 88' lang='lat' dir='ltr'><strong>fi-</strong></span> 
     </span>
     <span class='ocr_line' id='line_1_9' title="bbox 385 1375 1890 1459; baseline 0.001 -20"><span class='ocrx_word' id='word_1_61' title='bbox 385 1376 500 1440; x_wconf 91' lang='lat' dir='ltr'><strong>liis</strong></span> <span class='ocrx_word' id='word_1_62' title='bbox 531 1376 721 1439; x_wconf 88' lang='lat' dir='ltr'><strong>lsrael</strong></span> <span class='ocrx_word' id='word_1_63' title='bbox 757 1375 1070 1439; x_wconf 89' lang='lat' dir='ltr'><strong>divinitus</strong></span> <span class='ocrx_word' id='word_1_64' title='bbox 1103 1376 1576 1458; x_wconf 87' lang='lat' dir='ltr'><strong>repromissam,</strong></span> <span class='ocrx_word' id='word_1_65' title='bbox 1612 1377 1890 1459; x_wconf 88' lang='lat' dir='ltr'><strong>posside-</strong></span> 
     </span>
     <span class='ocr_line' id='line_1_10' title="bbox 385 1476 1888 1558; baseline -0.003 -17"><span class='ocrx_word' id='word_1_66' title='bbox 385 1479 552 1541; x_wconf 84' lang='lat' dir='ltr'><strong>bant</strong></span> <span class='ocrx_word' id='word_1_67' title='bbox 602 1476 864 1558; x_wconf 81' lang='lat' dir='ltr'><strong>injuste.</strong></span> <span class='ocrx_word' id='word_1_68' title='bbox 905 1478 1135 1537; x_wconf 80' lang='lat' dir='ltr'><strong><em>Nonne</em></strong></span> <span class='ocrx_word' id='word_1_69' title='bbox 1175 1477 1490 1553; x_wconf 81' lang='lat' dir='ltr'><strong>scriptum</strong></span> <span class='ocrx_word' id='word_1_70' title='bbox 1529 1487 1619 1537; x_wconf 79' lang='lat' dir='ltr'><strong>est</strong></span> <span class='ocrx_word' id='word_1_71' title='bbox 1658 1479 1773 1537; x_wconf 80' lang='grc' dir='ltr'><em>Ιιοο</em></span> <span class='ocrx_word' id='word_1_72' title='bbox 1815 1479 1888 1538; x_wconf 82' lang='lat' dir='ltr'><strong>in</strong></span> 
     </span>
     <span class='ocr_line' id='line_1_11' title="bbox 383 1573 1889 1657; baseline -0.001 -20"><span class='ocrx_word' id='word_1_73' title='bbox 383 1579 559 1637; x_wconf 78' lang='lat' dir='ltr'><strong>libro</strong></span> <span class='ocrx_word' id='word_1_74' title='bbox 604 1579 939 1637; x_wconf 70' lang='lat' dir='ltr'><strong>Iustorum</strong></span> <span class='ocrx_word' id='word_1_75' title='bbox 961 1576 992 1634; x_wconf 83' lang='lat'><em>?</em></span> <span class='ocrx_word' id='word_1_76' title='bbox 1019 1573 1204 1655; x_wconf 85' lang='lat' dir='ltr'><strong>quasi</strong></span> <span class='ocrx_word' id='word_1_77' title='bbox 1253 1574 1445 1652; x_wconf 88' lang='lat' dir='ltr'><strong>dicat,</strong></span> <span class='ocrx_word' id='word_1_78' title='bbox 1487 1574 1739 1657; x_wconf 82' lang='lat' dir='ltr'><strong>Utique.</strong></span> <span class='ocrx_word' id='word_1_79' title='bbox 1774 1575 1889 1638; x_wconf 91' lang='lat' dir='ltr'><strong>Per</strong></span> 
     </span>
     <span class='ocr_line' id='line_1_12' title="bbox 384 1672 1888 1758; baseline -0.002 -18"><span class='ocrx_word' id='word_1_80' title='bbox 384 1676 566 1758; x_wconf 87' lang='lat' dir='ltr'><strong>quod</strong></span> <span class='ocrx_word' id='word_1_81' title='bbox 599 1672 886 1735; x_wconf 86' lang='lat' dir='ltr'><strong>insinuat</strong></span> <span class='ocrx_word' id='word_1_82' title='bbox 907 1682 1128 1736; x_wconf 83' lang='lat' dir='ltr'><strong>auctor</strong></span> <span class='ocrx_word' id='word_1_83' title='bbox 1156 1673 1662 1753; x_wconf 82' lang='lat' dir='ltr'><strong>magnitudinem</strong></span> <span class='ocrx_word' id='word_1_84' title='bbox 1695 1674 1888 1757; x_wconf 90' lang='lat' dir='ltr'><strong>hujus</strong></span> 
     </span>
     <span class='ocr_line' id='line_1_13' title="bbox 385 1771 1890 1854; baseline -0.001 -17"><span class='ocrx_word' id='word_1_85' title='bbox 385 1771 1182 1849; x_wconf 86' lang='lat' dir='ltr'><strong>miraculi‚certitudinem</strong></span> <span class='ocrx_word' id='word_1_86' title='bbox 1207 1790 1462 1854; x_wconf 91' lang='lat' dir='ltr'><strong>quoque</strong></span> <span class='ocrx_word' id='word_1_87' title='bbox 1484 1773 1770 1837; x_wconf 81' lang='lat' dir='ltr'><strong>veritatis</strong></span> <span class='ocrx_word' id='word_1_88' title='bbox 1802 1774 1890 1835; x_wconf 87' lang='lat' dir='ltr'><strong>hi-</strong></span> 
     </span>
    </p>
   </div>
   <div class='ocr_carea' id='block_1_4' title="bbox 1997 784 3492 1854">
    <p class='ocr_par' dir='ltr' id='par_1_4' title="bbox 1997 784 3492 1854">
     <span class='ocr_line' id='line_1_14' title="bbox 1997 784 3486 869; baseline 0.002 -23"><span class='ocrx_word' id='word_1_89' title='bbox 1997 784 2253 847; x_wconf 81' lang='lat' dir='ltr'><strong>dientiS.</strong></span> <span class='ocrx_word' id='word_1_90' title='bbox 2290 786 2441 849; x_wconf 92' lang='lat' dir='ltr'><strong>Nam</strong></span> <span class='ocrx_word' id='word_1_91' title='bbox 2483 786 2671 850; x_wconf 84' lang='lat' dir='ltr'><strong>Josue</strong></span> <span class='ocrx_word' id='word_1_92' title='bbox 2713 787 3113 869; x_wconf 90' lang='lat' dir='ltr'><strong>procurando</strong></span> <span class='ocrx_word' id='word_1_93' title='bbox 3145 786 3315 848; x_wconf 85' lang='lat' dir='ltr'><strong>istud</strong></span> <span class='ocrx_word' id='word_1_94' title='bbox 3346 804 3486 869; x_wconf 86' lang='lat' dir='ltr'><strong>pro-</strong></span> 
     </span>
     <span class='ocr_line' id='line_1_15' title="bbox 1997 884 3485 967; baseline 0.001 -22"><span class='ocrx_word' id='word_1_95' title='bbox 1997 884 2260 963; x_wconf 89' lang='lat' dir='ltr'><strong>digium,</strong></span> <span class='ocrx_word' id='word_1_96' title='bbox 2282 885 2530 949; x_wconf 89' lang='lat' dir='ltr'><strong>locutus</strong></span> <span class='ocrx_word' id='word_1_97' title='bbox 2550 894 2647 948; x_wconf 81' lang='lat' dir='ltr'><strong>est</strong></span> <span class='ocrx_word' id='word_1_98' title='bbox 2673 885 3049 967; x_wconf 86' lang='lat' dir='ltr'><strong>imperative</strong></span> <span class='ocrx_word' id='word_1_99' title='bbox 3072 885 3275 966; x_wconf 89' lang='lat' dir='ltr'><strong>magis</strong></span> <span class='ocrx_word' id='word_1_100' title='bbox 3293 904 3485 966; x_wconf 87' lang='lat' dir='ltr'><strong>quam</strong></span> 
     </span>
     <span class='ocr_line' id='line_1_16' title="bbox 1997 982 3487 1065; baseline 0 -20"><span class='ocrx_word' id='word_1_101' title='bbox 1997 982 2339 1061; x_wconf 87' lang='lat' dir='ltr'><strong>exorative,</strong></span> <span class='ocrx_word' id='word_1_102' title='bbox 2362 983 2653 1060; x_wconf 86' lang='lat' dir='ltr'><strong>dicendo,</strong></span> <span class='ocrx_word' id='word_1_103' title='bbox 2680 984 2783 1047; x_wconf 88' lang='lat' dir='ltr'><strong>Sol</strong></span> <span class='ocrx_word' id='word_1_104' title='bbox 2816 1003 2895 1047; x_wconf 90' lang='lat' dir='ltr'><strong>ne</strong></span> <span class='ocrx_word' id='word_1_105' title='bbox 2926 982 3282 1046; x_wconf 85' lang='lat' dir='ltr'><strong>movearis:</strong></span> <span class='ocrx_word' id='word_1_106' title='bbox 3316 982 3487 1065; x_wconf 88' lang='lat' dir='ltr'><strong>quod</strong></span> 
     </span>
     <span class='ocr_line' id='line_1_17' title="bbox 1999 1080 3491 1165; baseline 0 -22"><span class='ocrx_word' id='word_1_107' title='bbox 1999 1080 2342 1165; x_wconf 86' lang='lat' dir='ltr'><strong>imperium</strong></span> <span class='ocrx_word' id='word_1_108' title='bbox 2374 1082 2669 1165; x_wconf 90' lang='lat' dir='ltr'><strong>quamvis</strong></span> <span class='ocrx_word' id='word_1_109' title='bbox 2712 1082 2795 1144; x_wconf 90' lang='lat' dir='ltr'><strong>sit</strong></span> <span class='ocrx_word' id='word_1_110' title='bbox 2842 1082 3079 1145; x_wconf 81' lang='lat' dir='ltr'><strong>factum</strong></span> <span class='ocrx_word' id='word_1_111' title='bbox 3126 1081 3245 1145; x_wconf 91' lang='lat' dir='ltr'><strong>soli</strong></span> <span class='ocrx_word' id='word_1_112' title='bbox 3290 1090 3353 1144; x_wconf 88' lang='lat' dir='ltr'><strong>et</strong></span> <span class='ocrx_word' id='word_1_113' title='bbox 3396 1081 3491 1143; x_wconf 90' lang='lat' dir='ltr'><strong>lu-</strong></span> 
     </span>
     <span class='ocr_line' id='line_1_18' title="bbox 1999 1180 3491 1263; baseline 0 -22"><span class='ocrx_word' id='word_1_114' title='bbox 1999 1198 2116 1257; x_wconf 82' lang='lat' dir='ltr'><strong>nae,</strong></span> <span class='ocrx_word' id='word_1_115' title='bbox 2151 1198 2281 1243; x_wconf 91' lang='lat' dir='ltr'><strong>non</strong></span> <span class='ocrx_word' id='word_1_116' title='bbox 2331 1182 2477 1260; x_wconf 88' lang='lat' dir='ltr'><strong>Deo,</strong></span> <span class='ocrx_word' id='word_1_117' title='bbox 2514 1182 2677 1243; x_wconf 91' lang='lat' dir='ltr'><strong>Deus</strong></span> <span class='ocrx_word' id='word_1_118' title='bbox 2720 1190 2928 1244; x_wconf 90' lang='lat' dir='ltr'><strong>tamen</strong></span> <span class='ocrx_word' id='word_1_119' title='bbox 2969 1180 3089 1243; x_wconf 94' lang='lat' dir='ltr'><strong>hoc</strong></span> <span class='ocrx_word' id='word_1_120' title='bbox 3132 1180 3339 1263; x_wconf 89' lang='lat' dir='ltr'><strong>ipsum</strong></span> <span class='ocrx_word' id='word_1_121' title='bbox 3374 1180 3491 1241; x_wconf 87' lang='lat' dir='ltr'><strong>im-</strong></span> 
     </span>
     <span class='ocr_line' id='line_1_19' title="bbox 1998 1277 3491 1360; baseline 0 -21"><span class='ocrx_word' id='word_1_122' title='bbox 1998 1277 2233 1360; x_wconf 90' lang='lat' dir='ltr'><strong>plendo</strong></span> <span class='ocrx_word' id='word_1_123' title='bbox 2264 1278 2499 1341; x_wconf 90' lang='lat' dir='ltr'><strong>dicitur</strong></span> <span class='ocrx_word' id='word_1_124' title='bbox 2530 1279 2720 1343; x_wconf 91' lang='lat' dir='ltr'><strong>etiam</strong></span> <span class='ocrx_word' id='word_1_125' title='bbox 2763 1279 2903 1344; x_wconf 91' lang='lat' dir='ltr'><strong>voci</strong></span> <span class='ocrx_word' id='word_1_126' title='bbox 2947 1277 3248 1356; x_wconf 89' lang='lat' dir='ltr'><strong>hominis,</strong></span> <span class='ocrx_word' id='word_1_127' title='bbox 3285 1278 3351 1340; x_wconf 93' lang='lat' dir='ltr'><strong>id</strong></span> <span class='ocrx_word' id='word_1_128' title='bbox 3394 1286 3491 1340; x_wconf 83' lang='lat' dir='ltr'><strong>est</strong></span> 
     </span>
     <span class='ocr_line' id='line_1_20' title="bbox 1997 1375 3487 1460; baseline 0 -23"><span class='ocrx_word' id='word_1_129' title='bbox 1997 1375 2213 1439; x_wconf 89' lang='lat' dir='ltr'><strong>verbis</strong></span> <span class='ocrx_word' id='word_1_130' title='bbox 2243 1376 2349 1438; x_wconf 85' lang='lat' dir='ltr'><strong>his</strong></span> <span class='ocrx_word' id='word_1_131' title='bbox 2373 1378 2583 1455; x_wconf 86' lang='lat' dir='ltr'><strong>Josue,</strong></span> <span class='ocrx_word' id='word_1_132' title='bbox 2614 1377 2907 1441; x_wconf 80' lang='lat' dir='ltr'><strong>obedisse</strong></span> <span class='ocrx_word' id='word_1_133' title='bbox 2934 1394 2947 1439; x_wconf 91' lang='lat'>:</span> <span class='ocrx_word' id='word_1_134' title='bbox 2982 1377 3134 1460; x_wconf 89' lang='lat' dir='ltr'><strong>quia</strong></span> <span class='ocrx_word' id='word_1_135' title='bbox 3165 1376 3336 1459; x_wconf 90' lang='lat' dir='ltr'><strong>quod</strong></span> <span class='ocrx_word' id='word_1_136' title='bbox 3368 1375 3487 1439; x_wconf 90' lang='lat' dir='ltr'><strong>soli</strong></span> 
     </span>
     <span class='ocr_line' id='line_1_21' title="bbox 1997 1474 3492 1560; baseline 0.001 -23"><span class='ocrx_word' id='word_1_137' title='bbox 1997 1484 2060 1537; x_wconf 88' lang='lat' dir='ltr'><strong>et</strong></span> <span class='ocrx_word' id='word_1_138' title='bbox 2091 1474 2261 1539; x_wconf 84' lang='lat' dir='ltr'><strong>lunae</strong></span> <span class='ocrx_word' id='word_1_139' title='bbox 2303 1476 2791 1560; x_wconf 64' lang='lat' dir='ltr'><strong>praecipiebatur</strong></span> <span class='ocrx_word' id='word_1_140' title='bbox 2821 1496 2858 1539; x_wconf 93' lang='lat' dir='ltr'><strong>a</strong></span> <span class='ocrx_word' id='word_1_141' title='bbox 2884 1477 3094 1553; x_wconf 89' lang='lat' dir='ltr'><strong>Josue,</strong></span> <span class='ocrx_word' id='word_1_142' title='bbox 3130 1477 3291 1539; x_wconf 90' lang='lat' dir='ltr'><strong>Deus</strong></span> <span class='ocrx_word' id='word_1_143' title='bbox 3330 1474 3492 1539; x_wconf 77' lang='lat' dir='ltr'><strong>effe-</strong></span> 
     </span>
     <span class='ocr_line' id='line_1_22' title="bbox 1997 1573 3490 1655; baseline 0 -18"><span class='ocrx_word' id='word_1_144' title='bbox 1997 1574 2106 1651; x_wconf 89' lang='lat' dir='ltr'><strong>cit,</strong></span> <span class='ocrx_word' id='word_1_145' title='bbox 2146 1573 2388 1637; x_wconf 77' lang='lat' dir='ltr'><strong>faciens</strong></span> <span class='ocrx_word' id='word_1_146' title='bbox 2418 1574 2617 1637; x_wconf 90' lang='lat' dir='ltr'><strong>solem</strong></span> <span class='ocrx_word' id='word_1_147' title='bbox 2648 1582 2712 1637; x_wconf 84' lang='lat' dir='ltr'><strong>et</strong></span> <span class='ocrx_word' id='word_1_148' title='bbox 2744 1574 2959 1637; x_wconf 90' lang='lat' dir='ltr'><strong>lunam</strong></span> <span class='ocrx_word' id='word_1_149' title='bbox 2992 1582 3180 1638; x_wconf 86' lang='lat' dir='ltr'><strong>stare.</strong></span> <span class='ocrx_word' id='word_1_150' title='bbox 3204 1574 3490 1655; x_wconf 90' lang='lat' dir='ltr'><strong>Denique</strong></span> 
     </span>
     <span class='ocr_line' id='line_1_23' title="bbox 1997 1672 3485 1757; baseline 0 -23"><span class='ocrx_word' id='word_1_151' title='bbox 1997 1673 2170 1757; x_wconf 91' lang='lat' dir='ltr'><strong>quod</strong></span> <span class='ocrx_word' id='word_1_152' title='bbox 2214 1672 2323 1751; x_wconf 89' lang='lat' dir='ltr'><strong>ait,</strong></span> <span class='ocrx_word' id='word_1_153' title='bbox 2360 1672 2543 1735; x_wconf 88' lang='lat' dir='ltr'><strong>Stetit</strong></span> <span class='ocrx_word' id='word_1_154' title='bbox 2587 1673 2805 1754; x_wconf 85' lang='lat' dir='ltr'><strong>itaque</strong></span> <span class='ocrx_word' id='word_1_155' title='bbox 2836 1674 2929 1737; x_wconf 90' lang='lat' dir='ltr'><strong>sol</strong></span> <span class='ocrx_word' id='word_1_156' title='bbox 2969 1673 3035 1735; x_wconf 90' lang='lat' dir='ltr'><strong>in</strong></span> <span class='ocrx_word' id='word_1_157' title='bbox 3073 1674 3285 1736; x_wconf 90' lang='lat' dir='ltr'><strong>medio</strong></span> <span class='ocrx_word' id='word_1_158' title='bbox 3315 1672 3485 1749; x_wconf 87' lang='lat' dir='ltr'><strong>coeli,</strong></span> 
     </span>
     <span class='ocr_line' id='line_1_24' title="bbox 1999 1772 3491 1854; baseline 0 -19"><span class='ocrx_word' id='word_1_159' title='bbox 1999 1773 2078 1835; x_wconf 93' lang='lat' dir='ltr'><strong>de</strong></span> <span class='ocrx_word' id='word_1_160' title='bbox 2127 1772 2282 1835; x_wconf 90' lang='lat' dir='ltr'><strong>luna</strong></span> <span class='ocrx_word' id='word_1_161' title='bbox 2330 1791 2585 1854; x_wconf 91' lang='lat' dir='ltr'><strong>quoque</strong></span> <span class='ocrx_word' id='word_1_162' title='bbox 2633 1782 2729 1835; x_wconf 87' lang='lat' dir='ltr'><strong>est</strong></span> <span class='ocrx_word' id='word_1_163' title='bbox 2778 1772 3289 1853; x_wconf 86' lang='lat' dir='ltr'><strong>intelligendum,</strong></span> <span class='ocrx_word' id='word_1_164' title='bbox 3338 1790 3491 1854; x_wconf 90' lang='lat' dir='ltr'><strong>quo-</strong></span> 
     </span>
    </p>
   </div>
   <div class='ocr_carea' id='block_1_5' title="bbox 383 1864 3487 1952">
    <p class='ocr_par' dir='ltr' id='par_1_5' title="bbox 383 1864 3487 1952">
     <span class='ocr_line' id='line_1_25' title="bbox 383 1864 3487 1952; baseline -0.001 -17"><span class='ocrx_word' id='word_1_165' title='bbox 383 1872 607 1937; x_wconf 83' lang='lat' dir='ltr'><strong>storiae</strong></span> <span class='ocrx_word' id='word_1_166' title='bbox 655 1872 736 1934; x_wconf 91' lang='lat' dir='ltr'><strong>de</strong></span> <span class='ocrx_word' id='word_1_167' title='bbox 784 1870 1050 1934; x_wconf 90' lang='lat' dir='ltr'><strong>eodem:</strong></span> <span class='ocrx_word' id='word_1_168' title='bbox 1088 1878 1392 1952; x_wconf 85' lang='lat' dir='ltr'><strong>tanquam</strong></span> <span class='ocrx_word' id='word_1_169' title='bbox 1443 1871 1634 1948; x_wconf 87' lang='lat' dir='ltr'><strong>dicat,</strong></span> <span class='ocrx_word' id='word_1_170' title='bbox 1676 1872 1891 1935; x_wconf 82' lang='lat' dir='ltr'><strong>Prodi·</strong></span> <span class='ocrx_word' id='word_1_171' title='bbox 1925 1864 1972 1926; x_wconf 93' lang='grc' dir='ltr'>Β</span> <span class='ocrx_word' id='word_1_172' title='bbox 2001 1870 2174 1933; x_wconf 89' lang='lat' dir='ltr'><strong>niam</strong></span> <span class='ocrx_word' id='word_1_173' title='bbox 2226 1890 2405 1951; x_wconf 82' lang='lat' dir='ltr'><strong>aeque</strong></span> <span class='ocrx_word' id='word_1_174' title='bbox 2455 1870 2563 1933; x_wconf 92' lang='lat' dir='ltr'><strong>diu</strong></span> <span class='ocrx_word' id='word_1_175' title='bbox 2621 1880 2953 1935; x_wconf 85' lang='lat' dir='ltr'><strong>steterunt.</strong></span> <span class='ocrx_word' id='word_1_176' title='bbox 3008 1870 3249 1935; x_wconf 75' lang='lat' dir='ltr'><strong>Dicitur</strong></span> <span class='ocrx_word' id='word_1_177' title='bbox 3298 1870 3487 1933; x_wconf 88' lang='lat' dir='ltr'><strong>etiam</strong></span> 
     </span>
    </p>
   </div>
   <div class='ocr_carea' id='block_1_6' title="bbox 383 1970 1892 3041">
    <p class='ocr_par' dir='ltr' id='par_1_6' title="bbox 383 1970 1892 3041">
     <span class='ocr_line' id='line_1_26' title="bbox 383 1970 1889 2054; baseline 0.001 -21"><span class='ocrx_word' id='word_1_178' title='bbox 383 1972 568 2054; x_wconf 82' lang='lat' dir='ltr'><strong>gium</strong></span> <span class='ocrx_word' id='word_1_179' title='bbox 602 1970 774 2033; x_wconf 89' lang='lat' dir='ltr'><strong>istud</strong></span> <span class='ocrx_word' id='word_1_180' title='bbox 807 1970 934 2033; x_wconf 88' lang='lat' dir='ltr'><strong>tale</strong></span> <span class='ocrx_word' id='word_1_181' title='bbox 965 1988 1038 2032; x_wconf 88' lang='lat' dir='ltr'><strong>ac</strong></span> <span class='ocrx_word' id='word_1_182' title='bbox 1079 1977 1328 2032; x_wconf 84' lang='lat' dir='ltr'><strong>tantum</strong></span> <span class='ocrx_word' id='word_1_183' title='bbox 1355 1978 1550 2051; x_wconf 89' lang='lat' dir='ltr'><strong>atque</strong></span> <span class='ocrx_word' id='word_1_184' title='bbox 1580 1978 1708 2032; x_wconf 87' lang='lat' dir='ltr'><strong>tam</strong></span> <span class='ocrx_word' id='word_1_185' title='bbox 1741 1990 1889 2035; x_wconf 88' lang='lat' dir='ltr'><strong>vere</strong></span> 
     </span>
     <span class='ocr_line' id='line_1_27' title="bbox 383 2067 1890 2145; baseline -0.002 -10"><span class='ocrx_word' id='word_1_186' title='bbox 383 2080 488 2135; x_wconf 88' lang='lat' dir='ltr'><strong>est</strong></span> <span class='ocrx_word' id='word_1_187' title='bbox 533 2070 800 2145; x_wconf 78' lang='lat' dir='ltr'><strong>factum,</strong></span> <span class='ocrx_word' id='word_1_188' title='bbox 835 2077 907 2131; x_wconf 86' lang='lat' dir='ltr'><strong>ut</strong></span> <span class='ocrx_word' id='word_1_189' title='bbox 944 2068 1013 2130; x_wconf 90' lang='lat' dir='ltr'><strong>in</strong></span> <span class='ocrx_word' id='word_1_190' title='bbox 1053 2067 1220 2131; x_wconf 91' lang='lat' dir='ltr'><strong>libro</strong></span> <span class='ocrx_word' id='word_1_191' title='bbox 1260 2068 1662 2131; x_wconf 88' lang='lat' dir='ltr'><strong>contineatur</strong></span> <span class='ocrx_word' id='word_1_192' title='bbox 1690 2070 1890 2133; x_wconf 79' lang='lat' dir='ltr'><strong>lusto-</strong></span> 
     </span>
     <span class='ocr_line' id='line_1_28' title="bbox 385 2166 1892 2249; baseline -0.001 -18"><span class='ocrx_word' id='word_1_193' title='bbox 385 2190 560 2233; x_wconf 89' lang='lat' dir='ltr'><strong>rum.</strong></span> <span class='ocrx_word' id='word_1_194' title='bbox 595 2169 810 2244; x_wconf 90' lang='lat' dir='ltr'><strong>Porro,</strong></span> <span class='ocrx_word' id='word_1_195' title='bbox 844 2168 1002 2249; x_wconf 93' lang='lat' dir='ltr'><strong>quid</strong></span> <span class='ocrx_word' id='word_1_196' title='bbox 1033 2186 1148 2248; x_wconf 86' lang='lat' dir='ltr'><strong>per</strong></span> <span class='ocrx_word' id='word_1_197' title='bbox 1179 2166 1415 2229; x_wconf 90' lang='lat' dir='ltr'><strong>librum</strong></span> <span class='ocrx_word' id='word_1_198' title='bbox 1445 2168 1764 2230; x_wconf 86' lang='lat' dir='ltr'><strong>Justorum</strong></span> <span class='ocrx_word' id='word_1_199' title='bbox 1799 2168 1892 2230; x_wconf 91' lang='lat' dir='ltr'><strong>in-</strong></span> 
     </span>
     <span class='ocr_line' id='line_1_29' title="bbox 389 2264 1890 2347; baseline -0.001 -16"><span class='ocrx_word' id='word_1_200' title='bbox 389 2268 816 2347; x_wconf 79' lang='lat' dir='ltr'><strong>telligendum</strong></span> <span class='ocrx_word' id='word_1_201' title='bbox 849 2266 954 2343; x_wconf 88' lang='lat' dir='ltr'><strong>sit,</strong></span> <span class='ocrx_word' id='word_1_202' title='bbox 990 2264 1162 2328; x_wconf 77' lang='lat' dir='ltr'><strong>infra</strong></span> <span class='ocrx_word' id='word_1_203' title='bbox 1195 2273 1507 2345; x_wconf 84' lang='lat' dir='ltr'><strong>tangetur.</strong></span> <span class='ocrx_word' id='word_1_204' title='bbox 1543 2268 1736 2328; x_wconf 75' lang='lat' dir='ltr'><strong>Stetit</strong></span> <span class='ocrx_word' id='word_1_205' title='bbox 1769 2270 1890 2329; x_wconf 81' lang='lat' dir='ltr'><strong>ica-</strong></span> 
     </span>
     <span class='ocr_line' id='line_1_30' title="bbox 387 2364 1888 2449; baseline -0.001 -20"><span class='ocrx_word' id='word_1_206' title='bbox 387 2388 516 2449; x_wconf 81' lang='lat' dir='ltr'><strong>que</strong></span> <span class='ocrx_word' id='word_1_207' title='bbox 562 2371 660 2427; x_wconf 76' lang='lat' dir='ltr'><strong>sol</strong></span> <span class='ocrx_word' id='word_1_208' title='bbox 714 2368 790 2426; x_wconf 79' lang='lat' dir='ltr'><strong>in</strong></span> <span class='ocrx_word' id='word_1_209' title='bbox 838 2367 1048 2425; x_wconf 85' lang='lat' dir='ltr'><strong>medio</strong></span> <span class='ocrx_word' id='word_1_210' title='bbox 1096 2366 1262 2425; x_wconf 83' lang='lat' dir='ltr'><strong>coeli.</strong></span> <span class='ocrx_word' id='word_1_211' title='bbox 1314 2364 1402 2425; x_wconf 84' lang='lat' dir='ltr'><strong>Ex</strong></span> <span class='ocrx_word' id='word_1_212' title='bbox 1460 2364 1580 2427; x_wconf 92' lang='lat' dir='ltr'><strong>hoc</strong></span> <span class='ocrx_word' id='word_1_213' title='bbox 1626 2366 1888 2446; x_wconf 88' lang='lat' dir='ltr'><strong>quidam</strong></span> 
     </span>
     <span class='ocr_line' id='line_1_31' title="bbox 387 2462 1888 2545; baseline -0.003 -13"><span class='ocrx_word' id='word_1_214' title='bbox 387 2466 815 2541; x_wconf 89' lang='lat' dir='ltr'><strong>concludunt,</strong></span> <span class='ocrx_word' id='word_1_215' title='bbox 849 2464 1020 2545; x_wconf 91' lang='lat' dir='ltr'><strong>quod</strong></span> <span class='ocrx_word' id='word_1_216' title='bbox 1064 2462 1159 2526; x_wconf 90' lang='lat' dir='ltr'><strong>sol</strong></span> <span class='ocrx_word' id='word_1_217' title='bbox 1195 2472 1347 2526; x_wconf 91' lang='lat' dir='ltr'><strong>tunc</strong></span> <span class='ocrx_word' id='word_1_218' title='bbox 1375 2472 1510 2526; x_wconf 87' lang='lat' dir='ltr'><strong>erat</strong></span> <span class='ocrx_word' id='word_1_219' title='bbox 1540 2464 1606 2526; x_wconf 93' lang='lat' dir='ltr'><strong>in</strong></span> <span class='ocrx_word' id='word_1_220' title='bbox 1640 2483 1888 2527; x_wconf 90' lang='lat' dir='ltr'><strong>summo</strong></span> 
     </span>
     <span class='ocr_line' id='line_1_32' title="bbox 387 2562 1884 2645; baseline -0.003 -15"><span class='ocrx_word' id='word_1_221' title='bbox 387 2574 606 2630; x_wconf 89' lang='lat' dir='ltr'><strong>motus</strong></span> <span class='ocrx_word' id='word_1_222' title='bbox 639 2564 736 2625; x_wconf 85' lang='lat' dir='ltr'><strong>sui</strong></span> <span class='ocrx_word' id='word_1_223' title='bbox 769 2581 1040 2626; x_wconf 87' lang='lat' dir='ltr'><strong>ascensu</strong></span> <span class='ocrx_word' id='word_1_224' title='bbox 1069 2570 1134 2625; x_wconf 89' lang='lat' dir='ltr'><strong>et</strong></span> <span class='ocrx_word' id='word_1_225' title='bbox 1163 2570 1402 2645; x_wconf 90' lang='lat' dir='ltr'><strong>puncto</strong></span> <span class='ocrx_word' id='word_1_226' title='bbox 1442 2562 1844 2627; x_wconf 88' lang='lat' dir='ltr'><strong>meridionali</strong></span> <span class='ocrx_word' id='word_1_227' title='bbox 1872 2582 1884 2626; x_wconf 93' lang='lat'><strong>:</strong></span> 
     </span>
     <span class='ocr_line' id='line_1_33' title="bbox 385 2660 1889 2748; baseline -0.001 -21"><span class='ocrx_word' id='word_1_228' title='bbox 385 2665 568 2748; x_wconf 87' lang='lat' dir='ltr'><strong>quod</strong></span> <span class='ocrx_word' id='word_1_229' title='bbox 598 2671 768 2725; x_wconf 87' lang='lat' dir='ltr'><strong>stare</strong></span> <span class='ocrx_word' id='word_1_230' title='bbox 799 2679 930 2724; x_wconf 90' lang='lat' dir='ltr'><strong>non</strong></span> <span class='ocrx_word' id='word_1_231' title='bbox 964 2669 1194 2742; x_wconf 84' lang='lat' dir='ltr'><strong>potest,</strong></span> <span class='ocrx_word' id='word_1_232' title='bbox 1215 2670 1348 2723; x_wconf 90' lang='lat' dir='ltr'><strong>tum</strong></span> <span class='ocrx_word' id='word_1_233' title='bbox 1381 2660 1535 2743; x_wconf 90' lang='lat' dir='ltr'><strong>quia</strong></span> <span class='ocrx_word' id='word_1_234' title='bbox 1561 2662 1660 2740; x_wconf 91' lang='lat' dir='ltr'><strong>(ut</strong></span> <span class='ocrx_word' id='word_1_235' title='bbox 1689 2662 1889 2743; x_wconf 88' lang='lat' dir='ltr'><strong>aliqui</strong></span> 
     </span>
     <span class='ocr_line' id='line_1_34' title="bbox 387 2758 1890 2843; baseline -0.003 -16"><span class='ocrx_word' id='word_1_236' title='bbox 387 2763 648 2843; x_wconf 89' lang='lat' dir='ltr'><strong>dicunt)</strong></span> <span class='ocrx_word' id='word_1_237' title='bbox 677 2760 918 2824; x_wconf 81' lang='lat' dir='ltr'><strong>factum</strong></span> <span class='ocrx_word' id='word_1_238' title='bbox 951 2767 1049 2821; x_wconf 92' lang='lat' dir='ltr'><strong>est</strong></span> <span class='ocrx_word' id='word_1_239' title='bbox 1077 2758 1331 2840; x_wconf 88' lang='lat' dir='ltr'><strong>signum</strong></span> <span class='ocrx_word' id='word_1_240' title='bbox 1373 2759 1542 2822; x_wconf 90' lang='lat' dir='ltr'><strong>istud</strong></span> <span class='ocrx_word' id='word_1_241' title='bbox 1584 2760 1650 2821; x_wconf 90' lang='lat' dir='ltr'><strong>in</strong></span> <span class='ocrx_word' id='word_1_242' title='bbox 1692 2760 1890 2843; x_wconf 89' lang='lat' dir='ltr'><strong>pleni-</strong></span> 
     </span>
     <span class='ocr_line' id='line_1_35' title="bbox 387 2856 1890 2941; baseline -0.003 -15"><span class='ocrx_word' id='word_1_243' title='bbox 387 2862 572 2926; x_wconf 89' lang='lat' dir='ltr'><strong>lunio</strong></span> <span class='ocrx_word' id='word_1_244' title='bbox 603 2878 718 2923; x_wconf 92' lang='lat' dir='ltr'><strong>seu</strong></span> <span class='ocrx_word' id='word_1_245' title='bbox 753 2868 1040 2941; x_wconf 88' lang='lat' dir='ltr'><strong>tempore</strong></span> <span class='ocrx_word' id='word_1_246' title='bbox 1068 2856 1515 2939; x_wconf 83' lang='lat' dir='ltr'><strong>oppositionis,</strong></span> <span class='ocrx_word' id='word_1_247' title='bbox 1543 2858 1608 2920; x_wconf 92' lang='lat' dir='ltr'><strong>in</strong></span> <span class='ocrx_word' id='word_1_248' title='bbox 1640 2878 1768 2941; x_wconf 89' lang='lat' dir='ltr'><strong>quo</strong></span> <span class='ocrx_word' id='word_1_249' title='bbox 1799 2860 1890 2922; x_wconf 89' lang='lat' dir='ltr'><strong>lu-</strong></span> 
     </span>
     <span class='ocr_line' id='line_1_36' title="bbox 389 2958 1890 3041; baseline -0.001 -17"><span class='ocrx_word' id='word_1_250' title='bbox 389 2982 475 3024; x_wconf 90' lang='lat' dir='ltr'><strong>na</strong></span> <span class='ocrx_word' id='word_1_251' title='bbox 505 2979 636 3024; x_wconf 91' lang='lat' dir='ltr'><strong>non</strong></span> <span class='ocrx_word' id='word_1_252' title='bbox 679 2964 948 3041; x_wconf 89' lang='lat' dir='ltr'><strong>apparet</strong></span> <span class='ocrx_word' id='word_1_253' title='bbox 986 2975 1178 3038; x_wconf 90' lang='lat' dir='ltr'><strong>super</strong></span> <span class='ocrx_word' id='word_1_254' title='bbox 1223 2966 1454 3020; x_wconf 87' lang='lat' dir='ltr'><strong>terram</strong></span> <span class='ocrx_word' id='word_1_255' title='bbox 1498 2958 1655 3021; x_wconf 91' lang='lat' dir='ltr'><strong>hora</strong></span> <span class='ocrx_word' id='word_1_256' title='bbox 1705 2959 1890 3022; x_wconf 91' lang='lat' dir='ltr'><strong>meri-</strong></span> 
     </span>
    </p>
   </div>
   <div class='ocr_carea' id='block_1_7' title="bbox 1999 1968 3493 2841">
    <p class='ocr_par' dir='ltr' id='par_1_7' title="bbox 1999 1968 3493 2841">
     <span class='ocr_line' id='line_1_37' title="bbox 2000 1968 3492 2047; baseline 0.001 -15"><span class='ocrx_word' id='word_1_257' title='bbox 2000 1970 2163 2032; x_wconf 91' lang='lat' dir='ltr'><strong>Deus</strong></span> <span class='ocrx_word' id='word_1_258' title='bbox 2196 1970 2336 2033; x_wconf 91' lang='lat' dir='ltr'><strong>voci</strong></span> <span class='ocrx_word' id='word_1_259' title='bbox 2370 1970 2649 2033; x_wconf 90' lang='lat' dir='ltr'><strong>hominis</strong></span> <span class='ocrx_word' id='word_1_260' title='bbox 2678 1970 2991 2047; x_wconf 86' lang='lat' dir='ltr'><strong>obedisse,</strong></span> <span class='ocrx_word' id='word_1_261' title='bbox 3012 1971 3320 2033; x_wconf 89' lang='lat' dir='ltr'><strong>sumendo</strong></span> <span class='ocrx_word' id='word_1_262' title='bbox 3348 1968 3492 2033; x_wconf 89' lang='lat' dir='ltr'><strong>obe·</strong></span> 
     </span>
     <span class='ocr_line' id='line_1_38' title="bbox 2000 2068 3492 2151; baseline -0.001 -20"><span class='ocrx_word' id='word_1_263' title='bbox 2000 2068 2305 2131; x_wconf 89' lang='lat' dir='ltr'><strong>dientiam</strong></span> <span class='ocrx_word' id='word_1_264' title='bbox 2352 2077 2610 2131; x_wconf 83' lang='lat' dir='ltr'><strong>extense</strong></span> <span class='ocrx_word' id='word_1_265' title='bbox 2649 2087 2765 2151; x_wconf 87' lang='lat' dir='ltr'><strong>pro</strong></span> <span class='ocrx_word' id='word_1_266' title='bbox 2795 2070 3067 2149; x_wconf 90' lang='lat' dir='ltr'><strong>quadam</strong></span> <span class='ocrx_word' id='word_1_267' title='bbox 3112 2068 3492 2132; x_wconf 90' lang='lat' dir='ltr'><strong>condescen-</strong></span> 
     </span>
     <span class='ocr_line' id='line_1_39' title="bbox 2001 2166 3487 2249; baseline -0.001 -20"><span class='ocrx_word' id='word_1_268' title='bbox 2001 2167 2203 2230; x_wconf 89' lang='lat' dir='ltr'><strong>sione.</strong></span> <span class='ocrx_word' id='word_1_269' title='bbox 2240 2167 2341 2229; x_wconf 92' lang='lat' dir='ltr'><strong>Sic</strong></span> <span class='ocrx_word' id='word_1_270' title='bbox 2390 2166 2561 2230; x_wconf 90' lang='lat' dir='ltr'><strong>enim</strong></span> <span class='ocrx_word' id='word_1_271' title='bbox 2607 2166 2897 2249; x_wconf 84' lang='lat' dir='ltr'><strong>superior</strong></span> <span class='ocrx_word' id='word_1_272' title='bbox 2931 2166 3167 2229; x_wconf 89' lang='lat' dir='ltr'><strong>dicitur</strong></span> <span class='ocrx_word' id='word_1_273' title='bbox 3198 2166 3487 2230; x_wconf 82' lang='lat' dir='ltr'><strong>inferiori</strong></span> 
     </span>
     <span class='ocr_line' id='line_1_40' title="bbox 1999 2264 3493 2348; baseline -0.001 -19"><span class='ocrx_word' id='word_1_274' title='bbox 1999 2265 2282 2342; x_wconf 88' lang='lat' dir='ltr'><strong>obedire,</strong></span> <span class='ocrx_word' id='word_1_275' title='bbox 2317 2266 2469 2328; x_wconf 92' lang='lat' dir='ltr'><strong>dum</strong></span> <span class='ocrx_word' id='word_1_276' title='bbox 2514 2266 2655 2347; x_wconf 89' lang='lat' dir='ltr'><strong>cjus</strong></span> <span class='ocrx_word' id='word_1_277' title='bbox 2698 2265 3011 2329; x_wconf 89' lang='lat' dir='ltr'><strong>voluntati</strong></span> <span class='ocrx_word' id='word_1_278' title='bbox 3051 2264 3401 2348; x_wconf 88' lang='lat' dir='ltr'><strong>acquiescit</strong></span> <span class='ocrx_word' id='word_1_279' title='bbox 3428 2273 3493 2328; x_wconf 89' lang='lat' dir='ltr'><strong>et</strong></span> 
     </span>
     <span class='ocr_line' id='line_1_41' title="bbox 1999 2362 3491 2446; baseline 0 -19"><span class='ocrx_word' id='word_1_280' title='bbox 1999 2362 2473 2427; x_wconf 88' lang='lat' dir='ltr'><strong>condescendit.</strong></span> <span class='ocrx_word' id='word_1_281' title='bbox 2506 2364 2765 2446; x_wconf 88' lang='lat' dir='ltr'><strong>Proprie</strong></span> <span class='ocrx_word' id='word_1_282' title='bbox 2814 2373 3048 2441; x_wconf 89' lang='lat' dir='ltr'><strong>autem,</strong></span> <span class='ocrx_word' id='word_1_283' title='bbox 3086 2364 3347 2428; x_wconf 88' lang='lat' dir='ltr'><strong>obedire</strong></span> <span class='ocrx_word' id='word_1_284' title='bbox 3395 2382 3491 2427; x_wconf 91' lang='lat' dir='ltr'><strong>rc-</strong></span> 
     </span>
     <span class='ocr_line' id='line_1_42' title="bbox 2000 2462 3485 2547; baseline 0 -22"><span class='ocrx_word' id='word_1_285' title='bbox 2000 2462 2191 2547; x_wconf 89' lang='lat' dir='ltr'><strong>spicit</strong></span> <span class='ocrx_word' id='word_1_286' title='bbox 2222 2482 2338 2545; x_wconf 89' lang='lat' dir='ltr'><strong>pro</strong></span> <span class='ocrx_word' id='word_1_287' title='bbox 2377 2463 2630 2544; x_wconf 84' lang='lat' dir='ltr'><strong>objecto</strong></span> <span class='ocrx_word' id='word_1_288' title='bbox 2674 2472 3061 2546; x_wconf 64' lang='lat' dir='ltr'><strong>praeceptum</strong></span> <span class='ocrx_word' id='word_1_289' title='bbox 3116 2464 3485 2546; x_wconf 79' lang='lat' dir='ltr'><strong>superioriS.</strong></span> 
     </span>
     <span class='ocr_line' id='line_1_43' title="bbox 2001 2562 3491 2643; baseline -0.001 -18"><span class='ocrx_word' id='word_1_290' title='bbox 2001 2562 2120 2625; x_wconf 89' lang='lat' dir='ltr'><strong>Sed</strong></span> <span class='ocrx_word' id='word_1_291' title='bbox 2150 2571 2215 2625; x_wconf 89' lang='lat' dir='ltr'><strong>et</strong></span> <span class='ocrx_word' id='word_1_292' title='bbox 2233 2562 2419 2625; x_wconf 88' lang='lat' dir='ltr'><strong>valde</strong></span> <span class='ocrx_word' id='word_1_293' title='bbox 2450 2571 2871 2643; x_wconf 83' lang='lat' dir='ltr'><strong>congruenter</strong></span> <span class='ocrx_word' id='word_1_294' title='bbox 2892 2563 3053 2625; x_wconf 90' lang='lat' dir='ltr'><strong>Deus</strong></span> <span class='ocrx_word' id='word_1_295' title='bbox 3084 2563 3177 2625; x_wconf 92' lang='lat' dir='ltr'><strong>sic</strong></span> <span class='ocrx_word' id='word_1_296' title='bbox 3207 2562 3491 2626; x_wconf 91' lang='lat' dir='ltr'><strong>obedivit</strong></span> 
     </span>
     <span class='ocr_line' id='line_1_44' title="bbox 1999 2660 3491 2743; baseline -0.003 -17"><span class='ocrx_word' id='word_1_297' title='bbox 1999 2660 2141 2726; x_wconf 89' lang='lat' dir='ltr'><strong>voci</strong></span> <span class='ocrx_word' id='word_1_298' title='bbox 2170 2660 2701 2741; x_wconf 84' lang='lat' dir='ltr'><strong>Josue,quoniam</strong></span> <span class='ocrx_word' id='word_1_299' title='bbox 2736 2660 2873 2743; x_wconf 89' lang='lat' dir='ltr'><strong>ipse</strong></span> <span class='ocrx_word' id='word_1_300' title='bbox 2889 2662 3077 2724; x_wconf 84' lang='lat' dir='ltr'><strong>Josuc</strong></span> <span class='ocrx_word' id='word_1_301' title='bbox 3106 2660 3491 2724; x_wconf 90' lang='lat' dir='ltr'><strong>obedientis-</strong></span> 
     </span>
     <span class='ocr_line' id='line_1_45' title="bbox 1999 2758 3489 2841; baseline -0.001 -19"><span class='ocrx_word' id='word_1_302' title='bbox 1999 2759 2203 2823; x_wconf 89' lang='lat' dir='ltr'><strong>simus</strong></span> <span class='ocrx_word' id='word_1_303' title='bbox 2253 2758 2375 2822; x_wconf 82' lang='lat' dir='ltr'><strong>fuit</strong></span> <span class='ocrx_word' id='word_1_304' title='bbox 2418 2760 2544 2822; x_wconf 89' lang='lat' dir='ltr'><strong>Deo</strong></span> <span class='ocrx_word' id='word_1_305' title='bbox 2576 2777 2589 2821; x_wconf 75' lang='grc' dir='ltr'><strong>ε</strong></span> <span class='ocrx_word' id='word_1_306' title='bbox 2623 2758 2775 2841; x_wconf 89' lang='lat' dir='ltr'><strong>quia</strong></span> <span class='ocrx_word' id='word_1_307' title='bbox 2804 2760 2903 2839; x_wconf 90' lang='lat' dir='ltr'><strong>(ut</strong></span> <span class='ocrx_word' id='word_1_308' title='bbox 2933 2759 3173 2822; x_wconf 87' lang='lat' dir='ltr'><strong>dictum</strong></span> <span class='ocrx_word' id='word_1_309' title='bbox 3206 2762 3329 2839; x_wconf 87' lang='lat' dir='ltr'><strong>est)</strong></span> <span class='ocrx_word' id='word_1_310' title='bbox 3362 2778 3489 2823; x_wconf 92' lang='lat' dir='ltr'><strong>non</strong></span> 
     </span>
    </p>
   </div>
   <div class='ocr_carea' id='block_1_8' title="bbox 2001 2856 3776 2997">
    <p class='ocr_par' dir='ltr' id='par_1_8' title="bbox 2001 2856 3776 2997">
     <span class='ocr_line' id='line_1_46' title="bbox 2001 2856 3776 2940; baseline 0.001 -20"><span class='ocrx_word' id='word_1_311' title='bbox 2001 2856 2262 2920; x_wconf 86' lang='lat' dir='ltr'><strong>recessit</strong></span> <span class='ocrx_word' id='word_1_312' title='bbox 2290 2856 2370 2919; x_wconf 88' lang='lat' dir='ltr'><strong>ab</strong></span> <span class='ocrx_word' id='word_1_313' title='bbox 2400 2856 2699 2920; x_wconf 90' lang='lat' dir='ltr'><strong>omnibus</strong></span> <span class='ocrx_word' id='word_1_314' title='bbox 2730 2857 2839 2921; x_wconf 91' lang='lat' dir='ltr'><strong>Dei</strong></span> <span class='ocrx_word' id='word_1_315' title='bbox 2872 2857 3227 2940; x_wconf 71' lang='lat' dir='ltr'><strong>praeceptis,</strong></span> <span class='ocrx_word' id='word_1_316' title='bbox 3264 2876 3380 2921; x_wconf 90' lang='lat' dir='ltr'><strong>nec</strong></span> <span class='ocrx_word' id='word_1_317' title='bbox 3410 2858 3487 2920; x_wconf 93' lang='lat' dir='ltr'><strong>ad</strong></span> <span class='ocrx_word' id='word_1_318' title='bbox 3540 2883 3776 2933; x_wconf 64' lang='lat' dir='ltr'><strong>Joe„0‚,7;</strong></span> 
     </span>
     <span class='ocr_line' id='line_1_47' title="bbox 3558 2948 3691 2997; baseline 0.008 -9"><span class='ocrx_word' id='word_1_319' title='bbox 3558 2960 3602 2997; x_wconf 82' lang='grc' dir='ltr'><strong>ιι,</strong></span> <span class='ocrx_word' id='word_1_320' title='bbox 3622 2948 3691 2989; x_wconf 76' lang='grc'><strong>35.</strong></span> 
     </span>
    </p>
   </div>
   <div class='ocr_carea' id='block_1_9' title="bbox 2000 2956 3556 3034">
    <p class='ocr_par' dir='ltr' id='par_1_9' title="bbox 2000 2956 3556 3034">
     <span class='ocr_line' id='line_1_48' title="bbox 2000 2956 3556 3034; baseline 0 -15"><span class='ocrx_word' id='word_1_321' title='bbox 2000 2957 2325 3019; x_wconf 88' lang='lat' dir='ltr'><strong>dexteram</strong></span> <span class='ocrx_word' id='word_1_322' title='bbox 2376 2975 2494 3019; x_wconf 91' lang='lat' dir='ltr'><strong>nec</strong></span> <span class='ocrx_word' id='word_1_323' title='bbox 2540 2957 2619 3019; x_wconf 91' lang='lat' dir='ltr'><strong>ad</strong></span> <span class='ocrx_word' id='word_1_324' title='bbox 2674 2956 3021 3034; x_wconf 88' lang='lat' dir='ltr'><strong>sinistram,</strong></span> <span class='ocrx_word' id='word_1_325' title='bbox 3077 2976 3194 3019; x_wconf 90' lang='lat' dir='ltr'><strong>nec</strong></span> <span class='ocrx_word' id='word_1_326' title='bbox 3243 2957 3489 3020; x_wconf 89' lang='lat' dir='ltr'><strong>dimisit</strong></span> <span class='ocrx_word' id='word_1_327' title='bbox 3517 2960 3556 2989; x_wconf 50' lang='grc' dir='ltr'><strong>Ὗ·</strong></span> 
     </span>
    </p>
   </div>
   <div class='ocr_carea' id='block_1_10' title="bbox 386 3054 3491 3140">
    <p class='ocr_par' dir='ltr' id='par_1_10' title="bbox 386 3054 3491 3140">
     <span class='ocr_line' id='line_1_49' title="bbox 386 3054 3491 3140; baseline -0.001 -18"><span class='ocrx_word' id='word_1_328' title='bbox 386 3058 542 3136; x_wconf 90' lang='lat' dir='ltr'><strong>diei,</strong></span> <span class='ocrx_word' id='word_1_329' title='bbox 591 3058 708 3121; x_wconf 88' lang='lat' dir='ltr'><strong>sed</strong></span> <span class='ocrx_word' id='word_1_330' title='bbox 758 3056 930 3119; x_wconf 90' lang='lat' dir='ltr'><strong>circa</strong></span> <span class='ocrx_word' id='word_1_331' title='bbox 979 3072 1310 3138; x_wconf 89' lang='lat' dir='ltr'><strong>vesperam</strong></span> <span class='ocrx_word' id='word_1_332' title='bbox 1341 3079 1355 3131; x_wconf 92' lang='lat'>;</span> <span class='ocrx_word' id='word_1_333' title='bbox 1402 3065 1536 3118; x_wconf 90' lang='lat' dir='ltr'><strong>tum</strong></span> <span class='ocrx_word' id='word_1_334' title='bbox 1584 3056 1886 3140; x_wconf 90' lang='lat' dir='ltr'><strong>quoniam</strong></span> <span class='ocrx_word' id='word_1_335' title='bbox 1925 3055 1970 3118; x_wconf 86' lang='lat' dir='ltr'>C</span> <span class='ocrx_word' id='word_1_336' title='bbox 1999 3054 2351 3138; x_wconf 88' lang='lat' dir='ltr'><strong>quidquam</strong></span> <span class='ocrx_word' id='word_1_337' title='bbox 2384 3054 2691 3118; x_wconf 86' lang='lat' dir='ltr'><strong>intactum</strong></span> <span class='ocrx_word' id='word_1_338' title='bbox 2724 3074 2799 3117; x_wconf 85' lang='lat' dir='ltr'><strong>ex</strong></span> <span class='ocrx_word' id='word_1_339' title='bbox 2830 3054 3129 3118; x_wconf 90' lang='lat' dir='ltr'><strong>omnibus</strong></span> <span class='ocrx_word' id='word_1_340' title='bbox 3160 3075 3301 3139; x_wconf 81' lang='lat' dir='ltr'><strong>quae</strong></span> <span class='ocrx_word' id='word_1_341' title='bbox 3330 3056 3491 3138; x_wconf 80' lang='lat' dir='ltr'><strong>Moy-</strong></span> 
     </span>
    </p>
   </div>
   <div class='ocr_carea' id='block_1_11' title="bbox 387 3154 1891 3436">
    <p class='ocr_par' dir='ltr' id='par_1_11' title="bbox 387 3154 1891 3436">
     <span class='ocr_line' id='line_1_50' title="bbox 389 3154 1890 3238; baseline -0.001 -16"><span class='ocrx_word' id='word_1_342' title='bbox 389 3179 522 3222; x_wconf 91' lang='lat' dir='ltr'><strong>non</strong></span> <span class='ocrx_word' id='word_1_343' title='bbox 555 3165 654 3221; x_wconf 89' lang='lat' dir='ltr'><strong>est</strong></span> <span class='ocrx_word' id='word_1_344' title='bbox 685 3154 1063 3231; x_wconf 88' lang='lat' dir='ltr'><strong>verisimile,</strong></span> <span class='ocrx_word' id='word_1_345' title='bbox 1087 3155 1260 3236; x_wconf 89' lang='lat' dir='ltr'><strong>quod</strong></span> <span class='ocrx_word' id='word_1_346' title='bbox 1290 3155 1478 3218; x_wconf 87' lang='lat' dir='ltr'><strong>Josue</strong></span> <span class='ocrx_word' id='word_1_347' title='bbox 1509 3156 1767 3238; x_wconf 89' lang='lat' dir='ltr'><strong>petierit</strong></span> <span class='ocrx_word' id='word_1_348' title='bbox 1797 3175 1890 3220; x_wconf 89' lang='lat' dir='ltr'><strong>so-</strong></span> 
     </span>
     <span class='ocr_line' id='line_1_51' title="bbox 389 3254 1890 3343; baseline -0.001 -23"><span class='ocrx_word' id='word_1_349' title='bbox 389 3258 518 3320; x_wconf 87' lang='lat' dir='ltr'><strong>leni</strong></span> <span class='ocrx_word' id='word_1_350' title='bbox 569 3263 763 3332; x_wconf 85' lang='lat' dir='ltr'><strong>stare,</strong></span> <span class='ocrx_word' id='word_1_351' title='bbox 798 3255 1101 3336; x_wconf 91' lang='lat' dir='ltr'><strong>diemque</strong></span> <span class='ocrx_word' id='word_1_352' title='bbox 1149 3254 1538 3343; x_wconf 83' lang='lat' dir='ltr'><strong>prolongari,</strong></span> <span class='ocrx_word' id='word_1_353' title='bbox 1578 3255 1704 3317; x_wconf 91' lang='lat' dir='ltr'><strong>nisi</strong></span> <span class='ocrx_word' id='word_1_354' title='bbox 1755 3255 1890 3318; x_wconf 92' lang='lat' dir='ltr'><strong>sole</strong></span> 
     </span>
     <span class='ocr_line' id='line_1_52' title="bbox 387 3351 1891 3436; baseline -0.003 -16"><span class='ocrx_word' id='word_1_355' title='bbox 387 3359 470 3419; x_wconf 92' lang='lat' dir='ltr'><strong>ad</strong></span> <span class='ocrx_word' id='word_1_356' title='bbox 499 3374 801 3420; x_wconf 88' lang='lat' dir='ltr'><strong>occasum</strong></span> <span class='ocrx_word' id='word_1_357' title='bbox 834 3352 1236 3436; x_wconf 68' lang='lat' dir='ltr'><strong>propinqum</strong></span> <span class='ocrx_word' id='word_1_358' title='bbox 1267 3361 1398 3415; x_wconf 85' lang='lat' dir='ltr'><strong>tum</strong></span> <span class='ocrx_word' id='word_1_359' title='bbox 1431 3351 1580 3435; x_wconf 80' lang='lat' dir='ltr'><strong>quia</strong></span> <span class='ocrx_word' id='word_1_360' title='bbox 1602 3353 1891 3434; x_wconf 83' lang='lat' dir='ltr'><strong>Magister</strong></span> 
     </span>
    </p>
   </div>
   <div class='ocr_carea' id='block_1_12' title="bbox 1998 3152 3491 3433">
    <p class='ocr_par' dir='ltr' id='par_1_12' title="bbox 1998 3152 3491 3433">
     <span class='ocr_line' id='line_1_53' title="bbox 2001 3152 3487 3236; baseline 0.001 -20"><span class='ocrx_word' id='word_1_361' title='bbox 2001 3173 2100 3217; x_wconf 90' lang='lat' dir='ltr'><strong>ses</strong></span> <span class='ocrx_word' id='word_1_362' title='bbox 2149 3152 2362 3236; x_wconf 85' lang='lat' dir='ltr'><strong>jussit.</strong></span> <span class='ocrx_word' id='word_1_363' title='bbox 2408 3155 2578 3216; x_wconf 85' lang='lat' dir='ltr'><strong>Hanc</strong></span> <span class='ocrx_word' id='word_1_364' title='bbox 2626 3163 2837 3218; x_wconf 90' lang='lat' dir='ltr'><strong>autem</strong></span> <span class='ocrx_word' id='word_1_365' title='bbox 2889 3154 3340 3233; x_wconf 86' lang='lat' dir='ltr'><strong>obedientiam,</strong></span> <span class='ocrx_word' id='word_1_366' title='bbox 3376 3174 3487 3218; x_wconf 90' lang='lat' dir='ltr'><strong>seu</strong></span> 
     </span>
     <span class='ocr_line' id='line_1_54' title="bbox 1998 3252 3489 3330; baseline 0.002 -16"><span class='ocrx_word' id='word_1_367' title='bbox 1998 3252 2641 3316; x_wconf 90' lang='lat' dir='ltr'><strong>condescendentiam</strong></span> <span class='ocrx_word' id='word_1_368' title='bbox 2698 3252 2829 3330; x_wconf 89' lang='lat' dir='ltr'><strong>Dei,</strong></span> <span class='ocrx_word' id='word_1_369' title='bbox 2882 3253 3071 3317; x_wconf 90' lang='lat' dir='ltr'><strong>homo</strong></span> <span class='ocrx_word' id='word_1_370' title='bbox 3126 3273 3242 3318; x_wconf 89' lang='lat' dir='ltr'><strong>suo</strong></span> <span class='ocrx_word' id='word_1_371' title='bbox 3300 3255 3489 3318; x_wconf 92' lang='lat' dir='ltr'><strong>modo</strong></span> 
     </span>
     <span class='ocr_line' id='line_1_55' title="bbox 2000 3351 3491 3433; baseline 0.001 -20"><span class='ocrx_word' id='word_1_372' title='bbox 2000 3360 2279 3414; x_wconf 84' lang='lat' dir='ltr'><strong>meretur</strong></span> <span class='ocrx_word' id='word_1_373' title='bbox 2329 3352 2453 3415; x_wconf 90' lang='lat' dir='ltr'><strong>Deo</strong></span> <span class='ocrx_word' id='word_1_374' title='bbox 2505 3351 2789 3433; x_wconf 91' lang='lat' dir='ltr'><strong>plenarie</strong></span> <span class='ocrx_word' id='word_1_375' title='bbox 2837 3353 3214 3417; x_wconf 81' lang='lat' dir='ltr'><strong>obediendo.</strong></span> <span class='ocrx_word' id='word_1_376' title='bbox 3254 3357 3335 3416; x_wconf 74' lang='lat' dir='ltr'><strong>Ec</strong></span> <span class='ocrx_word' id='word_1_377' title='bbox 3366 3374 3491 3432; x_wconf 78' lang='lat' dir='ltr'><strong>pu—</strong></span> 
     </span>
    </p>
   </div>
   <div class='ocr_carea' id='block_1_13' title="bbox 389 3450 3493 3533">
    <p class='ocr_par' dir='ltr' id='par_1_13' title="bbox 389 3450 3493 3533">
     <span class='ocr_line' id='line_1_56' title="bbox 389 3450 3493 3533; baseline -0.002 -14"><span class='ocrx_word' id='word_1_378' title='bbox 389 3455 460 3519; x_wconf 87' lang='lat' dir='ltr'><strong>in</strong></span> <span class='ocrx_word' id='word_1_379' title='bbox 511 3453 803 3519; x_wconf 84' lang='lat' dir='ltr'><strong>historiis</strong></span> <span class='ocrx_word' id='word_1_380' title='bbox 845 3459 1258 3528; x_wconf 88' lang='lat' dir='ltr'><strong>contestatur,</strong></span> <span class='ocrx_word' id='word_1_381' title='bbox 1295 3452 1534 3515; x_wconf 84' lang='lat' dir='ltr'><strong>Videns</strong></span> <span class='ocrx_word' id='word_1_382' title='bbox 1569 3452 1756 3516; x_wconf 86' lang='lat' dir='ltr'><strong>Josue</strong></span> <span class='ocrx_word' id='word_1_383' title='bbox 1799 3472 1894 3516; x_wconf 93' lang='lat' dir='ltr'><strong>so-</strong></span> <span class='ocrx_word' id='word_1_384' title='bbox 1993 3461 2241 3528; x_wconf 69' lang='lat' dir='ltr'><strong>quante</strong></span> <span class='ocrx_word' id='word_1_385' title='bbox 2264 3471 2385 3528; x_wconf 83' lang='lat' dir='ltr'><strong>pro</strong></span> <span class='ocrx_word' id='word_1_386' title='bbox 2415 3453 2645 3523; x_wconf 71' lang='lat' dir='ltr'><strong>Israel,</strong></span> <span class='ocrx_word' id='word_1_387' title='bbox 2667 3451 2731 3513; x_wconf 92' lang='lat' dir='ltr'><strong>id</strong></span> <span class='ocrx_word' id='word_1_388' title='bbox 2762 3459 2879 3528; x_wconf 90' lang='lat' dir='ltr'><strong>est,</strong></span> <span class='ocrx_word' id='word_1_389' title='bbox 2902 3450 3043 3533; x_wconf 90' lang='lat' dir='ltr'><strong>ipso</strong></span> <span class='ocrx_word' id='word_1_390' title='bbox 3073 3451 3341 3515; x_wconf 89' lang='lat' dir='ltr'><strong>Domino</strong></span> <span class='ocrx_word' id='word_1_391' title='bbox 3372 3451 3493 3514; x_wconf 71' lang='lat' dir='ltr'><strong>ista</strong></span> 
     </span>
    </p>
   </div>
   <div class='ocr_carea' id='block_1_14' title="bbox 385 3551 1894 4224">
    <p class='ocr_par' dir='ltr' id='par_1_14' title="bbox 385 3551 1894 4224">
     <span class='ocr_line' id='line_1_57' title="bbox 389 3551 1890 3628; baseline -0.001 -12"><span class='ocrx_word' id='word_1_392' title='bbox 389 3554 520 3618; x_wconf 87' lang='lat' dir='ltr'><strong>lem</strong></span> <span class='ocrx_word' id='word_1_393' title='bbox 567 3552 1062 3616; x_wconf 86' lang='lat' dir='ltr'><strong>descendentem</strong></span> <span class='ocrx_word' id='word_1_394' title='bbox 1107 3551 1188 3612; x_wconf 92' lang='lat' dir='ltr'><strong>ad</strong></span> <span class='ocrx_word' id='word_1_395' title='bbox 1229 3563 1547 3628; x_wconf 84' lang='lat' dir='ltr'><strong>oceasum,</strong></span> <span class='ocrx_word' id='word_1_396' title='bbox 1581 3559 1644 3614; x_wconf 91' lang='lat' dir='ltr'><strong>et</strong></span> <span class='ocrx_word' id='word_1_397' title='bbox 1675 3551 1890 3614; x_wconf 91' lang='lat' dir='ltr'><strong>lunam</strong></span> 
     </span>
     <span class='ocr_line' id='line_1_58' title="bbox 385 3648 1891 3728; baseline -0.003 -12"><span class='ocrx_word' id='word_1_398' title='bbox 385 3653 870 3728; x_wconf 87' lang='lat' dir='ltr'><strong>ascendent-em,</strong></span> <span class='ocrx_word' id='word_1_399' title='bbox 909 3648 1141 3713; x_wconf 89' lang='lat' dir='ltr'><strong>timens</strong></span> <span class='ocrx_word' id='word_1_400' title='bbox 1189 3667 1268 3712; x_wconf 91' lang='lat' dir='ltr'><strong>ne</strong></span> <span class='ocrx_word' id='word_1_401' title='bbox 1315 3649 1634 3713; x_wconf 80' lang='lat' dir='ltr'><strong>beneficio</strong></span> <span class='ocrx_word' id='word_1_402' title='bbox 1686 3649 1891 3713; x_wconf 86' lang='lat' dir='ltr'><strong>noctis</strong></span> 
     </span>
     <span class='ocr_line' id='line_1_59' title="bbox 387 3747 1887 3826; baseline -0.003 -12"><span class='ocrx_word' id='word_1_403' title='bbox 387 3751 742 3815; x_wconf 81' lang='lat' dir='ltr'><strong>evaderent</strong></span> <span class='ocrx_word' id='word_1_404' title='bbox 791 3748 1026 3825; x_wconf 84' lang='lat' dir='ltr'><strong>hosteS‚</strong></span> <span class='ocrx_word' id='word_1_405' title='bbox 1064 3747 1366 3820; x_wconf 85' lang='lat' dir='ltr'><strong>clamavit</strong></span> <span class='ocrx_word' id='word_1_406' title='bbox 1405 3748 1482 3810; x_wconf 90' lang='lat' dir='ltr'><strong>ad</strong></span> <span class='ocrx_word' id='word_1_407' title='bbox 1524 3747 1887 3826; x_wconf 89' lang='lat' dir='ltr'><strong>Dominum,</strong></span> 
     </span>
     <span class='ocr_line' id='line_1_60' title="bbox 389 3846 1892 3929; baseline -0.003 -16"><span class='ocrx_word' id='word_1_408' title='bbox 389 3849 501 3914; x_wconf 86' lang='lat' dir='ltr'><strong>Sol</strong></span> <span class='ocrx_word' id='word_1_409' title='bbox 533 3857 756 3912; x_wconf 89' lang='lat' dir='ltr'><strong>contra</strong></span> <span class='ocrx_word' id='word_1_410' title='bbox 785 3847 1042 3910; x_wconf 89' lang='lat' dir='ltr'><strong>Gabaon</strong></span> <span class='ocrx_word' id='word_1_411' title='bbox 1079 3865 1158 3910; x_wconf 93' lang='lat' dir='ltr'><strong>ne</strong></span> <span class='ocrx_word' id='word_1_412' title='bbox 1189 3847 1536 3914; x_wconf 74' lang='lat' dir='ltr'><strong>movearisz</strong></span> <span class='ocrx_word' id='word_1_413' title='bbox 1575 3855 1707 3908; x_wconf 91' lang='lat' dir='ltr'><strong>tum</strong></span> <span class='ocrx_word' id='word_1_414' title='bbox 1739 3846 1892 3929; x_wconf 92' lang='lat' dir='ltr'><strong>quia</strong></span> 
     </span>
     <span class='ocr_line' id='line_1_61' title="bbox 389 3944 1894 4028; baseline -0.002 -17"><span class='ocrx_word' id='word_1_415' title='bbox 389 3950 462 4011; x_wconf 89' lang='lat' dir='ltr'><strong>in</strong></span> <span class='ocrx_word' id='word_1_416' title='bbox 497 3956 672 4011; x_wconf 83' lang='lat' dir='ltr'><strong>textu</strong></span> <span class='ocrx_word' id='word_1_417' title='bbox 701 3945 1135 4028; x_wconf 88' lang='lat' dir='ltr'><strong>subjungitur,</strong></span> <span class='ocrx_word' id='word_1_418' title='bbox 1171 3945 1246 4008; x_wconf 88' lang='lat' dir='ltr'><strong>Et</strong></span> <span class='ocrx_word' id='word_1_419' title='bbox 1279 3963 1406 4008; x_wconf 91' lang='lat' dir='ltr'><strong>non</strong></span> <span class='ocrx_word' id='word_1_420' title='bbox 1439 3944 1768 4008; x_wconf 79' lang='lat' dir='ltr'><strong>festinavit</strong></span> <span class='ocrx_word' id='word_1_421' title='bbox 1797 3963 1894 4008; x_wconf 93' lang='lat' dir='ltr'><strong>oc·</strong></span> 
     </span>
     <span class='ocr_line' id='line_1_62' title="bbox 389 4043 1894 4126; baseline -0.003 -15"><span class='ocrx_word' id='word_1_422' title='bbox 389 4047 700 4112; x_wconf 88' lang='lat' dir='ltr'><strong>cumbere</strong></span> <span class='ocrx_word' id='word_1_423' title='bbox 747 4064 761 4108; x_wconf 87' lang='lat'>:</span> <span class='ocrx_word' id='word_1_424' title='bbox 813 4063 946 4126; x_wconf 89' lang='lat' dir='ltr'><strong>quo</strong></span> <span class='ocrx_word' id='word_1_425' title='bbox 996 4053 1266 4122; x_wconf 87' lang='lat' dir='ltr'><strong>constat,</strong></span> <span class='ocrx_word' id='word_1_426' title='bbox 1322 4047 1492 4126; x_wconf 90' lang='lat' dir='ltr'><strong>quod</strong></span> <span class='ocrx_word' id='word_1_427' title='bbox 1541 4053 1676 4108; x_wconf 86' lang='lat' dir='ltr'><strong>erat</strong></span> <span class='ocrx_word' id='word_1_428' title='bbox 1725 4043 1894 4108; x_wconf 91' lang='lat' dir='ltr'><strong>circa</strong></span> 
     </span>
     <span class='ocr_line' id='line_1_63' title="bbox 387 4142 1894 4224; baseline -0.003 -15"><span class='ocrx_word' id='word_1_429' title='bbox 387 4161 720 4209; x_wconf 84' lang='lat' dir='ltr'><strong>occasum.</strong></span> <span class='ocrx_word' id='word_1_430' title='bbox 754 4143 1025 4206; x_wconf 80' lang='lat' dir='ltr'><strong>Medium</strong></span> <span class='ocrx_word' id='word_1_431' title='bbox 1059 4160 1208 4222; x_wconf 87' lang='lat' dir='ltr'><strong>ergo</strong></span> <span class='ocrx_word' id='word_1_432' title='bbox 1238 4142 1383 4204; x_wconf 88' lang='lat' dir='ltr'><strong>coeli</strong></span> <span class='ocrx_word' id='word_1_433' title='bbox 1419 4161 1590 4205; x_wconf 92' lang='lat' dir='ltr'><strong>nunc</strong></span> <span class='ocrx_word' id='word_1_434' title='bbox 1617 4142 1894 4224; x_wconf 88' lang='lat' dir='ltr'><strong>appella-</strong></span> 
     </span>
    </p>
   </div>
   <div class='ocr_carea' id='block_1_15' title="bbox 2000 3548 3499 4223">
    <p class='ocr_par' dir='ltr' id='par_1_15' title="bbox 2000 3548 3499 4223">
     <span class='ocr_line' id='line_1_64' title="bbox 2001 3548 3492 3617; baseline 0.001 -6"><span class='ocrx_word' id='word_1_435' title='bbox 2001 3549 2325 3612; x_wconf 85' lang='lat' dir='ltr'><strong>mirabilia</strong></span> <span class='ocrx_word' id='word_1_436' title='bbox 2370 3548 2643 3613; x_wconf 83' lang='lat' dir='ltr'><strong>faciente</strong></span> <span class='ocrx_word' id='word_1_437' title='bbox 2690 3549 2756 3611; x_wconf 89' lang='lat' dir='ltr'><strong>in</strong></span> <span class='ocrx_word' id='word_1_438' title='bbox 2803 3548 3159 3612; x_wconf 91' lang='lat' dir='ltr'><strong>subsidium</strong></span> <span class='ocrx_word' id='word_1_439' title='bbox 3208 3549 3492 3617; x_wconf 77' lang='lat' dir='ltr'><strong>filiorum</strong></span> 
     </span>
     <span class='ocr_line' id='line_1_65' title="bbox 2000 3648 3494 3730; baseline 0.001 -20"><span class='ocrx_word' id='word_1_440' title='bbox 2000 3648 2214 3726; x_wconf 89' lang='lat' dir='ltr'><strong>lsrael,</strong></span> <span class='ocrx_word' id='word_1_441' title='bbox 2234 3649 2313 3711; x_wconf 91' lang='lat' dir='ltr'><strong>ad</strong></span> <span class='ocrx_word' id='word_1_442' title='bbox 2346 3649 2837 3730; x_wconf 85' lang='lat' dir='ltr'><strong>expugnandum</strong></span> <span class='ocrx_word' id='word_1_443' title='bbox 2872 3649 3083 3712; x_wconf 87' lang='lat' dir='ltr'><strong>hostes</strong></span> <span class='ocrx_word' id='word_1_444' title='bbox 3114 3667 3357 3714; x_wconf 90' lang='lat' dir='ltr'><strong>corum.</strong></span> <span class='ocrx_word' id='word_1_445' title='bbox 3377 3649 3494 3712; x_wconf 86' lang='lat' dir='ltr'><strong>Pro</strong></span> 
     </span>
     <span class='ocr_line' id='line_1_66' title="bbox 2001 3747 3491 3828; baseline 0 -19"><span class='ocrx_word' id='word_1_446' title='bbox 2001 3764 2079 3809; x_wconf 94' lang='lat' dir='ltr'><strong>eo</strong></span> <span class='ocrx_word' id='word_1_447' title='bbox 2128 3755 2339 3810; x_wconf 91' lang='lat' dir='ltr'><strong>autem</strong></span> <span class='ocrx_word' id='word_1_448' title='bbox 2394 3747 2565 3828; x_wconf 91' lang='lat' dir='ltr'><strong>quod</strong></span> <span class='ocrx_word' id='word_1_449' title='bbox 2627 3755 2843 3810; x_wconf 89' lang='lat' dir='ltr'><strong>nostra</strong></span> <span class='ocrx_word' id='word_1_450' title='bbox 2894 3747 3225 3812; x_wconf 87' lang='lat' dir='ltr'><strong>translatio</strong></span> <span class='ocrx_word' id='word_1_451' title='bbox 3280 3747 3491 3824; x_wconf 87' lang='lat' dir='ltr'><strong>habet,</strong></span> 
     </span>
     <span class='ocr_line' id='line_1_67' title="bbox 2001 3844 3498 3928; baseline 0.001 -20"><span class='ocrx_word' id='word_1_452' title='bbox 2001 3844 2349 3910; x_wconf 87' lang='lat' dir='ltr'><strong>Obediente</strong></span> <span class='ocrx_word' id='word_1_453' title='bbox 2391 3847 2515 3909; x_wconf 89' lang='lat' dir='ltr'><strong>Deo</strong></span> <span class='ocrx_word' id='word_1_454' title='bbox 2562 3846 2700 3908; x_wconf 89' lang='lat' dir='ltr'><strong>voci</strong></span> <span class='ocrx_word' id='word_1_455' title='bbox 2747 3845 3047 3922; x_wconf 77' lang='lat' dir='ltr'><strong>hominiS‚</strong></span> <span class='ocrx_word' id='word_1_456' title='bbox 3085 3845 3498 3928; x_wconf 86' lang='lat' dir='ltr'><strong>Septuaginta</strong></span> 
     </span>
     <span class='ocr_line' id='line_1_68' title="bbox 2004 3943 3498 4027; baseline 0.001 -22"><span class='ocrx_word' id='word_1_457' title='bbox 2004 3943 2387 4026; x_wconf 85' lang='lat' dir='ltr'><strong>interpretes</strong></span> <span class='ocrx_word' id='word_1_458' title='bbox 2419 3944 2900 4021; x_wconf 86' lang='lat' dir='ltr'><strong>transtulerunt,</strong></span> <span class='ocrx_word' id='word_1_459' title='bbox 2920 3944 3252 4027; x_wconf 89' lang='lat' dir='ltr'><strong>Nunquam</strong></span> <span class='ocrx_word' id='word_1_460' title='bbox 3286 3945 3377 4008; x_wconf 92' lang='lat' dir='ltr'><strong>sic</strong></span> <span class='ocrx_word' id='word_1_461' title='bbox 3398 3965 3498 4008; x_wconf 88' lang='lat' dir='ltr'><strong>ex-</strong></span> 
     </span>
     <span class='ocr_line' id='line_1_69' title="bbox 2002 4042 3499 4124; baseline -0.001 -18"><span class='ocrx_word' id='word_1_462' title='bbox 2002 4042 2251 4106; x_wconf 83' lang='lat' dir='ltr'><strong>audivit</strong></span> <span class='ocrx_word' id='word_1_463' title='bbox 2288 4043 2615 4106; x_wconf 90' lang='lat' dir='ltr'><strong>Dominus.</strong></span> <span class='ocrx_word' id='word_1_464' title='bbox 2650 4043 2765 4106; x_wconf 92' lang='lat' dir='ltr'><strong>Per</strong></span> <span class='ocrx_word' id='word_1_465' title='bbox 2820 4044 2988 4124; x_wconf 90' lang='lat' dir='ltr'><strong>quod</strong></span> <span class='ocrx_word' id='word_1_466' title='bbox 3041 4043 3352 4107; x_wconf 89' lang='lat' dir='ltr'><strong>insinuari</strong></span> <span class='ocrx_word' id='word_1_467' title='bbox 3404 4044 3499 4107; x_wconf 90' lang='lat' dir='ltr'><strong>vi-</strong></span> 
     </span>
     <span class='ocr_line' id='line_1_70' title="bbox 2004 4141 3496 4223; baseline 0 -19"><span class='ocrx_word' id='word_1_468' title='bbox 2004 4143 2235 4204; x_wconf 90' lang='lat' dir='ltr'><strong>dentur</strong></span> <span class='ocrx_word' id='word_1_469' title='bbox 2255 4142 2418 4205; x_wconf 91' lang='lat' dir='ltr'><strong>duo:</strong></span> <span class='ocrx_word' id='word_1_470' title='bbox 2442 4141 2748 4219; x_wconf 87' lang='lat' dir='ltr'><strong>Primum,</strong></span> <span class='ocrx_word' id='word_1_471' title='bbox 2768 4143 2940 4223; x_wconf 89' lang='lat' dir='ltr'><strong>quod</strong></span> <span class='ocrx_word' id='word_1_472' title='bbox 2972 4151 3119 4205; x_wconf 85' lang='lat' dir='ltr'><strong>ante</strong></span> <span class='ocrx_word' id='word_1_473' title='bbox 3148 4143 3337 4206; x_wconf 87' lang='lat' dir='ltr'><strong>Josue</strong></span> <span class='ocrx_word' id='word_1_474' title='bbox 3366 4160 3496 4206; x_wconf 91' lang='lat' dir='ltr'><strong>non</strong></span> 
     </span>
    </p>
   </div>
   <div class='ocr_carea' id='block_1_16' title="bbox 392 4240 3498 4327">
    <p class='ocr_par' dir='ltr' id='par_1_16' title="bbox 392 4240 3498 4327">
     <span class='ocr_line' id='line_1_71' title="bbox 392 4240 3498 4327; baseline -0.001 -21"><span class='ocrx_word' id='word_1_475' title='bbox 392 4253 522 4322; x_wconf 72' lang='lat' dir='ltr'><strong>tui-²,</strong></span> <span class='ocrx_word' id='word_1_476' title='bbox 544 4263 694 4327; x_wconf 88' lang='lat' dir='ltr'><strong>pars</strong></span> <span class='ocrx_word' id='word_1_477' title='bbox 723 4242 900 4305; x_wconf 90' lang='lat' dir='ltr'><strong>orbis</strong></span> <span class='ocrx_word' id='word_1_478' title='bbox 931 4261 1044 4304; x_wconf 90' lang='lat' dir='ltr'><strong>seu</strong></span> <span class='ocrx_word' id='word_1_479' title='bbox 1076 4241 1340 4324; x_wconf 65' lang='lat' dir='ltr'><strong>sphaerae</strong></span> <span class='ocrx_word' id='word_1_480' title='bbox 1372 4242 1526 4304; x_wconf 91' lang='lat' dir='ltr'><strong>solis</strong></span> <span class='ocrx_word' id='word_1_481' title='bbox 1559 4260 1752 4323; x_wconf 91' lang='lat' dir='ltr'><strong>supra</strong></span> <span class='ocrx_word' id='word_1_482' title='bbox 1783 4259 1894 4303; x_wconf 90' lang='lat' dir='ltr'><strong>no-</strong></span> <span class='ocrx_word' id='word_1_483' title='bbox 1924 4241 1973 4302; x_wconf 92' lang='lat' dir='ltr'>D</span> <span class='ocrx_word' id='word_1_484' title='bbox 2002 4241 2273 4321; x_wconf 88' lang='lat' dir='ltr'><strong>contigit</strong></span> <span class='ocrx_word' id='word_1_485' title='bbox 2314 4240 2439 4303; x_wconf 88' lang='lat' dir='ltr'><strong>tale</strong></span> <span class='ocrx_word' id='word_1_486' title='bbox 2482 4240 2546 4302; x_wconf 89' lang='lat' dir='ltr'><strong>in</strong></span> <span class='ocrx_word' id='word_1_487' title='bbox 2588 4241 2962 4322; x_wconf 86' lang='lat' dir='ltr'><strong>corporibus</strong></span> <span class='ocrx_word' id='word_1_488' title='bbox 3004 4241 3372 4305; x_wconf 79' lang='lat' dir='ltr'><strong>coelcstibus</strong></span> <span class='ocrx_word' id='word_1_489' title='bbox 3414 4241 3498 4304; x_wconf 87' lang='lat' dir='ltr'><strong>si-</strong></span> 
     </span>
    </p>
   </div>
   <div class='ocr_carea' id='block_1_17' title="bbox 389 4338 1895 5399">
    <p class='ocr_par' dir='ltr' id='par_1_17' title="bbox 389 4338 1894 4816">
     <span class='ocr_line' id='line_1_72' title="bbox 389 4338 1894 4422; baseline -0.003 -19"><span class='ocrx_word' id='word_1_490' title='bbox 389 4351 602 4422; x_wconf 78' lang='lat' dir='ltr'><strong>strum</strong></span> <span class='ocrx_word' id='word_1_491' title='bbox 629 4340 1023 4404; x_wconf 90' lang='lat' dir='ltr'><strong>horizontem</strong></span> <span class='ocrx_word' id='word_1_492' title='bbox 1056 4357 1388 4421; x_wconf 90' lang='lat' dir='ltr'><strong>apparens,</strong></span> <span class='ocrx_word' id='word_1_493' title='bbox 1405 4346 1701 4402; x_wconf 91' lang='lat' dir='ltr'><strong>contenta</strong></span> <span class='ocrx_word' id='word_1_494' title='bbox 1727 4338 1894 4402; x_wconf 86' lang='lat' dir='ltr'><strong>inter</strong></span> 
     </span>
     <span class='ocr_line' id='line_1_73' title="bbox 391 4436 1894 4520; baseline -0.004 -18"><span class='ocrx_word' id='word_1_495' title='bbox 391 4436 833 4520; x_wconf 77' lang='lat' dir='ltr'><strong>hemisphaerii</strong></span> <span class='ocrx_word' id='word_1_496' title='bbox 866 4445 1124 4519; x_wconf 89' lang='lat' dir='ltr'><strong>puncta.</strong></span> <span class='ocrx_word' id='word_1_497' title='bbox 1159 4439 1246 4497; x_wconf 79' lang='lat' dir='ltr'><strong>Ec</strong></span> <span class='ocrx_word' id='word_1_498' title='bbox 1275 4455 1404 4497; x_wconf 78' lang='lat' dir='ltr'><strong>non</strong></span> <span class='ocrx_word' id='word_1_499' title='bbox 1434 4438 1772 4514; x_wconf 74' lang='lat' dir='ltr'><strong>fescinavit</strong></span> <span class='ocrx_word' id='word_1_500' title='bbox 1801 4456 1894 4496; x_wconf 86' lang='lat' dir='ltr'><strong>oc—</strong></span> 
     </span>
     <span class='ocr_line' id='line_1_74' title="bbox 389 4532 1892 4611; baseline -0.002 -14"><span class='ocrx_word' id='word_1_501' title='bbox 389 4539 713 4606; x_wconf 80' lang='lat' dir='ltr'><strong>cumbere,</strong></span> <span class='ocrx_word' id='word_1_502' title='bbox 761 4535 827 4596; x_wconf 85' lang='lat' dir='ltr'><strong>id</strong></span> <span class='ocrx_word' id='word_1_503' title='bbox 877 4543 995 4610; x_wconf 78' lang='lat' dir='ltr'><strong>est,</strong></span> <span class='ocrx_word' id='word_1_504' title='bbox 1043 4532 1395 4596; x_wconf 88' lang='lat' dir='ltr'><strong>immobilis</strong></span> <span class='ocrx_word' id='word_1_505' title='bbox 1443 4533 1638 4609; x_wconf 80' lang='lat' dir='ltr'><strong>stetit,</strong></span> <span class='ocrx_word' id='word_1_506' title='bbox 1685 4536 1892 4611; x_wconf 78' lang='lat' dir='ltr'><strong>spatio</strong></span> 
     </span>
     <span class='ocr_line' id='line_1_75' title="bbox 393 4631 1890 4713; baseline -0.002 -17"><span class='ocrx_word' id='word_1_507' title='bbox 393 4637 600 4696; x_wconf 71' lang='lat' dir='ltr'><strong>unia-3</strong></span> <span class='ocrx_word' id='word_1_508' title='bbox 629 4636 768 4694; x_wconf 77' lang='lat' dir='ltr'><strong>diei</strong></span> <span class='ocrx_word' id='word_1_509' title='bbox 785 4631 1171 4708; x_wconf 81' lang='lat' dir='ltr'><strong>artificialiS,</strong></span> <span class='ocrx_word' id='word_1_510' title='bbox 1192 4632 1302 4713; x_wconf 93' lang='lat' dir='ltr'><strong>qui</strong></span> <span class='ocrx_word' id='word_1_511' title='bbox 1335 4631 1527 4695; x_wconf 84' lang='lat' dir='ltr'><strong>habet</strong></span> <span class='ocrx_word' id='word_1_512' title='bbox 1555 4631 1890 4696; x_wconf 92' lang='lat' dir='ltr'><strong>duodecim</strong></span> 
     </span>
     <span class='ocr_line' id='line_1_76' title="bbox 391 4730 1540 4816; baseline -0.003 -18"><span class='ocrx_word' id='word_1_513' title='bbox 391 4735 608 4812; x_wconf 87' lang='lat' dir='ltr'><strong>horas,</strong></span> <span class='ocrx_word' id='word_1_514' title='bbox 646 4731 1003 4816; x_wconf 71' lang='lat' dir='ltr'><strong>praesertim</strong></span> <span class='ocrx_word' id='word_1_515' title='bbox 1034 4730 1102 4793; x_wconf 90' lang='lat' dir='ltr'><strong>in</strong></span> <span class='ocrx_word' id='word_1_516' title='bbox 1133 4731 1540 4813; x_wconf 78' lang='lat' dir='ltr'><strong>aequinoctiO.</strong></span> 
     </span>
    </p>

    <p class='ocr_par' dir='ltr' id='par_1_18' title="bbox 393 4833 1895 5399">
     <span class='ocr_line' id='line_1_77' title="bbox 479 4833 1890 4912; baseline -0.005 -16"><span class='ocrx_word' id='word_1_517' title='bbox 479 4835 630 4896; x_wconf 84' lang='lat' dir='ltr'><strong>Non</strong></span> <span class='ocrx_word' id='word_1_518' title='bbox 659 4834 798 4912; x_wconf 80' lang='lat' dir='ltr'><strong>fuit</strong></span> <span class='ocrx_word' id='word_1_519' title='bbox 829 4841 980 4892; x_wconf 81' lang='lat' dir='ltr'><strong>ante</strong></span> <span class='ocrx_word' id='word_1_520' title='bbox 1007 4841 1068 4892; x_wconf 77' lang='lat' dir='ltr'><strong>ec</strong></span> <span class='ocrx_word' id='word_1_521' title='bbox 1089 4840 1310 4907; x_wconf 74' lang='lat' dir='ltr'><strong>postea</strong></span> <span class='ocrx_word' id='word_1_522' title='bbox 1342 4840 1474 4892; x_wconf 83' lang='lat' dir='ltr'><strong>tam</strong></span> <span class='ocrx_word' id='word_1_523' title='bbox 1511 4835 1702 4908; x_wconf 62' lang='lat' dir='ltr'><strong>longa</strong></span> <span class='ocrx_word' id='word_1_524' title='bbox 1731 4833 1890 4902; x_wconf 59' lang='lat' dir='ltr'><strong>diesi,</strong></span> 
     </span>
     <span class='ocr_line' id='line_1_78' title="bbox 394 4927 1895 5012; baseline -0.001 -18"><span class='ocrx_word' id='word_1_525' title='bbox 394 4931 723 5012; x_wconf 87' lang='lat' dir='ltr'><strong>loquendo</strong></span> <span class='ocrx_word' id='word_1_526' title='bbox 753 4931 834 4992; x_wconf 88' lang='lat' dir='ltr'><strong>dc</strong></span> <span class='ocrx_word' id='word_1_527' title='bbox 863 4928 969 4992; x_wconf 90' lang='lat' dir='ltr'><strong>die</strong></span> <span class='ocrx_word' id='word_1_528' title='bbox 999 4927 1108 5010; x_wconf 91' lang='lat' dir='ltr'><strong>qui</strong></span> <span class='ocrx_word' id='word_1_529' title='bbox 1142 4927 1379 4990; x_wconf 88' lang='lat' dir='ltr'><strong>dicitur</strong></span> <span class='ocrx_word' id='word_1_530' title='bbox 1420 4928 1571 4991; x_wconf 81' lang='lat' dir='ltr'><strong>latio</strong></span> <span class='ocrx_word' id='word_1_531' title='bbox 1613 4948 1724 4990; x_wconf 90' lang='lat' dir='ltr'><strong>seu</strong></span> <span class='ocrx_word' id='word_1_532' title='bbox 1767 4947 1895 4992; x_wconf 88' lang='lat' dir='ltr'><strong>mo-</strong></span> 
     </span>
     <span class='ocr_line' id='line_1_79' title="bbox 393 5025 1894 5110; baseline -0.001 -18"><span class='ocrx_word' id='word_1_533' title='bbox 393 5030 488 5094; x_wconf 79' lang='lat' dir='ltr'><strong>tio</strong></span> <span class='ocrx_word' id='word_1_534' title='bbox 538 5029 692 5092; x_wconf 89' lang='lat' dir='ltr'><strong>solis</strong></span> <span class='ocrx_word' id='word_1_535' title='bbox 742 5046 935 5110; x_wconf 89' lang='lat' dir='ltr'><strong>super</strong></span> <span class='ocrx_word' id='word_1_536' title='bbox 985 5034 1270 5091; x_wconf 89' lang='lat' dir='ltr'><strong>nostrum</strong></span> <span class='ocrx_word' id='word_1_537' title='bbox 1324 5025 1715 5090; x_wconf 85' lang='lat' dir='ltr'><strong>horizontem</strong></span> <span class='ocrx_word' id='word_1_538' title='bbox 1745 5045 1759 5089; x_wconf 72' lang='grc' dir='ltr'><strong>ε</strong></span> <span class='ocrx_word' id='word_1_539' title='bbox 1806 5036 1894 5090; x_wconf 90' lang='lat' dir='ltr'><strong>ta-</strong></span> 
     </span>
     <span class='ocr_line' id='line_1_80' title="bbox 393 5124 1893 5191; baseline -0.002 0"><span class='ocrx_word' id='word_1_540' title='bbox 393 5147 544 5191; x_wconf 85' lang='lat' dir='ltr'><strong>men</strong></span> <span class='ocrx_word' id='word_1_541' title='bbox 577 5129 659 5190; x_wconf 90' lang='lat' dir='ltr'><strong>de</strong></span> <span class='ocrx_word' id='word_1_542' title='bbox 697 5129 922 5190; x_wconf 89' lang='lat' dir='ltr'><strong>horum</strong></span> <span class='ocrx_word' id='word_1_543' title='bbox 969 5124 1299 5188; x_wconf 85' lang='lat' dir='ltr'><strong>intellectu</strong></span> <span class='ocrx_word' id='word_1_544' title='bbox 1342 5125 1680 5190; x_wconf 89' lang='lat' dir='ltr'><strong>verborum</strong></span> <span class='ocrx_word' id='word_1_545' title='bbox 1723 5125 1893 5189; x_wconf 72' lang='lat' dir='ltr'><strong>infra</strong></span> 
     </span>
     <span class='ocr_line' id='line_1_81' title="bbox 393 5225 1894 5306; baseline -0.002 -17"><span class='ocrx_word' id='word_1_546' title='bbox 393 5227 603 5306; x_wconf 84' lang='lat' dir='ltr'><strong>magis</strong></span> <span class='ocrx_word' id='word_1_547' title='bbox 633 5225 924 5299; x_wconf 81' lang='lat' dir='ltr'><strong>dicetur-3</strong></span> <span class='ocrx_word' id='word_1_548' title='bbox 959 5227 1283 5284; x_wconf 76' lang='lat' dir='ltr'><strong>obediente</strong></span> <span class='ocrx_word' id='word_1_549' title='bbox 1314 5226 1590 5286; x_wconf 84' lang='lat' dir='ltr'><strong>Domino</strong></span> <span class='ocrx_word' id='word_1_550' title='bbox 1627 5227 1762 5284; x_wconf 73' lang='lat' dir='ltr'><strong>voc-i</strong></span> <span class='ocrx_word' id='word_1_551' title='bbox 1791 5228 1894 5287; x_wconf 77' lang='lat' dir='ltr'><strong>ho·</strong></span> 
     </span>
     <span class='ocr_line' id='line_1_82' title="bbox 397 5321 1892 5399; baseline 0.001 -13"><span class='ocrx_word' id='word_1_552' title='bbox 397 5329 620 5397; x_wconf 75' lang='lat' dir='ltr'><strong>minis,</strong></span> <span class='ocrx_word' id='word_1_553' title='bbox 655 5325 720 5388; x_wconf 88' lang='lat' dir='ltr'><strong>id</strong></span> <span class='ocrx_word' id='word_1_554' title='bbox 753 5331 873 5399; x_wconf 86' lang='lat' dir='ltr'><strong>est,</strong></span> <span class='ocrx_word' id='word_1_555' title='bbox 901 5323 1028 5386; x_wconf 89' lang='lat' dir='ltr'><strong>Deo</strong></span> <span class='ocrx_word' id='word_1_556' title='bbox 1057 5321 1368 5386; x_wconf 85' lang='lat' dir='ltr'><strong>altissimo</strong></span> <span class='ocrx_word' id='word_1_557' title='bbox 1401 5323 1466 5384; x_wconf 91' lang='lat' dir='ltr'><strong>in</strong></span> <span class='ocrx_word' id='word_1_558' title='bbox 1497 5322 1892 5388; x_wconf 81' lang='lat' dir='ltr'><strong>exhibitione</strong></span> 
     </span>
    </p>
   </div>
   <div class='ocr_carea' id='block_1_18' title="bbox 2001 4339 3500 4811">
    <p class='ocr_par' dir='ltr' id='par_1_19' title="bbox 2001 4339 3495 4619">
     <span class='ocr_line' id='line_1_83' title="bbox 2003 4339 3493 4421; baseline 0.002 -21"><span class='ocrx_word' id='word_1_559' title='bbox 2003 4357 2226 4420; x_wconf 88' lang='lat' dir='ltr'><strong>gnum.</strong></span> <span class='ocrx_word' id='word_1_560' title='bbox 2262 4339 2645 4416; x_wconf 85' lang='lat' dir='ltr'><strong>Secundum,</strong></span> <span class='ocrx_word' id='word_1_561' title='bbox 2681 4340 2851 4421; x_wconf 92' lang='lat' dir='ltr'><strong>quod</strong></span> <span class='ocrx_word' id='word_1_562' title='bbox 2903 4339 3117 4402; x_wconf 88' lang='lat' dir='ltr'><strong>nullus</strong></span> <span class='ocrx_word' id='word_1_563' title='bbox 3162 4339 3493 4404; x_wconf 90' lang='lat' dir='ltr'><strong>hominum</strong></span> 
     </span>
     <span class='ocr_line' id='line_1_84' title="bbox 2001 4421 3495 4519; baseline 0.001 -21"><span class='ocrx_word' id='word_1_564' title='bbox 2001 4445 2151 4499; x_wconf 86' lang='lat' dir='ltr'><strong>ante</strong></span> <span class='ocrx_word' id='word_1_565' title='bbox 2193 4437 2381 4500; x_wconf 84' lang='lat' dir='ltr'><strong>Josue</strong></span> <span class='ocrx_word' id='word_1_566' title='bbox 2433 4437 2585 4500; x_wconf 86' lang='lat' dir='ltr'><strong>fecit</strong></span> <span class='ocrx_word' id='word_1_567' title='bbox 2629 4445 2758 4500; x_wconf 89' lang='lat' dir='ltr'><strong>tam</strong></span> <span class='ocrx_word' id='word_1_568' title='bbox 2801 4439 3041 4519; x_wconf 87' lang='lat' dir='ltr'><strong>grande</strong></span> <span class='ocrx_word' id='word_1_569' title='bbox 3090 4421 3495 4516; x_wconf 84' lang='lat' dir='ltr'><strong>miraculum,</strong></span> 
     </span>
     <span class='ocr_line' id='line_1_85' title="bbox 2006 4535 2844 4619; baseline 0.001 -21"><span class='ocrx_word' id='word_1_570' title='bbox 2006 4555 2213 4617; x_wconf 88' lang='lat' dir='ltr'><strong>neque</strong></span> <span class='ocrx_word' id='word_1_571' title='bbox 2246 4545 2370 4599; x_wconf 89' lang='lat' dir='ltr'><strong>tam</strong></span> <span class='ocrx_word' id='word_1_572' title='bbox 2405 4535 2844 4619; x_wconf 88' lang='lat' dir='ltr'><strong>imperialiter.</strong></span> 
     </span>
    </p>

    <p class='ocr_par' dir='ltr' id='par_1_20' title="bbox 2003 4639 3500 4811">
     <span class='ocr_line' id='line_1_86' title="bbox 2079 4639 3500 4716; baseline 0.001 -19"><span class='ocrx_word' id='word_1_573' title='bbox 2079 4639 2519 4716; x_wconf 67' lang='lat' dir='ltr'><strong>Reversus-que</strong></span> <span class='ocrx_word' id='word_1_574' title='bbox 2562 4646 2651 4696; x_wconf 73' lang='lat' dir='ltr'><strong>est</strong></span> <span class='ocrx_word' id='word_1_575' title='bbox 2678 4640 2867 4697; x_wconf 79' lang='lat' dir='ltr'><strong>Josue</strong></span> <span class='ocrx_word' id='word_1_576' title='bbox 2896 4657 3045 4698; x_wconf 80' lang='lat' dir='ltr'><strong>cum</strong></span> <span class='ocrx_word' id='word_1_577' title='bbox 3083 4639 3265 4698; x_wconf 81' lang='lat' dir='ltr'><strong>omni</strong></span> <span class='ocrx_word' id='word_1_578' title='bbox 3293 4641 3500 4699; x_wconf 80' lang='lat' dir='ltr'><strong>Israel</strong></span> 
     </span>
     <span class='ocr_line' id='line_1_87' title="bbox 2003 4733 3500 4811; baseline 0.001 -17"><span class='ocrx_word' id='word_1_579' title='bbox 2003 4737 2077 4794; x_wconf 82' lang='lat' dir='ltr'><strong>in</strong></span> <span class='ocrx_word' id='word_1_580' title='bbox 2113 4744 2327 4794; x_wconf 78' lang='lat' dir='ltr'><strong>castra</strong></span> <span class='ocrx_word' id='word_1_581' title='bbox 2359 4737 2669 4811; x_wconf 70' lang='lat' dir='ltr'><strong>Galqaloe.</strong></span> <span class='ocrx_word' id='word_1_582' title='bbox 2707 4733 2831 4796; x_wconf 85' lang='lat' dir='ltr'><strong>Hoc</strong></span> <span class='ocrx_word' id='word_1_583' title='bbox 2877 4733 3045 4795; x_wconf 87' lang='lat' dir='ltr'><strong>idem</strong></span> <span class='ocrx_word' id='word_1_584' title='bbox 3093 4733 3158 4795; x_wconf 91' lang='lat' dir='ltr'><strong>in</strong></span> <span class='ocrx_word' id='word_1_585' title='bbox 3206 4733 3339 4796; x_wconf 81' lang='lat' dir='ltr'><strong>sine</strong></span> <span class='ocrx_word' id='word_1_586' title='bbox 3383 4734 3500 4795; x_wconf 87' lang='lat' dir='ltr'><strong>hu-</strong></span> 
     </span>
    </p>
   </div>
   <div class='ocr_carea' id='block_1_19' title="bbox 1998 4831 3499 4914">
    <p class='ocr_par' dir='ltr' id='par_1_21' title="bbox 1998 4831 3499 4914">
     <span class='ocr_line' id='line_1_88' title="bbox 1998 4831 3499 4914; baseline 0 -20"><span class='ocrx_word' id='word_1_587' title='bbox 1998 4833 2105 4914; x_wconf 89' lang='lat' dir='ltr'><strong>jus</strong></span> <span class='ocrx_word' id='word_1_588' title='bbox 2147 4831 2412 4913; x_wconf 89' lang='lat' dir='ltr'><strong>capituli</strong></span> <span class='ocrx_word' id='word_1_589' title='bbox 2455 4831 2762 4914; x_wconf 90' lang='lat' dir='ltr'><strong>scriptum</strong></span> <span class='ocrx_word' id='word_1_590' title='bbox 2804 4840 2935 4904; x_wconf 78' lang='lat' dir='ltr'><strong>est3</strong></span> <span class='ocrx_word' id='word_1_591' title='bbox 2972 4832 3141 4894; x_wconf 89' lang='lat' dir='ltr'><strong>unde</strong></span> <span class='ocrx_word' id='word_1_592' title='bbox 3182 4849 3353 4895; x_wconf 90' lang='lat' dir='ltr'><strong>nunc</strong></span> <span class='ocrx_word' id='word_1_593' title='bbox 3384 4851 3499 4914; x_wconf 88' lang='lat' dir='ltr'><strong>per</strong></span> 
     </span>
    </p>
   </div>
   <div class='ocr_carea' id='block_1_20' title="bbox 2001 4928 3497 5206">
    <p class='ocr_par' dir='ltr' id='par_1_22' title="bbox 2001 4928 3497 5206">
     <span class='ocr_line' id='line_1_89' title="bbox 2002 4928 3497 5012; baseline -0.002 -18"><span class='ocrx_word' id='word_1_594' title='bbox 2002 4931 2525 5012; x_wconf 87' lang='lat' dir='ltr'><strong>anticipationem</strong></span> <span class='ocrx_word' id='word_1_595' title='bbox 2569 4929 2821 4993; x_wconf 86' lang='lat' dir='ltr'><strong>videtur</strong></span> <span class='ocrx_word' id='word_1_596' title='bbox 2863 4928 3127 4992; x_wconf 90' lang='lat' dir='ltr'><strong>dictum.</strong></span> <span class='ocrx_word' id='word_1_597' title='bbox 3164 4933 3497 5007; x_wconf 69' lang='lat' dir='ltr'><strong>Jr&#39;uqeranc</strong></span> 
     </span>
     <span class='ocr_line' id='line_1_90' title="bbox 2001 5031 3495 5110; baseline -0.002 -20"><span class='ocrx_word' id='word_1_598' title='bbox 2001 5033 2178 5090; x_wconf 82' lang='lat' dir='ltr'><strong>enim</strong></span> <span class='ocrx_word' id='word_1_599' title='bbox 2210 5031 2497 5110; x_wconf 75' lang='lat' dir='ltr'><strong>quinque</strong></span> <span class='ocrx_word' id='word_1_600' title='bbox 2532 5051 2726 5106; x_wconf 71' lang='lat' dir='ltr'><strong>reyes,</strong></span> <span class='ocrx_word' id='word_1_601' title='bbox 2750 5039 2810 5089; x_wconf 75' lang='lat' dir='ltr'><strong>et</strong></span> <span class='ocrx_word' id='word_1_602' title='bbox 2837 5050 2901 5088; x_wconf 84' lang='lat' dir='ltr'><strong>se</strong></span> <span class='ocrx_word' id='word_1_603' title='bbox 2930 5031 3391 5090; x_wconf 76' lang='lat' dir='ltr'><strong>absconderant</strong></span> <span class='ocrx_word' id='word_1_604' title='bbox 3422 5031 3495 5088; x_wconf 84' lang='lat' dir='ltr'><strong>in</strong></span> 
     </span>
     <span class='ocr_line' id='line_1_91' title="bbox 2001 5128 3497 5206; baseline -0.001 -16"><span class='ocrx_word' id='word_1_605' title='bbox 2001 5133 2307 5206; x_wconf 79' lang='lat' dir='ltr'><strong>spelunca</strong></span> <span class='ocrx_word' id='word_1_606' title='bbox 2342 5130 2519 5188; x_wconf 76' lang='lat' dir='ltr'><strong>urbis</strong></span> <span class='ocrx_word' id='word_1_607' title='bbox 2542 5131 2831 5189; x_wconf 78' lang='lat' dir='ltr'><strong>Mac-eda.</strong></span> <span class='ocrx_word' id='word_1_608' title='bbox 2851 5128 3377 5205; x_wconf 76' lang='lat' dir='ltr'><strong>Nuntiatumque</strong></span> <span class='ocrx_word' id='word_1_609' title='bbox 3406 5138 3497 5188; x_wconf 78' lang='lat' dir='ltr'><strong>esc</strong></span> 
     </span>
    </p>
   </div>
   <div class='ocr_carea' id='block_1_21' title="bbox 1999 5225 3498 5307">
    <p class='ocr_par' dir='ltr' id='par_1_23' title="bbox 1999 5225 3498 5307">
     <span class='ocr_line' id='line_1_92' title="bbox 1999 5225 3498 5307; baseline -0.001 -19"><span class='ocrx_word' id='word_1_610' title='bbox 1999 5231 2188 5289; x_wconf 74' lang='lat' dir='ltr'><strong>Josue</strong></span> <span class='ocrx_word' id='word_1_611' title='bbox 2238 5225 2320 5288; x_wconf 89' lang='lat' dir='ltr'><strong>ab</strong></span> <span class='ocrx_word' id='word_1_612' title='bbox 2364 5225 2690 5307; x_wconf 86' lang='lat' dir='ltr'><strong>aliquibus</strong></span> <span class='ocrx_word' id='word_1_613' title='bbox 2738 5226 2817 5288; x_wconf 90' lang='lat' dir='ltr'><strong>de</strong></span> <span class='ocrx_word' id='word_1_614' title='bbox 2866 5225 3105 5307; x_wconf 87' lang='lat' dir='ltr'><strong>populo</strong></span> <span class='ocrx_word' id='word_1_615' title='bbox 3154 5243 3290 5300; x_wconf 89' lang='lat' dir='ltr'><strong>suo,</strong></span> <span class='ocrx_word' id='word_1_616' title='bbox 3324 5229 3498 5305; x_wconf 78' lang='lat' dir='ltr'><strong>quod</strong></span> 
     </span>
    </p>
   </div>
   <div class='ocr_carea' id='block_1_22' title="bbox 2005 5322 3488 5405">
    <p class='ocr_par' dir='ltr' id='par_1_24' title="bbox 2005 5322 3488 5405">
     <span class='ocr_line' id='line_1_93' title="bbox 2005 5322 3488 5405; baseline 0.001 -21"><span class='ocrx_word' id='word_1_617' title='bbox 2005 5327 2259 5386; x_wconf 78' lang='lat' dir='ltr'><strong>inventi</strong></span> <span class='ocrx_word' id='word_1_618' title='bbox 2287 5335 2489 5385; x_wconf 76' lang='lat' dir='ltr'><strong>essent</strong></span> <span class='ocrx_word' id='word_1_619' title='bbox 2520 5327 2805 5405; x_wconf 79' lang='lat' dir='ltr'><strong>quinque</strong></span> <span class='ocrx_word' id='word_1_620' title='bbox 2834 5344 3028 5401; x_wconf 72' lang='lat' dir='ltr'><strong>reyeS,</strong></span> <span class='ocrx_word' id='word_1_621' title='bbox 3048 5325 3127 5386; x_wconf 88' lang='lat' dir='ltr'><strong>de</strong></span> <span class='ocrx_word' id='word_1_622' title='bbox 3154 5322 3393 5404; x_wconf 85' lang='lat' dir='ltr'><strong>quibus</strong></span> <span class='ocrx_word' id='word_1_623' title='bbox 3424 5323 3488 5386; x_wconf 86' lang='lat' dir='ltr'><strong>in</strong></span> 
     </span>
    </p>
   </div>
   <div class='ocr_carea' id='block_1_23' title="bbox 4340 1358 4344 2366">
    <p class='ocr_par' dir='ltr' id='par_1_25' title="bbox 4340 1358 4344 2366">
     <span class='ocr_line' id='line_1_94' title="bbox 4340 1358 4344 2366; baseline 0 0"><span class='ocrx_word' id='word_1_624' title='bbox 4340 1358 4344 2366; x_wconf 95' lang='lat' dir='ltr'><strong> </strong></span> 
     </span>
    </p>
   </div>
  </div>
 </body>
</html>
