4359 6250
919 484 1038 549 526

1457 505 1804 551 mannum
1846 506 1906 551 lx
1947 505 2086 552 cal).
2135 506 2214 551 XV
2256 506 2415 552 unm
2458 507 2709 553 saeuum
2750 507 2975 554 REGUH.
3020 526 3101 537 ·-
3142 509 3283 554 Am.
3330 508 3475 555 xxlv

916 676 1450 758 quemadmodum
1475 675 1672 740 David
1703 675 1863 738 dixit
1882 675 2187 739 Abiathar
2217 695 2412 738 sacer·
2437 674 2488 735 A
2515 678 2711 741 David
2742 695 3027 760 regnare.
3062 680 3221 743 Hinc
3259 689 3323 742 et
3350 679 3625 744 Absalon
3666 680 3873 744 voluit
3918 679 4015 741 ibi

641 779 884 832 tneo-¹¹¹¹·
915 774 1046 838 doti
1085 793 1098 838 τ
1136 774 1424 838 Sciebam
1455 775 1627 856 quod
1657 795 1856 856 quum
1891 775 1980 838 ibi
2014 782 2178 838 esset
2213 775 2402 856 Doeg,

621 845 688 884 ²²¹
915 873 1269 938 certissime
1297 874 1708 937 annuntiaret
1733 873 1928 936 Sauli.
1947 873 2125 936 Unde
2144 875 2247 953 (ut
2276 873 2407 936 dixi

917 973 1238 1055 superius)
1267 972 1420 1056 quia
1449 973 1645 1035 David
1686 972 1806 1036 hoc
1837 971 2047 1048 scivit,
2082 971 2407 1035 debuisset

915 1070 1288 1153 pontificem
1337 1071 1635 1148 avisasse,
1665 1081 1728 1134 et
1771 1091 1846 1134 ea
1887 1091 2031 1152 quae
2079 1071 2213 1151 egit
2259 1089 2405 1133 cum

913 1188 1011 1246 e0,
1048 1171 1292 1234 occulte
1324 1169 1573 1234 fecisse.

992 1269 1441 1332 Verumtamen
1485 1287 1626 1332 reor
1664 1266 2024 1331 difficulter
2061 1286 2248 1350 posse
2286 1267 2407 1329 sal-

913 1367 1071 1444 vari,
1118 1369 1289 1449 quod
1340 1367 1731 1451 computatio
1779 1385 2094 1431 annorum
2142 1366 2403 1430 illorum

915 1467 1270 1532 inchoanda
1301 1468 1384 1530 sit
1413 1487 1451 1530 a
1481 1477 1766 1550 tempore
1795 1484 1924 1547 quo
1946 1464 2092 1528 Saul
2126 1465 2407 1529 sacerdo-

914 1575 1007 1629 tes
1047 1566 1302 1642 occidit,
1336 1566 1389 1628 si
1431 1566 1594 1628 bene
1633 1573 1958 1648 pensetur,
1991 1565 2166 1645 quod
2206 1562 2404 1625 David

915 1683 1042 1728 non
1089 1665 1248 1728 vixit
1289 1665 1415 1726 nisi
1461 1663 1862 1746 septuaginta
1906 1663 2113 1740 anniS‚
2149 1671 2214 1724 et
2256 1680 2407 1744 qua-

627 1780 884 1886 Ιιιιιιῑιςμι,
915 1763 1206 1843 draginta
1233 1762 1419 1826 annis
1451 1762 1759 1842 regnavit,
1797 1762 2062 1842 ipseque
2103 1759 2402 1823 Salomon

914 1979 1248 2038 annorum,
1284 1970 1353 2022 ut
1386 1960 1554 2022 infra
1583 1959 1944 2034 habebitur,
1973 1958 2060 2021 ita
2088 1959 2258 2040 quod
2294 1958 2407 2020 Da-

914 2060 1018 2124 vid
1064 2059 1187 2121 fuit
1225 2059 1478 2122 circiter
1515 2057 1982 2141 quinquaginta
2021 2075 2250 2120 novem
2296 2075 2406 2118 an-

648 2177 682 2220 ιι
700 2178 810 2231 1200.
827 2189 883 2226 xl.
915 2177 1164 2235 norum,
1197 2159 1455 2241 quando
1493 2177 1636 2220 cum
1677 2157 2022 2220 Bethsabee
2061 2154 2349 2237 peccavit
2384 2171 2397 2215 :

917 2266 1058 2339 post
1079 2258 1247 2338 quod
1280 2265 1608 2339 peccatum
1640 2275 1844 2338 usque
1875 2255 1953 2317 ad
1985 2255 2170 2317 istam
2205 2253 2407 2316 rebel-

914 2355 1152 2418 lionem
1172 2355 1448 2418 Absalon
1477 2363 1700 2418 contra
1725 2352 1942 2430 David,
1967 2351 2296 2415 fluxerunt
2324 2351 2405 2413 ad

916 2455 1130 2517 minus
1159 2463 1402 2536 septem
1430 2453 1605 2528 anni,
1642 2461 1711 2514 ut
1741 2451 1966 2535 patuit,
2003 2453 2133 2514 imo
2163 2451 2402 2533 plures,

665 2561 886 2612 metm,
917 2554 1070 2617 Nam
1125 2562 1269 2635 post
1325 2553 1527 2635 ipsius
1576 2551 1848 2614 Thamar
1894 2551 2401 2632 oppressionem,

625 2627 778 2676 ¹²³³·
919 2651 1246 2715 fluxerunt
1302 2653 1429 2715 duo
1488 2650 1638 2713 anni
1699 2658 1846 2713 ante
1899 2649 2101 2731 ipsius
2152 2649 2403 2711 Amnon

664 2770 781 2814 ma.
801 2773 868 2814 aa.
917 2751 1314 2814 occisionem.
1329 2750 1474 2812 Post
1494 2767 1686 2830 quam
1721 2747 1749 2808 f
1754 2748 1846 2809 uit
1867 2746 2146 2810 Absalon
2178 2747 2243 2808 in
2264 2746 2405 2809 Ges—

661 2868 780 2912 ma.
802 2883 885 2916 m.
917 2869 1027 2912 sur
1061 2849 1356 2926 triennio,
1392 2848 1622 2910 deinde
1657 2847 1723 2908 in
1755 2845 2102 2909 Jerusalem
2139 2845 2404 2908 biennio

915 2957 1254 3030 antequam
1295 2947 1454 3009 vidit
1499 2945 1728 3008 faciem
1769 2945 1969 3024 regis3
2013 2953 2076 3007 et
2107 2944 2403 3026 posthoc

2516 775 2819 859 incipere.
2846 780 3158 858 Dixitque
3186 780 3252 838 ei
3280 799 3396 838 rex
3418 781 3637 839 David
3663 799 3687 837 .·
3726 780 3899 838 Vade
3934 778 4013 836 in

2506 895 2687 952 pace.
2727 879 2809 938 Ec
2836 878 3153 946 surremit,
3183 887 3243 936 et
3270 878 3433 938 abiit
3464 879 3537 936 in
3570 879 3850 938 Hebron.

2608 976 2791 1035 Misit
2840 985 3056 1037 autem
3103 977 3385 1036 Absalon
3433 979 3889 1054 exploratores,
3940 974 4013 1035 id

2514 1081 2611 1133 est
2640 1093 2930 1136 cursores
2964 1081 3026 1136 et
3062 1074 3525 1150 observatoreS‚
3562 1075 3631 1134 in
3670 1076 4013 1134 universas

2518 1173 2723 1232 tribus
2754 1176 2983 1242 Israel,
3014 1173 3079 1235 id
3116 1181 3213 1236 est
3248 1173 3327 1235 ad
3367 1173 3615 1254 aliquas
3656 1171 3849 1234 urbes
3896 1172 4011 1233 tri-

2516 1269 2711 1331 buum
2746 1268 3161 1351 singularum,
3194 1273 3416 1332 dicens
3444 1292 3467 1330 .·
3497 1273 3739 1332 Statim
3780 1280 3853 1330 uc
3891 1291 4011 1330 au-

2512 1371 2769 1430 dieritis
2816 1373 3181 1447 clangorem
3232 1372 3537 1440 buccinoe,
3584 1371 3785 1430 dicite
3820 1389 3845 1428 .·
3882 1371 4007 1431 Be-

2504 1471 2737 1544 9nabit
2767 1467 2789 1490 ⁶
2828 1472 3111 1529 Absalon
3162 1471 3233 1529 in
3286 1472 3564 1530 Hebron.
3612 1467 3893 1530 Absalon
3936 1477 4004 1530 et
4050 1487 4285 1538 utquam

2513 1565 2865 1628 consiliarii
2926 1566 3023 1628 sui
3074 1565 3166 1628 ita
3220 1566 3655 1630 instruxerunt
3714 1566 3999 1642 nuntios,

2512 1663 2683 1744 quod
2714 1666 2935 1727 eodem
2966 1665 3091 1740 die,
3129 1665 3479 1748 eademque
3516 1665 3675 1728 hora
3709 1665 3805 1726 eis
3844 1683 4008 1747 pm-

2516 1761 2666 1837 fixa,
2702 1763 3146 1845 unusquisque
3184 1782 3405 1827 eorum
3439 1765 3504 1825 in
3538 1764 3695 1826 urbe
3734 1763 3861 1825 sibi
3900 1765 4009 1825 de—

913 1881 1112 1943 quum
1139 1861 1332 1944 coepit
1363 1879 1648 1942 regnare,
1671 1860 1794 1923 fuit
1824 1859 2076 1922 circiter
2106 1857 2403 1921 undecim
2442 1859 2489 1922 B
2515 1869 2731 1941 putata
2760 1860 3045 1923 insonuit
3075 1862 3368 1925 buccina.
3400 1861 3533 1936 Quo
3567 1861 3756 1937 facto,
3790 1861 3905 1923 alii
3944 1862 4005 1923 ei

2512 1958 2804 2022 associati
2849 1958 3285 2023 clamaverunt
3318 1977 3333 2022 ε
3370 1959 3681 2040 Regnabit
3718 1959 4001 2023 Absalon

2513 2057 2577 2118 in
2622 2057 2895 2121 Hebron.
2930 2057 3159 2140 Sicque
3210 2057 3407 2122 fiebat
3454 2058 3520 2120 in
3565 2058 3852 2141 qualibet
3903 2077 4009 2120 ur-

2513 2155 2691 2218 bium
2726 2157 2806 2218 ad
2842 2176 3000 2239 quas
3040 2165 3223 2219 erant
3260 2156 3519 2231 directi;
3554 2157 3775 2220 cadem
3812 2156 4005 2220 etiam

2513 2253 2670 2317 hora
2700 2254 2899 2318 fiebat
2929 2255 3017 2318 ita
3058 2255 3120 2317 in
3160 2255 3434 2318 Hebron.
3468 2260 3673 2318 Porro
3701 2277 3857 2318 cum
3886 2259 4009 2318 Ab·

2510 2359 2694 2415 salon
2727 2357 2945 2415 ierunt
2974 2358 3239 2416 ducenti
3270 2357 3404 2416 viri
3420 2359 3501 2416 de
3516 2360 3881 2418 Jerusalem
3908 2377 4009 2416 vo-

2510 2457 2661 2524 cati,
2690 2472 2851 2535 quos
2896 2453 3139 2534 rogavit
3190 2473 3405 2517 secum
3444 2455 3683 2532 venire,
3718 2463 3793 2516 ut
3824 2464 4009 2536 puta·

2512 2560 2733 2613 rentur
2752 2550 2873 2613 sibi
2908 2550 3145 2628 favere,
3164 2561 3229 2615 et
3258 2552 3589 2634 pauciores
3620 2571 3769 2616 cum
3806 2554 4005 2618 David

2513 2658 2841 2712 manerent
2875 2667 2889 2712 ε
2926 2669 3041 2740 nec
3070 2650 3342 2713 dubium
3374 2651 3531 2732 quin
3552 2651 3671 2713 ‘isti
3702 2662 3891 2715 erant
3922 2653 4007 2716 vi·

2514 2747 2566 2809 ri
2604 2749 2878 2811 multum
2918 2750 3267 2824 notabile83
3312 2760 3531 2811 euntes
3558 2753 3851 2828 simplici
3878 2767 4007 2811 mr-

2508 2851 2609 2918 de,
2632 2858 2691 2908 et
2718 2868 2983 2910 causam
3000 2851 3265 2926 penitus
3291 2851 3684 2926 iynorantes,
3700 2849 3785 2912 ob
3806 2869 3997 2931 quam

2510 2944 2785 3008 Absalon
2826 2964 2935 3009 eos
2978 2963 3192 3008 secum
3242 2946 3609 3028 assumpsit.
3642 2950 4005 3008 Accersivit

912 3048 1012 3128 (ut
1041 3047 1282 3110 dictum
1313 3047 1436 3127 est)
1457 3044 1782 3107 fluxerunt
1811 3043 2064 3106 circiter
2088 3044 2215 3107 duo
2244 3043 2401 3106 anni
2439 3045 2482 3108 C
2510 3047 3049 3125 quoqueAbsalon
3066 3047 3443 3122 Ackitopkel
3469 3047 3799 3107 Giloniten
3824 3049 3907 3106 de
3924 3048 4008 3106 ci-

911 3146 1145 3228 quibus
1195 3146 1502 3228 populum
1551 3142 1676 3205 sibi
1727 3142 1978 3206 attraxit
2017 3160 2030 3204 :
2065 3141 2178 3225 qui
2212 3142 2400 3205 simul

913 3253 1063 3308 sunt
1092 3264 1322 3309 novem
1352 3243 1527 3307 anni.

993 3344 1206 3425 ltaque
1244 3352 1386 3425 post
1424 3360 1624 3405 annos
1665 3339 1962 3423 praefatos
2002 3340 2162 3403 dixit
2207 3341 2405 3403 Absa-

915 3441 1021 3505 lon
1070 3443 1149 3505 ad
1193 3460 1404 3523 regem
1441 3458 1454 3503 :
1495 3444 1739 3501 Vadam
1777 3450 1838 3500 et
1873 3442 2169 3509 reddam,
2202 3440 2267 3501 id
2307 3448 2403 3503 est

916 3540 1297 3622 persolvam,
1321 3550 1464 3601 voca
1495 3560 1634 3600 mea
1663 3560 1807 3618 quce
1837 3539 1984 3598 vovi
2017 3540 2316 3608 Domino,
2338 3539 2401 3600 id

915 3649 1012 3702 est
1039 3637 1358 3702 sacrificia
1387 3656 1530 3720 quae
1559 3638 1684 3700 Deo
1725 3635 1962 3699 offerre
2005 3636 2293 3719 promisi,
2330 3639 2403 3697 in

691 3774 717 3803 ο
743 3772 768 3801 u
816 3772 886 3809 xv,
918 3742 1172 3801 Hebron
1204 3738 1361 3801 urbe
1403 3735 1670 3800 notabili
1713 3736 1918 3798 tribus
1946 3735 2126 3798 Juda.
2168 3739 2404 3795 Vovens

916 3841 1090 3899 enim
1125 3840 1296 3898 vovit
1322 3857 1541 3897 servus
1574 3846 1722 3896 tuus
1751 3856 1954 3916 quum
1983 3844 2134 3895 esset
2165 3836 2239 3894 in
2266 3837 2406 3895 Ges-

915 3959 1030 3999 sur
1047 3939 1285 4013 Syria»,
1303 3934 1456 4017 quia
1487 3934 1658 4014 regio
1693 3934 1816 3997 ista·
1840 3933 2071 3996 Gessur
2100 3931 2226 3995 fuit
2259 3951 2403 4014 pars

915 4035 1132 4117 Syriae‚
1174 4038 1390 4095 dicens
1420 4054 1442 4093 .·
1472 4034 1553 4095 Si
1583 4035 1916 4093 reduxerit
1957 4052 2054 4093 me
2085 4033 2404 4093 Dominus

913 4136 986 4195 in
1014 4138 1394 4205 Jerusalem,
1411 4133 1783 4208 sacrificabo
1813 4132 2090 4192 Domino
2117 4148 2231 4212 per
2273 4148 2405 4192 ma-

2512 3146 2709 3204 vicate
2726 3164 2847 3203 sua
2872 3145 3033 3213 Gilo,
3054 3143 3118 3205 id
3140 3151 3236 3205 est
3254 3144 3333 3205 de
3364 3143 3521 3206 urbe
3551 3142 3816 3207 nomine
3832 3144 3998 3221 Gilo,

2508 3243 2961 3302 consiliarium
3020 3244 3236 3303 David
3292 3241 3707 3323 praecipuum.
3770 3242 4003 3306 Dicunt

2508 3348 2719 3402 autem
2766 3340 2990 3422 aliqui,
3035 3340 3205 3422 quod
3253 3339 3632 3422 Achitophel
3686 3340 3999 3405 animavit

2508 3438 2889 3502 Absalonem
2928 3446 3149 3502 contra
3190 3438 3409 3516 David,
3456 3458 3531 3503 eo
3577 3441 3748 3521 quod
3800 3440 3997 3505 David

2508 3536 2893 3599 adulterium
2942 3536 3070 3617 egit
3113 3556 3259 3599 cum
3302 3537 3647 3601 Bethsabee
3687 3537 3831 3601 filia
3872 3539 3997 3602 filii
4030 3556 4267 3610 uncam.

2510 3636 2630 3697 sui.
2668 3638 3003 3715 Quumque
3052 3637 3415 3697 immolaret
3464 3639 3703 3698 hostias
3732 3640 3785 3707 *,
3810 3640 4002 3719 quasi
4042 3657 4261 3697 περιῇ-υ

2513 3734 2703 3807 Deum
2736 3734 3077 3811 honoranS,
3097 3734 3581 3818 adjutoremque
3611 3734 3875 3812 habenS,
3900 3742 4005 3817 sa-

2509 3843 2611 3894 cta
2638 3844 2727 3893 est
2758 3835 3121 3911 conjuratio
3154 3835 3405 3905 valida,
3428 3833 3515 3896 ita
3545 3834 3717 3915 quod
3748 3832 4004 3898 fortiter

2510 3932 2977 3994 adstrinxerant
3024 3950 3091 3993 se
3138 3930 3445 3995 adsistere
3490 3931 3813 3995 Absaloni.
3870 3936 4004 3995 Po-

2503 4036 2825 4110 putusque
2860 4050 3244 4091 concurrens
3280 4034 3641 4107 auyebacur
3682 4052 3829 4093 cum
3873 4036 4005 4095 Ab-

2508 4132 2712 4199 salon,
2761 4128 2823 4191 id
2874 4137 2991 4206 est,
3037 4128 3115 4190 de
3162 4126 3437 4207 singulis
3489 4128 3781 4191 tribubus
3831 4130 4002 4193 mul-

915 4251 1066 4294 num
1100 4230 1443 4295 sacerdotis
1473 4230 1539 4291 in
1575 4228 1824 4292 Hebron
1862 4245 1875 4290 ε
1912 4228 2197 4291 nondum
2230 4228 2401 4291 enim
2436 4228 2485 4290 D
2516 4226 2559 4287 ti
2601 4226 2976 4289 festinanter
3014 4234 3447 4289 convenerunt
3484 4226 3562 4288 ad
3600 4226 3872 4303 Hebron,
3920 4230 4001 4291 ad

915 4331 1039 4393 fuit
1080 4330 1388 4412 templum
1430 4336 1888 4403 constructum,
1927 4326 2069 4389 ideo
2101 4336 2282 4389 extra
2307 4327 2405 4390 Je-

915 4429 1188 4492 rusalem
1237 4427 1418 4491 licuit
1467 4424 1853 4489 sacrificare.
1898 4424 2017 4488 Sed
2067 4425 2237 4487 istud
2282 4425 2407 4487 Ab-

913 4528 1092 4591 salon
1133 4526 1411 4589 creditur
1459 4524 1873 4600 confinxisse,
1919 4532 1990 4586 ut
2028 4524 2147 4585 sub
2192 4523 2404 4605 specie

913 4624 1242 4707 religionis
1285 4633 1528 4707 patrem
1567 4642 1754 4685 suum
1794 4622 2136 4704 deciperet,
2166 4630 2232 4684 et
2262 4640 2405 4704 pro-

914 4726 1193 4809 positum
1237 4742 1366 4786 suae
1405 4721 1773 4785 rebellionis
1804 4729 2277 4801 exsequeretur,
2317 4718 2405 4782 fa-

913 4826 1141 4887 ciendo
1173 4821 1710 4904 conspirationem
1741 4820 1806 4881 in
1836 4819 2086 4883 Hebron
2122 4819 2279 4881 urbe
2312 4818 2407 4881 fa-

915 4942 1092 4986 mosa
1119 4930 1183 4985 et
1213 4929 1430 4984 sancta
1465 4936 1478 4980 :
1511 4919 1690 5000 juxta
1718 4936 1909 4998 quam
1944 4915 2068 4979 fuit
2100 4916 2405 4999 spelunca

647 5041 884 5089 omum,
913 5022 1169 5103 duplex,
1191 5020 1256 5081 in
1288 5037 1416 5100 qua
1445 5036 1591 5080 cum
1623 5016 1754 5077 suis
1785 5014 2167 5096 conjugibus
2200 5015 2405 5097 sepul-

623 5106 884 5210 ζῖξξζζζῧῗῖ
917 5121 963 5183 ti
997 5128 1144 5181 sunt
1164 5126 1436 5200 quatuor
1461 5114 1675 5195 magni
1695 5113 2405 5189 Patriarchae,videlicet

624 5242 662 5281 ι.
690 5197 752 5271 ¹3-
875 5198 1135 5294 ’Adam,
1168 5214 1507 5290 Abraham,
1549 5214 1740 5289 Isaac,
1784 5211 1998 5288 Jacob,
2041 5210 2194 5289 Eva,
2229 5211 2399 5289 Sara,

623 5338 888 5395 numm.
917 5318 1200 5381 Rebecca
1226 5322 1291 5379 et
1318 5313 1461 5389 Lia3
1504 5311 1570 5374 in
1610 5329 1736 5392 qua
1773 5310 1966 5373 etiam
2009 5310 2170 5373 urbe
2209 5310 2407 5393 coepit

2510 4326 3032 4407 complacendum
3074 4324 3635 4407 adsistendumque
3664 4324 4000 4390 Absaloni.

2608 4426 2791 4485 Venit
2821 4426 3029 4501 iyicur
3058 4426 3331 4485 nuntius
3361 4426 3451 4485 ad
3469 4426 3709 4496 David,
3734 4426 3961 4486 dicens
3980 4448 4006 4487 .·

2518 4527 2663 4585 Toto
2692 4527 2879 4584 corde
2918 4525 3263 4584 universus
3306 4526 3511 4584 Israel
3548 4526 3843 4603 sequitur
3870 4530 4009 4586 Ab·

2510 4626 2714 4693 salon,
2750 4621 2811 4683 id
2855 4630 2971 4698 est,
3008 4620 3193 4682 multi
3236 4621 3316 4683 de
3355 4620 3641 4702 qualibet
3682 4621 3855 4686 tribu
3892 4622 4009 4687 ad-

2512 4719 2754 4783 haercnt
2782 4719 2840 4781 ei
2874 4728 2943 4781 ut
2974 4719 3129 4801 regi.
3154 4722 3241 4781 Ec
3272 4722 3367 4780 ait
3390 4723 3609 4781 David
3634 4724 3836 4782 servis
3862 4728 4006 4784 suis

2512 4821 2629 4898 qui
2664 4829 2850 4879 erant
2886 4839 3035 4879 cum
3064 4838 3133 4877 eo
3166 4821 3239 4878 in
3267 4822 3625 4880 Jerusalem
3652 4838 3678 4879 .·
3708 4822 4002 4897 Sumite,

2510 4928 2570 4977 et
2598 4918 2958 4997 fayiamus.
2992 4920 3212 4997 Neque
3252 4919 3430 4977 enim
3470 4918 3595 4978 eric
3634 4920 3815 4977 nobis
3840 4924 4001 4995 effu-

2504 5018 2695 5093 gium
2724 5036 2765 5075 a
2793 5016 2963 5094 facie
2981 5018 3284 5086 Absalon,
3304 5014 3428 5076 nisi
3456 5014 3589 5095 jam
3623 5014 4005 5079 festinemus

2514 5112 2707 5175 exire.
2742 5113 2939 5177 David
2982 5112 3277 5176 conscius
3326 5112 3449 5174 sibi
3501 5112 3811 5175 malorum
3854 5132 4005 5194 quae

2517 5209 2772 5288 fecerat,
2826 5230 2899 5274 ac
2956 5210 3370 5273 reminiscens
3428 5210 4003 5274 comminationum
4048 5228 4243 5281 naqa„

2514 5309 2637 5373 sibi
2667 5329 2782 5392 per
2812 5309 3051 5373 Nathan
3084 5308 3419 5387 factarum,
3458 5307 3829 5374 formidavit
3858 5328 4007 5374 suc·
4034 5292 4159 5333 ¹⁰⁴³·
