4359 6250
74 1673 129 1716 18.
142 1688 239 1721 xm,
258 1675 299 1720 3:

60 1736 201 1778 walth.
228 1749 301 1784 xu,

61 1801 101 1840 [b.

60 2273 307 2329 morast&

952 505 1300 554 lim-mutuo
1342 505 1403 551 lx
1446 505 1581 551 CAP.
1630 504 1697 550 111
1738 503 1895 549 LIBRI
1938 503 2190 550 securim
2231 505 2456 552 REGUH.
2501 523 2581 534 —
2621 505 2763 552 Am.
2811 506 2845 549 V

329 974 743 1054 parcendum
787 972 1049 1055 iniquis,
1086 976 1192 1035 An
1232 975 1495 1050 ‘e'ynoras
1536 975 1707 1052 quod
1736 991 1849 1048 pe-

330 1073 639 1133 riculosa
680 1075 765 1133 sit
805 1074 1213 1150 desperatio?
1245 1071 1403 1134 Vere
1448 1069 1849 1153 periculosis-

330 1168 589 1232 simum
622 1176 718 1233 est
738 1170 1542 1253 desperare.Periculosum
1576 1176 1673 1232 est
1693 1185 1849 1249 quo-

330 1287 501 1348 que,
537 1288 652 1350 per
690 1288 1049 1333 sermonem
1090 1269 1287 1331 nimie
1330 1269 1707 1350 rigorosum‚
1740 1275 1849 1329 aut

334 1385 466 1446 per
517 1367 997 1432 immoderatam
1055 1367 1523 1450 correptionem
1564 1386 1676 1429 seu
1716 1383 1849 1428 cor-

333 1465 704 1529 rectionem
738 1467 1038 1529 inducere
1081 1465 1441 1548 proximum
1483 1474 1592 1528 aut
1630 1464 1847 1527 subdi-

338 1571 489 1625 tum
523 1565 603 1627 ad
642 1564 1108 1647 desperationis
1149 1564 1693 1647 propinquitatem
1739 1572 1849 1626 aut

336 1662 838 1726 desolationem.
875 1663 1008 1727 Non
1058 1663 1231 1726 enim
1282 1663 1704 1732 conterendus
1755 1671 1851 1726 est

337 1761 639 1824 calamus
670 1771 1288 1845 conquassatuS‚nec
1316 1762 1849 1842 exstinguendum

338 1859 679 1941 fumigans
718 1860 924 1922 linum
970 1878 983 1923 :

340 1959 543 2041 lapsi,
578 1969 727 2022 sunt
768 1978 880 2041 per
912 1960 1363 2024 discretionem
1406 1961 1845 2044 recuperandi,

342 2078 472 2140 per
514 2077 695 2140 spem
734 2057 1161 2135 confortandi,
1205 2078 1320 2140 per
1360 2059 1700 2124 salutarem
1748 2060 1853 2124 do-

339 2157 628 2220 ctrinam
678 2157 1113 2222 illuminandi.
1168 2159 1327 2220 Hinc
1377 2165 1441 2220 et
1491 2159 1656 2220 Deus
1718 2177 1846 2222 non

342 2256 669 2336 permittit
700 2275 815 2319 nos
851 2256 1017 2320 ultra
1047 2256 1215 2320 vires
1247 2256 1500 2333 tentari,
1528 2276 1607 2320 ne
1636 2257 1853 2339 despe-

340 2373 609 2429 remus3
641 2355 753 2418 sed
802 2354 955 2418 facit
997 2374 1143 2417 cum
1185 2355 1534 2418 tentatione
1577 2374 1849 2437 proven-

340 2461 515 2527 tum,
548 2454 895 2518 dummodo
925 2473 1043 2536 pro
1076 2453 1322 2518 viribus
1363 2454 1753 2532 resistamuS,
1781 2462 1853 2516 ut

339 2551 781 2629 consolemur,
833 2561 896 2614 et
952 2560 1259 2632 augeatur
1318 2571 1461 2634 spes
1520 2559 1735 2615 nostra
1784 2553 1849 2614 in

338 2649 645 2714 Domino.
690 2653 893 2712 Porro
936 2653 1094 2712 Joab
1136 2653 1549 2728 congregavit
1600 2672 1851 2711 omnem

331 2753 688 2826 populum.
726 2749 827 2812 Sic
872 2749 1173 2830 praelatus
1224 2757 1287 2812 et
1326 2749 1623 2830 princeps
1664 2748 1851 2811 debet

341 2847 643 2916 subditos
672 2866 821 2913 suos
853 2867 967 2930 per
1004 2847 1332 2911 caritatem
1374 2847 1696 2928 colligere,
1734 2866 1846 2929 per

344 2965 581 3027 pacem
621 2954 815 3029 atque
858 2946 1266 3010 concordiam
1309 2948 1611 3024 adunare,
1660 2954 1851 3028 atque

3323 489 3444 552 445

326 685 609 740 veretur
638 676 1073 753 succumbere,
1108 677 1389 760 postulat
1424 695 1669 758 pacem,
1714 692 1843 737 non
1876 672 1927 734 A
1957 675 2132 738 omni
2166 677 2353 739 modo
2393 675 2683 758 possibili
2726 676 3140 740 subveniatur
3175 677 3436 740 eisdem.

324 775 527 856 pacis
558 793 795 848 amore,
828 777 937 839 sed
971 775 1240 858 periculi
1275 775 1374 836 sui
1411 775 1657 837 timore.
1684 773 1843 834 Justi

324 883 563 936 autem
598 893 726 937 non
757 873 994 938 debent
1024 893 1165 938 esse
1200 873 1393 936 nimis
1425 872 1735 935 difficiles
1768 872 1843 933 ad

1955 773 2043 834 Ec
2071 776 2568 834 ambulaverant
2600 784 2726 836 tota
2758 785 2956 836 nocte.
2996 774 3082 837 lta
3121 784 3184 837 et
3221 794 3336 838 nos
3372 775 3442 836 in

1956 870 2130 933 omni
2176 872 2579 948 adversitate,
2625 873 3085 954 persecutione,
3128 892 3199 937 ac
3244 881 3445 936 tenta-

1960 969 2131 1032 tionc
2169 970 2472 1033 dehemus
2505 971 2585 1033 ad
2624 971 2943 1035 Christum
2975 971 3347 1048 accelerare,
3383 980 3445 1036 et

1958 1087 2073 1151 pcr
2103 1070 2359 1132 semitas
2393 1069 2553 1133 lueis
2586 1071 2947 1151 procedere,
2975 1090 3102 1134 non
3134 1079 3301 1134 stare
3332 1091 3445 1154 per

1959 1168 2575 1250 pusillanimitatem,
2621 1188 2827 1250 neque
2872 1169 3288 1234 succumbere
3334 1177 3446 1253 per

1957 1286 2363 1344 consensum,
2385 1267 2492 1330 sed
2528 1275 2702 1330 tanto
2735 1267 3075 1331 instantius
3108 1287 3293 1349 agere
3325 1270 3448 1334 vir·

1959 1375 2158 1443 tuose,
2210 1366 2796 1447 tentationibusque
2847 1366 3160 1444 resistere,
3207 1376 3447 1450 quanto

1956 1465 2167 1529 acrius
2218 1474 2280 1528 et
2329 1463 2757 1546 importunius
2805 1484 2842 1527 a
2890 1465 3189 1547 malignis
3241 1467 3448 1549 impu-

1956 1581 2228 1644 gnamur
2257 1562 2613 1646 spiritibuS‚
2647 1564 2746 1627 vel
2787 1573 2957 1627 certe
2990 1584 3027 1627 a
3060 1567 3300 1629 mundo
3339 1575 3450 1629 aut

1960 1683 2149 1726 carne
2181 1681 2291 1724 seu
2327 1662 2618 1744 improba
2647 1663 2905 1746 propria
2937 1664 3285 1728 voluntate.

2038 1763 2383 1836 PostremO,
2404 1780 2517 1844 per
2546 1761 2666 1824 hoc
2697 1763 2867 1844 quod
2902 1771 2996 1826 ter
3023 1763 3322 1827 inunctus
3354 1773 3452 1828 est

1032 1861 1161 1925 imo
1206 1861 1449 1944 pusilli,
1495 1859 1740 1923 infirmi
1786 1869 1850 1924 et
1888 1857 1934 1918 B
1962 1861 2180 1938 David,
2214 1861 2552 1940 allegorice
2583 1861 2940 1938 denotatur,
2974 1863 3146 1944 quod
3165 1863 3450 1926 Christus

1960 1960 2334 2041 plenissime
2380 1959 2506 2020 fuit
2550 1968 2776 2022 unctus
2820 1960 2994 2022 omni
3039 1960 3261 2024 divino
3303 1961 3452 2024 cha·

1960 2059 2219 2121 rismate
2263 2059 2329 2120 in
2375 2059 2584 2134 corde,
2621 2066 2684 2120 et
2726 2058 2901 2122 omni
2945 2059 3330 2122 discretione
3375 2079 3448 2123 ac

1959 2156 2220 2220 salutari
2240 2157 2530 2220 doctrina
2551 2157 2615 2219 in
2639 2174 2769 2232 ore,
2787 2157 2961 2220 omni
2985 2175 3241 2240 quoque
3263 2159 3454 2240 aequi-

1961 2265 2086 2319 tate
2118 2256 2184 2318 in
2219 2275 2432 2338 opere.
2472 2257 2546 2317 Et
2579 2255 2786 2337 primo
2817 2263 3049 2319 unctus
3079 2265 3178 2319 est
3209 2265 3453 2321 secrete

1960 2356 2025 2416 in
2076 2363 2255 2417 utero
2299 2353 2614 2434 Virginis3
2652 2352 2882 2416 deinde
2925 2355 3313 2418 constitutus
3359 2364 3454 2419 est

1961 2473 2068 2516 rex
2106 2473 2297 2535 super
2338 2472 2678 2518 conversos
2723 2472 2800 2516 ex
2837 2453 3200 2529 Judaism0;
3235 2456 3449 2534 tertio,

1960 2568 2151 2631 super
2180 2569 2436 2612 omnem
2467 2558 2722 2631 gentem
2755 2551 3139 2627 credentem,
3166 2571 3310 2634 quae
3341 2572 3458 2634 per

1962 2648 2158 2711 fidem
2209 2657 2306 2711 est
2343 2649 2610 2712 Abrahae
2649 2668 2889 2713 semen.
2929 2647 3040 2713 Per
3093 2651 3262 2714 idem
3304 2669 3453 2716 vero
3487 2675 3746 2726 nom.=v‚1o;

1962 2744 2350 2828 tropologice
2401 2745 2734 2826 figuratur,
2778 2749 2948 2828 quod
3003 2749 3454 2831 unusquisque
3485 2750 3540 2786 ¹¹¹
3565 2738 3606 2780 ⁷·

1963 2844 2179 2909 fidelis
2217 2845 2403 2908 debet
2442 2865 2582 2908 esse
2613 2855 2841 2909 unctus
2875 2847 2941 2909 in
2981 2856 3193 2911 mente
3225 2867 3340 2930 per
3372 2848 3451 2910 fi·

1960 2946 2105 3008 dem
2144 2955 2208 3008 et
2240 2944 2534 3025 gratiam,
2569 2945 2634 3007 in
2675 2964 2786 3009 ore
2827 2965 2948 3028 per
2977 2947 3454 3012 confessionem

342 3046 705 3126 prudenter
735 3046 1131 3129 perpendere
1168 3047 1279 3129 qui
1322 3055 1383 3110 et
1422 3054 1575 3129 quot
1615 3046 1681 3107 in
1724 3046 1853 3129 spi-
1887 3046 1931 3109 C
1962 3052 2024 3108 et
2051 3043 2531 3107 aedificatoriam
2563 3044 2974 3122 locutionem,
3011 3047 3078 3109 in
3115 3064 3323 3130 opere.
3343 3067 3455 3131 per

343 3143 571 3209 rituali
612 3154 723 3207 aut
766 3146 1081 3227 corporali
1123 3146 1471 3209 certamine
1508 3144 1638 3207 sint
1678 3145 1853 3207 devi-

342 3244 461 3323 cti,
510 3252 583 3307 ut
625 3252 842 3307 oretur
885 3253 949 3307 et
993 3244 1351 3309 celebretur
1398 3262 1512 3326 pro
1559 3243 1739 3326 ipsiS,
1788 3252 1851 3307 et

1962 3153 2422 3228 praeceptorum
2466 3146 2841 3224 custodiam,
2880 3148 3457 3228 perseverantiam-

1962 3263 2089 3326 que
2122 3243 2410 3306 finalem.

1520 3675 2169 3762 ARTICULUS
2247 3676 2310 3759 V

604 3954 919 4001 Expostulo
962 3953 1311 3999 lamentatas
1354 3951 1628 3997 camum
1671 3951 1869 3997 ‘remu
1915 3951 1929 3995 :

1976 3951 2173 3995 FACTA
2221 3950 2325 3995 EST
2369 3950 2524 3995 ERGO
2569 3949 2766 3995 LONGA
2809 3952 3220 3998 certet-:mano

1478 4050 1655 4096 INTER
1701 4050 1909 4096 DOUUH
1953 4049 2160 4107 DAvm,
2211 4049 2340 4094 ETC.

518 4336 591 4398 lC
642 4333 967 4408 recitatur,
1016 4331 1290 4413 qualiter
1339 4330 1534 4393 David
1588 4326 1862 4410 profecit
1890 4327 1939 4389 D
1970 4334 2064 4390 ter
2094 4324 2464 4389 interfuisse
2493 4325 2948 4389 certaminibus
2989 4326 3140 4391 illis.
3174 4328 3457 4394 lsboseth

534 4432 826 4516 quotidie
864 4432 943 4494 ad
982 4429 1374 4509 regnandum
1421 4447 1613 4510 super
1658 4435 1859 4490 totum

356 4532 785 4599 Israeliticum
814 4529 1145 4613 populum,
1180 4547 1293 4609 per
1324 4529 1443 4590 hoc
1474 4526 1645 4608 quod
1686 4526 1861 4608 prin-

358 4654 515 4716 ceps
546 4630 797 4695 militiae
818 4626 1325 4692 adversariorum
1361 4645 1621 4689 suorum
1654 4625 1867 4707 subje-.

359 4734 453 4796 cit
482 4752 551 4795 se
583 4731 668 4807 ei,
700 4738 894 4812 atque
925 4727 1174 4791 occisus
1203 4734 1320 4788 est.
1356 4729 1553 4787 Facta
1587 4736 1675 4786 est
1714 4746 1861 4802 erqo

364 4838 559 4909 {onya
603 4828 988 4891 concertatio
1036 4828 1207 4887 inter
1242 4828 1505 4885 domum
1545 4825 1764 4885 David
1802 4832 1861 4881 et

364 4934 543 4992 inter
568 4932 836 4989 domum
867 4928 1119 4993 Samia,
1143 4922 1205 4985 id
1236 4929 1333 4984 est
1365 4921 1530 4983 inter
1561 4928 1861 4999 cognatos

364 5038 431 5092 et
460 5045 681 5091 servos
713 5024 913 5107 ipsius
945 5020 1229 5084 isboseth
1263 5017 1386 5081 filii
1411 5018 1557 5081 Saul
1580 5025 1643 5080 et
1668 5016 1864 5081 David

368 5127 549 5209 regis,
562 5126 639 5187 Et
661 5131 827 5187 recte
846 5120 1147 5185 asseritur
1167 5116 1547 5183 concertatio
1566 5116 1677 5178 illa
1699 5115 1867 5178 facta

367 5228 539 5289 inter
574 5225 835 5287 domum
866 5220 1062 5283 David
1097 5227 1158 5281 et
1186 5219 1445 5281 domum
1484 5214 1628 5278 Saul
1666 5233 1681 5276 ε
1718 5214 1868 5295 quia

369 5344 489 5388 nec
522 5321 743 5397 David,
766 5336 895 5397 ‘nec
929 5316 1209 5379 lsboseth
1240 5316 1491 5379 videtur
1521 5312 1871 5396 personali-

1970 4426 2209 4508 quippe
2229 4444 2305 4487 ex
2325 4424 2588 4502 desidia,
2605 4425 2802 4489 David
2822 4444 2972 4489 vero
2993 4446 3069 4489 ex
3101 4427 3460 4493 humilitate

1969 4532 2031 4587 et
2056 4525 2395 4606 prudentia
2423 4523 2630 4586 noluit
2659 4523 2986 4601 interesse,
3021 4544 3102 4587 ne
3133 4526 3457 4590 videretur

1970 4624 2464 4686 immoderanter
2512 4621 2838 4703 adspirare
2884 4624 2964 4685 ad
3014 4640 3304 4703 regnum.
3343 4626 3460 4689 Ve-

1969 4730 2324 4785 rumtamen
2347 4721 2587 4786 dictum
2621 4729 2716 4783 est
2746 4721 3027 4802 capitulo
3047 4724 3454 4804 praeccdenti,

1970 4820 2140 4899 quod
2169 4818 2450 4882 lsboseth
2486 4817 2771 4900 regnavit
2803 4818 3050 4882 duobus
3081 4820 3265 4882 annis
3286 4821 3461 4883 dum·
3530 4844 3750 4899 necem,

1972 4924 2173 4979 taxat:
2195 4918 2362 4981 unde
2388 4918 2566 5000 sequi
2588 4918 2852 4993 videtur,
2868 4918 3038 4999 quod
3071 4920 3460 4985 concertatio
3491 4911 3556 4951 ¹⁰·

1974 5015 2083 5077 illa
2111 5014 2280 5077 ultra
2310 5015 2641 5079 biennium
2673 5034 2802 5078 non
2835 5016 3124 5090 duravit;
3163 5018 3274 5081 sed
3309 5026 3464 5081 tem-

1976 5132 2093 5195 pus
2144 5114 2315 5193 quod
2365 5113 2431 5175 in
2483 5114 2902 5196 prosperitate
2951 5122 3013 5175 et
3062 5132 3216 5196 pace
3268 5115 3461 5180 breve

1976 5220 2293 5288 censetur,
2330 5212 2394 5273 in
2435 5212 2813 5275 adversitate
2842 5221 2906 5275 et
2936 5212 3158 5293 praelio
3201 5214 3462 5296 longum

1975 5318 2259 5392 apparet.
2293 5312 2512 5371 David
2532 5312 2902 5388 proficiens,
2934 5309 3087 5392 quia
3119 5311 3188 5373 in
3223 5321 3466 5396 tempo·
