4359 6250
80 2766 107 2808 ll
118 2768 213 2822 Rev.
224 2782 281 2818 w,

954 518 1303 564 ENARRATIO
1346 519 1407 563 IN
1450 518 1585 564 CAP.
1636 517 1655 561 Ι
1698 517 1855 562 unm
1898 517 2149 562 SECUNDI
2191 518 2414 565 REGUM.
2457 537 2537 547 -··
2580 520 2720 564 ΛΒΤ.
2771 519 2790 564 1

3296 503 3416 566 429

302 687 538 768 plicio,
579 688 814 752 liberas
844 709 947 752 me
977 710 1014 752 a
1045 689 1428 753 diuturniori
1460 696 1810 762 torment03
1842 685 1895 748 A
1927 707 2007 750 ne
2038 689 2431 752 occideretur
2462 709 2499 751 a
2526 689 2862 751 Philistaeis
2893 689 3355 752 incircumcisis
3392 707 3406 752 ε

298 798 363 847 ec
398 791 624 848 adhuc
654 799 785 850 τοία
805 791 1031 850 anima
1054 809 1215 861 mea,
1234 787 1297 851 id
1322 796 1417 850 est
1450 795 1615 850 totus
1635 786 1815 864 vigor

298 885 547 948 animae
593 905 772 963 meae,
806 889 876 946 in
924 909 1023 948 me
1065 897 1181 956 est,
1213 894 1281 948 ut
1322 886 1584 967 quidam
1626 901 1814 966 expo-

302 991 509 1058 nunt;
534 985 648 1046 sed
683 1003 809 1046 non
841 993 1105 1067 apparet
1136 984 1449 1066 expositio
1472 1003 1641 1060 vera,
1662 1001 1814 1064 quo-

302 1081 489 1143 niam
524 1083 676 1145 Saul
713 1082 835 1145 fuit
863 1084 995 1163 jam
1027 1084 1211 1148 valde
1242 1083 1631 1158 debilitatus,
1653 1090 1715 1144 et
1746 1082 1812 1143 in

302 1180 537 1261 vigore
588 1181 877 1258 animali,
934 1181 1137 1260 vitali,
1194 1182 1502 1245 sensitivo
1552 1200 1625 1243 ac
1675 1199 1816 1263 pro-

298 1279 603 1358 gressive
624 1279 953 1356 deficienS‚
970 1280 1099 1342 imo
1122 1280 1395 1342 letaliter
1418 1280 1809 1355 vulneratuS,

304 1377 542 1458 sicque
576 1397 707 1441 non
742 1376 865 1440 fuit
896 1386 1045 1441 tunc
1067 1378 1133 1440 in
1164 1396 1240 1441 eo
1274 1386 1403 1441 tota
1433 1378 1645 1440 anima
1676 1395 1811 1452 sua,

302 1484 631 1556 quantum
678 1477 756 1538 ad
795 1484 1195 1559 potestatem,
1231 1477 1342 1539 sed
1381 1485 1691 1557 quantum
1736 1475 1817 1536 ad

303 1593 498 1635 suam
530 1575 879 1637 essentiam
915 1595 929 1638 ε
964 1575 1269 1656 quoniam
1300 1575 1513 1636 anima
1542 1583 1638 1637 est
1669 1573 1819 1636 sim·

304 1672 487 1753 plex,
538 1673 965 1754 incorporalis
1006 1680 1070 1736 et
1120 1672 1535 1735 indivisibilis
1587 1671 1812 1749 forma,

303 1772 527 1850 quoad
576 1791 759 1833 suam
802 1771 1167 1848 essentiam,
1216 1771 1525 1834 exsistens
1571 1778 1702 1833 tota
1748 1770 1815 1831 in

1925 785 2053 848 imo
2085 787 2298 868 potius
2327 787 2480 868 quia
2523 787 2784 850 timebat
2823 806 2860 849 a
2890 787 3226 850 Philistaeis
3267 807 3413 851 con-

1927 882 2272 948 fusibiliter
2311 885 2707 966 turpiterque
2749 884 3026 962 tractari,
3062 894 3132 947 ut
3174 885 3241 947 in
3283 885 3413 967 pri-

1924 1001 2029 1047 mo
2059 984 2224 1047 libro
2256 985 2637 1048 continetur.
3384 1055 3390 1062 ,

2004 1085 2090 1142 Et
2141 1086 2270 1143 tuli
2313 1086 2619 1145 diadema
2667 1088 2837 1164 quod
2884 1095 3022 1146 erat
3072 1087 3146 1146 in
3199 1085 3409 1162 capite

1922 1181 2087 1258 ejus,
2120 1181 2184 1242 id
2215 1189 2332 1258 est,
2367 1201 2496 1263 quo
2532 1181 2676 1245 Saul
2711 1183 2804 1244 uti
2836 1182 3075 1246 solebat
3107 1183 3174 1244 in
3206 1182 3414 1266 capite

1926 1298 2061 1342 suo.
2088 1278 2304 1361 Aliqui
2339 1289 2548 1343 tamen
2580 1300 2694 1363 per
2722 1281 3014 1343 diadema
3045 1281 3414 1362 intelligunt

1926 1378 2171 1458 galeam
2203 1378 2624 1442 diadematam
2665 1379 2729 1440 in
2758 1380 3001 1460 regium
3035 1379 3414 1460 signum.Ec

1926 1479 2260 1538 armillam
2309 1481 2388 1538 de
2436 1479 2691 1538 brachio
2741 1480 2948 1540 illius,
3001 1479 3267 1541 Armilla
3317 1486 3413 1540 est

1926 1583 2371 1638 ornamentum
2413 1575 2660 1639 brachii
2701 1596 2964 1639 aureum
3009 1577 3146 1642 sive
3195 1595 3418 1657 argen-

1930 1681 2121 1750 teum,
2175 1675 2339 1736 sicut
2391 1674 2631 1737 inauris
2681 1685 3124 1739 ornamentum
3176 1686 3272 1740 est
3311 1697 3416 1740 au-

1928 1771 2116 1848 rium,
2154 1781 2217 1835 et
2253 1773 2530 1835 annulus
2569 1773 2935 1852 digitorum.
2973 1779 3058 1840 Et
3087 1778 3286 1838 attuli
3314 1795 3416 1838 or-

306 1877 473 1944 toto,
498 1878 565 1932 et
600 1877 730 1932 tota
760 1870 826 1931 in
868 1870 1157 1951 qualibet
1186 1870 1323 1951 ejus
1355 1877 1556 1952 parte.
1592 1873 1817 1931 Stans·
1852 1867 1899 1928 Β
1927 1879 2224 1934 namenta
2261 1871 2393 1934 haec
2424 1876 2512 1932 ad
2547 1882 2602 1932 te
2636 1875 2977 1934 dominum
3013 1895 3226 1935 meum
3257 1878 3410 1948 huc,

302 1989 434 2047 que
474 1989 675 2046 super
718 1971 939 2038 illum,
968 1969 1177 2029 occidi
1215 1971 1428 2030 illum.
1456 1968 1815 2031 Secundum

304 2067 715 2149 expositores
751 2067 1201 2144 communiter,
1236 2067 1489 2148 juvenis
1533 2067 1651 2130 iste
1683 2066 1816 2128 haec

310 2165 535 2242 finxit,
574 2166 662 2228 ita
693 2166 866 2247 quod
896 2185 1013 2228 nec
1045 2165 1194 2229 Saul
1224 2166 1528 2248 praecepit
1556 2165 1615 2228 ei
1646 2164 1817 2246 quod

308 2265 565 2328 dictum
612 2273 729 2341 est,
767 2283 886 2327 nec
927 2264 1065 2346 ipse
1109 2263 1343 2327 occidit
1385 2263 1657 2340 Saulem,
1708 2263 1819 2326 sed

172 2389 279 2426 xm.
310 2362 467 2426 Saul
502 2383 573 2426 se
604 2365 839 2445 ipsum,
877 2371 946 2425 ut
976 2363 1217 2426 dictum
1250 2371 1345 2426 est
1377 2363 1442 2424 in
1476 2361 1820 2445 expositio-

310 2483 397 2526 ne
417 2461 693 2544 capituli
718 2461 928 2524 ultimi
950 2460 1142 2544 primi
1175 2461 1348 2523 libri.
1365 2461 1816 2524 Verumtamen

310 2562 483 2624 dixit
513 2579 584 2624 se
614 2561 867 2624 Saulem
900 2560 1231 2638 occidisse,
1258 2579 1522 2642 sperans
1554 2578 1668 2641 per
1700 2560 1819 2624 hoc

309 2660 575 2741 placere
620 2659 756 2739 regi
798 2658 1021 2736 David,
1066 2658 1602 2739 quemadmodum
1650 2657 1820 2720 infra

310 2759 529 2821 Baana
556 2767 623 2820 et
652 2757 905 2820 Rechab
937 2756 1236 2837 leguntur
1266 2755 1577 2819 occidisse
1607 2756 1818 2838 ipsum

310 2855 629 2932 Isboseth,
673 2856 943 2937 ejusque
985 2863 1177 2937 caput
1220 2854 1443 2916 tulisse
1484 2855 1565 2916 ad
1595 2854 1814 2930 David,

310 2956 393 3017 ad
423 2953 959 3036 complacendum
990 2954 1223 3016 eidem.
1243 2952 1691 3015 Verumtamen
1720 2952 1820 3015 Jo-

1926 1969 2003 2030 ad
2034 1970 2418 2050 captandum
2458 1970 2970 2033 benevolentiam
3004 1979 3198 2034 tuam.
3234 1972 3416 2036 Circa

1925 2064 2045 2127 hoc
2092 2065 2382 2144 Magister
2425 2065 2492 2126 in
2540 2065 2824 2128 historiis
2863 2067 3135 2132 scribit:
3180 2068 3413 2131 Dicunt

1926 2162 2191 2240 Hebraei,
2236 2163 2406 2225 hunc
2447 2183 2585 2227 esse
2628 2163 2836 2226 filium
2888 2163 3075 2246 Doeg,
3121 2166 3225 2229 cui
3276 2167 3416 2250 ipse

1926 2261 2466 2342 Doeg‚antequam
2490 2261 2676 2324 irruit
2695 2280 2884 2344 super
2903 2264 3184 2344 gladium
3208 2285 3411 2340 suum,

1932 2358 2188 2421 tradidit
2227 2358 2504 2439 insignia
2548 2358 2712 2439 regis
2751 2379 2895 2441 quae
2944 2362 3310 2440 custodivit,
3347 2372 3416 2426 ut

1931 2453 2109 2517 filius
2159 2474 2314 2517 suus
2365 2455 2576 2519 ferens
2621 2475 2695 2518 ea
2739 2457 2818 2518 ad
2857 2458 3076 2536 David,
3126 2461 3417 2524 redderet

1929 2573 2075 2617 eum
2114 2554 2237 2617 sibi
2278 2555 2678 2637 placabilem.
2715 2557 2817 2621 Sic
2847 2567 2909 2620 et
2937 2559 3088 2621 Cato
3122 2558 3415 2623 invidens

1927 2654 2145 2733 gloriae
2172 2654 2322 2716 Julii
2366 2654 2649 2733 CaesariS,
2684 2657 3017 2739 suspendit
3062 2677 3129 2720 se
3176 2658 3410 2741 ipsum,

1929 2771 2009 2814 ne
2045 2752 2212 2815 Julio
2243 2753 2622 2816 subderetur
2655 2774 2669 2818 :
2720 2762 2928 2818 tamen
2969 2765 3314 2838 antequam
3345 2775 3415 2820 se

1928 2851 2282 2934 suspendit,
2301 2850 2624 2915 consuluit
2647 2851 2786 2916 filio
2816 2873 2953 2930 suo,
2973 2855 3144 2936 quod
3180 2873 3247 2917 se
3278 2855 3422 2918 sub-

1927 2951 2103 3013 deret
2131 2949 2320 3026 Julio,
2345 2958 2408 3012 et
2436 2950 2704 3029 gratiam
2735 2953 2903 3033 apud
2936 2951 3145 3033 ipsum
3178 2954 3422 3016 inveni-

311 3053 558 3136 sephus
600 3053 855 3116 videtur
895 3051 1153 3129 sentire,
1190 3052 1361 3133 quod
1398 3051 1653 3133 juvenis
1699 3051 1818 3113 iste
1855 3050 1898 3113 C
1929 3068 1997 3112 re
2025 3049 2328 3127 studeret,
2364 3058 2553 3132 prout
2585 3050 2650 3111 in
2694 3050 2857 3114 libro
2889 3052 2967 3114 de
3002 3051 3273 3116 Civitate
3302 3053 3413 3116 Dei

309 3152 633 3215 veraciter
692 3152 852 3214 dixit
900 3151 1095 3215 verba
1142 3150 1515 3233 praehabita.
1568 3150 1817 3212 Recitat

311 3270 603 3332 namque
632 3250 965 3332 Iosephus,
997 3250 1171 3331 quod
1210 3248 1505 3331 quamvis
1548 3248 1694 3312 Saul
1735 3248 1819 3310 ir-

312 3349 447 3411 ruit
479 3367 675 3431 super
710 3348 995 3427 gladium
1042 3367 1251 3423 suum,
1296 3355 1509 3410 tamen
1550 3366 1682 3429 prae
1711 3347 1819 3410 de-

311 3448 572 3511 bilitate
603 3466 732 3509 non
773 3447 986 3529 potuit
1016 3466 1085 3509 se
1112 3446 1462 3529 perforare,
1498 3466 1571 3509 ac
1603 3446 1817 3510 subito

315 3546 643 3609 trucidare
678 3565 695 3609 τ
728 3546 873 3609 ideo
916 3544 1138 3626 juveni
1177 3544 1328 3607 huic
1370 3544 1712 3621 commisit,
1746 3553 1819 3607 ut

313 3645 707 3728 impingeret
755 3662 825 3706 se
872 3650 1003 3706 tam
1049 3643 1405 3724 impetuose
1454 3642 1521 3704 in
1569 3662 1809 3719 ensem,

312 3744 493 3825 quod
523 3742 817 3825 protinus
845 3750 1223 3818 moreretur,
1261 3741 1430 3823 quod
1462 3750 1525 3804 et
1552 3741 1807 3823 juvenis

316 3842 498 3905 fecit.
522 3841 616 3903 Ad
649 3841 817 3922 quod
861 3848 1077 3922 posset
1116 3838 1425 3921 applicari
1466 3841 1638 3921 quod
1671 3840 1817 3902 sub-

314 3940 497 4002 ditur
523 3957 537 4001 :
574 3941 869 4001 Sciebam
898 3940 1073 3999 enim
1104 3940 1275 4018 quod
1305 3940 1517 3998 vive-re
1544 3959 1676 3999 non
1702 3959 1817 4015 po-

318 4049 489 4101 terat
534 4048 675 4117 post
718 4039 1012 4098 ruinam.
1049 4035 1135 4098 Ac
1187 4035 1241 4097 si
1289 4036 1546 4118 juvenis
1595 4037 1815 4100 dicat:

317 4138 467 4201 Ideo
497 4136 711 4218 ipsum
740 4134 1259 4212 occidi,mortem
1292 4136 1349 4217 ej
1362 4155 1433 4197 us
1464 4136 1820 4198 acceleran-

1928 3148 2153 3211 recitat
2180 3148 2596 3230 Augustinus,

2008 3250 2509 3326 Apprelcendens
2548 3258 2764 3309 autem
2795 3252 3012 3311 David
3043 3254 3416 3313 vestimenta

1926 3367 2067 3417 sua,
2107 3348 2301 3407 scidit
2343 3365 2417 3409 ea
2458 3364 2574 3429 pro
2618 3356 2818 3430 parte,
2870 3348 2937 3410 in
2981 3349 3236 3431 signum
3286 3370 3418 3413 ma-

1926 3460 2066 3523 gnae
2098 3443 2372 3507 tristitiae
2401 3464 2474 3507 ac
2505 3444 2765 3508 doloris,
2784 3445 2916 3521 Quo
2947 3456 3121 3529 patet
3151 3450 3412 3529 grandis

1926 3542 2236 3625 perfectio
2265 3543 2467 3605 sancti
2497 3544 2718 3620 David,
2744 3544 2957 3626 quide
2988 3545 3251 3610 interitu
3282 3557 3412 3612 tam

1926 3640 2351 3703 crudelissimi
2397 3641 2598 3704 hostis
2637 3641 2737 3703 sui
2783 3661 2910 3705 non
2957 3643 3083 3707 fuit
3125 3646 3406 3725 gavisuS‚

1928 3740 2036 3802 sed
2085 3740 2518 3815 contristatuS‚
2563 3759 2770 3821 neque
2805 3742 3121 3819 gaudebat
3170 3745 3249 3808 de
3301 3765 3414 3808 sua

1928 3857 2073 3901 mox
2113 3838 2329 3901 futura
2367 3839 2766 3920 promotione
2796 3839 2862 3902 in
2893 3858 3128 3921 regem,
3172 3842 3301 3906 imo
3333 3846 3412 3908 de

1929 3946 2131 4000 morte
2157 3936 2439 4000 Jonathae
2459 3946 2522 3999 et
2550 3937 2774 4019 populi
2802 3938 2912 4001 Dei
2939 3940 3416 4005 vehementissi-

1930 4055 2031 4099 me
2068 4035 2295 4099 doluit.
2333 4041 2679 4115 Omnesque
2718 4039 2855 4097 viri
2889 4041 3007 4118 qui
3045 4051 3230 4101 eram
3269 4062 3416 4102 cum

1927 4156 2019 4207 eo,
2053 4133 2380 4197 sciderunt
2406 4142 2614 4197 vestes
2655 4154 2802 4197 suas
2831 4155 2909 4197 ex
2947 4156 3138 4199 causa
3167 4139 3411 4217 eadem,

318 4238 421 4313 do,
460 4234 769 4317 quoniam
801 4240 1013 4297 certus
1044 4232 1163 4311 fui,
1198 4234 1369 4314 quod
1401 4252 1528 4297 non
1571 4243 1820 4316 poterat
1853 4239 1901 4299 D
1928 4232 2225 4315 quamvis
2270 4231 2597 4313 probabile
2629 4232 2732 4310 sit,
2766 4235 2935 4314 quod
2978 4236 3163 4298 multi
3195 4256 3416 4301 eorum

320 4335 433 4397 diu
459 4334 679 4397 vivere
698 4342 1037 4415 postquam
1056 4332 1288 4395 cecidit
1320 4351 1511 4414 super
1532 4332 1818 4414 gladium

322 4452 536 4509 suum,
571 4433 744 4514 quod
794 4430 1107 4507 faciendo,
1159 4430 1321 4493 laesit
1364 4451 1432 4494 se
1476 4431 1688 4513 ipsum
1733 4431 1821 4495 le-

323 4532 559 4607 taliter,
604 4530 899 4611 quamvis
946 4528 1257 4610 potuisset
1298 4531 1378 4591 ad
1424 4538 1673 4611 tempus
1719 4550 1821 4593 su-

323 4629 700 4712 pervixisse.
734 4626 859 4689 Alii
904 4635 1113 4689 tamen
1155 4635 1482 4708 exponunt
1512 4628 1631 4689 hoc
1673 4627 1763 4690 sic
1799 4646 1813 4690 :

324 4728 613 4792 Sciebam
674 4725 845 4807 quod
906 4724 1125 4787 vivere
1183 4743 1313 4788 non
1372 4734 1619 4807 poterat
1677 4734 1820 4808 post

324 4828 599 4903 ruinam,
637 4825 702 4886 id
744 4831 840 4885 cst
880 4830 1026 4904 post
1066 4821 1575 4886 vulnerationem
1617 4843 1742 4904 qua
1784 4843 1820 4885 a

194 4950 215 4977 ι
269 4951 295 4989 ι,
324 4924 671 5005 sagittariis
712 4922 1197 4985 Philistinorum
1243 4921 1365 4983 fuit
1406 4923 1821 4986 vehementer

326 5026 718 5101 vulneratuS,
734 5031 806 5085 ut
835 5021 903 5083 in
925 5021 1309 5102 praecedenti
1335 5019 1601 5083 habetur
1634 5021 1815 5083 libro.

327 5122 541 5185 Maluit
570 5131 783 5185 autem
808 5119 952 5183 Saul
986 5119 1193 5183 occidi
1223 5138 1261 5181 a
1287 5120 1521 5201 juvene
1553 5119 1696 5197 istc,
1719 5119 1819 5183 vel

327 5240 363 5283 a
393 5222 563 5301 Doeg
592 5227 773 5301 patre
815 5218 1038 5300 ipsiuS‚
1074 5217 1381 5300 quoniam
1421 5217 1609 5279 ambo
1640 5225 1821 5280 erant

326 5317 655 5401 proselyti,
695 5315 759 5378 id
803 5324 899 5378 est
939 5318 1017 5379 ad
1061 5316 1457 5379 Iudaismum
1498 5316 1814 5393 conversi,

1930 4332 2007 4393 de
2054 4338 2259 4394 morte
2291 4330 2461 4407 Saul,
2496 4350 2532 4393 a
2579 4349 2706 4411 quo
2761 4339 2962 4395 tantas
3015 4336 3419 4399 sustinebant

1930 4430 2278 4507 molestiaS,
2325 4448 2451 4492 non
2496 4430 2858 4507 doluerunt,
2886 4433 2995 4495 sed
3041 4434 3240 4513 magis
3285 4436 3420 4516 glo-

1930 4528 2621 4610 riabantur,sperantes
2644 4528 2856 4609 ipsum
2877 4530 3072 4595 David
3105 4551 3251 4596 mox
3279 4553 3422 4615 pro-

1931 4628 2317 4689 movendum
2350 4626 2415 4689 in
2447 4646 2662 4707 regem
2698 4646 2712 4690 :
2749 4637 3009 4709 propter
3030 4632 3203 4710 quod
3224 4632 3416 4696 etiam

1932 4727 2009 4788 de
2040 4734 2242 4788 morte
2260 4725 2544 4787 Jonathae
2571 4724 2786 4802 minus
2816 4726 3138 4790 dolebant.
3160 4730 3234 4791 Hi
3266 4750 3416 4812 ergo

1931 4842 2170 4886 morem
2202 4831 2535 4902 gesserunt
2555 4823 2676 4906 ipsi
2709 4823 3416 4900 David,conformantes

1932 4942 1999 4985 se
2048 4922 2106 4985 ei
2157 4922 2224 4982 in
2270 4921 2542 4985 vestium
2593 4920 2922 4985 scissione.
2959 4923 3152 4986 Erant
3198 4935 3410 4990 autem

1930 5039 2076 5082 cum
2106 5020 2304 5082 David
2335 5019 2458 5082 viri
2491 5020 2792 5097 sexcenti,
2816 5029 2885 5081 ut
2915 5020 2979 5081 in
3013 5022 3221 5102 primo
3252 5023 3419 5089 libro

1932 5118 2157 5201 patuit.
2209 5122 2291 5180 Et
2335 5123 2741 5197 planxerunt
2790 5118 3051 5197 lugubri
3100 5122 3310 5201 corde,
3358 5136 3420 5186 et

1930 5221 2250 5293 fleverunt
2300 5216 2702 5279 lacrimarum
2753 5215 3096 5295 effusione,
3145 5228 3206 5281 et
3241 5222 3419 5299 jeju-

1931 5325 2257 5377 naverunt
2307 5335 2507 5394 usque
2557 5318 2644 5375 ad
2696 5335 3046 5392 vesperam,
3093 5316 3272 5399 juxta
3326 5320 3416 5383 le·-

3443 897 3704 954 fRe9.xxxi,

3439 966 3481 1009 ⁴.

3449 4950 3713 5001 zbidxxxs.
