4359 6250
959 503 1306 553 [mammio
1349 503 1409 551 ln·
1453 503 1588 550 mr.
1635 503 1698 551 Xl
1742 501 1897 551 LIBRI
1939 505 2191 552 secuan
2233 503 2457 554 REGUM.
2499 529 2578 538 —
2620 505 2761 556 ΛΒΤ.
2808 507 2959 556 xvln

3382 490 3503 557 499

392 676 626 735 David
655 679 744 737 ad
787 679 1066 742 Uriam:
1099 697 1290 758 quem
1321 679 1400 740 de
1435 676 1772 740 obsidione
1812 673 1903 737 fe-
1932 676 1981 737 A
2013 681 2130 758 gis,
2186 697 2314 744 non
2362 699 2438 743 ex
2487 681 2921 745 inobedientia
2966 690 3077 744 aut
3125 677 3496 764 contemptu

393 771 491 833 cit
521 775 732 837 redire
761 776 840 838 ad
863 795 970 852 se,
1006 785 1324 858 quatenus
1365 775 1502 858 ipse
1533 773 1710 837 Urias
1753 773 1899 848 iret,

393 879 464 932 et
495 873 805 938 dormiret
834 893 978 937 cum
1009 876 1284 957 conjuge
1315 894 1450 950 sua,
1472 883 1536 938 et
1565 873 1656 936 sic
1687 872 1903 954 proles

393 971 461 1032 ei
494 972 986 1051 adscriberetur,
1012 973 1526 1056 adulteriumque
1559 973 1804 1034 lateret.
1831 970 1908 1032 Et

395 1070 568 1133 dixit
598 1072 680 1134 ad
707 1071 919 1135 Uriam
959 1091 972 1134 z
1013 1076 1181 1135 Vade
1209 1075 1284 1134 in
1314 1076 1578 1133 domum
1612 1082 1814 1140 tuam,
1845 1078 1904 1128 et

397 1173 557 1230 lava
583 1174 776 1247 pedes
808 1181 972 1240 tuos,
1000 1171 1122 1234 hoc
1153 1179 1269 1247 est,
1296 1179 1440 1254 post
1471 1169 1590 1232 viae
1622 1166 1904 1230 laborem

397 1276 464 1331 te
487 1267 709 1332 refove
737 1268 986 1332 balneis
1013 1287 1027 1330 :
1052 1278 1116 1332 et
1145 1269 1232 1331 ita
1254 1288 1292 1331 a
1312 1277 1491 1351 parte
1525 1265 1903 1346 intelligitur

395 1375 636 1430 totum.
664 1369 801 1444 Vel,
835 1369 916 1432 de
954 1368 1226 1449 pedibus
1267 1367 1630 1451 specialiter
1660 1365 1900 1427 dictum

385 1475 524 1542 est,
539 1467 654 1548 qui
675 1467 883 1529 solent
905 1465 1356 1530 itinerantibus
1386 1465 1586 1529 ablui.
1606 1468 1692 1526 E't
1710 1485 1907 1542 eqres-

395 1585 512 1625 sus
540 1575 634 1626 est
663 1568 855 1628 Urias
881 1569 962 1626 de
987 1569 1174 1626 domo
1203 1569 1400 1642 reyis,
1419 1574 1790 1643 secutusque
1816 1572 1906 1623 cst

391 1683 578 1734 eum,
628 1671 783 1744 puta
827 1663 1065 1741 Uriam,
1115 1665 1299 1723 cibus·
1343 1667 1558 1740 regius
1604 1684 1625 1723 .·
1672 1661 1735 1723 id
1782 1668 1900 1736 est,

397 1761 606 1824 David
638 1762 816 1824 misit
844 1762 1114 1826 delicata
1151 1770 1216 1825 et
1254 1764 1534 1844 pretiosa
1571 1760 1904 1843 calidaque

2012 778 2106 839 tui
2157 779 2433 861 imperii,
2479 781 2590 843 sed
2638 799 2853 843 amore
2898 779 3181 861 justitiae.
3223 779 3507 854 Qualiter

2013 885 2224 940 autem
2257 878 2444 942 liceat
2473 898 2587 961 per
2617 888 2959 957 creaturaS‚
2980 887 3043 942 et
3071 898 3184 960 per
3214 878 3379 958 regis
3413 897 3507 940 sa·

2015 976 2213 1038 lutem
2252 978 2487 1058 jurare,
2525 978 2590 1039 in
2632 986 2942 1059 quantum
2987 978 3053 1040 in
3092 977 3184 1040 eis
3226 977 3505 1058 resplen-

2016 1076 2160 1138 deat
2179 1076 2423 1158 aliquid
2446 1077 2796 1159 majestatis
2819 1077 3068 1154 divium,
3088 1076 3242 1139 alibi
3264 1076 3503 1138 dictum

2015 1183 2131 1237 est.
2169 1174 2269 1237 Sic
2308 1183 2373 1238 et
2410 1175 2640 1257 Ioseph
2681 1175 2747 1237 in
2786 1175 3035 1252 Genesi,
3079 1193 3194 1257 per
3234 1174 3504 1330 saluteZ
3537 1196 3798 1301 15σείιῖῐκιιι,

2016 1272 2246 1353 legitur
2275 1273 2616 1336 Pharaonis
2656 1273 2923 1354 jurasse.
2961 1275 3076 1334 Ait
3105 1292 3251 1350 erqo
3284 1273 3457 1333 Davi

2015 1376 2102 1432 ad
2133 1375 2359 1434 Uriam
2389 1393 2412 1432 .·
2443 1376 2637 1434 *Mane
2664 1375 2771 1434 liic
2798 1375 2997 1434 etiam
3025 1375 3235 1443 hodie,
3270 1380 3331 1432 et
3360 1391 3505 1430 eras

2013 1472 2347 1532 dimittam
2396 1482 2469 1532 te.
2507 1473 2757 1533 Mansit
2805 1473 2991 1532 Urias
3037 1474 3109 1530 in
3146 1473 3503 1532 Jerusalem

2015 1570 2088 1629 in
2125 1571 2235 1628 die
2273 1572 2394 1629 illa
2436 1580 2494 1631 et
2534 1575 2741 1631 altera
2779 1572 2906 1631 die.
2944 1573 3027 1632 Et
3068 1571 3317 1629 vocavit
3357 1587 3505 1627 eum

2015 1670 2258 1737 David,
2290 1679 2362 1728 ut
2390 1672 2737 1729 comederet
2767 1689 2984 1729 coram
3021 1689 3107 1740 se,
3140 1677 3200 1727 et
3242 1668 3498 1734 biberet,

2011 1775 2071 1826 et
2099 1768 2451 1827 inebriavit
2485 1788 2657 1837 eum,
2690 1775 3004 1848 quatenus
3045 1765 3289 1828 ratione
3336 1761 3505 1844 sopi-

393 1859 654 1923 cibaria
693 1881 766 1924 ac
810 1862 1040 1943 pocula
1084 1870 1227 1943 post
1255 1861 1494 1938 Uriam,
1529 1869 1599 1924 ut
1640 1860 1768 1922 illis
1801 1877 1902 1922 ve-
1940 1860 1987 1923 B
2017 1871 2096 1940 ta,
2146 1884 2184 1926 a
2231 1872 2527 1946 praetacta
2576 1863 3084 1928 consideratione
3136 1857 3501 1926 rationabili

396 1970 690 2023 sceretur
719 1980 864 2024 cum
896 1962 1189 2043 conjuge,
1209 1969 1402 2043 atque
1432 1981 1546 2044 per
1576 1961 1730 2024 talia
1760 1977 1904 2021 con-

395 2059 714 2122 citaretur
757 2059 1047 2123 libidine.
1081 2062 1409 2122 Dormivit
1451 2071 1670 2122 autem
1716 2062 1904 2120 Urias

398 2169 556 2220 ante
578 2169 842 2236 portam
869 2162 1098 2219 domus
1129 2161 1322 2236 reyioe
1349 2180 1498 2220 cum
1521 2161 1676 2220 aliis
1702 2161 1902 2219 servis

397 2260 668 2319 domini
704 2259 837 2328 sui,
873 2268 936 2318 et
973 2278 1106 2318 non
1144 2261 1469 2319 descendit
1518 2261 1591 2318 in
1639 2262 1905 2320 'domum

397 2377 618 2417 suam.

489 2455 1018 2535 Nuntiatumque
1044 2465 1134 2516 est
1164 2459 1385 2518 David
1415 2475 1454 2516 a
1485 2457 1846 2516 dicentibus
1877 2475 1899 2514 .·

403 2554 561 2615 Non
601 2555 728 2614 ivit
768 2555 960 2615 Urias
1000 2556 1088 2615 ad
1123 2557 1388 2615 domum
1433 2575 1643 2615 suam.
1683 2555 1769 2614 Et
1807 2556 1905 2613 ait

403 2654 634 2713 David
671 2655 760 2712 ad
798 2653 1024 2713 Uriam
1057 2673 1080 2712 .·
1114 2655 1459 2733 Numquid
1503 2673 1633 2713 non
1675 2655 1754 2712 de
1797 2652 1906 2711 via

405 2751 694 2810 omisit?
721 2752 935 2818 Quare
963 2769 1093 2808 non
1122 2751 1508 2810 descendisti
1537 2751 1608 2809 in
1642 2751 1906 2810 domum

397 2853 646 2908 tuam?
678 2854 980 2927 tanquam
1011 2846 1182 2908 dicat
1217 2865 1230 2908 ε
1266 2847 1470 2921 Quum
1513 2847 1736 2930 utique
1776 2856 1904 2909 tam

405 2945 678 3026 longum
717 2943 1071 3009 confeceris
1107 2945 1248 3023 iter,
1282 2946 1532 3009 deceret
1572 2955 1634 3009 te
1680 2945 1771 3008 uti
1817 2963 1911 3008 so-

2013 1961 2347 2040 deficienS,
2411 1962 2995 2045 concupiscentiam
3056 1968 3431 2042 sequeretur
3484 1974 3499 2020 ε

2015 2080 2141 2124 non
2175 2069 2387 2124 tamen
2420 2061 2541 2124 ruit
2570 2061 2657 2124 ita
2688 2061 3061 2137 inebriatus,
3093 2059 3269 2142 >quod
3311 2076 3499 2120 usum

2017 2159 2281 2223 rationis
2328 2159 2393 2222 in
2437 2168 2568 2223 toto
2615 2159 2849 2222 amisit.
2903 2160 3028 2228 Qui
3074 2177 3355 2236 cyressus
3406 2176 3505 2217 ve-

2013 2279 2217 2336 spere,
2245 2261 2559 2320 dormivit
2596 2262 2669 2319 in
2706 2269 2917 2320 stratu
2955 2278 3069 2318 suo
3113 2276 3263 2318 cum
3300 2257 3502 2316 servis

2016 2359 2271 2419 domini
2310 2361 2437 2430 sui,
2483 2368 2541 2418 et
2584 2359 2657 2418 in
2698 2353 2963 2419 domum
3006 2377 3194 2418 suam
3238 2373 3369 2417 non
3404 2357 3508 2414 de-

2018 2459 2285 2519 scendit.

2109 2558 2381 2616 Factum
2422 2564 2511 2614 est
2548 2575 2693 2632 erqo
2734 2575 2943 2626 mane,
2980 2564 3040 2615 et
3080 2554 3339 2630 scripsit
3376 2555 3507 2612 Da-

2019 2656 2133 2713 vid
2161 2653 2497 2730 epistolam
2526 2655 2615 2712 ad
2639 2655 2819 2714 Joab.
2855 2651 2920 2714 In
2952 2670 3078 2733 qua
3107 2647 3507 2731 significavit

2016 2751 2231 2813 Uriam
2278 2749 2344 2812 in
2390 2770 2458 2813 se
2501 2767 2815 2832 peccasse,
2866 2757 2928 2812 et
2972 2749 3115 2812 ideo
3158 2756 3362 2812 morte
3416 2747 3510 2809 di-

2019 2867 2239 2929 gnum.
2272 2847 2448 2922 Quod
2487 2857 2550 2910 et
2586 2847 2740 2911 Joab
2783 2846 3055 2911 credidit
3085 2865 3330 2913 verum.
3366 2845 3510 2908 Fuit

2021 2956 2256 3022 autem,
2293 2954 2363 3008 ut
2395 2946 2706 3029 Josephus
2748 2945 2860 3024 ait,
2892 2945 3070 3008 Urias
3110 2944 3384 3024 armiger
3413 2943 3511 3007 Jo-

406 3043 589 3120 laliO,
621 3051 688 3106 et
719 3062 984 3107 uxorem·
1012 3043 1309 3109 invisere.
1353 3047 1431 3106 Et
1467 3047 1564 3105 ait
1605 3047 1794 3106 Urias
1824 3047 1912 3104 ad
1940 3041 1983 3104 C
2022 3045 2122 3107 ab.
2145 3048 2454 3125 Misitque
2472 3066 2594 3124 per
2614 3065 2883 3106 manum
2916 3046 3108 3117 Uriae,
3131 3046 3407 3104 scribens
3438 3045 3512 3104 in

406 3146 635 3207 David
653 3165 679 3205 .·
699 3147 876 3207 Arca
894 3146 1044 3213 Dei,
1063 3161 1256 3225 quam
1288 3143 1488 3225 aliqui
1511 3144 1908 3207 sacerdotum

405 3261 634 3305 secum
674 3242 979 3319 tulerunt,
1014 3250 1084 3304 ut
1128 3242 1277 3323 ejus·
1307 3241 1544 3305 virtute
1587 3242 1842 3305 daretur
1873 3260 1910 3303 a

406 3343 542 3405 Deo
587 3340 948 3403 subsidium
987 3358 1000 3402 ε
1045 3360 1192 3403 nam
1239 3349 1304 3403 et
1344 3340 1562 3404 divina
1606 3358 1911 3422 responsa

411 3460 531 3523 per
570 3439 1068 3522 applicationem
1112 3458 1274 3502 arcae
1318 3438 1453 3502 dari
1495 3439 1806 3515 solebant,
1844 3447 1912 3501 ut

409 3540 662 3602 dictum
711 3546 810 3601 est
853 3557 1052 3619 saepe3
1095 3547 1156 3598 et
1185 3541 1412 3611 Israel,
1452 3538 1514 3600 id
1558 3547 1656 3600 est
1705 3538 1908 3599 tribus

407 3636 630 3713 Jacob,
662 3646 723 3697 et
761 3640 964 3707 Iuda,
1006 3636 1072 3698 id
1117 3644 1213 3698 est
1258 3636 1462 3698 tribus
1501 3636 1663 3698 Juda
1706 3654 1720 3697 z
1770 3655 1913 3718 quae

413 3734 784 3818 specialiter
815 3734 1203 3811 nominatur,
1229 3734 1382 3815 quia
1413 3733 1644 3815 regalis
1674 3742 1829 3811 erat,
1853 3742 1916 3796 et

409 3851 691 3895 numero
729 3833 934 3913 major
972 3852 1046 3895 ac
1085 3831 1330 3894 viribus
1377 3831 1622 3909 fortior,
1657 3832 1916 3896 bellico-

415 3932 573 4009 sior,
607 3939 802 4012 atque
841 3930 1180 4007 audacior3
1214 3932 1512 3992 habitant
1536 3934 1616 3992 in
1635 3934 1916 4010 papilio-

415 4033 640 4101 nibus,
682 4029 747 4092 id
797 4039 894 4093 est
933 4029 1259 4104 tentoriis;
1301 4040 1361 4091 et
1399 4032 1702 4091 dominus
1742 4049 1917 4093 meus

412 4132 576 4191 Joab
623 4128 903 4190 militum
959 4128 1278 4209 princepS‚
1325 4139 1384 4189 et
1432 4130 1606 4188 servi
1661 4131 1917 4190 domini

2018 3147 2288 3225 epistola
2318 3166 2340 3205 .·
2368 3138 2601 3207 Ponite²
2642 3146 2866 3207 Uriam
2909 3166 2989 3204 eoe
3026 3147 3293 3205 adverso
3334 3144 3509 3213 belli,

2023 3243 2144 3307 hoc
2181 3253 2279 3306 est
2324 3243 2389 3306 in
2432 3243 2568 3307 acie
2608 3251 2827 3306 contra
2857 3243 3071 3305 hostes
3103 3242 3363 3320 directe,
3400 3244 3514 3302 ubi

2021 3343 2453 3418 fortissimum
2494 3352 2584 3402 est
2612 3343 2953 3419 prcelium,
2980 3351 3040 3402 et
3082 3343 3514 3421 derelinquite

2019 3436 2190 3513 eum,
2224 3440 2649 3503 abstrahendo
2690 3440 2747 3503 ei
2789 3440 3120 3517 auxilium,
3156 3449 3232 3501 ut
3252 3460 3513 3517 percus-

2019 3558 2128 3599 sus
2157 3541 2454 3610 intereat,
2489 3538 2709 3619 sicque
2740 3537 2991 3601 offensa
3022 3536 3161 3617 ejus
3194 3537 3260 3599 in
3292 3556 3415 3614 me,
3450 3544 3513 3599 et

2018 3654 2210 3717 poena
2238 3636 2461 3699 mortis
2491 3636 2549 3698 ei
2579 3652 2695 3717 pro
2716 3656 2790 3699 ea
2810 3634 3083 3711 inflicta,
3103 3643 3513 3718 perseverent

2025 3734 2277 3814 ignotae.
2304 3737 2521 3813 Iyitur
2541 3756 2743 3815 quum
2758 3736 2916 3796 Joab
2935 3733 3246 3795 obsideret
3268 3736 3512 3804 urbem,

2018 3837 2239 3912 posuit
2271 3836 2495 3896 Uriam
2526 3836 2597 3895 in
2629 3838 2756 3895 loco
2788 3834 2902 3893 ubi
2928 3835 3161 3893 sciebat
3192 3835 3362 3892 viros
3388 3852 3515 3892 esse

2025 3934 2427 4011 fortissimos.
2481 3934 2862 4011 Eyressique
2908 3933 3042 3992 viri
3087 3934 3167 3991 de
3220 3932 3505 4002 civitate,

2027 4032 2349 4091 bellabant
2400 4034 2743 4092 adversum
2787 4032 2968 4092 Joab.
3016 4032 3103 4091 Et
3148 4031 3515 4089 ceciderunt

2024 4131 2104 4188 de
2127 4132 2363 4205 populo
2393 4148 2724 4188 servorum
2753 4129 2991 4199 David,
3016 4137 3076 4187 et
3108 4137 3397 4188 mortuus
3426 4134 3515 4185 est

413 4230 571 4298 mei,
587 4226 884 4291 videlicet
912 4226 1151 4289 milites
1182 4226 1650 4308 praeclarissimi
1680 4227 1916 4309 quibus
1949 4230 1998 4294 D
2024 4228 2223 4287 etiam
2262 4228 2451 4288 Urias
2482 4227 2806 4287 Hetkaeus.

415 4334 672 4408 praeest,
703 4346 898 4404 super
927 4326 1164 4401 faciem
1196 4333 1381 4387 terrie
1411 4336 1672 4386 manent
1713 4325 1780 4387 in
1820 4344 1918 4387 ar-

416 4423 546 4487 mis
575 4441 650 4485 ac
689 4421 1014 4495 vestibus3
1058 4432 1117 4483 et
1144 4442 1253 4499 eqo
1285 4424 1624 4499 inyrediar
1651 4426 1916 4485 domum

417 4542 660 4591 meam,
693 4530 766 4581 ut
794 4523 1122 4581 comedam
1150 4531 1210 4581 et
1240 4523 1478 4590 bibam,
1506 4531 1566 4581 et
1594 4524 1918 4582 dormiam

415 4640 571 4681 cum
591 4638 794 4679 uxore
815 4620 1002 4679 mea?
1029 4617 1215 4699 quasi
1248 4617 1415 4680 dicat
1449 4635 1464 4680 :
1498 4618 1627 4680 Illis
1659 4638 1762 4681 me
1791 4638 1918 4681 ma-

412 4717 674 4800 -joribus
701 4734 775 4781 ac
803 4715 1177 4780 melioribus
1212 4716 1276 4777 in
1309 4716 1635 4780 laboribus
1667 4726 1730 4779 et
1754 4716 1920 4780 affli-

419 4815 749 4880 ctionibus
783 4814 996 4878 taliter
1025 4814 1412 4892 constitum,
1449 4833 1578 4878 non
1610 4816 1791 4879 decet
1817 4834 1919 4879 me

418 4912 958 4978 delectationibus
984 4921 1210 4993 gustus
1239 4921 1302 4975 et
1333 4922 1525 4975 tactus
1550 4932 1792 4991 vacare,
1809 4915 1918 4977 sed

419 5013 788 5089 condolere,
839 5019 900 5075 et
950 5011 1150 5073 instar
1193 5010 1458 5074 illorum
1507 5010 1742 5092 affligi.
1793 5017 1920 5075 Per

411 5118 699 5174 salutem
733 5120 916 5173 tuam
952 5109 1347 5193 corporalem
1377 5119 1436 5170 et
1466 5115 1742 5173 salutem
1770 5114 1920 5172 ani-

421 5233 544 5273 moe
583 5222 708 5273 tuce
747 5208 1170 5293 spiritualem,
1205 5208 1352 5289 juro
1391 5217 1454 5271 et
1500 5217 1712 5287 testor,
1748 5210 1918 5290 quod

419 5328 549 5370 non
583 5311 836 5390 faciam
872 5310 1042 5369 lianc
1073 5328 1236 5377 rem,
1265 5325 1457 5388 quam
1500 5306 1658 5369 mihi
1707 5307 1923 5388 injun-

2106 4326 2293 4386 Misit
2323 4326 2541 4404 itaque
2556 4326 2737 4397 Joab,
2755 4334 2814 4384 et
2842 4325 3273 4385 annuntiavit
3292 4325 3513 4386 David

2023 4425 2247 4484 omnia
2288 4426 2474 4483 verba
2508 4424 2754 4501 prcelii,
2777 4423 3212 4502 proecepitque
3254 4424 3512 4494 nuntiO,

2025 4522 2245 4581 dicens
2276 4541 2299 4581 .·
2333 4525 2545 4589 Quum
2577 4518 2987 4599 compleveris
3026 4523 3358 4581 universos
3392 4540 3519 4579 ser-

2027 4639 2243 4681 mones
2282 4619 2432 4679 belli
2470 4622 2557 4679 ad
2596 4640 2831 4697 reyem,
2859 4622 2921 4679 si
2951 4640 3097 4680 eum
3140 4620 3383 4678 videris
3422 4619 3519 4677 in-

2025 4719 2323 4794 diynari,
2361 4727 2422 4778 et
2462 4719 2735 4787 dioeerit,
2778 4738 2980 4797 quare
3035 4717 3382 4777 accessistis
3432 4716 3521 4775 ad

2030 4836 2294 4876 murum
2336 4826 2408 4876 ut
2436 4817 2919 4892 praeliaremini
2937 4817 2967 4875 ?
2997 4836 3085 4876 an
3120 4817 3518 4892 iqnorabatis

2029 4918 2201 4995 quod
2222 4917 2457 4975 omnia
2480 4914 2505 4939 *
2543 4918 2815 4993 desuper
2856 4934 2937 4973 ea>
2992 4933 3173 4974 muro
3216 4916 3341 4974 tela
3378 4915 3524 4974 mit·
3578 4924 3599 4945 ·
3624 4923 3766 4967 multa

2032 5014 2297 5074 tantur?
2320 5014 2473 5082 Quis
2484 5014 2827 5090 percussit,
2844 5011 2965 5074 hoc
2985 5019 3083 5073 est
3101 5010 3355 5087 occidit,
3370 5012 3523 5073 Abi-

2029 5112 2266 5171 meleck
2295 5112 2515 5188 filium
2540 5114 2864 5181 Jerobaal,
2889 5111 3008 5174 hoc
3040 5118 3137 5173 est
3165 5108 3521 5173 Gedeonist

2033 5211 2261 5271 Nonne
2306 5208 2541 5269 mulier
2586 5211 2763 5270 misit
2804 5229 2997 5285 super
3032 5228 3179 5269 eum
3216 5209 3521 5285 fragmen
3588 5228 3737 5275 Juaoe.
3756 5240 3813 5279 u,

2029 5312 2239 5377 moloe,
2272 5306 2391 5370 hoc
2428 5316 2527 5370 est
2566 5307 2797 5390 lapidis
2834 5307 3073 5389 magni,
3105 5311 3185 5368 de
3224 5326 3429 5379 muro,
3463 5314 3523 5365 et
3553 5296 3621 5339 ⁵³·
