4359 6250
966 521 1315 568 ENARRATIO
1359 524 1419 568 ιΝ
1462 524 1601 571 car.
1645 523 1688 569 11
1732 524 1889 570 unni
1932 523 2184 570 saeuum
2226 523 2450 570 nauum.
2498 541 2575 552 —
2616 524 2759 570 An‘r.
2805 524 2872 569 ιιι
3341 503 3454 572 441

346 699 663 772 Sur-,qam
678 694 901 774 pueri,
932 693 995 756 id
1026 703 1125 757 est
1154 692 1354 777 aliqui
1386 703 1771 776 pugnatores
1792 711 1867 756 ex
1895 692 1946 754 A
1976 701 2322 775 utrumque
2350 693 2701 774 designant,
2723 692 3052 775 mag-isque
3078 699 3224 775 apte
3253 692 3462 755 Hiero-

346 801 643 876 utroque
682 795 987 872 exercitu,
1020 805 1081 855 ec
1125 798 1361 856 ludant
1402 815 1619 855 coram
1661 796 1863 865 nobis,
1979 811 2206 874 nymus
2237 792 2580 868 transtulit,
2599 793 2762 872 Ager
2791 792 3236 868 Robustorum‚
3269 810 3462 874 quam

348 893 487 956 hoc
539 902 660 971 est,
713 894 1181 957 delectabiliter
1231 893 1601 975 praelientur
1650 901 1870 956 contra
1979 891 2033 954 si
2068 890 2518 968 transtulisset,
2543 891 2816 974 Campus
2845 891 3254 955 Concisorum
3292 909 3305 954 τ
3341 890 3465 972 pri-

348 1011 427 1054 se
466 991 747 1056 invicem
780 993 1094 1072 singulari
1126 993 1494 1069 certamine,
1529 992 1869 1055 ostenden·
1978 1009 2114 1068 m0,
2168 990 2474 1072 quoniam
2536 990 2716 1072 pueri
2769 990 3104 1072 utriusque
3155 989 3466 1053 exercitus

348 1100 457 1154 tes
491 1090 691 1153 robur
722 1111 909 1154 suum
942 1101 1133 1174 atque
1164 1092 1518 1155 audaciam.
1537 1092 1717 1154 Circa
1748 1091 1869 1155 hoc
1979 1091 2278 1153 audacter
2308 1098 2371 1152 et
2402 1089 2652 1153 fortiter
2682 1089 3063 1152 videbantur
3095 1090 3338 1169 egisse3
3375 1107 3469 1152 se-

349 1190 595 1253 scribit
626 1191 999 1274 Lyra,quod
1029 1190 1297 1254 verbum
1330 1191 1734 1268 Hebraicum,
1753 1208 1870 1272 pro
1982 1191 2213 1264 cundo,
2240 1188 2391 1271 quia
2425 1188 2714 1251 transfixi
2751 1187 3008 1251 fuerunt
3038 1187 3316 1270 proprie,
3342 1207 3468 1252 non

350 1308 497 1370 quo
528 1289 957 1372 Hieronymus
990 1289 1335 1367 transtulit,
1372 1289 1639 1365 Ludant‚
1676 1289 1871 1370 aequi-
1982 1288 2249 1351 concisi.

354 1405 599 1450 vocum
652 1397 748 1451 est
799 1389 879 1451 ad
929 1388 1175 1452 Ludere
1224 1397 1287 1450 et
1328 1387 1645 1465 Occidere,
1678 1396 1741 1450 et
1790 1388 1870 1450 ad
2080 1389 2167 1448 Ec
2215 1397 2430 1447 ortum
2477 1397 2566 1446 esc
2615 1389 2852 1448 bellu-m
2898 1389 3057 1448 satis
3102 1391 3346 1448 durum
3395 1389 3468 1448 in

354 1486 495 1548 alia
525 1488 842 1568 quaedam.
880 1487 996 1550 Hic
1036 1496 1249 1550 autem
1291 1505 1409 1569 pro
1439 1486 1738 1550 Occidere
1765 1505 1872 1569 po·
1980 1487 2087 1544 die
2119 1487 2260 1546 illa.
2289 1485 2563 1566 Uterque
2597 1486 2770 1548 enim
2802 1486 3114 1548 exercitus
3145 1485 3472 1549 condoluit

356 1585 569 1647 nitur.
606 1585 838 1649 Contra
875 1587 1049 1669 quod
1092 1586 1315 1650 scribit
1355 1585 1555 1648 Rabbi
1585 1585 1814 1648 Paulus
1851 1605 1865 1650 ε
1981 1581 2114 1645 suis
2167 1583 2257 1645 ita
2303 1583 2563 1661 occisiS,
2617 1593 2680 1647 et
2731 1584 3172 1647 inflammatus
3222 1583 3343 1647 fuit
3391 1586 3469 1646 ad

356 1683 671 1756 Quamvis
711 1685 981 1747 verbum
1029 1685 1190 1747 illud
1226 1684 1551 1748 Hebraeum
1592 1683 1872 1765 aequivo-
1983 1681 2428 1763 praeliandum,
2480 1691 2670 1764 atque
2719 1684 2797 1746 ad
2852 1683 3287 1746 ulciscendum
3347 1682 3474 1744 rui-

357 1801 519 1844 cum
572 1782 678 1859 sit,
734 1802 1059 1864 nunquam
1116 1791 1325 1846 tamen
1378 1782 1706 1864 significat
1754 1783 1869 1846 Oc-
1986 1799 2129 1842 nam
2166 1799 2450 1844 suorum.
2485 1786 2898 1863 Fuyacusque
2927 1795 3016 1844 est
3047 1786 3262 1846 Abner
3291 1793 3350 1844 et
3382 1787 3473 1842 vi-

359 1880 611 1942 cidere.
646 1881 722 1943 Et
774 1881 841 1942 in
890 1881 1011 1944 hoc
1052 1882 1193 1945 loco
1244 1882 1503 1964 proprie
1548 1881 1872 1963 significat
1908 1879 1955 1941 B
1983 1881 2049 1940 ri
2096 1885 2302 1942 Israel
2349 1903 2390 1942 a
2429 1885 2656 1960 pueris
2705 1885 2944 1944 David.
2991 1885 3205 1944 Erant
3254 1893 3472 1944 autem

358 1979 1116 2042 Ludere.Verumtamen
1152 1980 1396 2043 ludicra
1416 1999 1559 2061 quae
1581 1980 1748 2043 inter
1769 1980 1873 2044 ho-
1985 1980 2079 2037 ibe·
2112 1990 2234 2040 tres
2260 1981 2396 2056 filii
2433 1983 2688 2042 Sarviae
2732 1980 2966 2043 sororis
3003 1981 3215 2056 David,
3252 1980 3472 2044 videli-

358 2088 501 2141 stes
536 2077 730 2154 fiunt,
757 2078 1127 2160 frequenter
1149 2078 1463 2142 inducunt
1494 2079 1867 2156 occisiones,
1984 2086 2085 2140 cet
2120 2081 2280 2139 Joab
2326 2089 2386 2138 ec
2415 2081 2645 2140 Abisai
2691 2090 2749 2140 et
2790 2083 3001 2141 Asael.
3047 2084 3250 2142 Porro
3280 2083 3472 2142 Asael

359 2186 439 2240 ut
478 2178 545 2238 in
580 2177 931 2260 proposito.
967 2176 1510 2251 Quemadmodum
1546 2178 1735 2241 etiam
1770 2178 1875 2241 ha·
1984 2197 2206 2236 cursor
2254 2178 2684 2237 velocissimus
2732 2180 2896 2258 fuit,
2938 2181 3127 2258 quasi
3175 2199 3346 2238 unus
3393 2199 3473 2238 βω

362 2276 642 2338 stiludia
670 2277 750 2339 ad
779 2276 1059 2340 militare
1088 2277 1463 2340 exercitium
1498 2275 1874 2359 facta,saepe
1982 2277 2230 2352 capreis
2267 2296 2410 2356 quoe
2444 2287 2780 2336 morantur
2809 2280 2882 2337 in
2920 2279 3104 2337 silvis
3134 2299 3157 2337 .·
3189 2296 3330 2358 quae
3373 2296 3474 2340 ve-

364 2374 693 2437 inducunt
737 2375 959 2456 plagas
986 2382 1065 2437 ·et
1106 2375 1401 2438 laesiones
1438 2393 1451 2437 :
1488 2393 1614 2439 non
1664 2384 1871 2438 tamen
1986 2373 2254 2436 lociores
2287 2382 2437 2435 sunt
2466 2375 2834 2437 domesticis
2865 2376 3130 2457 capreis.
3164 2377 3306 2438 Ideo
3342 2394 3476 2440 ver-

362 2474 499 2536 ista
530 2471 985 2554 significantur
1004 2492 1118 2556 per
1142 2472 1407 2536 verbum
1438 2475 1580 2550 hoc,
1607 2474 1870 2537 Ludere.

362 2573 519 2636 Haec
548 2571 751 2635 Rabbi
785 2571 1039 2635 Paulus,
1069 2576 1152 2634 Ec
1184 2575 1283 2633 ait
1311 2575 1469 2634 Joab
1500 2594 1523 2632 :
1556 2577 1870 2649 Suryant.

456 2674 907 2732 Sum-emerunt
926 2692 1090 2749 erqo,
1103 2682 1163 2733 et
1188 2673 1589 2733 transierunt
1610 2693 1874 2732 numero

1985 2470 2136 2533 bum
2186 2472 2306 2534 hoc
2348 2471 2620 2552 intelligi
2653 2481 2862 2555 potest
2901 2493 3014 2556 per
3056 2474 3312 2537 modum
3365 2475 3476 2556 hy-

1984 2570 2326 2652 perbolicae
2348 2571 2713 2633 locutionis,
2731 2575 3242 2650 Persequebatur
3261 2583 3476 2634 autem

1984 2673 2178 2730 Asael
2209 2672 2430 2730 Abner
2464 2669 2736 2751 Juvenili
2783 2677 2846 2732 et
2891 2670 3141 2732 incauta
3185 2670 3470 2748 audacia,

363 2771 717 2832 duodecim
758 2773 839 2830 de
868 2772 1221 2847 Benjamin
1264 2791 1345 2830 em
1378 2779 1570 2848 parce
1600 2773 1873 2831 Isboseth
1986 2784 2113 2829 non
2162 2769 2573 2831 considerans
2625 2767 3087 2846 fortitudinem,
3143 2768 3474 2851 experien-

362 2871 511 2947 fi'lii
539 2871 731 2939 Saul,
765 2879 825 2928 et
867 2871 1209 2929 duodecim
1249 2872 1329 2929 de
1365 2872 1593 2946 pueris
1634 2871 1871 2930 David.
1986 2864 2138 2926 tiam
2181 2873 2373 2946 atque
2405 2867 2700 2948 peritiam
2747 2866 2949 2949 ipsius
2979 2867 3190 2929 Abner
3237 2867 3301 2928 in
3348 2866 3477 2929 bel·

365 2971 917 3046 Apprelzensoque
963 2969 1409 3048 unusquisque
1458 2971 1669 3045 capite
1717 2988 1877 3028 eom-
1986 2963 2127 3026 licis
2178 2965 2390 3042 rebus,
2441 2975 2500 3025 et
2547 2986 2674 3026 non
2725 2969 3079 3027 declinavit
3127 2969 3216 3027 ad
3259 2971 3475 3028 decute-

364 3069 559 3145 paris
577 3068 711 3137 sui,
736 3065 800 3129 id
832 3074 930 3129 est
960 3066 1223 3148 aequalis
1256 3085 1367 3130 seu
1400 3067 1556 3131 socii
1578 3065 1703 3129 sibi
1732 3085 1875 3130 con·
1910 3064 1954 3129 C
1986 3085 2129 3126 ram
2151 3084 2354 3144 neque
2373 3068 2462 3125 ad
2479 3067 2842 3137 sinistram,
2860 3066 3156 3127 omittens
3175 3067 3476 3147 persequi

367 3165 581 3241 triarii,
615 3169 851 3244 defidit
875 3168 1181 3243 yladium
1214 3169 1284 3227 in
1324 3172 1493 3229 latus
1530 3169 1871 3229 contrarii.
1982 3166 2224 3225 Abner,
2249 3166 2551 3241 Respexit
2583 3166 2803 3243 itaque
2823 3167 3040 3225 Abner
3054 3176 3194 3242 post
3229 3176 3476 3242 teryum

364 3265 687 3346 losephus
718 3272 783 3327 et
812 3264 1075 3345 quidam
1108 3284 1251 3327 eum
1286 3265 1877 3346 sequentes‚dicunt
1983 3284 2202 3333 suum,
2235 3274 2296 3324 ec
2325 3264 2422 3324 ait
2443 3285 2465 3323 .·
2494 3267 2673 3324 Tune
2701 3284 2763 3323 es
2793 3266 2984 3325 Asael
3007 3266 3036 3324 ?
3067 3266 3195 3333 Qui
3223 3284 3478 3341 respon-

366 3362 495 3425 hoc
528 3361 622 3424 sic
664 3362 1179 3442 intelligendum,
1214 3362 1387 3444 quod
1431 3364 1877 3445 unusquisque
1982 3364 2083 3421 dic
2115 3383 2137 3421 .·
2166 3364 2306 3439 Eyo
2334 3382 2500 3423 sum.
2545 3363 2858 3441 Dixitque
2895 3364 2957 3421 ei
2985 3364 3202 3423 Abner
3237 3383 3259 3421 .·
3309 3365 3478 3423 Vade

368 3459 638 3523 illorum
660 3460 999 3524 duodecim
1034 3480 1375 3543 puerorum
1408 3461 1624 3538 David,
1651 3460 1877 3525 defixit
1986 3464 2073 3521 ad
2103 3464 2436 3521 dexteram
2473 3462 2610 3521 sive
2649 3464 2740 3520 ad
2768 3464 3130 3533 sinistram,
3163 3472 3224 3522 ec
3250 3481 3477 3538 appre-

364 3558 664 3639 gladium
715 3559 783 3620 in
834 3558 1002 3621 latus
1056 3560 1155 3621 sui
1205 3559 1532 3637 contrarii,
1568 3560 1658 3621 ita
1707 3563 1874 3641 quod
1988 3562 2193 3619 hende
2231 3579 2440 3619 unum
2489 3562 2567 3619 de
2615 3562 3116 3621 adolescentibus
3162 3559 3476 3622 exereitus

368 3658 562 3740 pueri
614 3658 813 3721 David
865 3666 1241 3720 manserunt
1303 3658 1701 3740 superstites,
1757 3658 1876 3721 Sed

366 3756 643 3819 obviare
674 3755 928 3819 videtur
958 3757 1129 3837 quod
1160 3756 1456 3819 subditur
1492 3775 1505 3819 :
1534 3760 1617 3819 Et
1646 3761 1878 3819 cecide-

367 3864 552 3923 runt,
573 3854 694 3918 hoc
720 3862 817 3916 est
846 3855 1081 3917 mortui
1115 3863 1283 3931 sunt,
1308 3858 1531 3917 simul.
1554 3856 1877 3937 Scriptura

368 3972 633 4035 quoque
672 3954 806 4016 haec
838 3952 1330 4016 indeterminate
1370 3952 1678 4030 affirmat,
1705 3957 1874 4035 quod

369 4050 823 4133 unusquisque
845 4050 1186 4114 transfodit
1216 4051 1378 4114 latus
1410 4052 1729 4133 comparis
1750 4054 1871 4129 sui,

370 4170 495 4215 nec
538 4149 753 4212 innuit
789 4150 911 4214 hoc
960 4150 1165 4232 magis
1207 4170 1345 4214 esse
1391 4150 1873 4231 intelligendum

1988 3657 2135 3734 mei,
2160 3666 2222 3716 et
2245 3661 2390 3717 tolle
2424 3659 2542 3718 tibi
2563 3660 2776 3736 spolia
2805 3659 2971 3735 ejus,
2992 3658 3111 3721 hoc
3141 3667 3258 3734 est,
3285 3657 3475 3721 rebus

1986 3755 2117 3819 suis
2149 3755 2432 3837 exspolia
2463 3776 2634 3831 eum,
2669 3764 2739 3818 ut
2761 3757 2908 3837 jure
2940 3756 3140 3838 praelii
3174 3757 3303 3818 sint
3333 3775 3477 3838 spo-

1985 3855 2069 3917 lia
2101 3863 2228 3931 tua,
2256 3873 2330 3917 ea
2359 3873 2502 3936 quae
2533 3854 2720 3917 habet
2754 3855 2882 3933 ille,
2910 3856 3009 3919 vel
3041 3874 3183 3935 quae
3213 3855 3476 3918 abstulit

1984 3954 2063 4016 de
2095 3962 2272 4035 parte
2306 3962 2432 4015 tua.
2468 3954 2791 4034 Tanquam
2826 3953 3033 4017 dicat:
3061 3954 3124 4017 Si
3159 3953 3476 4017 fortitudi-

1987 4070 2131 4113 nem
2185 4059 2358 4113 tuam
2404 4050 2502 4113 vis
2542 4051 2840 4133 experiri,
2878 4051 3108 4115 invade
3153 4072 3348 4114 unum
3395 4053 3474 4115 de

1984 4150 2330 4231 juvenibus
2351 4150 2508 4214 meis
2543 4149 2658 4212 tibi
2692 4150 3043 4227 similibus3
3081 4159 3144 4213 et
3175 4150 3226 4213 si
3259 4150 3476 4233 quive-

370 4252 453 4313 de
497 4234 727 4331 pueris'
759 4249 979 4325 David,
1012 4268 1206 4331 quam
1252 4249 1558 4312 Isboseth.
1594 4249 1723 4312 Imo
1772 4250 1878 4311 ad·
1908 4255 1957 4317 D
1986 4248 2073 4310 ris
2105 4248 2360 4312 vincere
2381 4269 2546 4325 eum,
2575 4250 2792 4331 accipe
2821 4249 3024 4332 spolia
3055 4251 3217 4332 ejus,
3244 4252 3474 4314 Noluit

369 4349 609 4424 dende,
644 4347 721 4408 Et
752 4347 1121 4409 ceciderunt
1166 4347 1380 4423 simul,
1417 4347 1743 4411 insinuare
1785 4348 1877 4410 vi—

372 4447 583 4521 detur,
619 4444 815 4508 verba
854 4444 967 4507 illa
1006 4464 1145 4507 esse
1190 4446 1271 4509 de
1314 4446 1603 4528 utrisque
1647 4446 1876 4509 intelli-

372 4542 586 4627 genda
617 4564 631 4607 ε
668 4543 909 4606 idcirco
949 4543 1071 4607 hoc
1120 4545 1333 4608 verius
1372 4545 1674 4622 creditur,
1722 4546 1874 4626 quia

374 4644 521 4725 plus
567 4650 879 4706 consonat
924 4642 1145 4706 textui.
1182 4646 1604 4726 Vocatumque
1638 4655 1728 4705 est
1758 4665 1872 4705 no-

374 4763 523 4803 men
571 4742 694 4802 loci
738 4742 952 4811 illius,
986 4762 1143 4819 ayer
1178 4745 1603 4806 Robustorum
1643 4746 1716 4805 in
1754 4746 1873 4806 Ga-

376 4844 566 4911 baon,
601 4839 667 4901 id
717 4847 815 4902 est
864 4858 1081 4922 prope,
1117 4840 1270 4921 quia
1321 4862 1435 4905 nec
1482 4842 1616 4925 agri
1664 4843 1873 4905 solent

376 4957 517 5002 esse
551 4938 614 4999 in
650 4937 1231 5013 urbibus.Quidam
1265 4940 1477 5017 refert,
1511 4942 1575 5003 in
1611 4942 1870 5005 Hebraeo

375 5037 625 5113 haberi,
643 5038 919 5119 Campus
949 5038 1385 5113 concisorum,
1410 5041 1707 5118 quoniam
1738 5040 1872 5119 gla-

374 5135 500 5197 diis
532 5143 757 5197 mutuo
788 5135 1029 5197 concisi
1071 5144 1471 5213 corruerunt,
1508 5138 1612 5199 sed
1651 5138 1869 5219 potius

376 5252 521 5297 reor
560 5232 627 5293 in
662 5230 923 5295 Hebraeo
960 5232 1205 5309 haberi,
1250 5233 1414 5296 sicut
1454 5235 1867 5319 Hieronymus

374 5330 725 5394 transtulit.
781 5330 861 5391 Et
920 5330 1083 5394 forte
1142 5330 1335 5394 verba
1394 5332 1505 5395 illa
1563 5334 1867 5399 Hebraica

1984 4357 2198 4409 autem
2232 4352 2428 4409 Asael
2469 4351 2758 4410 omittere
2802 4352 2964 4430 quin
3008 4359 3260 4425 uryerec
3301 4370 3474 4420 eum,

1984 4446 2104 4509 hoc
2154 4454 2272 4522 est,
2322 4447 2478 4527 quin
2530 4446 2894 4529 importune
2942 4456 3211 4510 arctaret
3262 4447 3472 4529 ipsum

1983 4545 2216 4622 Abner,
2241 4553 2432 4627 atque
2464 4545 2875 4627 compelleret
2895 4566 3039 4609 eum
3071 4547 3149 4607 ad
3183 4544 3475 4608 resisten-

1984 4645 2157 4721 dum,
2194 4644 2346 4725 quia
2391 4644 2670 4707 velocior
2714 4654 2848 4707 erat
2891 4664 3081 4725 quam
3117 4644 3330 4707 Abner
3375 4644 3472 4708 vir

1979 4744 2330 4823 grandaevae
2351 4744 2575 4820 aetatis,
2596 4762 2722 4807 non
2748 4753 2957 4806 tamen
2981 4743 3320 4820 robustior,
3342 4743 3471 4807 imo

1981 4844 2252 4906 multum
2286 4842 2642 4926 imperitior
2673 4842 2804 4905 illo.

2062 4946 2474 5021 Bur-sumque
2504 4946 2748 5001 locutus
2774 4951 2866 5001 esc
2887 4943 3102 5001 Abner
3122 4945 3210 5001 ad
3229 4945 3424 5003 Asael
3444 4965 3466 5003 .·

1980 5042 2246 5109 Recede,
2275 5044 2414 5099 noli
2445 5060 2542 5100 me
2578 5041 2779 5119 sequi,
2814 5059 2894 5099 ne
2927 5040 3095 5116 force
3123 5044 3468 5118 compellar

1979 5140 2318 5214 confodere
2355 5148 2410 5198 ce
2443 5140 2514 5198 in
2552 5147 2816 5207 terram,
2847 5137 2966 5200 hoc
3003 5144 3102 5199 est
3140 5136 3226 5199 ita
3266 5146 3467 5200 trans-

1981 5233 2204 5315 figere,
2248 5241 2318 5295 ut
2369 5234 2658 5315 protinus
2705 5235 2892 5297 cadas
2931 5234 3352 5297 moribundus
3399 5234 3463 5297 in

1977 5332 2206 5396 solum.
2242 5331 2331 5393 Ex
2376 5331 2476 5393 his
2519 5331 2770 5395 elicitur
2815 5331 3173 5415 prudentia,
3223 5332 3468 5415 patien-
