4359 6250
801 476 920 540 310
1402 492 1750 541 ananau-10
1792 493 1852 539 m
1896 493 2032 540 car.
2079 491 2144 537 ix
2188 491 2344 536 unm
2384 491 2553 537 rrum
2594 491 2817 538 neuun.
2864 511 2945 522 —
2986 492 3129 537 aar.
3174 490 3301 536 xvu

801 667 1034 735 Israel,
1065 664 1129 727 id
1160 672 1255 726 est
1285 665 1364 727 de
1393 663 1565 726 tribu
1594 663 1947 745 Benjamin‚
1967 682 2110 745 quae
2143 671 2292 725 tunc
2322 660 2373 722 A
2404 682 2626 724 eorum
2654 666 2771 743 qui
2799 665 3067 742 fuerant
3098 663 3391 733 invitati,
3426 660 3489 722 id
3520 659 3709 722 estin
3746 658 3897 721 loco

805 772 939 826 erat
969 764 1353 846 paucissima
1383 781 1672 840 numero,
1707 763 2010 844 quoniam
2051 771 2293 844 tempo·
2405 780 2703 842 supremo
2749 761 3003 825 illorum
3053 769 3315 843 propter
3359 759 3637 821 futuram
3680 757 3895 820 Saulis

575 891 602 920 u
637 878 654 920 ι·
684 889 776 926 .xx.
805 881 875 925 re
920 863 1212 926 Judicum
1267 861 1390 924 l'uit
1437 861 1618 942 quasi
1674 861 1984 924 exstincta
2034 868 2293 942 propter
2404 859 2802 940 dignitatem,
2836 868 2899 923 et
2939 859 3089 941 quia
3130 859 3373 923 electus
3410 865 3545 920 erat
3573 857 3651 920 ad
3682 875 3819 920 eam
3850 876 3897 919 a

537 1762 653 1807 Ibid.
670 1771 779 1814 xuni,

512 1831 581 1872 29.

513 2051 649 2158 2Ιιόἰά.
667 2065 775 2104 nm,

554 2454 774 2507 ludioni,

513 2520 580 2560 15.

511 3146 529 3191 1
549 3146 647 3191 Cor.
661 3148 775 3199 xv‚9.

509 3343 776 3393 winusus,

691 951 776 989 ¹¹¹'
805 960 1048 1025 crimen
1082 961 1148 1023 in
1183 979 1440 1023 uxorem
1482 960 1713 1023 Levitae
1753 959 2188 1037 commissum,
2225 966 2293 1020 ut

2404 958 2692 1021 Domino.
2727 962 2941 1021 Erant
2974 961 3150 1020 enim
3189 959 3378 1038 quasi
3418 957 3691 1034 triyinta
3728 957 3889 1016 viri.

807 1057 873 1121 in
915 1058 1206 1121 Judicum
1254 1057 1520 1120 historia
1563 1057 1816 1138 legitur.
1841 1056 1956 1119 Vel
1997 1056 2138 1120 ideo
2177 1057 2289 1133 ait,
2403 1059 2719 1138 Dixitque
2739 1061 3007 1119 Samuel
3034 1077 3229 1136 coquo
3244 1078 3267 1116 .·
3286 1058 3390 1117 Da
3412 1065 3669 1133 partem
3695 1073 3891 1133 quam

649 1186 676 1214 x
705 1185 774 1224 xv,
805 1157 892 1220 De
921 1156 1189 1219 minima
1221 1157 1413 1234 tribu,
1449 1155 1754 1237 quoniam
1794 1155 2124 1236 BenJamin
2169 1154 2294 1216 l'uit
2401 1157 2555 1216 dedi
2586 1157 2726 1225 tibi,
2758 1165 2816 1215 et
2839 1156 3121 1232 proeeepi
3152 1164 3224 1214 ut
3252 1172 3582 1231 reponeres
3608 1171 3891 1211 seorsum

804 1255 1019 1337 junior
1065 1255 1231 1318 inter
1281 1254 1456 1318 filios
1498 1254 1708 1317 Jacob.
1740 1254 2030 1317 Juniores
2079 1262 2291 1316 autem
2402 1256 2582 1330 apud
2613 1262 2689 1315 te.
2716 1255 2987 1315 Levavit
3016 1262 3233 1314 autem
3260 1271 3498 1330 coquus
3526 1270 3811 1318 armum,
3830 1257 3893 1308 et

805 1353 1242 1418 solentvocari
1277 1352 2153 1430 minores‚sieutet1acobus,
2176 1351 2294 1415 fra·
2396 1355 2618 1430 posuit
2658 1362 2809 1413 ante
2838 1355 3025 1414 Saul.
3062 1350 3292 1432 Sicque
3330 1357 3573 1434 partem
3614 1346 3891 1429 regalem

805 1462 902 1516 ter
947 1452 1224 1516 Simonis
1267 1462 1330 1516 et
1372 1453 1569 1528 Judae,
1612 1452 1844 1515 dicitur
1887 1451 2110 1529 Minor,
2140 1451 2296 1534 quia
2405 1449 2619 1534 posuit
2648 1459 2795 1513 ante
2836 1449 3123 1512 futurum
3165 1467 3399 1530 regem.
3432 1451 3747 1528 Dixitqnoe
3774 1451 3895 1510 Sa-

805 1551 1138 1616 vocatione
1168 1551 1481 1634 posterior
1512 1559 1804 1632 respectu
1831 1549 2046 1613 Jacobi
2077 1549 2293 1612 fratris
2404 1554 2579 1612 muel
2608 1572 2630 1610 .·
2661 1551 2823 1610 Eece
2864 1553 3038 1629 quod
3080 1550 3415 1618 remansit,
3447 1547 3511 1611 id
3560 1557 3677 1624 est,
3718 1548 3895 1628 quod

803 1649 1084 1712 Ioannis.
1103 1649 1365 1732 Propter
1382 1651 1552 1731 quod
1582 1648 1814 1731 Ioseph
1845 1649 2005 1711 dixit
2033 1649 2114 1711 de
2143 1649 2297 1712 Ben-
2406 1649 2731 1714 residuum
2776 1647 2899 1710 fuit
2928 1648 3007 1711 de
3036 1647 3245 1710 hostia
3288 1646 3631 1722 immolata,
3662 1648 3895 1710 ceteris

804 1747 1006 1828 jamin
1035 1766 1048 1810 :
1075 1748 1194 1811 Iste
1223 1756 1318 1810 est
1352 1748 1545 1811 frater
1577 1757 1785 1811 vester
1815 1747 2290 1829 parvulus'tUbi
2405 1747 2691 1830 partibus
2736 1746 2876 1827 ejus
2926 1745 3245 1828 deputatis
3298 1762 3414 1827 pro
3468 1745 3735 1808 aliorum
3786 1745 3893 1808 bic

805 1845 931 1910 alia
978 1846 1308 1910 translatio
1358 1846 1569 1922 habet,
1604 1846 1921 1908 Minimus.
1957 1846 2032 1908 Et
2081 1853 2295 1910 tamen
2330 1843 2377 1904 B
2406 1847 2819 1911 invitatorum
2863 1843 3236 1908 refectione.
3271 1843 3423 1906 Nam
3451 1853 3691 1907 ceteras
3718 1844 3895 1908 obla-

804 1944 1135 2026 BenJamin
1166 1953 1300 2008 erat
1333 1953 1482 2007 tunc
1513 1944 1784 2024 singulis
1814 1942 2119 2006 fratribus
2160 1944 2293 2006 suis

807 2043 1024 2107 sobole
1055 2044 1280 2126 major,
1318 2051 1534 2125 utpote
1565 2043 1784 2106 decem
1819 2041 1992 2105 filios
2026 2041 2289 2106 habens,

805 2146 892 2206 Et
919 2145 1213 2220 aequatio
1250 2163 1386 2204 mea
1419 2143 1798 2211 novissima,
1832 2141 1896 2204 id
1941 2149 2057 2218 est,
2093 2148 2297 2204 extre-

806 2260 911 2303 ma
939 2259 1064 2303 seu
1109 2239 1338 2302 infima
1379 2248 1496 2316 est,
1533 2242 1705 2301 inter
1743 2260 1957 2300 omnes
1994 2241 2295 2317 familias

805 2346 988 2401 natas
1015 2341 1095 2400 de
1127 2342 1301 2400 tribu
1327 2340 1707 2418 Benjamin.
1740 2338 1923 2400 Juxta
1951 2338 2122 2401 hunc
2161 2357 2295 2402 mo-

806 2437 958 2498 dum
978 2435 1230 2500 Gedeon
1260 2456 1518 2518 quoque
1547 2436 1634 2498 ait
1653 2454 1667 2498 :
1686 2437 1848 2500 Ecce
1877 2434 2123 2499 familia
2154 2456 2295 2500 mea

807 2533 1034 2598 infima
1063 2543 1160 2598 est
1191 2535 1255 2597 in
1288 2535 1590 2612 Manasse‚
1624 2543 1688 2597 et
1722 2552 1839 2614 ego
1878 2534 2182 2597 minimus
2229 2535 2294 2597 in

805 2635 994 2698 domo
1032 2632 1232 2716 patris
1273 2633 1424 2696 mei.
1458 2633 1639 2696 Tales
1684 2641 1896 2695 autem
1941 2633 2295 2697 locutiones

805 2752 882 2796 ex
920 2731 1279 2796 humilitate
1315 2740 1378 2795 et
1416 2731 1778 2795 urbanitate
1822 2731 2105 2813 prolatis,
2141 2731 2297 2795 faci-

806 2831 952 2894 liter
999 2830 1418 2894 verificantur
1453 2848 1468 2892 :
1503 2830 1656 2912 quia
1705 2831 1877 2912 quod
1926 2830 2126 2893 altero
2165 2851 2298 2893 ma-

803 2931 910 3012 jus
951 2937 1047 2992 est
1093 2947 1221 2993 uno
1271 2937 1584 3012 respectu,
1620 2929 1746 2992 alia
1787 2928 2295 2993 consideratione

2406 1954 2484 2008 tae
2512 1943 2723 2008 carnis
2755 1951 2989 2026 parte3‚
3024 1942 3277 2005 Samuel
3317 1961 3433 2024 pro
3470 1942 3741 2006 aliorum
3785 1945 3895 2006 dc-

2405 2050 2736 2126 putaverat
2782 2061 2917 2118 esu,
2953 2049 3015 2104 et
3057 2059 3306 2103 armum
3358 2059 3472 2123 pro
3516 2040 3663 2104 Saul
3699 2058 3714 2103 :
3748 2042 3893 2106 ideo

2406 2141 2721 2216 subditur,
2758 2160 2925 2218 pone
2972 2151 3124 2201 ante
3174 2150 3255 2211 te,
3296 2150 3357 2200 et
3402 2143 3653 2201 comede
3681 2162 3707 2200 .·
3732 2145 3896 2222 quia

2404 2245 2484 2302 de
2504 2241 2835 2301 industria
2855 2249 3181 2300 servatum
3200 2249 3289 2299 est
3318 2240 3451 2306 tibi,
3472 2239 3729 2320 quando
3750 2240 3895 2304 alim

2406 2347 2616 2422 partes
2636 2337 3073 2401 determinatae
3098 2335 3359 2400 fuerunt
3385 2355 3501 2419 pro
3528 2337 3695 2416 aliis,
3712 2361 3895 2418 quem·

2404 2440 2485 2498 do
2512 2440 2832 2516 populum
2864 2437 3108 2496 vocavi.
3132 2437 3217 2496 Et
3247 2438 3519 2496 comedit
3548 2439 3718 2498 Saul
3744 2458 3895 2498 cum

2406 2537 2707 2596 Samuele
2729 2535 2801 2594 in
2821 2535 2929 2593 die
2949 2535 3091 2602 illa.
3112 2535 3197 2594 Et
3216 2536 3677 2596 descenderunt
3696 2537 3777 2594 de
3792 2557 3895 2595 ex·

2405 2636 2590 2702 celso,
2621 2631 2797 2712 juxta
2828 2631 3001 2713 quod
3044 2629 3166 2692 fuit
3208 2629 3581 2708 triclinium,
3616 2633 3691 2692 in
3718 2635 3895 2710 oppi-

2404 2735 2560 2792 dum
2596 2730 2923 2806 Ramatha,
2946 2729 3211 2811 prandio
3245 2728 3410 2793 facto
3440 2739 3619 2792 extra
3644 2729 3890 2794 urbem.

2406 2834 2493 2894 Ec
2520 2834 2767 2892 loeutus
2798 2840 2888 2890 est
2924 2828 3174 2892 Samuel
3212 2849 3361 2890 cum
3395 2833 3601 2891 Saule
3632 2832 3703 2890 in
3734 2835 3897 2894 sola-

2407 2932 2505 2991 rio
2544 2930 2773 2992 domus
2810 2928 3142 2992 Samuelis,
3177 2927 3267 2991 Ibi
3308 2928 3481 2991 enim
3518 2928 3765 2992 locutus
3796 2939 3895 2992 est

806 3035 1014 3110 potest
1062 3046 1136 3091 eo
1177 3028 1390 3090 minus
1421 3027 1792 3091 consistere.
1830 3028 1932 3090 Sic
1961 3028 2204 3111 quippe
2232 3037 2297 3091 et
2331 3027 2375 3092 C
2408 3028 2658 3094 Samuel
2698 3029 2779 3091 de
2819 3026 3289 3110 pertinentibus
3328 3028 3405 3090 ad
3440 3028 3709 3092 salutem
3744 3048 3893 3092 cum

804 3127 1036 3190 Paulus
1072 3146 1086 3189 :
1119 3127 1270 3207 Ego,
1307 3127 1538 3208 inquit,
1585 3146 1726 3189 sum
1775 3127 2081 3189 minimus
2130 3128 2296 3210 Apo-

805 3226 1266 3308 stolorum,qui
1297 3245 1424 3289 non
1455 3245 1596 3288 sum
1628 3225 1860 3307 dignus
1891 3226 2102 3290 vocari
2133 3228 2297 3309 Apo-

805 3325 1030 3389 stolus,
1064 3326 1239 3403 ltem,
1273 3325 1461 3389 Venit
1487 3325 1668 3389 Iesus
1691 3334 2052 3407 peccatores
2085 3326 2295 3389 salvos

807 3424 1037 3500 facere,
1080 3442 1354 3505 quorum
1392 3423 1638 3505 primus
1678 3442 1795 3503 ego
1829 3443 1992 3485 sum.
2030 3424 2291 3501 RursuS,

803 3523 975 3606 quod
1019 3522 1255 3586 dicitur
1297 3521 1566 3584 minima
1609 3541 1720 3584 seu
1767 3521 2136 3599 novissima,
2187 3541 2296 3604 po-

805 3630 930 3685 test
955 3622 1190 3704 exponi
1220 3620 1406 3685 valde
1439 3639 1655 3702 parva.
1693 3624 1906 3690 Quare
1943 3641 2090 3699 eryo
2127 3625 2297 3682 locu-

807 3732 910 3784 tus
954 3742 1017 3781 es
1067 3721 1232 3781 milei
1279 3740 1632 3781 sermonem
1682 3721 1933 3781 istum?
1971 3718 2289 3797 videlicet,

803 3820 998 3901 Cujus
1037 3829 1224 3883 erunt
1257 3818 1500 3900 optima
1534 3821 1850 3901 quaeque‘l
1882 3819 2064 3900 quasi
2099 3818 2289 3896 dicat,

803 3919 935 3983 Non
975 3917 1227 3983 videtur
1265 3916 1592 3994 credibile,
1628 3917 1799 3998 quod
1827 3924 1956 3979 tam
1997 3915 2294 3997 ignobilis

803 4017 886 4080 sit
916 4016 1124 4080 taliter
1155 4015 1618 4078 sublimandus,

2408 3129 2577 3205 Saul,
2623 3128 3023 3191 admonendo
3066 3146 3211 3190 eum
3261 3129 3341 3190 ad
3392 3128 3675 3191 meliora.
3710 3134 3897 3192 Stra-

2408 3232 2625 3307 vitque
2658 3231 2823 3288 Saul
2853 3229 2925 3287 in
2954 3228 3219 3297 solaria,
3250 3237 3309 3287 et
3338 3229 3669 3288 dormivit.

2472 3329 2806 3405 Quumque
2838 3346 3024 3385 mane
3051 3327 3573 3395 surreoeissent,et
3586 3326 3740 3403 jam
3756 3329 3897 3388 dies

2408 3428 2760 3495 lucesceret,
2798 3425 3049 3483 vocavit
3078 3425 3347 3484 Samuel
3380 3426 3650 3485 Saulem
3692 3427 3761 3485 in
3802 3446 3896 3486 so-

2408 3524 2596 3593 laria,
2628 3524 2849 3582 dicens
2878 3542 2901 3581 .·
2934 3524 3166 3598 Surqe,
3206 3533 3267 3581 et
3314 3524 3647 3583 dimittam
3692 3532 3773 3585 te.
3804 3526 3895 3585 Et

2404 3623 2693 3681 surrexit
2714 3624 2903 3682 Saul.
2930 3622 3312 3701 Eqressique
3340 3631 3492 3682 sunt
3520 3624 3730 3693 ambo,
3760 3624 3895 3700 ipse

2408 3721 2728 3789 videlieet,
2759 3718 3005 3782 scilicet
3038 3718 3209 3795 Saul,
3241 3729 3300 3780 et
3329 3723 3599 3781 Samuel
3632 3720 3895 3785 domum

2407 3817 2741 3894 SamueliS‚
2776 3826 2839 3881 et
2882 3826 3137 3881 secutus
3181 3825 3277 3881 est
3319 3835 3429 3881 cos
3472 3838 3630 3900 puer
3661 3819 3889 3883 Saulis.

2410 3921 2744 3997 Quumque
2782 3920 3229 3979 descenderent
3258 3920 3331 3978 in
3361 3928 3717 3980 extremam
3738 3940 3895 3997 par-

2409 4026 2531 4077 tem
2561 4018 2872 4086 civitatis,
2896 4019 3164 4077 Samuel
3192 4017 3369 4076 dia-it
3402 4019 3492 4076 ad
3520 4020 3688 4077 Saul
3716 4040 3743 4078 .·
3770 4022 3895 4080 Dic

865 4118 1213 4177 Assumens
1245 4116 1466 4194 itaque
1488 4118 1759 4176 Samuel
1783 4117 2050 4176 Saulem
2069 4124 2130 4175 et
2143 4135 2295 4191 pue-
2398 4135 2601 4193 puero
2653 4125 2725 4175 ut
2774 4117 3105 4175 antecedat
3154 4125 3288 4185 nos,
3340 4124 3401 4175 et
3453 4125 3759 4187 transeat,
3812 4137 3893 4180 ne

799 4236 950 4276 rum
971 4214 1146 4291 ejus:
1162 4212 1282 4275 hoc
1305 4212 1770 4275 fuitsacrisicio
1791 4214 1922 4294 jam
1944 4212 2289 4294 complct03
2328 4218 2377 4279 D
2405 4213 2619 4276 audiat
2664 4212 2857 4275 verba
2898 4232 3060 4289 mea,
3096 4232 3212 4275 nec
3253 4212 3467 4276 videat
3494 4214 3663 4296 quod
3697 4213 3894 4279 factu-

799 4314 1166 4375 introduvit
1184 4332 1283 4372 eos
1305 4312 1378 4373 in
1403 4313 1783 4373 triclinium.
1798 4311 1911 4373 Per
1933 4311 2294 4389 triclinium,

799 4411 1151 4473 secundum
1172 4408 1474 4487 Glossam‚
1492 4408 1869 4489 intelligitur
1887 4410 2291 4473 coenaculum

799 4508 891 4571 sic
934 4516 1372 4590 nuncupatum
1412 4526 1450 4569 a
1493 4506 1728 4589 triplici
1767 4507 1992 4571 ordine
2036 4508 2295 4595 lectulo-

799 4625 942 4669 rum
987 4624 1098 4669 seu
1144 4624 1511 4669 mensarum
1556 4606 1840 4687 ipsorum
1887 4606 2294 4669 discumben-

799 4706 962 4768 tium
995 4705 1062 4767 in
1091 4704 1355 4769 eisdem.
1377 4704 1530 4767 Nam
1561 4702 1716 4767 olim
1749 4723 1941 4786 super
1972 4705 2170 4768 lectos
2202 4725 2291 4768 se-

801 4804 1012 4868 dendo
1033 4802 1326 4867 edebant.
1342 4805 1428 4865 Et
1447 4804 1626 4864 dedit
1645 4804 1737 4864 eis
1758 4807 1962 4864 locum
1988 4807 2062 4865 in
2081 4808 2291 4885 capite

2407 4332 2512 4373 rus
2544 4331 2685 4374 sum
2720 4311 2857 4374 tibi.
2894 4312 3018 4374 Hoc
3049 4312 3300 4374 videtur
3328 4312 3565 4376 dixisse
3604 4313 3671 4375 in
3714 4313 3895 4397 oppi-

2406 4411 2509 4473 do.
2532 4414 2625 4472 Tu
2658 4422 2875 4473 autem
2895 4413 3165 4472 subsiste
3176 4414 3558 4489 paulisper:
3574 4411 3697 4475 hoc
3716 4422 3895 4476 extra

2402 4509 2710 4591 oppidum
2757 4509 3037 4573 creditur
3074 4509 3419 4591 protulisse
3463 4510 3529 4571 in
3574 4510 3715 4574 loco
3762 4530 3895 4593 quo

2404 4608 2587 4670 unxit
2608 4607 2893 4683 Saulem;
2928 4618 3000 4668 ut
3022 4610 3305 4668 indicem
3340 4612 3460 4669 tibi
3488 4612 3751 4670 verbum
3772 4614 3895 4673 Do—

2404 4708 2599 4775 mini,
2621 4706 2687 4769 id
2720 4713 2837 4782 est,
2858 4705 2973 4768 tibi
3004 4705 3375 4769 denuntiem
3400 4725 3544 4788 quae
3570 4708 3733 4769 Deus
3764 4709 3897 4789 jus-

2403 4804 2487 4867 sit
2514 4804 2631 4868 tibi
2664 4804 2790 4870 dici
2820 4812 2884 4867 et
2916 4803 3062 4869 fieri
3086 4824 3200 4888 per
3230 4824 3353 4869 me.
