4359 6250
1457 1107 2357 1222 PROOEMIUM

580 1763 815 1841 Saulis,
851 1782 1022 1827 nunc
1055 1763 1120 1825 in
1154 1762 1434 1827 secundo
1464 1763 1585 1826 hoc
1614 1762 1853 1843 Regum
1892 1760 2058 1825 libro
2089 1770 2394 1826 tractatur
2422 1763 2502 1826 (16
2533 1762 2894 1845 principatu
2927 1773 3118 1846 atque
3149 1765 3458 1845 regimine

578 1871 803 1948 David,
838 1870 1023 1952 cujus
1052 1869 1421 1958 virtuositas
1452 1870 1520 1932 in
1552 1869 1762 1952 primo
1802 1869 1987 1932 istius
2031 1869 2181 1931 libri
2221 1879 2610 1934 monstratur
2649 1872 2951 1954 capitulo,
2987 1873 3150 1936 sicut
3191 1873 3451 1956 patebit.

344 1978 549 2041 Porro
594 1978 856 2060 quidam
906 1977 1079 2041 circa
1125 1977 1456 2041 exordium
1495 1977 1911 2060 expositionis
1954 1977 2143 2060 hujus
2187 1977 2333 2041 libri
2378 1977 2663 2041 affirmat
2699 1979 3086 2061 :Postquam
3135 1981 3202 2042 in
3246 1981 3455 2063 primo

348 2085 523 2148 libro
554 2094 769 2148 actum
808 2093 907 2148 est
936 2085 1016 2148 de
1046 2102 1242 2166 regno
1274 2103 1387 2167 per
1418 2083 1817 2162 electionem,
1854 2084 1959 2147 hic
1989 2093 2453 2167 consequenter
2483 2086 2690 2166 agitur
2729 2086 2808 2148 de
2839 2105 3033 2167 regno
3062 2106 3176 2169 per
3205 2106 3454 2152 succes-

347 2193 626 2269 sionem,
659 2192 813 2274 quia
842 2193 1127 2256 Isboseth
1168 2191 1475 2256 successit
1515 2190 1708 2268 Sauli,
1745 2191 1895 2255 licet
1925 2200 2211 2274 tempore
2249 2191 2453 2268 brevi,
2487 2200 2550 2255 et
2581 2191 2878 2256 Salomon
2918 2193 3051 2274 regi
3081 2194 3302 2257 David.
3335 2193 3450 2257 Cui
3481 2215 3741 2272 ιιιιεςιιιο.

348 2301 527 2364 dicto
573 2300 773 2383 objici
824 2308 1055 2384 potest,
1088 2301 1259 2382 quod
1306 2299 1373 2361 in
1419 2308 1551 2364 toto
1595 2300 1717 2364 isto
1762 2301 2041 2364 secundo
2082 2300 2320 2380 Regum
2361 2300 2688 2364 volumine
2730 2300 2907 2365 nulla
2949 2310 3046 2364 est
3089 2302 3330 2366 mentio
3370 2304 3450 2366 de

351 2408 771 2491 praesidcntia
816 2407 1197 2484 Salomonis,
1230 2406 1356 2468 nisi
1404 2406 1470 2469 in
1514 2415 1823 2488 quantum
1869 2406 2332 2489 praenuntiatur
2377 2406 2440 2468 in
2491 2406 2656 2470 libro
2703 2408 2874 2471 isto.
2915 2410 3450 2490 quemadmodum
3483 2430 3626 2474 ma.-
3629 2432 3740 2482 ιω.

350 2516 553 2579 etiam
599 2515 811 2597 primo
852 2514 1019 2578 libro
1065 2515 1490 2597 praenuntiata
1537 2523 1684 2577 sunt
1728 2533 1842 2596 per
1886 2514 2243 2578 Samuelem
2287 2513 2682 2598 principatus
2727 2524 2789 2578 ct
2832 2517 3235 2598 praesidentia
3285 2518 3450 2598 regis
3509 2537 3686 2593 meaa
3661 2551 3744 2588 ιιιι.

350 2624 577 2688 David.
614 2622 944 2688 Successio
973 2641 1233 2704 quoque
1258 2622 1543 2686 Isboseth
1578 2620 1702 2685 fuit
1742 2630 2065 2705 usurpata,
2101 2641 2228 2685 non
2271 2622 2604 2705 legitima:
2641 2623 2947 2706 quoniam
2987 2626 3150 2687 Deus
3189 2625 3321 2707 jam
3351 2603 3499 2688 de-¹
3507 2604 3728 2653 ⁴³¹''²⁸'

350 2731 727 2795 terminavit
771 2740 963 2813 atque
1003 2731 1316 2813 praedixit,
1354 2749 1617 2812 regnum
1664 2751 1803 2795 esse
1840 2731 2354 2794 transferendum
2385 2751 2422 2793 a
2452 2731 2599 2795 Saul
2630 2733 2708 2795 ad
2739 2732 2960 2795 David.
2994 2733 3218 2814 Aptius
3259 2733 3451 2814 igitur

349 2840 481 2904 dici
512 2847 747 2923 potest,
779 2839 952 2921 quod
991 2847 1331 2921 postquam
1371 2840 1437 2902 in
1479 2839 1689 2923 primo
1728 2839 1894 2903 libro
1934 2846 2271 2902 tractatum
2302 2847 2396 2902 est
2433 2840 2512 2902 de
2553 2857 2745 2920 regno
2778 2839 2924 2903 Saul
2968 2840 3308 2922 reprobati,
3344 2841 3450 2905 hic

350 2947 565 3028 agitur
607 2948 688 3011 de
728 2966 923 3030 regno
962 2948 1159 3012 David
1198 2947 1409 3012 electi.
1442 2947 1679 3030 Nempe
1717 2949 1817 3028 (ut
1853 2965 2045 3030 super
2082 2947 2388 3010 Joannem
2428 2947 2655 3010 asserit
2683 2947 3102 3030 Augustinus)
3140 2949 3284 3013 Saul
3328 2949 3451 3011 fuit

352 3063 589 3120 unctus
624 3054 691 3116 in
724 3071 962 3135 regem,
999 3074 1126 3119 non
1159 3064 1232 3117 ut
1261 3055 1659 3139 principatus
1700 3054 1767 3116 in
1798 3055 1988 3117 domo
2018 3061 2082 3117 et
2119 3053 2488 3136 posteritate
2528 3073 2642 3116 sua
2671 3063 2976 3134 maneret,
3013 3057 3124 3119 sed
3155 3065 3224 3118 ut
3255 3064 3452 3118 trans-

354 3166 632 3230 ferretur
659 3165 738 3227 ad
769 3164 967 3228 David
999 3166 1078 3228 de
1109 3164 1305 3247 stirpe
1333 3164 1493 3227 Juda
1532 3182 1546 3225 z
1584 3163 1739 3247 quia
1767 3171 1831 3226 et
1870 3162 2067 3226 tribui
2096 3162 2256 3225 Juda
2283 3182 2360 3226 ex
2389 3162 2611 3225 divina
2650 3164 3183 3246 praeordinatione
3214 3172 3275 3228 et
3308 3183 3450 3246 pro-

353 3273 615 3356 phetica
661 3270 1199 3353 praenuntiatione
1246 3270 1597 3335 debebatur
1646 3270 1824 3351 regni
1873 3269 2215 3353 primatuS‚
2268 3270 2802 3349 quemadmodum
2850 3270 3042 3335 Jacob
3090 3270 3448 3353 patriarcha

355 3378 697 3461 praedixit:
734 3378 870 3442 Non
915 3376 1242 3441 auferetur
1286 3385 1609 3458 sceptrum
1647 3378 1727 3440 de
1764 3377 1921 3439 Juda
1965 3382 2026 3439 et
2066 3376 2192 3438 dux
2232 3376 2310 3438 de
2361 3374 2604 3440 femore
2637 3376 2800 3459 ejuS‚
2835 3378 3038 3441 donec
3079 3377 3292 3441 veniat
3333 3376 3446 3458 qui
3479 3396 3618 3502 15¹⁶*
3631 3408 3722 3437 ιιιι

354 3486 708 3550 mittendus
744 3493 861 3549 est.

356 1653 943 1928 COMPLETO
992 1654 1203 1736 primo
1246 1654 1485 1734 Regum
1532 1653 1880 1730 volumine,
1917 1653 1985 1716 in
2027 1671 2155 1734 quo
2197 1663 2406 1718 actum
2453 1662 2549 1718 est
2588 1655 2668 1718 de
2711 1672 2906 1735 regno
2948 1663 3010 1719 et
3054 1656 3461 1739 praesidentia
