4359 6250
961 519 1309 569 manuario
1353 523 1414 569 IN
1458 521 1593 570 CAP.
1640 522 1750 568 xm
1791 522 1948 568 unm
1991 521 2159 569 mum
2202 519 2425 569 REGUH.
2467 541 2548 552 —
2590 521 2732 567 am.
2779 519 2904 567 XXV

3358 499 3471 563 331

135 719 344 774 naqa..
379 711 512 757 non
545 691 946 758 nisiduobus
967 693 1256 774 regnavit
1277 693 1636 756 anniS.Non
1665 699 1878 755 tamen
1910 687 1962 751 A
1991 701 2132 752 erat
2175 713 2325 753 cum
2366 693 2479 764 eis,
2524 701 2664 752 erat
2708 693 2783 751 in
2832 689 3053 750 Gabaa
3094 687 3471 765 Benjamin.

105 785 160 824 to.

377 803 577 875 super
604 794 798 868 Juda;
847 812 964 858 nec
1007 813 1200 876 super
1242 801 1484 857 ceteras
1526 791 1734 854 tribus
1771 809 1880 873 pa-

373 890 594 954 cifice.

485 991 800 1060 Quoesivit
847 991 974 1051 sibi
1021 990 1342 1052 Dominus
1389 991 1610 1050 virum
1655 1007 1878 1048 secun-

149 1108 166 1126 ·
186 1104 324 1162 juta
377 1092 546 1149 dum
569 1091 592 1114 ¹*
626 1109 734 1150 cor
773 1109 989 1150 suum.
1025 1088 1160 1151 Non
1191 1087 1376 1168 quasi
1417 1107 1454 1149 a
1483 1106 1634 1149 casu
1665 1093 1776 1148 aut
1805 1104 1882 1148 ex

381 1187 848 1251 incertitudine
906 1185 1216 1250 Dominus
1276 1185 1558 1267 aliquem
1619 1183 1875 1264 quaerit‚

379 1286 682 1368 quamvis
723 1285 814 1348 sic
847 1285 1038 1348 faciat
1067 1283 1314 1366 aliquid
1356 1283 1590 1367 quaeri3
1625 1284 1733 1345 sed
1767 1301 1880 1364 per

380 1385 648 1448 modum
686 1383 1032 1465 quaerentis
1063 1403 1132 1446 se
1162 1383 1376 1461 habet,
1410 1384 1561 1446 dum
1593 1381 1879 1445 omnium

379 1483 579 1546 corda
609 1482 992 1559 considerat,
1019 1490 1081 1545 et
1111 1502 1311 1545 unum
1345 1501 1474 1564 prae
1507 1480 1633 1544 alio
1663 1480 1740 1542 ad
1773 1479 1882 1542 ali-

379 1580 544 1661 quid
565 1579 693 1642 sibi
713 1579 998 1655 assumit,
1015 1569 1197 1660 eligit
1217 1597 1329 1641 seu
1351 1584 1670 1660 acceptat:
1690 1595 1880 1659 quem

383 1686 602 1740 tamen
637 1679 776 1760 ipse
805 1696 919 1760 per
950 1678 1118 1740 dona
1141 1677 1361 1758 gratiae
1393 1695 1522 1738 suae
1553 1674 1764 1739 efficit
1795 1685 1884 1738 ta-

383 1777 536 1854 lem,
575 1785 642 1839 et
669 1777 750 1840 ab
779 1785 1020 1840 aeterno
1060 1775 1152 1838 sic
1183 1775 1526 1840 ordinavit.
1567 1773 1884 1856 Loqueba-

1990 792 2198 851 Porro
2214 791 2583 852 Philistiim
2603 791 3017 850 consederant
3040 789 3111 847 in
3130 785 3474 848 Machmas.

1991 890 2077 949 Et
2105 892 2340 965 eqressi
2364 899 2518 950 sunt
2548 891 2637 949 ad
2665 889 3126 966 proedandum,
3163 883 3223 946 id
3270 891 3365 946 est
3398 881 3477 944 ad

1991 986 2397 1069 spoliandum
2418 987 2591 1051 bona
2601 987 2634 1048 J
2636 987 2976 1058 udaeorum,
2990 986 3070 1044 de
3087 983 3313 1044 castris
3326 981 3427 1044 Pk
3435 982 3482 1039 i·

1993 1087 2367 1147 listinorum
2412 1097 2538 1148 tres
2579 1087 2771 1146 cunei
2808 1105 2831 1144 .·
2864 1091 2927 1146 et
2971 1091 3183 1145 tamen
3228 1079 3479 1142 nullum

1991 1202 2341 1248 cuneorum
2379 1185 2635 1247 illorum
2669 1181 2987 1246 audebant
3020 1179 3321 1244 invadere
3352 1176 3479 1241 filii

1991 1283 2202 1360 lsrael,
2251 1282 2478 1346 timore
2528 1279 2827 1364 prostrati
2875 1289 2941 1344 et
2988 1279 3288 1342 inermes.
3334 1276 3480 1340 Ideo

1991 1400 2251 1464 quoque
2283 1381 2570 1444 fecerunt
2598 1388 2725 1443 tres
2756 1397 3015 1456 cuneos,
3034 1384 3105 1440 ut
3132 1375 3337 1458 magis
3368 1391 3482 1438 no-

1991 1487 2229 1557 cerent,
2250 1488 2314 1542 et
2342 1479 2493 1561 quia
2524 1477 2950 1541 resistentiam
2984 1493 3111 1540 non
3144 1474 3475 1537 timebant.

2008 1582 2177 1639 Unus
2198 1599 2433 1639 cuneus
2461 1579 2765 1655 peryebat
2792 1585 3015 1636 contra
3036 1578 3215 1636 viam
3240 1575 3482 1653 Ephra-

1993 1679 2086 1738 im
2118 1680 2207 1738 ad
2230 1686 2467 1737 terram
2490 1679 2660 1738 Saul
2677 1675 2721 1736 ’ἃ
2752 1675 2961 1736 Porro
2990 1676 3167 1735 alius
3198 1674 3483 1750 inyredi-

1993 1778 2220 1836 ebatur
2238 1795 2361 1853 per
2391 1776 2570 1835 viam
2598 1777 2945 1836 Bethoron.
2979 1774 3227 1836 Tertius
3265 1781 3482 1833 autem

383 1884 492 1937 tur
541 1893 802 1956 quoque
852 1873 1103 1936 Samuel
1155 1889 1334 1936 more
1383 1873 1757 1956 prophetico
1804 1872 1884 1935 de
1921 1873 1966 1934 B
1994 1885 2271 1936 verterat
2297 1895 2361 1934 se
2390 1877 2479 1934 ad
2510 1875 2635 1934 iter
2677 1875 2941 1934 termini
2984 1873 3057 1932 in
3100 1882 3339 1933 terram
3366 1873 3483 1932 Sa-

384 1973 609 2036 futuro
649 1992 766 2055 per
805 1973 1068 2036 modum
1098 1971 1428 2054 praeteriti,
1462 1979 1722 2053 propter
1752 1990 1886 2034 cer-

385 2072 733 2135 titudinem
767 2071 1120 2155 prophetiae
1157 2089 1172 2134 :
1208 2079 1280 2132 ut
1311 2070 1394 2132 sit
1437 2089 1684 2147 sensuS,
1715 2068 1886 2144 Quae-

381 2170 540 2233 sivit
584 2170 710 2233 sibi
760 2170 1072 2234 Dominus
1115 2169 1326 2234 virum
1376 2169 1726 2232 secundum
1778 2185 1885 2230 cor

381 2289 601 2346 suum,
628 2269 694 2332 id
725 2276 844 2346 est,
865 2268 1152 2332 decrevit
1181 2268 1306 2332 sibi
1338 2286 1665 2332 assumere
1696 2265 1762 2328 in
1795 2285 1886 2328 re-

379 2385 530 2448 gem
583 2369 796 2432 virum
843 2369 1235 2447 virtuosum,
1287 2366 1524 2431 divinae
1573 2365 1886 2430 voluntati

383 2465 790 2530 conformem
837 2475 900 2528 et
946 2465 1492 2548 beneplacentem.
1542 2467 1620 2526 E't
1657 2485 1888 2543 proece-

168 2583 310 2626 mm
374 2567 486 2643 pit
523 2567 611 2637 ei,
655 2565 719 2627 id
761 2573 858 2627 est
897 2563 1253 2647 praecipiet,
1288 2566 1605 2626 Dominus
1639 2573 1711 2623 ut
1748 2565 1832 2622 sit
1865 2563 1886 2584 ⁸

151 5035 282 5079 ludie-

131 5098 164 5139 ⁶.
179 5100 212 5139 7.

381 2667 532 2724 dux
579 2683 774 2740 super
807 2666 1130 2742 populum
1173 2683 1364 2722 suum
1405 2683 1428 2722 .·
1477 2655 1577 2726 vir
1629 2661 1748 2723 iste
1792 2668 1888 2723 est

383 2761 614 2838 David,
639 2761 752 2843 qui
783 2762 936 2824 dum
969 2761 1092 2823 ista
1121 2760 1518 2838 dicebantur,
1538 2769 1674 2823 crat
1695 2777 1884 2842 puer3

381 2881 456 2921 eo
493 2863 670 2940 quod
709 2881 840 2920 non
868 2863 1224 2921 servaveris
1259 2880 1402 2939 quse
1425 2861 1730 2936 praecepit
1765 2861 1889 2920 Do-

389 2981 638 3021 minus.

384 3167 516 3235 tur,
563 3158 737 3239 quod
789 3165 930 3239 post
973 3154 1478 3239 increpationem
1524 3164 1886 3239 praetactam

383 3256 630 3321 mansit
661 3256 738 3317 ad
772 3264 1023 3337 tempus
1045 3274 1191 3317 cum
1226 3254 1374 3317 Saul
1409 3254 1474 3316 in
1507 3254 1796 3334 Galgala3
1830 3265 1889 3315 et

385 3358 628 3417 ascend
633 3357 684 3415 it
709 3357 790 3414 de
824 3356 1117 3431 Galyalis
1147 3356 1220 3414 in
1255 3356 1476 3414 oabaa
1507 3354 1884 3430 Benjamin.

387 3454 548 3517 llluc
569 3470 847 3533 namque
869 3460 1284 3533 perrexerunt
1303 3459 1365 3514 et
1388 3450 1512 3512 filii
1535 3450 1722 3513 lsrael
1744 3470 1888 3514 cum

388 3551 710 3627 Samuele,
745 3549 850 3614 vel
881 3550 1008 3614 cito
1039 3556 1186 3632 post
1214 3569 1384 3627 eum,
1418 3550 1724 3613 adversus
1754 3548 1892 3611 Phi-

389 3650 646 3727 listiim‚
681 3650 826 3713 ideo
867 3667 984 3731 pro
1027 3648 1498 3712 confortatione
1541 3648 1762 3730 populi
1811 3649 1892 3712 ls-

389 3750 524 3812 rael
556 3750 674 3814 ivit
697 3748 776 3811 ad
795 3748 1130 3811 Gabaa.Et
1160 3749 1402 3827 reliqui
1419 3749 1658 3826 populi
1676 3746 1887 3826 Israel,

389 3847 508 3929 qui
533 3865 664 3910 non
687 3846 944 3909 iverunt
965 3866 1112 3909 cum
1136 3846 1446 3924 Samuele,
1468 3850 1893 3908 ascenderunt

381 3957 530 4024 post
559 3949 758 4015 Saul,
789 3964 934 4008 eum
981 3946 1330 4027 sequendo,
1365 3947 1618 4007 obviam
1651 3951 1893 4024 populo

389 4043 904 4121 philistinorum,
939 4046 1059 4125 qui
1097 4043 1400 4107 Philistaei
1430 4048 1894 4123 eoepuqnabant

389 4162 518 4213 eos,
541 4140 845 4205 videlicet
871 4141 1206 4219 lsraelitaS,
1234 4144 1554 4203 venientes
1581 4164 1662 4205 eae
1682 4145 1706 4168 '¹
1743 4148 1895 4205 Gal-

391 4342 466 4399 in
509 4342 672 4399 colle
701 4339 1083 4415 Benjamin,
1119 4338 1185 4401 in
1231 4358 1360 4421 quo
1399 4339 1666 4422 contigit
1704 4359 1896 4423 expu-

389 4436 616 4517 gnatio
647 4434 780 4498 illa.
817 4438 902 4497 Et
931 4439 1270 4510 recensuit,
1307 4438 1368 4500 id
1403 4446 1498 4501 est
1535 4440 1898 4503 numeravit

391 4539 568 4598 Saul
605 4538 952 4612 populum,
1001 4533 1247 4598 scilicet
1296 4534 1468 4600 filios
1518 4537 1730 4615 Israel,
1779 4542 1898 4619 qui

390 4634 656 4693 inventi
695 4634 970 4710 fuerant
1012 4654 1160 4695 cum
1203 4655 1298 4704 eo,
1334 4643 1396 4697 et
1441 4643 1623 4697 erant
1667 4637 1896 4699 ceteris

392 4734 490 4809 (ut
547 4730 831 4809 videtur)
871 4732 1357 4809 constantioreS,
1411 4734 1716 4815 quoniam
1766 4734 1896 4797 illis

396 4827 820 4909 fugientibuS,
868 4848 1065 4911 seque
1113 4830 1674 4909 abscondentibus,
1723 4852 1897 4896 man-

369 4935 620 4989 -serunt
639 4946 788 4989 cum
821 4945 969 5008 rege
987 4928 1066 4990 ad
1098 4928 1538 5009 praeliandum‚
1558 4934 1749 5010 quasi
1765 4954 1898 4992 seoe-

297 5052 364 5088 ιιι,
391 5036 606 5087 centos
645 5028 841 5089 viros.
879 5026 980 5089 Sic
1028 5045 1172 5089 cum
1213 5026 1504 5091 Gedeone
1551 5048 1676 5092 non
1723 5049 1897 5093 man-

393 5134 644 5201 serunt,
694 5124 823 5188 nisi
877 5125 1144 5188 trecenti
1203 5125 1370 5199 viri;
1425 5134 1488 5188 et
1546 5146 1690 5189 cum
1737 5129 1896 5192 Juda

145 5232 366 5283 tract-‚12
393 5222 776 5299 Machabaeo,
795 5222 1172 5302 octingenti.
1189 5226 1273 5285 Εἰ
1303 5226 1471 5285 Saul
1497 5234 1557 5285 et
1585 5228 1896 5288 Jonatlzas

131 5299 166 5335 6.

369 5321 582 5397 filius
617 5321 782 5398 ejus,
817 5326 1224 5402 populusque
1266 5324 1384 5403 qui
1435 5325 1735 5385 inventus
1785 5327 1894 5405 fu-

1995 1975 2118 2034 baa
2164 1973 2567 2032 imminentis
2614 1974 2778 2031 valli
2814 1972 3066 2032 Seboim
3108 1979 3331 2030 contra
3372 1971 3481 2029 de·

1992 2079 2254 2130 sertum.

2074 2171 2282 2230 Porro
2312 2171 2497 2246 faber
2517 2170 2845 2247 ferrarius
2874 2189 3004 2229 non
3036 2167 3487 2229 inveniebatur

1997 2269 2070 2328 in
2121 2269 2301 2328 omni
2352 2278 2523 2328 terra
2566 2271 2791 2330 Israel.
2840 2267 3035 2350 Cujus
3084 2263 3490 2348 subjungitur

1997 2363 2159 2429 ratio
2195 2383 2208 2427 :
2249 2369 2567 2427 Caverant
2594 2367 2770 2426 enim
2801 2365 3193 2435 Philistiim,
3216 2383 3298 2423 ne
3323 2363 3491 2440 forte

1995 2467 2286 2544 facerent
2316 2467 2575 2527 Hebraei
2595 2467 2899 2542 qladium
2928 2475 3044 2526 aut
3074 2467 3399 2525 lanceam:
3422 2461 3490 2524 id

1997 2572 2116 2642 est,
2136 2563 2379 2627 idcirco
2403 2581 2530 2626 non
2564 2561 2991 2645 permiserunt
3014 2561 3179 2624 inter
3199 2561 3489 2626 Hebraeos

1997 2662 2380 2726 commorari
2410 2646 2691 2742 aliquem
2725 2659 2999 2736 fabrum,
3022 2678 3101 2722 ne
3133 2659 3368 2722 faceret
3397 2659 3489 2722 eis

1998 2779 2219 2823 ensem
2249 2768 2359 2823 aut
2391 2760 2700 2823 lanceam.
2736 2759 2826 2821 Ex
2858 2777 2987 2840 quo
3021 2766 3290 2832 constat,
3318 2758 3488 2840 quod

1999 2857 2125 2920 filii
2146 2859 2334 2922 lsrael
2357 2863 2537 2926 erant
2556 2858 2763 2921 adhuc
2784 2858 3054 2920 multum
3076 2857 3319 2938 gravati
3340 2859 3492 2939 jugo

1998 2957 2270 3020 dominii
2313 2957 2815 3020 philistinorum.
2850 2957 2995 3020 Ideo
3032 2965 3243 3020 autem
3288 2955 3489 3021 fertur

369 3095 377 3098 -
472 3059 783 3120 Surreoeit
813 3067 1026 3118 autem
1057 3059 1328 3117 Samuel
1361 3077 1384 3115 .·
1420 3075 1497 3118 ex
1542 3074 1672 3140 quo
1717 3055 1890 3119 elici·
1921 3062 1964 3126 C
2001 3056 2066 3119 in
2115 3065 2313 3134 textu,
2358 3057 2556 3120 Faber
2598 3054 2922 3135 ferrariuS,
2967 3056 3118 3139 quia
3156 3064 3304 3119 sunt
3345 3055 3488 3139 qui—

1999 3158 2142 3219 dam
2196 3156 2363 3219 fabri
2414 3156 2693 3236 lignarii,
2745 3154 2809 3219 id
2852 3166 2948 3219 cst
2991 3164 3483 3238 carpentatoreS,

3538 1701 3698 1745 ‘snat

2001 3256 2166 3318 sicut
2214 3255 2279 3317 in
2330 3254 2677 3335 Evangelio
2729 3254 2961 3335 legitur
3003 3254 3235 3347 Ioseph
3288 3254 3488 3319 fuisse
3527 3274 3695 3319 ,κακὴ
3700 3288 3779 3326 xm,

2002 3353 2205 3415 faber.
2249 3356 2675 3416 Descendebat
2718 3372 2865 3430 erqo
2908 3355 3118 3414 omnis
3154 3340 3363 3413 Israel
3402 3358 3490 3415 ad
3518 3343 3600 3389 ⁵⁵·
3632 3340 3782 3383 ''⁰¹²‘-

2001 3454 2393 3523 Philistiim,
2439 3451 2685 3514 scilicet
2735 3451 2801 3513 in
2852 3459 3081 3513 terram
3126 3419 3537 3516 Philistina-

2004 3569 2168 3626 rum,
2204 3551 2461 3629 quando
2491 3567 2713 3632 pacem
2756 3550 3116 3612 habuerunt
3156 3570 3300 3613 cum
3334 3550 3486 3627 inis,

2005 3658 2078 3710 ut
2105 3658 2467 3717 eatae-uersi,
2498 3646 2562 3709 id
2603 3656 2719 3725 est,
2745 3667 2860 3730 per
2892 3645 3105 3710 fabros
3135 3648 3493 3713 Philistino-

1993 3766 2146 3809 rum
2197 3746 2339 3810 acui
2391 3746 2649 3823 faceret,
2694 3749 3137 3827 unusquisque
3182 3769 3494 3811 vomerem

2003 3868 2219 3918 suum,
2265 3856 2323 3906 et
2366 3848 2669 3923 ligonem,
2710 3857 2769 3907 et
2812 3849 3115 3917 securim,
3144 3857 3204 3907 et
3254 3849 3497 3909 triden—

2007 3956 2222 4015 temet
2240 3949 2571 4005 sarculum
2583 3993 2595 4005 .
2614 3948 2866 4007 Retusoe
2888 3947 3107 4025 itaque
3124 3955 3311 4006 erant
3328 3947 3496 4005 acies

2005 4064 2336 4104 vomerum
2374 4053 2434 4103 et
2472 4044 2763 4120 liyonum
2791 4053 2852 4104 et
2892 4046 3277 4105 tridentium
3314 4054 3374 4105 et
3410 4064 3498 4103 se-

2005 4146 2290 4215 curium,
2312 4142 2375 4204 id
2402 4148 2499 4205 est
2519 4149 2809 4204 cessante
2839 4160 3017 4223 pace,
3035 4148 3099 4205 et
3129 4141 3241 4205 lite
3270 4142 3499 4206 duran-

371 4245 550 4318 ,μαῖα
571 4242 644 4299 in
673 4242 916 4312 Gabaa,
938 4238 1001 4303 id
1024 4248 1120 4304 est
1149 4242 1229 4303 ad
1263 4240 1484 4303 urbem
1518 4242 1609 4304 sic
1631 4242 1890 4319 dictam,
1925 4248 1976 4309 D
2009 4251 2090 4318 te,
2117 4261 2194 4305 ex
2223 4239 2479 4305 defectu
2504 4240 2781 4322 praefatae
2810 4240 3211 4305 exacutionis
3228 4260 3497 4306 acumen

2009 4340 2164 4405 ferri
2215 4339 2785 4403 instrumentorum
2836 4340 3101 4404 istorum
3144 4349 3278 4403 erat
3316 4341 3501 4405 redu-

2008 4448 2180 4502 ctum
2235 4447 2298 4502 et
2346 4438 2736 4513 hebetatum,
2783 4460 2981 4520 usque
3019 4442 3109 4501 ad
3154 4442 3498 4502 stimulum

2007 4541 2486 4616 corrigendum,
2531 4538 2593 4600 id
2639 4546 2757 4615 est,
2806 4538 3119 4601 inclusive
3169 4558 3372 4621 usque
3417 4540 3497 4602 ad

2009 4635 2110 4700 ref
2111 4637 2509 4699 ormandum‘
2526 4654 2637 4699 seu
2660 4637 3092 4699 exacuendum
3116 4637 3501 4701 instrumen-

2009 4744 2167 4811 tum,
2199 4752 2328 4817 quo
2365 4733 2559 4798 boves
2599 4742 2855 4797 arantes
2895 4744 3268 4817 punguntur
3294 4736 3376 4798 ad
3414 4735 3501 4799 la—

2008 4834 2388 4909 borandum,
2434 4852 2546 4895 seu
2595 4831 2794 4895 alium
2839 4851 3307 4915 quemcumque
3354 4854 3501 4897 acu-

2009 4932 2205 4995 leum.
2246 4936 2585 5011 Quumque
2613 4933 2882 4991 venisset
2911 4932 3049 4991 dies
3079 4933 3305 5009 proelii
3334 4931 3502 4995 inter

2010 5030 2304 5093 Hebraeos
2334 5038 2399 5093 et
2418 5030 2791 5106 Philistaeos,
2820 5049 2947 5089 non
2966 5039 3056 5090 est
3088 5032 3414 5102 inventus,
3436 5031 3500 5094 id

2008 5137 2104 5191 est
2148 5148 2279 5191 non
2322 5128 2469 5205 fuit,
2500 5131 2668 5189 ensis
2709 5138 2825 5189 aut
2856 5128 2880 5151 *
2914 5132 3135 5189 lancea
3180 5132 3253 5191 in
3298 5151 3499 5192 manu

2010 5230 2206 5288 totius
2238 5230 2474 5305 populi
2512 5229 2629 5306 qui
2665 5236 2807 5288 erat
2842 5248 2992 5288 cum
3026 5230 3195 5290 Saul
3222 5239 3283 5290 et
3307 5232 3499 5291 Jona-

2009 5328 2140 5398 tka,
2184 5334 2441 5404 excepto
2492 5328 2658 5386 Saul
2706 5335 2765 5387 et
2810 5329 3091 5388 Jonama
3140 5330 3283 5404 filio
3330 5329 3492 5407 ejus.

3518 3408 3644 3455 νι,3.

3554 5154 3647 5195 ‘et
