4359 6250
963 509 1313 555 amnnnio
1356 510 1417 555 ιΝ
1460 509 1597 555 car.
1643 509 1710 554 111
1753 510 1909 555 mam
1954 511 2205 556 sacunm
2247 513 2471 560 nasum.
2519 532 2600 542 —
2639 516 2780 561 aar.
2829 517 2866 562 v
3335 500 3453 562 447

332 676 451 740 vis
475 679 765 761 quinque
794 679 1046 760 praefati
1080 679 1203 742 filii
1226 679 1424 743 David
1457 678 1718 742 fuerunt
1750 699 1859 742 na·
1888 679 1940 741 A
1968 679 2314 744 fornicario
2359 701 2498 745 eam
2542 685 2808 748 accessit
2849 685 3196 749 concubitu
3231 704 3244 748 :
3278 688 3453 769 quod

334 775 391 836 ti
431 777 507 838 in
538 776 815 854 Hebron,
849 786 1195 858 antequam
1231 776 1295 839 in
1327 776 1672 840 Jerusalem
1705 797 1859 860 prae-
1966 787 2109 840 erat‘
2138 778 2459 857 illicitum,
2495 783 3119 866 reprehensioneque
3162 785 3450 865 dignum.

338 874 505 954 ruit,
540 883 755 940 tamen
789 885 1004 940 sextus
1037 876 1299 940 iste'diu
1330 885 1475 960 post
1517 885 1699 940 natus
1736 884 1852 953 est,

339 975 443 1037 ita
497 976 673 1058 quod
723 975 875 1055 Egla
926 995 1037 1038 seu
1097 975 1323 1040 Michol
1376 975 1589 1040 vicina
1647 974 1857 1057 partui

337 1074 693 1138 descendit
737 1074 804 1136 in
846 1073 1121 1150 Hebron,
1155 1074 1531 1157 peperitque
1572 1073 1851 1136 ibidem:

337 1190 503 1254 quae
548 1173 783 1236 solutio
825 1173 892 1234 in
934 1172 1323 1236 Scholastica
1360 1172 1625 1235 historia
1656 1171 1859 1252 tangi-

340 1277 484 1332 tur.
520 1270 807 1352 Denique
853 1269 1189 1352 prael'atum
1234 1269 1447 1332 filium
1488 1269 1713 1332 Michol
1745 1289 1859 1332 seu

338 1367 535 1449 Egla,
568 1367 883 1450 Josephus
936 1368 1226 1432 nominat
1272 1368 1540 1431 Nathan.
1577 1371 1671 1430 Hi
1712 1370 1858 1430 nati

336 1478 511 1528 suni
541 1468 765 1529 David
795 1469 869 1528 in
901 1469 1181 1529 Hebron.

436 1569 661 1635 Quum
690 1585 839 1642 erqo
868 1575 1021 1626 esset
1044 1567 1355 1643 proelium
1396 1567 1567 1626 incer
1594 1569 1857 1627 domum

2052 877 2177 942 Qui
2211 879 2419 938 iratus
2449 880 2648 939 nimis
2660 892 2924 958 propter
2946 884 3134 942 verba
3152 885 3451 954 Isboseth‚

1968 971 2121 1051 quia
2149 972 2652 1057 increpationem
2684 976 2860 1040 illam
2881 978 3066 1042 valde
3094 997 3258 1060 tegre
3284 998 3458 1043 acce-

1968 1069 2083 1149 pit,
2119 1081 2184 1134 et
2222 1073 2286 1133 in
2329 1073 2450 1136 hoc
2495 1075 2766 1137 multum
2811 1077 3120 1158 peccavit,
3154 1097 3354 1160 quum
3386 1078 3452 1140 in

1964 1166 2321 1233 Proverbiis
2351 1172 2659 1254 scriptum
2691 1175 2774 1236 sit
2809 1193 2823 1236 :
2859 1174 2976 1248 Qui
3007 1176 3141 1239 odit
3170 1176 3456 1259 increpa-
3483 1203 3745 1254 Prov.xu.1.

1966 1264 2194 1345 tioneS,
2232 1268 2543 1351 insipiens
2588 1281 2704 1335 est.
2749 1273 2825 1334 Et
2875 1273 3105 1336 iterum
3157 1274 3454 1339 Salomon

1967 1363 2250 1445 loquitur
2285 1385 2299 1429 :
2333 1367 2449 1442 Qui
2495 1369 2836 1452 impatiens
2881 1381 2998 1449 est,
3034 1373 3265 1436 exaltat
3304 1375 3456 1437 stul·
3483 1391 3745 1438 mamas.

1967 1463 2173 1526 titiam
2222 1484 2425 1529 suam.
2474 1468 2756 1550 Itemque
2804 1487 2818 1532 :
2868 1469 2955 1534 Ne
3005 1471 3092 1534 sis
3142 1473 3326 1537 velox
3375 1474 3454 1536 ad
3505 1492 3747 1544 scalea-u,

1968 1560 2392 1643 irascendum,
2417 1567 2572 1647 quia
2598 1566 2693 1630 ira
2725 1567 2791 1629 in
2824 1568 2970 1631 sinu
3001 1570 3179 1633 stulti
3213 1573 3458 1654 requie·
3486 1557 3551 1598 ¹⁰·

341 1667 529 1726 Saul
556 1673 617 1724 ec
646 1667 914 1725 domum
934 1665 1176 1736 David,
1198 1663 1319 1726 hoc
1348 1673 1444 1727 est
1474 1663 1640 1726 inter
1660 1664 1855 1727 David

340 1772 413 1825 et
473 1761 691 1824 filium
746 1762 916 1839 Saul,
954 1765 1170 1824 Abner
1206 1765 1389 1840 filius
1436 1765 1570 1827 Ner
1607 1766 1859 1840 regebat

1966 1661 2340 1725 scitVerum
2350 1673 2556 1727 tamen
2579 1666 2634 1728 si
2654 1667 2918 1730 accessit
2941 1667 3117 1731 illam
3142 1671 3458 1736 matrimo-

1964 1758 2121 1822 niali
2153 1763 2498 1825 concubitu
2519 1784 2594 1828 ex
2626 1764 2792 1828 bona
2822 1766 3198 1846 intentione,
3220 1771 3458 1852 potuis-

339 1865 625 1923 domum
668 1865 861 1932 Saul,
895 1861 1024 1924 imo
1071 1867 1134 1924 et
1178 1860 1389 1942 ipsum
1432 1860 1713 1926 isboseth
1762 1881 1857 1924 re-
1894 1864 1940 1925 B
1968 1866 2063 1921 set
2094 1859 2188 1922 ira
2217 1861 2356 1943 ejus
2387 1862 2766 1926 excusabilis
2798 1884 3124 1946 apparere,
3155 1876 3456 1950 tanquam

340 1977 527 2041 gem,
562 1959 675 2041 qui
706 1967 844 2022 erat
876 1959 1059 2022 deses
1090 1966 1152 2021 et
1184 1959 1476 2040 paviduS,
1511 1959 1722 2022 Abner
1752 1979 1859 2023 ve-

342 2077 423 2122 ro
472 2059 781 2142 prudeuS,
817 2066 1115 2140 expertus
1156 2078 1229 2122 ac
1265 2066 1585 2136 strenuus,
1621 2059 1858 2122 idcirco

346 2158 521 2220 rexit
569 2155 905 2220 familiam.
942 2160 1187 2220 Fuerat
1224 2168 1440 2219 aute-m
1478 2159 1677 2220 Sauli
1713 2178 1858 2218 con-

341 2259 626 2328 cubina,
648 2258 911 2318 nomine
940 2259 1222 2334 limpha,
1242 2259 1389 2333 filia
1415 2259 1575 2328 Aia,
1595 2275 1740 2338 quae
1757 2257 1859 2338 (ut

341 2355 560 2437 aliqui
591 2355 843 2436 dicunt)
871 2354 995 2417 fuit
1025 2355 1309 2435 legitima
1342 2373 1499 2419 uxor
1529 2355 1709 2430 Saul;
1745 2356 1855 2418 sed

344 2453 721 2518 concubina
765 2461 1049 2530 vocatur,
1085 2454 1238 2535 quia
1274 2454 1493 2534 junior
1532 2453 1657 2516 fuit
1700 2471 1859 2517 uxor

346 2553 643 2616 secundo
701 2560 986 2634 accepta,
1052 2551 1396 2633 minusque
1452 2551 1854 2634 principaliS,

348 2659 550 2734 prout
581 2651 649 2713 in
678 2650 908 2714 Genesi
942 2650 1084 2712 duae
1114 2650 1357 2713 ultimae
1386 2669 1609 2713 uxores
1638 2650 1851 2728 Jacob,

350 2750 687 2813 interdum
736 2748 1113 2814 concubinae
1162 2757 1491 2812 vocantur.
1536 2750 1622 2812 De
1663 2748 1858 2811 Abra-

175 2878 269 2920 m,
304 2899 315 2906 .
352 2850 509 2912 ham
562 2866 820 2931 quoque
867 2846 1173 2910 asseritur
1223 2847 1289 2909 in
1338 2846 1565 2910 Genesi
1614 2864 1629 2908 :
1677 2847 1856 2909 Filiis

130 5228 175 5272 ln
186 5234 283 5288 Rev.
294 5249 317 5278 ιι

106 5292 221 5338 22-25.

348 2948 871 3012 concubinarum
914 2945 1179 3024 largitus
1223 2952 1320 3008 est
1364 2964 1678 3010 munera:
1714 2966 1857 3028 quae

1968 1956 2061 2020 ira
2092 1977 2206 2040 per
2234 1959 2622 2042 zelum,quae
2643 1969 2852 2024 tamen
2881 1981 3008 2026 non
3040 1964 3229 2028 debet
3257 1966 3458 2029 nimia

1966 2073 2105 2119 esse
2147 2065 2218 2118 ut
2262 2057 2403 2120 ista.
2437 2061 2554 2120 Ait
2585 2079 2608 2119 .·
2639 2061 2984 2141 Numquid
3029 2075 3222 2141 caput
3271 2068 3456 2126 canis

1964 2174 2074 2232 eqo
2102 2176 2248 2217 sum
2276 2159 2583 2218 adversus
2612 2161 2856 2220 Judam
2895 2162 3082 2222 hodie
3103 2164 3133 2222 ἒ
3163 2181 3237 2226 ac
3270 2163 3325 2225 si
3361 2163 3457 2226 di-

1966 2260 2067 2314 cat
2100 2269 2115 2314 ε
2148 2253 2284 2316 Non
2336 2262 2506 2317 recte
2553 2273 2672 2337 ago
2721 2255 2788 2318 in
2838 2257 2981 2335 hoc,
3027 2261 3199 2340 quod
3251 2259 3456 2324 instar

1964 2353 2141 2414 canis
2173 2351 2357 2429 latro,
2377 2371 2489 2416 seu
2514 2353 3038 2420 irrationabiliter
3059 2357 3287 2438 clamo,
3310 2381 3456 2426 con-

1966 2458 2062 2513 tra
2090 2451 2286 2514 David
2308 2459 2370 2514 et
2389 2451 2528 2533 ejus
2555 2453 3018 2534 promotionem
3050 2458 3128 2520 ad
3160 2476 3450 2540 regnum,

1966 2558 2029 2611 et
2058 2568 2200 2611 sum
2231 2549 2602 2632 capitaneus
2633 2551 2966 2615 hominum
2997 2564 3220 2618 contra
3254 2559 3456 2624 David

1968 2647 2358 2710 latrantium.
2393 2647 2506 2711 Vel
2558 2648 2678 2712 iste
2727 2659 2823 2712 est
2872 2670 3095 2716 sensus
3131 2671 3145 2716 ε
3181 2655 3342 2718 Vilis
3392 2666 3457 2721 et

1966 2746 2414 2809 abominabilis
2447 2745 2656 2810 factus
2689 2768 2828 2811 sum
2861 2749 3056 2812 tribui
3085 2752 3264 2830 Juda,
3283 2755 3458 2818 velut

1965 2853 2156 2928 caput
2203 2846 2438 2908 mortui
2487 2846 2687 2910 canis.
2725 2849 2853 2918 Qui
2896 2851 3163 2926 fecerim
3205 2855 3457 2914 miseri-

1965 2946 2257 3006 cordiam
2286 2964 2479 3021 super
2506 2948 2772 3006 domum
2800 2949 2969 3008 Saul
2991 2952 3205 3026 patris
3240 2939 3366 3021 tui,
3388 2951 3452 3014 id

352 3047 588 3130 utique
616 3053 802 3108 erant
830 3063 1061 3108 uxores
1092 3044 1233 3127 ejus
1264 3043 1585 3124 legitimae.
1622 3044 1742 3108 Sed
1774 3064 1855 3108 an
1891 3045 1935 3108 C
1966 3051 2082 3121 est,
2104 3042 2317 3105 fidelis
2347 3062 2419 3106 ac
2451 3043 2594 3126 pius
2628 3041 2723 3105 fui
2756 3045 3111 3127 posteritati
3141 3056 3206 3112 et
3229 3067 3455 3131 cogna-

346 3146 613 3229 Respha
642 3145 765 3208 hoc
794 3144 982 3208 modo
1004 3151 1267 3207 vocetur
1296 3144 1653 3207 concubina
1681 3144 1851 3223 Saul,

347 3246 677 3308 incertum
708 3243 1025 3306 existimo.
1062 3242 1225 3305 Dicit
1254 3242 1551 3325 equidem
1584 3243 1855 3307 Thomas

348 3360 553 3426 super
592 3349 895 3423 quartum
946 3340 1441 3418 Sententiarum,
1481 3343 1653 3423 quod
1704 3342 1855 3404 dum

350 3442 422 3504 hi
453 3459 624 3523 quos
654 3458 956 3503 excusare
985 3448 1237 3521 oportet
1256 3460 1291 3503 a
1314 3439 1501 3523 culpa
1532 3440 1851 3517 adulterii,

349 3538 755 3603 concubinas
784 3537 1085 3601 habuisse
1115 3539 1437 3615 dicuntur,
1471 3558 1586 3621 per
1626 3558 1858 3603 concu-

350 3636 547 3700 binas
576 3636 1027 3717 intelliguntur
1046 3654 1272 3699 uxores
1302 3635 1604 3718 legitimae
1634 3656 1860 3701 secun-

352 3734 576 3799 dariae.
610 3733 747 3797 Non
797 3741 1011 3796 autem
1059 3741 1310 3815 oportet
1359 3751 1660 3796 excusare
1705 3734 1857 3797 Sau-

350 3833 483 3897 lem
521 3856 537 3908 3
592 3850 712 3895 nec
762 3830 919 3894 alibi
980 3831 1047 3894 in
1099 3830 1429 3913 Scriptura
1488 3831 1857 3895 authentica

350 3931 707 4008 invenitur,
740 3930 912 4013 quod
942 3930 1193 4013 Respha
1224 3928 1420 3992 fuerit
1458 3948 1616 3993 uxor
1654 3930 1851 3993 illius.

348 4035 821 4109 Inyressusque
848 4039 937 4089 esi
967 4033 1057 4090 ad
1083 4050 1226 4089 eam
1244 4030 1483 4090 Abner.
1510 4029 1658 4091 Erat
1676 4030 1857 4112 quip-

352 4148 435 4211 pe
464 4127 741 4211 pulchra
782 4126 989 4201 valde,
1025 4134 1105 4187 ut.
1130 4125 1423 4205 Magister
1465 4128 1530 4188 in
1572 4127 1856 4191 historiis

1970 3143 2047 3205 tis
2076 3150 2270 3224 atque
2303 3141 2669 3205 domesticis
2711 3142 2880 3220 Saul,
2915 3146 3268 3226 praesertim
3309 3149 3452 3228 tibi,

1963 3252 2048 3312 ec,
2081 3260 2197 3323 pro
2248 3240 2313 3302 id
2361 3248 2478 3315 est,
2511 3261 2706 3318 super
2750 3244 2990 3318 fratres
3031 3255 3090 3305 ec
3121 3250 3458 3323 prom-imos

1964 3340 2125 3416 ejus,
2157 3350 2217 3401 ei
2259 3359 2389 3401 non
2437 3340 2689 3401 tradidi
2734 3349 2790 3400 te
2829 3341 2902 3401 in
2943 3363 3173 3405 manus
3209 3349 3452 3409 David.

1965 3438 2101 3501 Non
2146 3446 2358 3501 tamen
2403 3439 2540 3520 ipse
2584 3437 2779 3501 David
2824 3440 3118 3520 quaesivit
3167 3443 3457 3509 occidere

1965 3535 2272 3614 Isboseth‚
2307 3556 2424 3600 nec
2451 3556 2595 3599 eum
2628 3537 2988 3617 occidisset,
3013 3542 3306 3621 quamvis
3338 3551 3458 3607 tra·
3539 3538 3562 3559 ⁶

1966 3635 2135 3697 ditus
2168 3634 2228 3697 ei
2261 3632 2509 3711 fuisset,
2545 3636 2670 3698 nisi
2699 3636 2959 3701 aliunde
2989 3639 3328 3704 meruisset
3357 3660 3458 3706 oc-

1950 3726 2115 3796 cidi.
2164 3736 2250 3795 Et
2299 3743 2370 3793 iu
2417 3736 2748 3813 requisisti
2797 3737 2870 3796 in
2916 3757 3039 3807 me,
3089 3737 3153 3801 id
3206 3748 3331 3817 est,
3387 3741 3456 3805 in

1966 3839 2212 3894 tantum
2271 3830 2532 3911 exegisti
2579 3850 2616 3893 a
2666 3850 2768 3895 me
2815 3851 3073 3897 causam
3133 3835 3448 3902 factorum

1966 3949 2277 4007 meorum,
2320 3932 2490 4010 quod
2531 3950 2833 4008 arqueres
2867 3953 2992 4010 pro
3037 3937 3306 3996 muliere
3347 3940 3458 3999 Ιιο-

1963 4033 2072 4092 die
2092 4033 2123 4091 ἒ
2152 4028 2218 4092 id
2247 4037 2344 4091 est
2373 4029 2735 4111 increpares
2767 4048 2890 4109 me,
2916 4048 2992 4094 eo
3025 4034 3194 4113 quod
3231 4035 3457 4099 mulie-

1966 4147 2100 4192 rem
2150 4126 2549 4205 accesserim,
2595 4145 2794 4208 quum
2847 4147 2976 4192 non
3021 4130 3310 4194 videatur
3355 4152 3455 4197 res

352 4226 605 4290 scribit.
626 4227 945 4305 Dimicque
962 4227 1238 4285 Isboseth
1270 4228 1359 4285 ad
1378 4228 1627 4287 Abner:
1647 4230 1858 4295 Quare
1887 4231 1936 4293 D
1968 4226 2180 4307 magni
2204 4225 2529 4303 momenti,
2545 4226 2715 4307 quod
2739 4225 3039 4309 princeps
3061 4229 3307 4295 militiae
3327 4252 3462 4295 mu-

354 4328 689 4403 inqressus
728 4344 792 4384 es
832 4326 921 4384 ad
963 4325 1381 4385 concubinam
1419 4326 1636 4402 patris
1682 4328 1859 4386 mei?

353 4423 542 4504 qnasi
572 4422 746 4485 dicat
771 4438 786 4483 ε
812 4422 878 4483 ln
910 4420 1031 4483 hoc
1058 4420 1262 4484 fecisti
1295 4422 1713 4503 opprobrium
1745 4424 1860 4486 mi-

356 4521 447 4583 hi.
484 4520 721 4583 Dicunt
766 4528 981 4582 autem
1029 4519 1346 4597 nonnulli,
1391 4520 1561 4601 quod
1612 4522 1860 4603 accepit

357 4638 501 4682 eam
546 4636 836 4694 uxorem,
873 4616 1093 4698 sicque
1132 4616 1588 4680 matrimoniali
1627 4638 1860 4683 concu-

359 4720 503 4783 bitu
534 4720 617 4781 ad
646 4737 787 4781 eam
821 4717 1145 4796 ingressus
1177 4716 1281 4793 sit,
1316 4724 1379 4779 et
1416 4718 1659 4780 addunt
1688 4720 1858 4799 quod

360 4819 509 4883 ideo
543 4818 697 4881 lecit
725 4816 868 4892 hoc,
890 4822 958 4876 ut
990 4813 1167 4895 prole
1198 4832 1273 4877 ex
1305 4834 1379 4878 ea
1409 4826 1724 4898 suscepta,
1748 4837 1860 4899 per

358 4914 755 5000 adjutorium
818 4911 1023 4975 tribus
1074 4913 1153 4974 de
1202 4933 1329 4994 qua
1382 4914 1505 4976 fuit
1562 4914 1855 4993 oriunda,

360 5022 705 5097 usurparet
734 5011 859 5074 sibi
891 5029 1159 5093 regnum
1198 5029 1211 5073 :
1248 5011 1391 5075 ideo
1436 5011 1717 5077 Isboseth
1764 5014 1861 5075 in-

363 5116 665 5196 dignatus
716 5119 812 5175 est
854 5110 937 5187 ei,
972 5112 1509 5191 quemadmodum
1562 5112 1859 5175 Salomon

323 5212 649 5287 ,Adoniae,
670 5218 743 5272 ut
773 5208 943 5271 infra
976 5208 1139 5272 libro
1174 5210 1359 5272 tertio
1390 5209 1714 5273 scribitur.
1734 5210 1858 5272 Alii

362 5312 610 5387 dicunt,
644 5308 820 5390 quod
864 5324 995 5370 non
1032 5306 1213 5369 duxit
1250 5326 1389 5371 eam
1429 5326 1713 5385 uxorem,
1748 5310 1860 5372 sed

1967 4326 2190 4389 lierem
2222 4324 2346 4388 sibi
2377 4324 2732 4407 placentem
2763 4326 3110 4405 cognoscit.
3131 4328 3456 4412 Tanquam

1966 4424 2175 4487 dicat:
2201 4424 2318 4486 Tot
2347 4430 2410 4486 et
2441 4430 2614 4485 tanta
2646 4421 2768 4486 feci
2802 4442 2919 4505 pro
2951 4433 3034 4502 te,
3058 4428 3228 4507 quod
3259 4428 3459 4493 debu-

1968 4522 2125 4585 isses
2162 4521 2331 4584 istud
2365 4519 2824 4585 dissimulasse.
2861 4526 3018 4585 Hoec
3044 4525 3251 4601 faeiat
3283 4530 3454 4590 Deus

1968 4624 2210 4691 Abner,
2240 4630 2298 4681 et
2340 4622 2474 4681 hoec
2509 4622 2711 4681 addat
2748 4623 2832 4693 ei,
2867 4621 2934 4684 id
2976 4630 3092 4699 est,
3131 4623 3222 4687 sic
3261 4632 3324 4687 et
3365 4626 3457 4690 sic

1971 4719 2196 4801 puniat
2235 4736 2358 4794 me,
2392 4729 2455 4781 et
2492 4716 2837 4782 afflictioni
2877 4738 3034 4783 meae
3062 4722 3252 4784 addat
3283 4722 3459 4787 affli-

1969 4818 2270 4891 ctionem,
2305 4818 2439 4876 m'si
2480 4820 2791 4895 quomodo
2825 4817 3092 4894 juravit
3137 4822 3457 4883 Dominus

1966 4917 2212 4985 David,
2241 4916 2336 4974 sie
2361 4915 2608 4989 faciam
2635 4934 2783 4975 cum
2813 4934 2906 4985 60,
2932 4914 2995 4975 id
3027 4924 3143 4993 est,
3171 4917 3296 4979 nisi
3329 4927 3457 4982 stu-

1967 5014 2164 5076 duero
2196 5010 2545 5092 adimplere
2565 5011 2737 5091 quod
2768 5012 2929 5074 Deus
2963 5032 3108 5076 cum
3139 5015 3457 5096 juramen-

1971 5120 2034 5175 to
2078 5109 2372 5193 promisit
2418 5107 2538 5189 ipsi
2582 5107 2801 5184 David,
2839 5114 3268 5190 promovendo
3309 5135 3453 5179 eum

1969 5211 2045 5273 ad
2078 5227 2365 5289 regnum,
2385 5216 2458 5267 ut
2491 5208 2930 5283 transferatur
2949 5229 3247 5286 reynum,
3262 5213 3327 5276 id
3359 5223 3457 5277 est

1970 5308 2179 5389 regius
2226 5304 2644 5387 principatuS,
2678 5308 2758 5366 de
2785 5308 2997 5376 domo,
3027 5305 3092 5369 id
3137 5319 3233 5373 est
3276 5313 3457 5377 sobo-
