4359 6250
103 1397 252 1440 exod.
271 1412 342 1448 am,

107 1479 114 1485 ·
134 1476 244 1507 uix.
267 1464 339 1503 41.

114 3185 166 3227 It.
183 3200 208 3226 x

125 4170 136 4211 Ι
153 4171 260 4213 Par.
278 4186 363 4223 xxi,

111 4236 170 4277 Η.

867 521 1218 568 ΕΝΑΒΒΑΤῙΟ
1262 522 1322 566 IN
1365 522 1502 567 CAP.
1550 521 1696 567 xxiv
1739 520 1908 566 unm·
1941 521 2192 566 SECUNDI
2234 519 2457 567 REGUH.
2502 541 2583 550 —
2621 522 2764 567 ΛΒΤ.
2810 523 2977 569 XXXV

3350 507 3471 570 575

364 712 456 756 ne
484 692 664 757 venit
693 693 774 755 ad
809 693 1040 769 David;
1083 693 1226 757 ideo
1266 712 1380 776 per
1425 701 1674 774 tempus
1722 710 1874 755 con-
1901 691 1951 754 A
1979 713 2124 752 sum
2170 694 2287 772 qui
2324 696 2613 770 peceavi,
2652 704 2713 755 et
2752 715 2863 772 eqo
2908 697 3135 776 inique
3180 698 3302 773 eyi.
3346 697 3470 758 Isti

365 792 672 853 stitutum
709 791 1019 873 Iosephus
1062 791 1374 854 intellexit
1421 790 1672 872 prandii
1721 797 1876 852 tem-

367 908 520 970 puS,
542 889 631 951 ita
651 891 824 971 quod
856 890 1056 971 pestis
1079 907 1206 952 non
1239 889 1493 952 duravit
1519 889 1642 950 nisi
1676 906 1876 968 usque

369 989 600 1051 horam
645 988 902 1070 prandii
945 988 1168 1070 primae
1207 988 1335 1052 diei
1374 1005 1387 1049 τ
1424 989 1529 1050 sed
1573 987 1876 1069 quoniam

371 1095 632 1170 tempus
665 1087 919 1168 prandii
963 1106 1091 1149 non
1133 1096 1396 1150 vocatur
1435 1087 1502 1149 in
1542 1086 1680 1167 lege
1725 1093 1878 1148 tem-

375 1205 504 1266 pus
553 1186 1000 1262 constitutum,
1045 1205 1156 1249 seu
1205 1185 1544 1248 sacrificiis
1592 1193 1656 1247 et
1703 1182 1879 1246 holo-

376 1283 621 1346 caustis
663 1282 1024 1365 praefixum,
1071 1285 1180 1347 sed
1227 1285 1439 1366 potius
1487 1293 1734 1364 tempus
1780 1301 1880 1344 ve-

377 1384 766 1466 spertinum,
813 1383 880 1447 in
926 1402 1054 1464 quo
1095 1392 1159 1446 et
1202 1401 1403 1463 agnus
1444 1381 1782 1464 paschaliS‚
1819 1388 1880 1442 et

372 1484 532 1565 juge
575 1481 972 1546 sacrificium
1011 1481 1471 1558 offerebantur,
1502 1489 1570 1543 ut
1610 1487 1782 1563 patet
1812 1479 1878 1540 in

376 1581 634 1654 Exod03
680 1580 825 1643 ideo
855 1598 969 1663 per
1000 1588 1252 1661 tempus
1291 1579 1732 1654 constitutum,
1768 1576 1878 1640 alii

377 1679 609 1742 dicunt
638 1688 889 1761 tempus
921 1678 1226 1742 sacrificii
1261 1677 1610 1760 vespertini
1645 1676 1882 1740 intelli-

375 1779 689 1858 gendum.
733 1778 1025 1842 Attamen
1065 1778 1299 1860 exponi
1341 1772 1548 1860 potest
1582 1778 1662 1840 de
1694 1775 1881 1839 tertio

1979 793 2095 870 qui
2125 811 2265 851 oves
2294 792 2605 862 sunt,hoc
2638 801 2733 856 est
2764 793 3001 856 subditi
3036 793 3193 856 mihi
3228 794 3463 877 pastori

1983 896 2044 950 et
2075 888 2232 969 regi,
2258 898 2327 950 ut
2354 907 2525 968 grex,
2551 893 2713 971 quid
2742 895 3085 972 fecerunt?
3114 893 3204 954 Ex
3232 894 3352 956 hoc
3384 891 3473 956 vi-

1983 989 2166 1050 detur
2187 988 2382 1052 David
2411 988 2971 1072 insinuasse,quod
2996 991 3270 1074 populus
3295 1012 3469 1068 suuS,

1985 1087 2179 1149 etiam
2218 1086 2329 1150 ille
2359 1087 2471 1168 qui
2507 1087 2628 1149 fuit
2667 1107 3027 1170 percussuS,
3066 1108 3192 1152 non
3238 1089 3363 1152 fuit
3405 1090 3473 1152 in

1983 1183 2206 1266 populi
2252 1186 2690 1250 numeratione
2730 1187 3096 1268 culpabilis.
3131 1188 3324 1268 Cujus
3367 1207 3476 1271 op-

1987 1284 2265 1365 positum
2318 1294 2582 1367 apparet
2633 1305 2707 1349 ex
2756 1287 2967 1365 dictis,
3020 1295 3083 1350 et
3133 1306 3211 1350 ex
3260 1288 3475 1354 verbis

1985 1381 2268 1462 Gregorii
2300 1383 2701 1465 aliorumque.
2742 1384 3117 1463 dicentium,
3151 1387 3319 1468 quod
3368 1388 3479 1451 Do-

1987 1481 2201 1544 minus
2233 1482 2523 1564 permisit
2563 1484 2771 1566 ipsum
2811 1485 3004 1548 David
3037 1485 3115 1548 ad
3146 1495 3476 1567 peccatum

1990 1581 2147 1643 illud
2170 1600 2485 1659 corruere,
2501 1591 2759 1665 propter
2778 1584 3085 1648 demerita
3105 1585 3311 1667 plebis
3333 1604 3480 1648 suoe.

1990 1681 2080 1742 Ad
2112 1681 2284 1762 quod
2317 1681 2444 1743 dici
2476 1690 2704 1763 potest,
2740 1684 2913 1763 quod
2945 1683 3138 1748 David
3171 1686 3293 1750 hoc
3327 1693 3480 1748 tunc

1993 1777 2261 1842 forsitan
2308 1780 2646 1861 ignoravit.
2682 1781 2793 1844 Vel
2842 1781 2984 1845 ideo
3027 1784 3336 1866 populum
3377 1804 3481 1847 ex-

377 1880 510 1954 die,
569 1887 761 1959 prout
812 1877 1024 1940 littera
1073 1896 1299 1941 sonare.
1353 1877 1625 1952 videtur,
1679 1884 1750 1938 ut
1799 1875 1882 1937 sit
1916 1877 1962 1940 B
1990 1877 2258 1954 cusavit,
2292 1879 2444 1959 quia
2475 1879 2611 1961 ipse
2642 1879 3004 1943 immediate
3039 1881 3161 1943 fuit
3198 1881 3481 1964 culpabi-

378 1997 613 2042 sensus
641 1995 654 2038 :
680 1976 846 2040 Misit
875 1977 1179 2040 Dominus
1209 1976 1638 2059 pestilentiam
1680 1993 1884 2055 usque

377 2079 462 2142 ad
498 2085 750 2159 tempus
781 2077 1221 2152 constitutum,
1257 2075 1323 2138 id
1367 2085 1484 2152 est,
1519 2084 1589 2138 ut
1628 2076 1885 2138 duraret

379 2196 594 2259 usque
623 2177 703 2238 ad
737 2177 996 2239 tertium
1031 2177 1200 2239 diem
1233 2176 1879 2260 praedeterminatum,

383 2275 514 2338 nisi
561 2275 760 2340 David
811 2285 870 2338 et
921 2276 1204 2339 seniores
1255 2294 1368 2338 sua
1416 2274 1878 2350 humiliatione,

381 2374 678 2438 oratione
709 2384 772 2437 et
803 2374 1182 2456 poenitentia
1220 2373 1652 2436 obtinuissent
1681 2372 1885 2454 plagae

379 2472 958 2536 abbreviationem.
981 2472 1099 2536 Sed
1133 2473 1186 2534 si
1217 2472 1634 2535 constitutum
1662 2471 1785 2533 l'uit
1817 2479 1886 2532 ut

381 2573 651 2635 duraret
679 2591 794 2654 per
829 2572 1132 2648 triduum,
1153 2572 1472 2653 quomodo
1502 2579 1750 2653 poterat
1779 2568 1888 2631 ali-

385 2681 485 2734 ter
518 2670 715 2736 fieri?
745 2671 1207 2754 Respondetur‚
1238 2672 1412 2753 quod
1441 2668 1886 2733 determinatio

386 2769 503 2833 illa
535 2768 731 2832 tridui
764 2767 889 2831 fuit
918 2768 1399 2832 comminatorie
1433 2767 1882 2850 praenuntiata,

385 2879 454 2932 et
492 2888 642 2932 cum
681 2869 858 2932 omni
899 2868 1264 2931 conditione
1305 2867 1617 2950 implicita
1656 2865 1890 2929 intelli-

385 2968 623 3048 genda,
641 2966 940 3030 videlicet
971 2966 1101 3028 nisi
1129 2967 1501 3048 poenitendo
1527 2965 1770 3047 aliquid
1804 2983 1891 3026 re-

1991 1975 2069 2038 lis
2104 1977 2168 2037 in
2208 1977 2501 2054 elatione,
2539 1987 2601 2041 et
2642 1979 2861 2061 populi
2910 1980 3378 2056 numeratione,
3416 1989 3480 2044 et

1991 2075 2491 2154 transgressione
2522 2077 2821 2158 praecepti
2856 2077 2933 2140 de
2969 2078 3179 2141 dando
3210 2078 3478 2143 dimidio

1991 2172 2148 2236 siclo
2180 2192 2295 2255 pro
2326 2174 2615 2254 quolibet
2648 2184 3001 2238 numerato.
3028 2179 3351 2247 Vertatur,
3380 2180 3483 2238 ob—

1989 2292 2181 2343 sem-0,
2217 2293 2450 2334 manus
2482 2284 2595 2336 tua
2621 2284 2845 2335 eontra
2876 2296 2999 2344 me,
3028 2285 3087 2336 et
3120 2287 3345 2338 contra
3374 2279 3483 2338 do-

1993 2391 2174 2431 mum
2195 2373 2410 2449 patris
2441 2373 2592 2441 mei,
2624 2372 2686 2434 id
2728 2380 2823 2434 est
2863 2373 2928 2434 in
2970 2373 3356 2438 domesticos
3391 2383 3485 2438 at-

1993 2487 2120 2550 que
2139 2477 2439 2548 cognatos
2464 2489 2639 2533 meos
2666 2489 2915 2533 mecum
2936 2471 3303 2552 culpabiles,
3320 2473 3479 2536 Ecce

1995 2567 2191 2629 verba
2221 2565 2587 2630 fidelissimi
2624 2569 2810 2648 regiS,
2850 2588 2919 2632 se
2962 2569 3172 2652 ipsum
3214 2589 3331 2653 pro
3370 2590 3485 2634 suo

1996 2665 2230 2747 populo
2250 2667 2524 2730 eruendo
2549 2668 2923 2750 exponentis
2944 2669 3301 2733 discrimini
3325 2687 3488 2732 mor-

1997 2765 2079 2827 tis
2125 2784 2138 2828 :
2189 2767 2253 2829 in
2304 2786 2432 2849 quo
2482 2767 2889 2830 declarantur
2938 2769 3167 2832 caritas
3218 2770 3358 2851 ejus
3406 2772 3485 2833 ad

1999 2863 2288 2928 subditos
2332 2884 2501 2942 su05,
2536 2875 2601 2928 et
2638 2865 2809 2929 zelus
2851 2866 3115 2947 justitiae
3152 2877 3372 2932 contra
3418 2887 3486 2931 se

1999 2961 2210 3047 ipsum
2242 2983 2313 3026 ac
2345 2983 2515 3042 suoS‚
2537 2965 2899 3028 humillima
2918 2985 3173 3048 quoque
3204 2967 3489 3048 recogni-

389 3065 724 3130 missionis
743 3084 818 3129 ac
839 3063 1042 3129 veniae
1067 3073 1480 3143 mererentur,
1497 3065 1677 3146 Juxta
1697 3081 1886 3145 quem
1923 3063 1967 3128 C
2004 3062 2091 3126 tio
2141 3082 2271 3127 suae
2318 3062 2544 3145 culpae,
2592 3072 2654 3127 et
2703 3064 3131 3147 praecordialis
3181 3066 3488 3131 contritio

211 3198 359 3235 mm,
390 3167 658 3230 modum
697 3165 942 3227 dictum
971 3174 1068 3227 est
1098 3164 1380 3227 Ezechiae
1414 3183 1428 3227 ε
1466 3163 1741 3245 Dispone
1785 3163 1892 3226 do-

391 3264 534 3327 mui
565 3274 706 3341 tuae,
727 3264 882 3346 quia
911 3263 1204 3326 morieris
1238 3271 1403 3339 tu‚et
1435 3281 1561 3325 non
1593 3262 1787 3326 vives
1808 3264 1892 3323 Et

393 3365 643 3425 mortui
678 3372 832 3423 sunt
869 3366 950 3422 de
979 3366 1222 3441 populo
1253 3384 1294 3423 a
1323 3365 1472 3423 Dan
1515 3382 1709 3441 usque
1739 3364 1894 3423 Ber-

387 3466 574 3524 sabee
619 3464 1034 3539 septuayinta
1077 3463 1294 3521 millia
1340 3463 1654 3522 virorum.
1705 3459 1894 3541 Magi-

391 3570 525 3625 ster
556 3561 624 3623 in
655 3560 943 3623 historiis
973 3560 1144 3623 circa
1175 3560 1294 3622 hoc
1325 3559 1586 3621 scribit:
1617 3560 1682 3621 ln
1715 3558 1893 3621 Para-

393 3660 770 3742 lipomenon
803 3658 1050 3739 legitur,
1069 3658 1222 3721 Fere
1255 3667 1534 3721 trecenta
1566 3657 1800 3735 millia3
1831 3665 1893 3719 et

391 3758 578 3821 aiunt
601 3756 869 3833 Hebraei,
897 3756 986 3819 ibi
1010 3757 1291 3839 positum
1323 3774 1658 3819 numerum
1683 3754 1890 3837 plebis

395 3856 740 3933 defunctae,
782 3855 888 3918 hio
925 3862 1138 3918 autem
1189 3874 1525 3917 numerum
1574 3853 1890 3917 nobilium

393 3964 578 4038 peste
617 3954 736 4017 hac
777 3954 1664 4040 mortuorum.Verumtamen
1709 3952 1773 4013 in
1820 3952 1894 4013 li-

396 4055 532 4117 bris
551 4072 716 4135 quos
739 4052 892 4129 vidi,
913 4052 1106 4115 etiam
1141 4060 1346 4114 textus
1367 4051 1893 4134 Paralipomenon

396 4154 464 4216 in
499 4153 713 4236 primo
744 4151 910 4214 libro
939 4151 1131 4214 habet
1161 4151 1566 4233 septuaginta
1596 4150 1820 4213 millia.

481 4256 822 4331 Quumque
850 4252 1236 4311 extendisset
1271 4270 1538 4311 manum
1567 4270 1754 4310 suam
1786 4271 1896 4311 an·
1925 4253 1972 4314 D

387 4356 578 4430 yelus
610 4351 882 4411 Domini
909 4370 1102 4427 super
1128 4352 1511 4418 Jerusalem,
1544 4359 1614 4409 ut
1653 4350 1896 4426 disper-

393 4455 574 4511 deret
603 4470 770 4519 eam,
797 4448 860 4509 id
893 4456 1011 4524 est,
1036 4447 1287 4529 aliquos
1316 4447 1396 4509 de.
1427 4446 1893 4509 habitatoribus

396 4549 538 4630 ejus
584 4554 764 4628 peste
806 4544 1126 4608 occideret
1162 4563 1175 4605 :
1211 4544 1381 4607 unde
1411 4544 1685 4621 elicitur,
1721 4545 1891 4626 quod

393 4645 760 4707 ministerio
801 4643 1014 4724 angeli
1057 4642 1210 4705 boni
1239 4642 1422 4705 -l'acta
1467 4643 1550 4705 sit
1598 4643 1709 4705 illa
1756 4661 1896 4724 per-

395 4742 650 4816 cussi03
695 4744 995 4802 misertus
1034 4751 1124 4801 est
1161 4743 1479 4801 Dominus
1507 4762 1701 4818 super
1730 4744 1896 4818 affli-

395 4844 704 4911 ctionem,
737 4850 796 4900 et
845 4842 943 4900 ait
991 4843 1216 4915 anyelo
1255 4840 1654 4915 percutienti
1695 4859 1895 4916 popu-

395 4941 852 5015 lum:8ufficit
881 4940 1352 5007 nunc,eontine
1381 4959 1654 4999 manum
1688 4948 1890 5000 tuam.

395 5040 568 5101 Erat
600 5048 818 5098 autem
847 5040 1114 5113 anyelus
1145 5038 1416 5097 Domini
1430 5037 1640 5114 juoeta
1676 5056 1896 5098 aream

395 5140 687 5199 Areunoe
713 5137 1008 5197 Jebusoei.

497 5236 814 5314 Dixitque
863 5236 1081 5295 David
1131 5236 1218 5294 ad
1262 5234 1644 5303 Dominum,
1694 5253 1898 5313 quum

401 5337 670 5396 vidisset
701 5336 1006 5410 anyelum
1024 5335 1366 5393 coedentem
1387 5336 1702 5409 populum
1722 5334 1896 5423 :Eyo

2001 3182 2134 3225 sua.
2169 3162 2497 3245 Siquidem
2529 3164 2596 3225 in
2627 3162 2791 3227 libro
2819 3164 3345 3248 Paralipomenon
3382 3167 3490 3229 ad-

1998 3262 2191 3338 ditur,
2226 3264 2398 3344 quod
2427 3281 2627 3344 quum
2658 3263 2856 3327 David
2889 3264 3155 3327 vidisset
3189 3266 3488 3347 angelum
3521 3285 3781 3391 'gear-mx..

1999 3366 2269 3422 stantem
2302 3360 2470 3423 inter
2499 3361 2734 3423 coelum
2773 3370 2837 3425 et
2878 3371 3131 3439 terram,
3168 3373 3231 3426 et
3272 3364 3487 3444 evagi-

2001 3468 2219 3522 natum
2260 3459 2543 3539 gladium
2588 3460 2654 3521 in
2699 3479 2892 3522 manu
2932 3462 3093 3541 ejuS,
3130 3471 3193 3525 et
3233 3482 3487 3533 versum

1995 3566 2215 3621 contra
2232 3557 2586 3634 Jerusalem,
2601 3558 2969 3621 ceciderunt
2992 3567 3117 3621 tam
3139 3559 3276 3641 ipse
3300 3580 3487 3643 quam

1998 3658 2271 3737 majores
2316 3665 2490 3732 natu,
2524 3656 2737 3719 vestiti
2777 3655 3007 3719 ciliciis
3042 3659 3229 3739 proni
3265 3658 3331 3721 in
3364 3669 3489 3723 ter-

2000 3774 2157 3831 ram,
2186 3763 2249 3817 et
2278 3762 2428 3816 tunc
2460 3754 2723 3835 angelus
2754 3754 2943 3835 jussit
2972 3754 3101 3817 Gad
3134 3757 3483 3840 prophetae,
3559 3780 3667 3823 ιῡειι,
3690 3782 3755 3823 18.

2001 3862 2070 3915 ut
2114 3853 2353 3916 diceret
2400 3853 2594 3915 David
2642 3853 2795 3933 regi,
2830 3862 3147 3933 quatenus
3190 3858 3489 3920 aseende—

2004 3962 2118 4029 ret,
2154 3960 2218 4014 et
2264 3960 2612 4015 exstrueret
2660 3951 2859 4014 altare
2908 3952 3177 4015 Domino
3227 3954 3292 4017 in
3342 3974 3488 4019 area

2000 4048 2211 4112 Ornan
2238 4048 2545 4123 Jebusaei3
2581 4056 2861 4131 tuncque
2902 4058 2971 4112 ut
3002 4049 3233 4130 legitur
3274 4052 3379 4115 hic
3424 4053 3488 4114 in

2002 4156 2199 4210 textu.

2101 4248 2285 4307 Venit
2310 4256 2523 4307 autem
2553 4249 2695 4307 Gad
2719 4250 3031 4325 propheta
3063 4251 3151 4308 ad
3168 4250 3389 4309 David
3418 4250 3491 4310 in

2001 4347 2110 4404 (cie
2132 4348 2351 4414 illa,et
2379 4346 2557 4405 dimit
2586 4346 2649 4403 ei
2670 4365 2691 4404 .·
2712 4349 3023 4415 Ascende,
3042 4356 3103 4407 et
3132 4358 3426 4409 construe
3440 4348 3489 4419 *,
3538 4370 3788 4415 ‘constitue

2002 4463 2116 4526 per
2146 4463 2404 4506 manum
2440 4462 2767 4507 servorum
2811 4452 3086 4521 tuorum,
3122 4450 3330 4507 attare
3368 4449 3493 4507 Do—

2003 4545 2181 4603 mino
2212 4544 2283 4603 in
2312 4562 2466 4602 area
2486 4544 2769 4603 Areunoe
2789 4544 3082 4604 Jebusoei.
3103 4542 3243 4620 Qui,
3265 4552 3333 4606 ut
3359 4544 3493 4625 jam

2005 4640 2230 4721 patuit,
2282 4639 2348 4701 in
2396 4639 2921 4721 Paralipomenon
2972 4640 3210 4703 dicitur
3255 4641 3487 4720 Ornan,

1999 4747 2065 4801 et
2107 4738 2267 4801 vidit
2306 4758 2448 4801 cum
2493 4747 2767 4819 quatuor
2814 4738 2971 4801 filiis
3015 4740 3149 4801 suis
3190 4741 3489 4823 angelum
3552 4764 3785 4818 manns,

2005 4837 2149 4913 Dei3
2193 4845 2383 4919 atque
2414 4856 2491 4899 ex
2522 4838 2749 4901 timore
2782 4846 2908 4900 tam
2952 4838 3087 4920 ipse
3126 4859 3316 4921 quam
3367 4838 3493 4902 filii
3524 4832 3591 4871 ²⁰·

2005 4934 2105 4997 sui
2145 4954 2213 4997 se
2252 4935 2743 4998 absconderunt.
2788 4935 2932 4997 Fuit
2974 4945 3184 4999 autem
3238 4938 3495 5002 natione

2004 5032 2271 5097 Gentilis
2306 5052 2378 5096 ac
2408 5032 2752 5109 JebusaeuS,
2787 5035 2897 5096 sed
2937 5053 3085 5097 cum
3126 5036 3342 5099 sobole
3382 5056 3497 5099 sua

2006 5141 2138 5195 erat
2169 5132 2247 5194 ad
2275 5132 2668 5193 Iudaismum
2702 5150 3070 5196 conversus.
3095 5137 3176 5195 Et
3208 5137 3495 5195 aseendit

2007 5236 2107 5293 Da
2118 5233 2226 5291 vid
2240 5232 2448 5309 juxta
2476 5250 2827 5290 sermonem
2852 5234 3017 5302 Gad,
3048 5253 3235 5309 quem
3258 5254 3497 5311 proeee-

2003 5339 2187 5407 perat
2216 5330 2278 5387 ei
2300 5330 2634 5389 Dominus.
2659 5330 3186 5411 Conspieiensque
3205 5335 3493 5402 Areuna,
