4359 6250
1005 500 1351 550 manuue
1393 501 1456 547 IN
1497 502 1634 548 cAP.
1679 502 1748 547 111
1787 500 1947 547 unm
1985 500 2185 547 TERTu
2224 500 2449 547 REGUH.
2493 503 2573 529 —‘
2613 500 2755 547 Am.
2800 502 2841 545 V

3346 480 3460 545 601

355 674 580 756 prima
614 693 758 757 pars
792 672 1148 757 prudentiae
1177 680 1273 735 est
1302 671 1630 747 docilitas3
1664 679 1726 733 et
1755 671 1867 734 sic·
1896 671 1947 731 A
1977 678 2169 753 atque
2202 670 2548 753 politicam,
2573 690 2701 752 qua
2730 670 2892 751 regit
2920 669 3465 733 communitatem.

354 782 434 834 ut
469 774 664 837 homo
699 792 814 855 per
845 771 1114 836 virtutes
1153 770 1425 833 morales
1458 768 1743 832 efficitur
1773 769 1868 830 di-

355 871 648 951 rigibilis
701 890 738 933 a
791 869 1058 945 ratione,
1109 869 1194 931 ita
1245 886 1358 950 per
1407 876 1649 951 septem
1699 868 1865 931 dona

354 970 648 1051 Spiritus
671 970 883 1033 Sancti
918 968 997 1031 fit
1027 966 1372 1047 dirigibilis
1403 967 1482 1030 ab
1516 966 1656 1049 ipso
1678 967 1867 1049 Spiri-

352 1079 428 1131 tu
473 1070 825 1132 adorando.
875 1072 948 1129 Ut
971 1070 1172 1145 possit
1203 1069 1517 1145 judicare
1547 1071 1862 1143 populum

353 1180 556 1230 tuum
605 1190 628 1229 .·
677 1168 831 1250 quia
877 1168 1186 1249 judicare,
1239 1174 1336 1229 est
1384 1174 1561 1229 aetus
1613 1164 1866 1228 elicitus

352 1268 748 1349 prudentiae,
775 1266 1068 1349 quamvis
1103 1266 1187 1327 sit
1215 1272 1392 1327 aetus
1422 1264 1708 1346 justitiae,
1736 1272 1868 1326 tan-

351 1384 560 1447 quam
605 1364 976 1428 inclinantis
1021 1372 1084 1427 et
1127 1362 1544 1426 idoneizantis
1582 1364 1659 1424 ad
1703 1361 1869 1443 judi-

354 1464 670 1541 candum,
687 1483 760 1527 ac
791 1462 1192 1546 perficientis
1215 1462 1427 1543 ipsum
1446 1459 1783 1543 judicium,
1799 1469 1870 1523 ut

355 1562 449 1623 sit
494 1570 785 1637 rectum3
826 1574 886 1623 et
928 1564 1291 1623 discernere
1327 1562 1498 1621 inter
1538 1562 1769 1621 bonum
1810 1570 1870 1621 et

357 1667 646 1723 malum.
687 1664 846 1731 Quis
891 1664 1069 1722 enim
1103 1670 1308 1738 potest
1331 1661 1645 1738 judicare
1668 1679 1870 1737 popu-

357 1764 508 1820 lum
531 1764 757 1833 istum,
775 1764 1096 1837 populum
1125 1769 1310 1820 tuum
1341 1762 1515 1819 hunc
1545 1761 1868 1818 multum?

1977 775 2108 835 Nee
2121 781 2264 848 post
2283 782 2339 831 ce
2358 780 2766 831 surrecturus
2782 772 2868 831 sic
2888 770 3119 851 aliquis
3141 768 3256 831 tibi
3280 787 3469 849 aequa·

1976 869 2056 932 lis
2079 869 2146 932 in
2171 868 2505 952 sapientia,
2528 868 2864 952 prudentia
2893 878 2955 933 et
2986 868 3255 932 seientia
3276 867 3465 930 simul

1975 969 2281 1051 acceptis.

2055 1068 2361 1142 Quocirca
2390 1066 2821 1130 dubitationes
2853 1074 3215 1143 occurrunt,
3235 1086 3316 1128 an
3348 1066 3469 1128 sei-

1976 1167 2126 1230 licet
2165 1167 2232 1229 in
2272 1166 2372 1229 his
2411 1166 2752 1229 excesserit
2794 1166 3066 1249 Moysen,
3108 1166 3219 1247 qui
3264 1164 3471 1248 quoti-

1976 1266 2081 1329 die
2120 1265 2499 1347 loquebatur
2538 1284 2682 1328 cum
2720 1267 2845 1328 Deo
2886 1264 3050 1327 facie
3089 1265 3166 1327 ad
3212 1263 3464 1340 faciem,
3562 1286 3708 1331 ema.

1977 1365 2088 1446 qui
2113 1364 2366 1427 videtur
2398 1363 2593 1427 fuisse
2621 1364 2823 1445 magis
2856 1362 3253 1425 illuminatus
3276 1382 3467 1444 quam
3496 1352 3759 1465 ’Νᾚζζῃίἶὸζ

1979 1462 2299 1527 Salomon.
2339 1463 2415 1525 Et
2453 1463 2531 1525 de
2571 1463 2768 1525 Adam
2812 1468 3095 1543 apparet,
3130 1462 3301 1543 quod
3346 1460 3472 1522 fuit

1978 1570 2227 1624 creatus
2279 1561 2343 1623 in
2403 1561 2629 1642 majori
2686 1560 3023 1643 sapientia,
3078 1558 3345 1623 scientia
3395 1578 3469 1623 ac

1979 1660 2341 1743 prudentia,
2374 1658 2485 1741 qui
2531 1667 2595 1721 et
2639 1658 3028 1721 naturalium
3068 1677 3279 1721 rerum
3326 1677 3472 1740 pro-

1979 1758 2305 1840 prietateS,
2340 1765 2595 1820 naturas
2636 1766 2698 1819 et
2737 1757 2983 1839 species
3015 1756 3312 1837 cognovit
3343 1765 3467 1820 tam

355 1858 551 1940 quasi
581 1858 773 1932 dicat,
798 1858 994 1920 Nemo
1026 1858 1166 1919 sine
1197 1856 1514 1938 adjutorio
1547 1864 1762 1933 tu0‚et
1793 1856 1869 1917 si·
1907 1857 1951 1919 B
1980 1858 2267 1939 limpide,
2303 1858 2474 1939 quod
2508 1856 2662 1920 visis
2695 1856 2990 1936 singuliS‚
3025 1874 3169 1919 mox
3202 1873 3471 1935 congru-
3515 1878 3761 1931 amman.

356 1977 446 2021 ne
477 1976 635 2021 vera
665 1956 1027 2039 prudentia,
1058 1974 1203 2037 quae
1234 1963 1330 2018 est
1359 1955 1562 2019 virtus
1592 1954 1697 2018 cui
1728 1955 1868 2017 aliae

354 2056 637 2119 virtutes
693 2064 843 2117 sunt
899 2073 1185 2131 annexae,
1240 2073 1356 2117 nec
1404 2053 1649 2117 vitiosis
1703 2052 1869 2116 inest

357 2154 744 2218 hominibus
778 2172 792 2216 :
829 2172 1024 2235 quam
1067 2153 1290 2234 utique
1328 2151 1624 2215 Salomon
1655 2161 1871 2234 postu-

359 2254 529 2317 lavit
559 2252 684 2315 sibi
719 2252 858 2315 dari
899 2252 966 2313 in
1008 2260 1184 2315 tanto
1223 2251 1614 2315 excellentiae
1641 2251 1864 2331 gradu,

359 2361 436 2415 ut
469 2372 590 2434 per
617 2370 758 2414 eam
799 2359 968 2414 esset
1006 2351 1086 2413 ad
1126 2350 1322 2413 totius
1364 2349 1586 2432 populi
1624 2349 1722 2411 sui
1761 2367 1871 2429 gu-

359 2450 816 2514 bernationem
846 2449 1290 2531 judiciumque
1320 2449 1600 2511 idoneus.
1623 2448 1776 2510 Nam
1807 2457 1871 2511 et

359 2559 518 2613 ante
545 2550 679 2631 jam
713 2548 939 2611 habuit
964 2566 1104 2611 eam
1137 2548 1205 2609 in
1235 2548 1452 2629 aliquo
1481 2547 1870 2629 gradu,qu0-

360 2649 544 2711 niam
579 2656 714 2710 erat
745 2647 810 2709 in
842 2647 1104 2710 caritate
1135 2655 1198 2709 et
1227 2648 1452 2726 gratia,
1468 2646 1701 2727 quibus
1727 2664 1870 2727 pru·

359 2746 590 2809 dentia
619 2753 715 2807 est
747 2743 1110 2825 conjuncta,
1131 2762 1332 2825 quum
1355 2752 1418 2806 et
1437 2743 1706 2807 virtutes
1727 2762 1870 2807 con-

358 2852 680 2908 catenatae
708 2843 1030 2906 dicantur.

445 2945 720 3005 Placuit
748 2962 896 3019 erqo
916 2960 1120 3001 sermo
1145 2961 1360 3001 coram
1382 2943 1680 3013 Domine,
1699 2944 1870 3020 quod

1980 1956 2154 2019 entia
2194 1956 2453 2017 nomina
2492 1955 2584 2017 eis
2630 1955 2957 2037 imposuit.
2994 1955 3277 2036 Denique
3321 1972 3470 2017 con-

1980 2064 2122 2133 stat,
2166 2055 2339 2137 quod
2388 2054 2676 2117 Christus
2726 2054 2793 2116 in
2844 2054 3144 2117 omnibus
3184 2054 3313 2117 illis
3364 2054 3471 2117 Sa-

1979 2154 2301 2217 lomonem
2351 2153 2760 2216 vehementer
2814 2153 3104 2229 excessit,
3160 2161 3348 2235 prout
3400 2152 3467 2214 in

1981 2251 2324 2333 Evangelio
2382 2260 2767 2333 protestatur
2820 2270 2833 2313 :
2886 2252 3045 2315 Ecce
3100 2252 3469 2333 (inquiens)
3514 2272 3764 2323 uanam..

1980 2351 2124 2434 plus
2165 2369 2357 2432 quam
2401 2350 2695 2414 Salomon
2742 2351 2868 2414 hie.
2902 2350 3173 2413 Gloriosi
3214 2370 3469 2433 quoque
3498 2338 3762 2444 ganan.

1979 2448 2265 2531 Apostoli
2328 2448 2589 2511 suerunt
2647 2449 2969 2531 copiosius
3031 2448 3376 2511 illuminati
3434 2468 3472 2511 a

1981 2548 2126 2625 Dee,
2163 2566 2354 2628 quam
2389 2556 2601 2630 patres
2631 2547 2865 2610 veteris
2898 2547 3303 2611 Testamenti.

2059 2646 2275 2727 ltaque
2306 2647 2785 2723 advertendum,
2810 2648 2981 2729 quod
3014 2645 3349 2727 multiplex
3373 2654 3471 2707 est

1979 2744 2293 2827 sapientia
2328 2762 2342 2807 ε
2374 2744 2529 2821 Una,
2564 2762 2709 2826 quae
2757 2753 2851 2807 est
2904 2744 3180 2827 primum
3230 2745 3469 2808 donum
3525 2764 3590 2809 ι..
3610 2779 3668 2816 11,
3688 2768 3729 2809 ε.

1981 2843 2147 2906 inter
2177 2853 2420 2925 septem
2453 2844 2621 2907 dona
2651 2843 2923 2925 Spiritus
2955 2842 3192 2919 Sancti,
3228 2861 3371 2924 quae
3404 2843 3469 2906 in

1979 2960 2367 3023 unoquoque
2400 2950 2575 3005 tanto
2608 2950 2703 3005 est
2734 2944 2957 3024 major,
2978 2949 3217 3023 quanto
3240 2942 3471 3004 caritas

359 3046 680 3103 Salomon
704 3044 1086 3118 postulasset
1117 3041 1566 3117 hujuscemodi
1595 3060 1729 3099 rem
1747 3064 1772 3113 ,·
1811 3050 1868 3101 et
1905 3042 1950 3105 C
1979 3042 2119 3121 ejus
2139 3049 2237 3103 est
2261 3040 2613 3122 perfectior.
2634 3042 2777 3104 Ideo
2798 3049 3037 3124 quanto
3058 3040 3271 3117 David,
3292 3041 3471 3103 Abra-

359 3142 549 3201 dimit
581 3141 902 3201 Dominus
933 3141 1309 3200 Salomoni:
1329 3140 1498 3209 Quia
1523 3142 1870 3218 postulasti

365 3241 640 3299 verbum
669 3241 810 3307 hoc,
841 3244 904 3300 et
933 3257 1067 3299 rem
1101 3237 1264 3299 hanc
1297 3236 1726 3317 significatam
1758 3257 1871 3320 per

365 3336 592 3414 verba,
619 3343 772 3418 puta
803 3336 1229 3418 prudentiam,
1254 3346 1313 3397 ec
1344 3357 1472 3397 non
1495 3338 1723 3414 petisti
1754 3338 1871 3399 tihi

361 3440 509 3498 dies
543 3440 804 3506 multos,
833 3455 948 3496 nee
975 3437 1274 3504 divitias,
1305 3445 1420 3496 auc
1450 3437 1709 3496 animas
1739 3436 1870 3496 ini-

365 3541 696 3596 micorum
740 3545 1026 3605 tuorum,
1070 3534 1134 3595 id
1179 3541 1298 3610 est,
1344 3533 1540 3597 vitam
1586 3534 1868 3597 hostium

367 3643 630 3697 tuorum
673 3631 906 3714 subjici
952 3641 1076 3695 tuae
1119 3632 1416 3714 potestati
1458 3633 1537 3694 ad
1583 3633 1870 3697 occiden-

363 3731 670 3808 dum,vel
703 3730 1189 3807 dominandum,
1223 3735 1334 3792 sed
1363 3734 1712 3809 postulasti
1753 3734 1869 3793 tibi

359 3833 794 3910 sapientiam,
823 3833 912 3891 ad
953 3831 1452 3891 discernendum
1479 3832 1818 3907 judicium
1843 3855 1869 3902 ,-

362 3951 503 3991 ecce
528 3931 664 4007 feci
694 3930 813 3990 tibi
839 3931 1191 3989 seeundum
1230 3949 1546 3988 sermones
1589 3939 1746 3990 tuos,
1785 3933 1867 3992 Ec

361 4031 525 4090 dedi
559 4029 704 4096 tibi,
737 4027 801 4089 id
833 4035 950 4104 est,
978 4028 1130 4089 dare
1161 4026 1436 4104 decrevi,
1463 4035 1526 4090 et
1558 4047 1728 4090 nunc
1759 4028 1862 4104 de,

364 4149 482 4189 cor
525 4127 786 4204 sapiens
833 4126 912 4188 ad
961 4126 1475 4208 cognoscendum
1526 4125 1764 4204 divina,
1810 4137 1868 4188 ec

1980 3140 2149 3216 ham,
2186 3140 2447 3221 MoyseS,
2490 3149 2554 3202 et
2598 3139 2841 3203 similes
2886 3140 3002 3217 eis,
3048 3139 3307 3203 fuerunt
3348 3141 3471 3205 viri

1980 3238 2182 3318 magis
2219 3237 2459 3302 heroici
2493 3246 2555 3301 et
2584 3238 2876 3321 perfecti,
2912 3258 3106 3322 quam
3149 3238 3468 3317 Salomon,

1982 3345 2156 3399 tanto
2189 3337 2393 3418 maj0r
2424 3337 2737 3418 sapientia
2768 3337 2894 3399 suit
2925 3338 2989 3399 in
3023 3338 3137 3415 eis,
3172 3357 3364 3420 quam
3405 3339 3471 3401 in

1981 3435 2142 3518 ipso,
2179 3435 2501 3517 loquendo
2541 3436 2619 3497 de
2657 3435 2777 3498 ista
2821 3436 3157 3519 sapientia.
3200 3435 3339 3500 Alia
3378 3445 3474 3499 est

1979 3534 2308 3616 sapientia,
2329 3552 2473 3615 quae
2501 3540 2596 3596 est
2625 3534 2861 3597 donum
2896 3536 3115 3615 gratiae
3143 3536 3341 3616 gratis
3370 3537 3474 3599 da-

1981 3641 2080 3708 tae,
2116 3652 2261 3714 quae
2308 3639 2404 3695 est
2443 3631 2725 3714 cognitio
2768 3632 3157 3710 divinorum,
3201 3642 3264 3697 et
3310 3633 3473 3698 Scri-

1980 3736 2333 3810 pturarum‚
2388 3727 2966 3809 mysteriorumque
3014 3727 3272 3805 Christi,
3328 3749 3472 3812 quae

1978 3835 2189 3911 potest
2224 3826 2364 3889 sine
2404 3827 2665 3890 caritate
2707 3827 2950 3904 haberi,
2985 3847 3099 3910 per
3128 3848 3317 3909 quam
3351 3830 3472 3893 scit

1978 3927 2169 3990 homo
2200 3925 2568 4002 defendere,
2603 3926 3009 4008 persuadere,
3044 3935 3108 3989 et
3147 3927 3469 3990 declarare

1979 4046 2054 4089 ea
2092 4045 2237 4108 quae
2277 4024 2431 4088 fidei
2472 4033 2641 4102 sunt,
2677 4024 2757 4088 de
2795 4044 2921 4107 qua
2962 4025 3047 4088 ait
3076 4026 3417 4108 Apostolus
3452 4042 3466 4088 ε

1979 4125 2104 4187 ΑΙὶἰ
2148 4144 2260 4207 per
2303 4123 2611 4207 Spiritum
2652 4125 2837 4187 datur
2876 4143 3085 4188 sermo
3116 4125 3467 4208 sapientise,
3527 4145 3754 4200 wama,

367 4227 749 4302 intelliyens
778 4224 858 4286 ad
889 4224 1218 4286 sciendum
1263 4244 1335 4287 ac
1377 4225 1866 4288 discernendum
1905 4227 1952 4288 D
1978 4223 2087 4286 alii
2111 4242 2315 4286 sermo
2334 4223 2628 4286 scientiae.
2644 4223 2719 4284 Et
2740 4223 2872 4286 baee
2897 4221 3018 4285 fuit
3038 4224 3221 4288 valde
3242 4243 3472 4305 magna
3498 4215 3540 4259 ⁸·

369 4324 680 4398 humana,
733 4321 987 4403 aliaque
1039 4322 1352 4384 naturalia
1407 4331 1471 4385 et
1519 4331 1748 4399 creata,
1795 4326 1866 4384 in

373 4432 636 4484 tantum
675 4431 748 4482 ut
787 4425 1013 4481 nullus
1049 4430 1200 4481 ante
1232 4431 1286 4482 te
1315 4423 1554 4482 similis
1597 4424 1696 4482 tui
1723 4425 1869 4501 fue-

369 4525 488 4592 rit,
528 4521 592 4581 id
637 4527 754 4596 est,
791 4518 1005 4582 nullus
1051 4537 1270 4600 regum
1311 4527 1422 4582 aut
1459 4521 1747 4602 judicum
1791 4523 1870 4584 ls-

370 4619 504 4682 rael
543 4619 739 4681 i'uerit
781 4617 900 4680 tibi
943 4617 1206 4700 aequalis
1249 4617 1316 4680 in
1356 4619 1532 4680 omni
1576 4619 1869 4702 hujusce-

369 4717 551 4781 modi
595 4716 912 4799 sapientia
955 4725 1146 4799 atque
1191 4717 1478 4794 scientia,
1512 4718 1632 4781 hoc
1671 4728 1767 4782 est
1801 4720 1866 4781 in

368 4826 650 4898 utroque
681 4815 894 4892 simul,
931 4824 1121 4897 prout
1155 4815 1423 4880 scientia
1463 4817 1867 4898 prudentiam

367 4933 636 4998 quoque
683 4913 978 4992 includit,
1032 4934 1175 4996 quae
1225 4915 1564 4996 prudentia
1611 4917 1870 4999 proprie

367 5021 664 5076 versatur
695 5012 866 5076 cirea
895 5012 1180 5094 agibilia,
1219 5013 1282 5075 id
1315 5021 1409 5076 est
1440 5022 1618 5077 actus
1653 5015 1872 5078 huma-

371 5131 506 5176 nos.
529 5111 877 5174 Postulavit
906 5120 1117 5174 autem
1141 5111 1436 5176 Salomon
1469 5113 1868 5195 prudentiam

371 5210 669 5285 ethicam,
687 5229 818 5291 qua
848 5209 1010 5291 regit
1041 5209 1232 5274 bomo
1261 5229 1330 5273 se
1361 5211 1602 5293 ipsum;
1631 5219 1694 5274 et
1715 5230 1874 5275 oeco-

375 5307 724 5385 uomicam,
739 5325 866 5389 qua
897 5306 1059 5388 regit
1089 5309 1348 5371 domum
1371 5308 1506 5372 sive
1528 5308 1867 5384 familiam3

1981 4323 2048 4385 in
2080 4321 2437 4398 Salomone,
2475 4330 2542 4384 ut
2579 4330 2750 4405 patet
2783 4343 2859 4386 ex
2890 4322 3165 4386 Canticis
3198 4323 3473 4387 cantico-

1982 4441 2163 4496 rum3
2201 4422 2404 4503 maj0r
2435 4429 2645 4484 tamen
2680 4421 2799 4482 fuit
2832 4421 2897 4483 in
2934 4422 3127 4485 Paulo
3158 4423 3467 4504 apostole,

1979 4520 2252 4601 aliisque
2272 4519 2609 4602 Apostolis.
2636 4519 2842 4582 Tertia
2864 4530 2962 4583 est
2990 4519 3316 4603 sapientia,
3332 4539 3475 4602 quae

1982 4638 2096 4701 per
2136 4618 2492 4680 naturalem
2530 4617 2839 4681 rationem
2886 4627 3094 4701 potest
3138 4639 3215 4683 ex
3260 4639 3471 4682 rerum

1984 4718 2227 4780 naturis
2272 4725 2335 4780 et
2378 4717 2601 4780 ordine
2640 4717 2931 4782 universi
2967 4720 3241 4784 inveniri
3282 4727 3473 4801 atque

1981 4816 2227 4893 haberi,
2262 4816 2424 4879 sicut
2452 4816 2541 4878 ait
2578 4817 2943 4898 ApostoluS,
2977 4819 3331 4882 Invisibilia
3361 4819 3471 4881 Dei
3502 4838 3762 4888 ammo.

1983 4935 2096 4998 per
2135 4934 2209 4978 ea
2246 4934 2390 4997 quae
2430 4913 2595 4978 facta
2642 4923 2813 4995 sunt,
2857 4917 3180 4982 intellecta
3217 4917 3474 5000 conspi-

1983 5016 2276 5092 ciuntur;
2312 5016 2699 5096 sempiterna
2727 5033 2987 5099 quoque
3009 5017 3210 5081 virtus
3240 5019 3379 5098 ejus
3411 5025 3475 5080 et

1981 5113 2323 5176 divinitas:
2350 5132 2491 5193 quae
2512 5113 2576 5174 in
2599 5113 3001 5196 philosophis
3023 5114 3159 5192 fuit,
3184 5124 3246 5178 et
3266 5116 3475 5198 potnit

1983 5212 2187 5293 maj0r
2207 5229 2361 5288 esse,
2382 5230 2573 5292 quam
2600 5211 2661 5272 in
2688 5211 3024 5277 Salomone
3045 5233 3121 5276 ex
3142 5214 3475 5277 subitanea

1983 5308 2333 5374 infusione.
2368 5309 2471 5372 Sic
2502 5309 2695 5372 etiam
2728 5310 2795 5372 in
2827 5311 3163 5378 Salomone
3190 5313 3476 5377 creditur
