4359 6250
922 529 1272 578 ENARRATm
1316 530 1375 575 ΙΝ
1417 529 1555 574 CAP.
1602 527 1749 574 xxvl
1792 527 1951 574 unm
1993 526 2161 575 PRuss
2203 527 2428 576 REGUH.
2473 547 2552 558 —-
2592 528 2734 575 ΛΒΤ.
2781 529 2898 576 XLV

3331 511 3450 578 403

342 701 647 772 Domini,
678 713 739 762 et
782 705 1087 764 innocens
1130 704 1254 763 erit
1285 705 1315 762 ἒ
1353 699 1538 782 quasi
1584 699 1845 775 diceret,
1881 697 1932 760 A
1962 701 2165 779 detur,
2192 703 2361 783 quod
2397 719 2524 766 non
2555 703 2876 768 ordinavit
2904 704 2983 767 de
3014 703 3316 786 vigilibus
3348 723 3453 767 no.—

338 795 473 859 Hoc
523 799 665 861 sine
704 808 964 881 peccato
1004 808 1371 882 perpetrare
1422 817 1551 862 non
1602 816 1843 880 posses,

340 898 629 957 Ecdixic
657 900 881 959 David
900 918 924 956 .·
956 900 1131 958 Vivit
1152 899 1492 970 Dominus,
1518 899 1675 976 quia
1707 895 1843 956 nisi

331 997 663 1057 Dominus
683 999 1073 1075 percusserit
1102 1017 1274 1066 eum,
1297 995 1385 1058 ita
1406 995 1577 1076 quod
1611 993 1846 1057 violen-

334 1100 401 1154 ta
450 1092 773 1157 interierit
816 1103 1043 1171 morte,
1073 1105 1192 1157 aut
1235 1096 1375 1155 dies
1416 1096 1557 1171 ejus
1596 1092 1845 1152 venerit

334 1201 411 1251 ut
442 1195 769 1254 moriatur
790 1213 868 1256 ex
897 1193 1301 1256 naturalibus
1334 1191 1567 1268 causiS,
1596 1199 1846 1253 natura-

335 1288 519 1370 lique
570 1309 755 1368 nece,
810 1302 927 1353 aut
979 1295 1054 1354 in
1096 1294 1411 1370 praelium
1460 1292 1844 1350 descendens

328 1389 637 1464 perierit,
680 1389 745 1450 id
784 1396 903 1466 est,
936 1390 1189 1453 occisus
1230 1389 1451 1466 fuerit,
1498 1395 1607 1450 aut
1645 1386 1842 1449 simili

334 1493 549 1548 morte
588 1487 897 1564 discedat,
923 1490 1255 1566 ,propitius
1293 1490 1380 1548 sit
1426 1489 1594 1548 mihi
1624 1487 1845 1546 Domi-

338 1603 493 1652 nus,
525 1584 589 1646 id
621 1593 737 1660 est,
772 1585 1053 1664 gratiose
1084 1592 1428 1667 praeservet
1458 1605 1583 1659 me,
1619 1604 1700 1643 ne
1738 1604 1843 1642 ex-

338 1685 609 1744 tendam
658 1704 931 1744 manum
984 1705 1194 1746 meam
1240 1687 1315 1745 in
1359 1685 1673 1744 christum
1717 1685 1843 1743 Do-

336 1781 538 1842 mini.
564 1784 761 1843 Nunc
789 1803 939 1860 erqo
978 1787 1124 1844 tolle
1156 1784 1435 1852 hastam,
1464 1803 1607 1862 quae
1633 1790 1725 1840 est
1754 1783 1843 1840 ad

1957 801 2097 872 ctis,
2132 801 2234 865 vel
2263 803 2342 864 de
2373 800 2631 865 efficaci
2662 802 2972 865 custodia.
2997 806 3332 881 Inqressus
3361 814 3451 866 est

1954 902 2131 960 enim
2162 921 2332 960 unus
2369 905 2450 964 de
2489 903 2703 968 turba,
2741 900 3040 964 videlicet
3076 901 3291 964 Abisai
3340 920 3451 963 ne-

1955 1016 2069 1079 pos
2101 998 2320 1074 David,
2348 1009 2420 1060 ut
2451 1001 2836 1076 interficeret
2867 1019 3076 1078 reyem
3104 1003 3444 1061 dominum

1956 1107 2161 1158 tuum.
2195 1097 2288 1159 Ad
2334 1097 2452 1159 hoc
2492 1098 2734 1180 quippe
2779 1106 3036 1179 paratus
3081 1096 3222 1174 fuit,
3259 1106 3322 1160 et
3355 1097 3450 1160 in-

1952 1194 2230 1258 tendisse
2259 1196 2381 1258 hoc
2414 1195 2624 1278 ipsum
2666 1196 2938 1272 videtur,
2975 1195 3099 1258 nisi
3147 1196 3447 1278 prohibe-

1952 1301 2124 1356 retur
2145 1314 2184 1356 a
2211 1295 2428 1357 David.
2463 1293 2526 1357 Si
2559 1303 2772 1357 autem
2805 1293 3080 1356 fuissent
3110 1293 3200 1356 ibi
3232 1305 3446 1358 custo-

1950 1392 2101 1453 dum
2131 1391 2388 1472 vigiliae,
2415 1411 2543 1455 non
2576 1393 2666 1454 sic
2699 1393 2998 1456 intrasset
3025 1392 3264 1456 Abisai.
3298 1395 3446 1456 Non

1948 1500 2040 1551 est
2070 1493 2305 1552 bonum
2327 1493 2442 1552 hoc
2460 1495 2632 1572 quod
2649 1493 2878 1568 fecisti.
2903 1494 3076 1553 Vivit
3097 1495 3444 1562 Dominus,

1950 1593 2262 1669 quoniam
2282 1593 2416 1669 filii
2434 1593 2660 1652 mortis
2679 1593 2826 1652 estis
2849 1611 2975 1663 vos,
3001 1591 3064 1653 id
3095 1598 3191 1654 est
3219 1591 3444 1654 mortis

1950 1689 2269 1771 supplicio
2307 1689 2506 1769 digni,
2544 1708 2672 1753 non
2711 1689 2918 1752 solum
2961 1699 3028 1752 tu
3063 1689 3297 1766 Abner‚
3331 1689 3441 1753 sed

1950 1795 2011 1848 et
2066 1788 2282 1866 ceteri,
2332 1788 2682 1869 praesertim
2741 1788 2977 1870 quibus
3031 1788 3444 1852 incumbebat

335 1888 540 1956 caput
566 1881 709 1958 ejus
740 1880 864 1943 sita
891 1889 955 1944 et
986 1879 1138 1956 fixa,
1182 1891 1243 1942 et
1282 1883 1597 1958 scyphum
1628 1898 1839 1958 aquoe,
1876 1880 1923 1941 B
1948 1884 2239 1947 custodia
2277 1885 2464 1964 regiS,
2507 1888 2624 1966 qui
2665 1907 2794 1948 non
2838 1888 3201 1948 custodistis
3237 1888 3443 1947 domi-

335 1975 399 2039 id
434 1985 537 2040 est
564 1978 899 2042 vasculum
929 1979 1065 2047 vini
1096 1999 1208 2042 seu
1242 1987 1539 2062 potuS,ut
1563 1996 1676 2059 per
1706 1977 1840 2039 haec

334 2083 649 2157 tanquam
679 2096 793 2159 per
824 2077 1027 2158 signa,
1063 2076 1405 2159 probemus
1448 2077 1637 2159 paulo
1669 2082 1832 2157 post,

334 2191 453 2235 nos
484 2173 595 2237 hic
631 2174 850 2238 fuisse.
870 2175 1138 2250 Quidam
1171 2183 1384 2238 tamen
1414 2181 1740 2257 exponunt
1760 2173 1838 2234 de

333 2290 507 2352 aqua
535 2272 793 2355 proprie
822 2274 1015 2350 dicta,
1049 2293 1245 2356 quam
1276 2281 1505 2356 putant
1544 2272 1635 2335 ibi
1681 2270 1839 2333 fuis-

334 2388 402 2433 se
428 2371 512 2433 ad
546 2371 852 2435 lotionem
884 2391 1191 2434 manuum
1214 2371 1417 2452 regis3
1452 2371 1552 2436 vel
1575 2371 1653 2433 de
1674 2389 1839 2451 aqua

336 2486 621 2546 rosacea,
657 2489 774 2553 pro
802 2469 1139 2551 refrigerio
1170 2479 1393 2534 contra
1422 2470 1699 2532 calorem
1732 2469 1839 2530 ad-

332 2567 551 2631 ducta.
570 2571 659 2630 Et
688 2573 1013 2632 abeamus.
1046 2573 1223 2632 Tulit
1256 2571 1464 2647 iyitur
1481 2570 1703 2631 David
1730 2569 1839 2627 ka-

331 2675 527 2740 stam,
564 2666 630 2728 id
676 2675 795 2746 est,
831 2688 945 2750 per
988 2687 1250 2730 manum
1290 2667 1504 2730 Abisai
1554 2686 1694 2730 eam
1742 2685 1839 2728 ac·

332 2765 508 2846 cepit
540 2773 605 2828 et
637 2784 855 2829 secum
888 2767 1185 2849 portavit,
1218 2777 1277 2827 et
1306 2767 1621 2844 scyphum
1651 2785 1838 2843 aquae

333 2867 451 2941 qui
479 2876 626 2927 erat
651 2869 741 2927 ad
769 2876 965 2943 caput
994 2867 1155 2944 ejus,
1182 2876 1243 2926 et
1272 2867 1599 2933 abierunt,
1618 2874 1677 2924 et
1706 2885 1835 2924 non

330 2974 473 3025 erac
516 2966 867 3045 quisquam
906 2967 1025 3046 qui
1068 2967 1310 3026 videret
1355 2975 1415 3026 et
1450 2965 1836 3040 intelliyeret

1948 2004 2107 2045 num
2132 1994 2413 2046 vestrum
2440 1987 2754 2047 christum
2780 1988 3068 2047 Domini.
3099 1985 3315 2067 ltaque
3346 2004 3442 2047 se-

1948 2082 2228 2144 cundum
2283 2083 2484 2164 legem
2536 2101 2961 2159 communem,
3015 2082 3313 2146 videntur
3373 2083 3438 2144 in

1946 2179 2067 2242 hoc
2098 2180 2321 2243 mortis
2355 2180 2699 2242 incurrisse
2730 2189 2996 2256 reatum,
3030 2181 3201 2262 quod
3231 2181 3444 2260 negle-

1945 2288 2173 2342 xerunt
2220 2279 2573 2342 custodiam
2626 2278 2815 2359 regiS,
2853 2279 2919 2341 in
2969 2287 3215 2342 tantum
3266 2281 3439 2361 quod

1946 2377 2171 2439 incidit
2203 2376 2267 2438 in
2300 2377 2646 2441 adversarii
2677 2397 2925 2440 manuS.
2961 2378 3435 2454 Verumtamen,

1944 2475 2249 2556 quoniam
2292 2475 2534 2539 dictum
2572 2485 2689 2554 est,
2734 2477 2906 2558 quod
2951 2494 3142 2558 sopor
3181 2476 3438 2540 Domini

1946 2573 2131 2635 irruit
2160 2593 2353 2656 super
2391 2589 2520 2652 eos·,
2557 2574 2646 2637 ita
2683 2575 2855 2656 quod
2883 2575 3308 2656 dispositione
3340 2576 3438 2637 di-

1945 2671 2095 2736 vina
2123 2673 2216 2735 sic
2247 2672 2498 2750 accidit,
2515 2672 2811 2736 videntur
2844 2673 2908 2734 in
2944 2672 3084 2736 foro
3113 2673 3438 2737 conscien-

1943 2771 2049 2833 tiae
2091 2770 2485 2834 excusabiles
2527 2769 2750 2848 fuisse,
2788 2790 2988 2852 quum
3033 2789 3161 2835 non
3205 2771 3288 2834 sit
3331 2791 3432 2834 sa·
3495 2795 3724 2848 Ρνουιιιι,

1945 2869 2216 2951 pientia,
2273 2870 2615 2951 prudentia
2661 2877 2769 2932 aut
2815 2869 3160 2933 consilium
3209 2878 3432 2934 contra
3462 2865 3528 2907 ³⁰·

1945 2967 2305 3031 Dominum.
2343 2971 2538 3032 Nunc
2580 2988 2728 3045 eryo
2775 2971 2921 3030 vide
2962 2970 3075 3030 ubi
3114 2971 3202 3030 sit
3248 2972 3434 3030 hasta

331 3071 391 3122 et
408 3065 793 3141 eviqilaret,
816 3067 926 3126 sed
937 3063 1206 3147 [omnes]
1226 3066 1656 3134 dormiebant,
1677 3064 1834 3143 quia
1870 3060 1914 3124 C
1943 3070 2210 3146 reyis,et
2241 3070 2354 3129 ubi
2382 3071 2468 3130 sit
2495 3071 2774 3147 scyphus
2803 3087 3010 3149 aquae,
3029 3071 3149 3148 qui
3177 3077 3316 3129 erat
3348 3069 3436 3129 ad

330 3184 523 3241 sopor
560 3166 833 3225 Domini
878 3167 1167 3226 irruerat
1214 3186 1409 3242 super
1456 3185 1574 3237 eos,
1625 3163 1689 3225 id
1739 3171 1836 3225 est

335 3261 685 3325 vehemens
721 3262 1025 3326 dormitio
1070 3262 1357 3325 immissa
1394 3282 1431 3325 a
1459 3263 1586 3325 Deo
1633 3259 1836 3323 famu-

334 3359 467 3421 latu
508 3359 824 3440 angelico.

345 3486 350 3489 ·
410 3456 760 3533 Quumque
811 3457 1143 3515 transisset
1187 3458 1428 3526 David,
1473 3464 1533 3515 et
1570 3455 1836 3513 stetisset

332 3554 403 3612 in
424 3555 666 3614 vertice
686 3556 943 3627 montis,
970 3552 1137 3616 inter
1164 3572 1357 3635 quem
1388 3562 1452 3616 et
1481 3552 1829 3616 exercitum

332 3650 543 3714 Saulis
594 3650 723 3713 fuit
760 3660 1029 3729 torrenS,
1068 3660 1139 3714 ut
1187 3652 1255 3713 in
1300 3651 1691 3715 Scholastica
1737 3650 1832 3711 hi-

333 3752 533 3815 storia
584 3750 838 3831 legitur,
891 3755 971 3813 de
1020 3756 1230 3829 Zonye,
1280 3761 1338 3812 et
1386 3762 1539 3811 esset
1580 3754 1837 3829 ⁵orande

336 3852 767 3912 intervallum
808 3854 981 3911 inter
1016 3872 1138 3923 eos,
1182 3853 1492 3913 clamavit
1520 3854 1609 3911 ad
1636 3870 1836 3929 popu-

336 3953 473 4010 lum
500 3960 564 4011 et
594 3953 815 4014 Abner
850 3952 1073 4027 filium
1104 3953 1265 4019 Ner,
1296 3952 1515 4011 dicens
1544 3970 1567 4008 .·
1601 3951 1830 4011 Nonne

332 4052 699 4126 respondes,
722 4051 983 4110 Abner?
1009 4048 1194 4130 quasi
1227 4048 1420 4124 dicat,
1456 4046 1833 4129 Specialiter

336 4148 614 4228 pertinet
643 4148 720 4210 ad
762 4156 821 4211 te
860 4148 1245 4229 respondere
1280 4156 1343 4210 et
1382 4164 1667 4228 pugnare
1710 4165 1827 4227 pro

1944 3178 2137 3246 caput
2165 3169 2328 3247 ejus.

2027 3268 2334 3343 Coynovit
2363 3276 2582 3329 autem
2613 3268 2780 3328 Saul
2809 3286 3020 3327 vocem
3040 3267 3278 3337 David,
3305 3264 3434 3328 imo

1944 3371 2007 3425 et
2027 3362 2422 3445 praeinducta
2448 3362 2642 3427 verba
2673 3363 3004 3440 intellexit,
3039 3363 3264 3444 sicque
3291 3382 3438 3426 con-

1944 3462 2248 3526 sideravit
2267 3481 2336 3525 se
2366 3482 2616 3525 rursum
2648 3461 2950 3524 incidisse
2979 3460 3045 3523 in
3078 3480 3305 3523 manus
3325 3462 3434 3523 Da-

1945 3559 2073 3637 vid,
2100 3569 2162 3623 et
2195 3560 2506 3642 parcitum
2541 3559 2663 3621 sibi
2695 3578 2834 3622 esse
2861 3559 2941 3622 ab
2981 3559 3095 3622 illo
3129 3576 3146 3621 t
3180 3558 3323 3623 ideo
3353 3559 3433 3621 ad

1945 3658 2498 3722 mansuetudinem
2546 3676 2788 3735 versuS,
2820 3659 2998 3719 discit
3028 3678 3051 3716 .·
3087 3658 3428 3738 Numquid

1944 3780 2067 3819 vox
2109 3760 2242 3820 hoec
2287 3767 2396 3818 tua
2442 3764 2558 3834 est,
2591 3758 2697 3833 fili
2746 3759 2840 3818 mi
2881 3758 3103 3818 David
3132 3758 3162 3817 ?
3200 3758 3286 3818 Et
3341 3759 3438 3817 ait

1943 3857 2161 3918 David
2193 3876 2214 3915 .·
2237 3858 2367 3915 Vox
2401 3876 2565 3925 mea,
2585 3856 2843 3915 domine
2875 3856 2969 3915 mi
2998 3875 3137 3915 γεω.
3165 3856 3252 3916 Et
3284 3856 3380 3915 ait
3413 3875 3436 3915 .·

1949 3958 2156 4024 Quam
2186 3957 2260 4015 ob
2288 3974 2551 4016 causam
2581 3955 2884 4014 dominus
2915 3974 3092 4039 meus
3113 3954 3438 4032 persequi-

1946 4063 2053 4113 tur
2094 4072 2350 4114 servum
2389 4072 2584 4113 suum
2605 4053 2635 4111 ?
2667 4053 2841 4121 Quid
2880 4052 3008 4129 feci
3038 4053 3068 4111 ?
3096 4062 3214 4112 aut
3263 4052 3436 4131 quod

1945 4156 2192 4212 mlum
2221 4161 2310 4212 est
2341 4153 2413 4210 in
2449 4170 2651 4211 manu
2682 4170 2822 4211 mea
2855 4152 2886 4209 ?
2915 4151 3111 4210 Nunc
3142 4169 3289 4226 erqo
3325 4170 3439 4211 au—

338 4264 503 4326 rege.
540 4249 629 4308 Et
670 4249 1055 4323 respondens
1094 4248 1334 4317 Abner,
1377 4248 1477 4307 ait
1507 4266 1529 4305 .·
1566 4247 1721 4314 Quis
1774 4266 1836 4305 es
1865 4244 1915 4306 D
1942 4251 2043 4318 di,
2062 4269 2199 4318 0r0,
2229 4251 2488 4309 domine
2517 4250 2612 4308 mi
2629 4266 2766 4319 rex,
2792 4250 2983 4309 verba
3011 4249 3185 4308 servi
3215 4249 3335 4309 tui.
3359 4250 3439 4309 Si

339 4353 429 4415 tu,
466 4346 589 4424 qui
616 4348 859 4405 clamas
888 4354 948 4405 et
979 4346 1303 4423 inquietas
1333 4364 1545 4421 reyem
1565 4346 1595 4403 ?
1614 4346 1702 4405 Εἰ
1731 4345 1827 4404 ait

336 4445 555 4504 David
604 4446 694 4505 ad
721 4444 942 4504 Abner
979 4463 1001 4502 .·
1036 4444 1379 4522 Numquid
1430 4462 1561 4503 non
1614 4444 1719 4503 vir
1765 4462 1829 4502 es

341 4552 432 4613 tu,
464 4543 531 4605 id
562 4551 663 4606 est
692 4550 1003 4605 strenuus·
1032 4550 1095 4603 et
1121 4541 1373 4606 virilis?
1405 4542 1492 4603 ita
1517 4541 1691 4623 quod
1724 4541 1824 4603 vir

338 4640 439 4703 hic
466 4640 747 4703 sumitur
774 4661 812 4703 a
840 4641 1061 4722 vigore
1092 4640 1327 4721 potiuS,
1352 4660 1547 4722 quam
1582 4660 1619 4702 a
1646 4660 1822 4711 sexu.

340 4743 419 4802 Et
444 4742 595 4821 quis
624 4742 799 4801 alius
834 4740 1077 4801 similis
1106 4742 1207 4799 tui
1247 4741 1321 4801 in
1351 4741 1605 4800 Israel?
1632 4738 1825 4802 Vide-

338 4848 439 4901 tur
462 4839 663 4903 David
692 4838 881 4921 quasi
912 4838 1157 4902 ironice
1196 4838 1396 4919 loqui.
1424 4838 1537 4901 Vel
1582 4837 1637 4899 si
1676 4838 1831 4902 seri-

335 4955 441 5001 ose
475 4946 589 5001 aut
626 4936 1085 5017 interrogative
1122 4937 1243 5000 hoc
1283 4937 1571 5018 protulit,
1608 4956 1829 4999 verum

336 5044 449 5113 est,
478 5036 655 5119 quod
683 5036 900 5099 Abner
931 5033 1057 5097 fuit
1093 5034 1193 5098 vir
1221 5034 1407 5099 valde
1438 5034 1823 5117 praecipuuS,

339 5151 544 5214 sagax,
589 5134 779 5198 fortis
822 5142 887 5197 et
928 5131 1241 5196 eminens
1281 5136 1492 5203 Quare
1519 5153 1667 5211 erqo
1697 5154 1829 5195 non

342 5234 673 5295 custodisti
698 5234 1047 5295 dominum
1080 5242 1267 5294 tuum
1296 5252 1508 5311 reyem
1539 5235 1569 5293 ?
1597 5232 1673 5294 Et
1703 5233 1826 5294 uti-

346 5348 469 5412 que
496 5330 1005 5415 reprehensibile
1032 5339 1097 5394 et
1136 5330 1463 5394 incautum
1506 5329 1709 5394 fuisse
1740 5332 1833 5395 vi-

1942 4350 2261 4408 Dominus
2300 4348 2534 4407 incitat
2576 4356 2632 4407 te
2660 4350 3009 4407 adversum
3049 4367 3170 4419 me,
3206 4346 3270 4407 id
3313 4354 3433 4422 est,

1941 4445 2272 4526 provocari
2303 4444 2635 4526 permittit,
2656 4453 2767 4507 aut
2796 4444 2849 4506 si
2882 4453 3068 4526 putas
3105 4454 3168 4508 te
3194 4445 3437 4509 moveri

1939 4564 1977 4606 a
2006 4545 2153 4621 Dec,
2189 4552 2253 4607 et
2278 4545 2448 4625 juste
2488 4543 2852 4625 procedere,
2888 4547 3194 4605 odoretur
3235 4547 3438 4606 sacri-

1935 4645 2190 4721 ficium,
2217 4643 2286 4705 id·
2312 4650 2428 4718 est,
2461 4641 2700 4705 oblatio
2732 4640 2850 4704 fiat
2879 4661 2995 4724 pro
3024 4661 3126 4705 me
3175 4644 3322 4719 Deo,
3365 4651 3436 4705 ut

1938 4741 2097 4803 mihi
2147 4740 2614 4816 reconcilietur,
2665 4760 2745 4802 ne
2781 4740 3060 4821 amplius
3102 4740 3328 4803 incitet
3368 4750 3429 4805 te

1938 4847 2161 4903 contra
2189 4858 2313 4902 mc.
2337 4837 2524 4912 Quasi
2554 4837 2758 4900 dicat:
2784 4837 3041 4899 Paratus
3074 4857 3216 4900 sum
3248 4840 3438 4903 sacri-

1939 4936 2109 5000 ficiis
2130 4946 2193 5000 et
2213 4936 2611 5000 orationibus
2632 4935 2829 4997 Deum
2850 4933 3128 5016 placare.
3157 4935 3270 4999 Vel
3293 4936 3386 5001 sic
3413 4956 3428 4999 :

1936 5036 2244 5100 Odoretur
2287 5033 2702 5111 sacrificium,
2739 5033 2806 5094 id
2849 5040 2965 5110 est,
2999 5034 3192 5097 ambo
3235 5036 3432 5099 sacri-

1942 5133 2210 5198 ficemus
2254 5132 2541 5209 Domino,
2583 5139 2901 5213 quatenus
2953 5130 3092 5213 ipse
3137 5134 3432 5198 ostendat

1938 5252 2019 5296 an
2066 5231 2379 5297 movearis
2437 5230 2516 5292 ab
2571 5231 2732 5311 ipso.
2786 5228 3056 5303 Quidam
3104 5242 3436 5314 exponunt

1940 5331 2068 5395 sio:
2095 5330 2403 5394 Odoretur
2433 5326 2852 5405 sacrificium,
2879 5326 2944 5391 id
2973 5336 3093 5404 est,
3129 5330 3450 5412 patientia-
