4359 6250
1015 496 1361 542 ENARRATIO
1403 496 1465 544 IN
1509 497 1646 544 GAP.
1693 498 1736 543 11
1779 497 1936 544 unm
1977 497 2146 544 PRuss
2190 497 2413 546 amun.
2459 517 2540 528 -
2580 501 2721 546 ART.
2770 499 2831 544 v1

1492 906 2139 993 ARTICULUS
2219 907 2334 992 VI

877 1183 958 1228 ΒΕ
1001 1181 1256 1228 ΜΥὸΤῙΟΟ
1299 1181 1488 1226 SENSU
1531 1180 1804 1226 RESIDUAE
1849 1180 2069 1226 PARTIS
2110 1181 2296 1227 nutus
2342 1182 2594 1228 SECUNDI
2638 1183 2935 1230 CAPITULI.

505 1467 564 1525 T
584 1465 750 1524 abiit
773 1467 1026 1526 Ele-ana
1047 1465 1122 1523 in
1139 1465 1406 1524 domum
1435 1459 1858 1534 suam.Quum
1893 1459 1944 1520 A
1973 1471 2380 1539 consumunt,
2416 1471 2565 1524 sunt
2610 1481 2869 1545 prorsus
2913 1464 3184 1545 indigni.
3221 1465 3296 1527 Et
3328 1465 3465 1546 qui-

516 1561 755 1625 Elcana
804 1561 924 1624 iste
967 1561 1066 1624 vir
1111 1561 1360 1623 Levites
1405 1569 1468 1622 et
1512 1560 1858 1635 virtuosuS,

364 1661 752 1743 complesset
801 1661 869 1723 in
920 1660 1330 1724 tabernaculo
1375 1658 1626 1723 Domini
1677 1677 1860 1720 suum

363 1761 774 1842 obsequium,
807 1768 872 1823 et
914 1761 1099 1822 Anna
1145 1778 1304 1823 uxor
1352 1758 1578 1840 ipsiuS,
1627 1757 1865 1840 pariter

363 1860 696 1923 redierunt
749 1859 814 1920 in
865 1878 1000 1921 sua.
1045 1859 1161 1921 Per
1209 1858 1379 1938 quod
1430 1855 1856 1938 significatur,

358 1959 534 2038 quod
575 1957 960 2033 sacerdoteS,
995 1964 1304 2039 pastoreS,
1342 1954 1586 2036 praelati
1617 1961 1678 2017 et
1710 1972 1864 2036 prae-

357 2056 676 2119 dicatores
708 2055 891 2119 verbi
923 2054 1056 2131 Dei,
1084 2073 1232 2117 mox
1263 2062 1334 2115 ut
1365 2053 1430 2116 in
1463 2053 1776 2129 ecclesiiS,
1800 2059 1864 2115 et

359 2154 530 2218 circa
553 2153 848 2217 subditos
879 2172 991 2216 seu
1018 2152 1341 2235 proximos
1373 2171 1560 2214 suum
1583 2151 1860 2233 eomple-

359 2260 596 2316 verunt
643 2250 967 2327 officium,
1016 2250 1290 2313 debeant
1339 2249 1746 2330 evagationes
1799 2256 1862 2310 et

364 2350 800 2414 fabulationes
841 2348 1064 2426 vitare,
1100 2357 1290 2429 atque
1330 2349 1408 2411 ad
1452 2348 1590 2412 loca
1627 2346 1864 2410 intrare

363 2457 634 2527 secreta,
654 2457 722 2510 ut
754 2448 847 2510 ibi
875 2447 1286 2511 conscientiae
1311 2467 1438 2510 suae
1460 2448 1720 2511 domum
1753 2465 1865 2509 seu

363 2548 678 2612 interiora
733 2547 945 2610 cordis
995 2547 1094 2608 sui
1143 2546 1487 2609 discutiant
1539 2553 1603 2608 et
1649 2564 1863 2608 emen-

1972 1559 2115 1622 dam
2147 1579 2369 1623 eorum
2399 1569 2547 1623 sunt
2578 1562 2737 1624 adeo
2776 1561 3127 1625 intimorati
3170 1583 3243 1626 ac
3284 1563 3466 1627 vitio-

1975 1658 2050 1734 si,
2084 1660 2258 1740 quod
2289 1679 2363 1722 ca
2392 1679 2535 1742 quae
2575 1680 2690 1742 pro
2730 1661 3131 1742 reparatione
3176 1663 3464 1726 ecclesiae

1971 1777 2046 1820 ac
2078 1758 2452 1821 necessariis
2486 1759 2550 1820 in
2585 1759 2804 1823 divino
2834 1759 3059 1824 officio
3091 1769 3201 1823 aut
3240 1763 3467 1824 conde-

1973 1857 2142 1919 centi
2187 1867 2415 1920 ornatu
2454 1857 2733 1922 basilicae
2774 1857 3163 1936 offeruntur,
3198 1859 3266 1921 in
3316 1877 3465 1922 suos

1973 1956 2271 2035 redigunt
2309 1975 2483 2032 usuS,
2532 1976 2609 2020 ne
2653 1958 2885 2034 dicam,
2921 1958 2987 2020 in
3035 1978 3186 2020 usus
3233 1966 3465 2021 scorto-

1973 2072 2112 2115 rum
2144 2061 2208 2116 et
2240 2052 2525 2117 filiorum
2558 2054 3015 2129 suorum.Quid
3048 2055 3281 2118 dicturi
3313 2064 3463 2118 sunt
3564 2049 3572 2055 ’

1975 2150 2156 2233 impii
2208 2161 2271 2215 et
2319 2151 2753 2216 infelicissimi
2806 2152 2937 2231 isti,
2989 2173 3190 2236 quum
3241 2154 3461 2216 divino

1973 2249 2279 2313 tribunali
2329 2250 2570 2314 fuerint
2618 2251 2980 2334 praesentati
3012 2255 3037 2314 ’ἒ
3067 2252 3466 2336 Resipiscant
3524 2274 3757 2325 uriam..

1974 2365 2122 2426 ergo
2162 2357 2226 2411 et
2263 2349 2659 2426 erubescant,
2695 2357 2759 2411 et
2795 2350 3022 2430 dignos
3070 2351 3465 2433 poenitentiae
3496 2339 3760 2450 {bam-„¹¹

1974 2455 2163 2525 agant
2192 2445 2459 2524 fructuS,
2480 2456 2539 2510 et
2564 2447 2874 2510 Samuelis
2908 2449 3242 2513 imitentur
3273 2450 3468 2512 virtu·
3497 2465 3539 2508 ⁸.

1979 2554 2084 2620 tes,
2101 2546 2213 2626 qui
2234 2547 2443 2628 ephod
2466 2546 2636 2609 lineo
2658 2545 2783 2609 fuit
2802 2547 3145 2624 accinctuS,
3161 2567 3275 2630 per
3296 2550 3465 2630 quod

361 2649 541 2726 dent,
578 2647 835 2728 Deoque
877 2653 1124 2722 vacent,
1161 2653 1474 2726 quatenus
1519 2645 1760 2708 orando
1803 2652 1866 2706 et
1901 2643 1946 2703 B
1977 2644 2389 2709 mortificatio
2432 2645 2665 2722 carnia,
2708 2646 2951 2728 puritas
2988 2647 3222 2724 cordia,
3258 2665 3467 2711 exem-

361 2746 760 2822 meditandO,
795 2763 993 2826 seque
1035 2744 1524 2809 devotionaliter
1567 2763 1864 2807 exercen-

359 2847 466 2924 do,
501 2845 841 2909 obtineant
886 2843 1422 2907 illuminationem
1476 2853 1603 2907 tam
1649 2844 1864 2926 copio-

359 2965 522 3023 sam,
559 2953 628 3008 et
671 2942 993 3007 fervorem.
1039 2951 1168 3006 tam
1213 2943 1496 3006 validum
1541 2962 1579 3004 a
1624 2939 1866 3023 Spiritu

251 3055 262 3066 '
361 3044 621 3122 Sancto,
670 3043 844 3126 quod
897 3061 1116 3104 rursus
1169 3049 1455 3125 tempore
1501 3049 1864 3125 opportuno

362 3152 611 3225 queant
647 3142 808 3205 alios
849 3139 1050 3221 magis
1093 3139 1321 3203 idonee
1351 3140 1718 3217 informare,
1757 3160 1867 3222 pu-

363 3241 650 3319 rificare,
689 3240 1061 3303 accendere.

443 3343 660 3401 Porro
700 3339 836 3415 filii
875 3338 1049 3408 Heli,
1083 3338 1218 3414 filii
1254 3338 1495 3409 Belial,
1525 3340 1868 3399 nescientes

361 3439 732 3500 Dominum
772 3456 975 3515 neque
1014 3437 1294 3511 officium
1337 3438 1738 3497 sacerdotum
1781 3439 1868 3497 ad

355 3540 708 3615 poputum.
743 3533 859 3597 Per
901 3534 1132 3616 impios
1173 3533 1316 3597 illos
1355 3535 1738 3611 sacerdo·teS‚
1776 3536 1868 3597 in-

361 3637 724 3709 timoratos,
767 3651 1016 3709 avarOS,
1061 3633 1405 3711 adulteros»,
1453 3634 1867 3714 designantur

363 3754 540 3797 nunc
589 3730 876 3795 universi
920 3733 1276 3805 sacerdotes
1327 3742 1390 3795 et
1439 3732 1677 3810 clerici,
1728 3733 1867 3796 reli-

1973 2743 2236 2825 plaritas
2284 2744 2495 2825 operis
2548 2742 2929 2824 figurantur,
2984 2744 3221 2828 quibus
3277 2746 3468 2810 mini-

1975 2851 2138 2905 stros
2168 2843 2465 2907 Ecclesiae
2493 2842 2778 2906 decorari
2808 2852 3081 2925 oportet.
3117 2845 3355 2927 Nempe
3394 2854 3465 2908 ut

1973 2941 2200 3004 asserit
2228 2941 2447 3004 Glossa
2473 2959 2487 3002 :
2512 2941 2629 3015 Qui
2662 2943 2785 3004 Deo
2818 2942 3184 3006 ministrare
3218 2943 3465 3008 deside-

1974 3049 2093 3117 rat,
2128 3059 2385 3103 necesse
2429 3048 2527 3102 est
2577 3049 2646 3102 ut
2688 3049 2859 3104 caste
2902 3051 2962 3104 et
3008 3042 3221 3106 sobrie
3262 3044 3458 3122 vivat,
3527 3063 3758 3113 Titania.

1975 3140 2325 3221 praesertim
2367 3160 2565 3221 quum
2605 3136 2863 3203 cunctis'
2902 3139 3206 3204 fidelibus
3244 3142 3466 3224 jubeat

1973 3237 2259 3300 Christus
2285 3254 2299 3298 :
2324 3238 2549 3301 Videte
2574 3256 2653 3301 ne
2681 3248 3022 3318 graventur
3044 3242 3235 3303 corda
3256 3250 3466 3305 vestra
3496 3258 3756 3310 Lucana-¹.

1973 3336 2233 3419 crapula
2252 3336 2351 3401 vel
2372 3336 2688 3399 ebrietate.
2706 3336 2839 3411 Sed,
2860 3338 3020 3419 proh
3042 3339 3252 3403 dolor!
3278 3341 3467 3403 multi

1976 3454 2120 3498 cum
2154 3435 2311 3497 filiis
2333 3435 2468 3499 Heli
2494 3443 2789 3517 quaerunt
2820 3454 2949 3499 non
2980 3437 3185 3500 solum
3219 3437 3470 3502 suffici-

1974 3535 2168 3612 entia,
2194 3535 2302 3597 sed
2334 3542 2397 3597 et
2426 3533 3011 3616 superabundantia
3041 3544 3104 3598 et
3135 3537 3461 3602 delicatio-

1977 3652 2068 3710 ra,
2100 3641 2164 3696 et
2194 3633 2673 3696 incontinentiae
2703 3633 2989 3715 praebent
3020 3635 3456 3700 incitamenta.

2053 3734 2140 3793 Et
2187 3732 2476 3792 tunicam
2510 3750 2793 3809 parvam
2835 3733 3113 3812 faciebat
3151 3737 3214 3795 ei
3252 3747 3461 3797 mater

359 3831 526 3913 giosi
560 3838 758 3912 atque
787 3829 1230 3911 canonici,qui
1263 3830 1538 3912 amplius
1570 3840 1864 3912 quaerunt
1895 3828 1938 3891 C
1972 3852 2114 3893 sua.
2150 3829 2390 3892 Tunica
2420 3848 2633 3911 parva,
2669 3838 2766 3893 est
2796 3830 3059 3893 humilis
3089 3833 3242 3911 vita,
3267 3854 3463 3916 quam

361 3929 710 3994 commoda
749 3948 865 3991 sua
903 3936 966 3991 et
1007 3928 1473 3992 oblectamenta
1510 3929 1862 4007 immunda,

363 4028 940 4111 promotionesque
961 4026 1284 4108 propriaS,
1304 4046 1496 4108 quam
1528 4028 1639 4090 Dei
1670 4028 1870 4092 hono-

365 4148 502 4191 rem
535 4134 608 4191 et
635 4126 996 4189 animarum
1037 4125 1350 4200 salutem3
1395 4134 1458 4189 et
1488 4126 1870 4189 ecclesiasti-

366 4246 442 4289 ca
485 4226 687 4301 bona,
719 4224 1076 4288 oblationes
1120 4221 1442 4300 fidelium,
1475 4233 1539 4287 et
1577 4245 1719 4307 quae
1757 4227 1870 4289 Do-

368 4325 551 4389 mino
586 4321 977 4398 offeruntur,
995 4322 1367 4403 expendunt
1394 4324 1734 4388 carnaliter
1763 4334 1872 4388 aut

366 4421 676 4506 superbe,
712 4428 775 4483 et
818 4419 1101 4483 avaritiae
1144 4421 1403 4483 student
1437 4438 1450 4483 :
1487 4422 1706 4504 sicque
1752 4424 1870 4487 sub

367 4520 802 4603 professione,
830 4518 1090 4581 nomine
1119 4526 1184 4581 et
1213 4518 1436 4582 habitu
1467 4520 1873 4602 spiritualita-

367 4620 472 4696 tis,
507 4637 629 4682 cor
655 4626 890 4698 gerunt
918 4616 1232 4698 repletum
1265 4617 1648 4681 vanitatibus
1689 4638 1871 4683 mun-

365 4717 430 4780 di
475 4724 599 4780 aut
637 4715 816 4777 vitiis
857 4714 1089 4777 carniS.
1123 4715 1361 4778 Idcirco
1405 4725 1555 4778 sunt
1599 4716 1722 4779 filii
1765 4720 1872 4783 Be-

361 4816 498 4893 lial,
552 4813 848 4877 membra
904 4821 966 4876 et
1026 4813 1194 4876 servi
1246 4814 1506 4893 diaboli,
1562 4818 1868 4881 satellites

362 4914 853 4990 daemoniorum,
869 4913 1100 4995 quibus
1124 4912 1590 4977 inaestimabilis
1613 4916 1707 4977 ira
1733 4935 1866 4997 pro-

1974 3938 2176 3993 mater
2210 3928 2493 3992 Ecclesia
2536 3937 2715 4010 parat
2752 3948 2826 3992 ac
2865 3930 3051 3993 docet
3080 3930 3256 3997 filios
3291 3952 3462 4013 suoe,

1975 4036 2289 4111 quatenus
2316 4045 2509 4108 opera
2540 4038 2683 4104 sua,
2699 4029 3170 4109 quantumlibet
3206 4050 3455 4113 magna,

1977 4127 2043 4187 in
2075 4124 2436 4187 humilitate
2465 4124 2847 4201 custodiant,
2870 4126 3365 4209 parvipendant;
3402 4140 3465 4195 et

1976 4224 2293 4307 quidquid
2334 4222 2489 4286 boni
2533 4222 2599 4284 in
2643 4223 2736 4285 eis
2776 4231 2893 4301 est,
2928 4224 3055 4288 Deo
3098 4246 3351 4311 semper
3380 4240 3472 4293 at-

1978 4323 2261 4386 tribuant
2295 4339 2309 4384 :
2344 4321 2565 4403 sicque
2606 4320 2784 4402 juxta
2822 4322 2998 4385 Judae
3030 4327 3314 4406 apostoli
3358 4330 3468 4394 do-

1977 4430 2370 4497 cumentum,
2404 4419 2623 4483 odiant
2668 4438 2807 4482 eam
2853 4440 2994 4502 quoe
3042 4420 3315 4488 carnalis
3348 4437 3465 4506 est,
3542 4438 3669 4483 ποτε
3690 4439 3758 4480 2³.

1979 4520 2357 4584 maculatam
2388 4519 2694 4581 tunicam.
2717 4522 2801 4581 E't
2831 4520 3155 4583 benedioeit
3178 4526 3332 4585 Heli
3349 4530 3468 4588 Et-

1977 4642 2156 4681 canae
2184 4629 2243 4680 et
2274 4620 2471 4679 uxori
2498 4618 2659 4695 ejus,
2691 4619 2992 4696 cli-vitque
3012 4640 3035 4678 .·
3057 4623 3310 4684 Reddat
3349 4628 3469 4686 tibi

1982 4719 2296 4779 Dominus
2323 4736 2532 4777 semen
2560 4716 2641 4776 de
2673 4717 2940 4775 muliere
2968 4718 3089 4776 kae
3108 4738 3230 4794 pro
3260 4723 3469 4797 foeno-

1977 4838 2046 4877 re
2066 4819 2237 4896 quod
2256 4816 2670 4875 commodasti
2689 4814 2988 4875 Domino.
3010 4813 3110 4877 Sic
3136 4815 3287 4879 boni
3320 4839 3469 4902 prae-

1978 4914 2113 4991 lati,
2166 4913 2739 4993 religiosorumque
2795 4920 3027 4993 patreS,
3080 4913 3458 4982 benedicere

367 5016 672 5098 pinquat,
700 5022 765 5076 et
795 5012 1195 5075 intoleranda
1224 5013 1550 5076 damnatio
1583 5014 1872 5095 proxima
1902 5009 1950 5070 D
1979 5012 2216 5076 debent
2245 5010 2678 5085 saecularibuS,
2705 5009 2817 5090 qui
2849 5010 3134 5073 sobolem
3166 5032 3345 5077 suam
3378 5016 3471 5080 of-

368 5121 491 5191 est,
525 5112 687 5195 quia
731 5119 991 5194 peccata
1033 5130 1253 5175 eorum
1299 5120 1451 5174 sunt
1493 5130 1706 5176 coram
1749 5114 1874 5177 Deo

371 5212 650 5293 grandia
679 5210 876 5273 nimis
902 5226 915 5270 :
941 5228 1087 5272 nam
1119 5217 1186 5273 et
1214 5210 1524 5292 populum
1558 5211 1666 5274 Dei
1701 5230 1878 5276 enor-

1986 5109 2203 5174 ferunt
2232 5111 2357 5172 Deo
2389 5109 2455 5171 in
2488 5108 2645 5171 locis
2674 5107 2922 5170 devotis
2944 5125 2957 5169 :
2977 5108 3044 5169 in
3066 5110 3297 5189 quibus
3318 5114 3471 5178 dum

1985 5209 2197 5293 proles
2228 5208 2438 5270 oblata
2468 5224 2580 5268 seu
2613 5213 2843 5287 sponte
2874 5205 3180 5285 ingressa,
3207 5209 3370 5276 bene
3406 5234 3474 5278 se

375 5311 574 5374 miter
603 5306 1060 5384 scandalizant,
1090 5328 1165 5371 ac
1195 5308 1380 5371 bonis
1411 5310 1695 5373 ecclesiae
1732 5329 1877 5392 quae
1988 5308 2199 5385 habet,
2250 5305 2555 5387 gaudium
2610 5304 2780 5388 parit
2826 5304 3264 5386 superioribus
3316 5314 3470 5396 suiS,
