4359 6250
700 3154 733 3198 11
750 3155 856 3211 Rea.
869 3157 959 3207 nst.

1000 487 1118 548 462
1567 503 1915 549 ansanum
1958 503 2019 548 m
2062 504 2200 548 car.

2251 503 2285 544 V
2329 502 2485 550 unm
2531 502 2783 548 SECUNDI
2821 502 3046 548 REGUM.
3093 521 3174 534 -·
3213 503 3355 550 Am.
3403 504 3510 550 vm

996 674 1169 738 binis
1222 675 1764 739 assimilabantur.
1821 678 2106 756 Natique
2153 686 2308 736 sunt
2359 671 2487 756 ipsi
2517 671 2568 732 A
2597 695 2799 757 equus
2837 685 3097 760 paratur
3126 678 3206 738 ad
3235 678 3404 740 diem
3435 674 3613 751 belli,
3647 672 3966 737 Dominus
3959 691 4064 734 au·
4109 685 4256 730 rrum

1004 777 1218 835 Davzd
1246 786 1305 836 et
1334 779 1461 836 alii
1488 777 1623 854 filu·
1650 787 1710 837 et
1739 777 1921 856 filioe.
1942 779 2026 836 Et
2056 778 2190 836 hoec
2221 775 2488 834 nomina
2597 782 2722 836 tem
2745 775 3014 838 salutem
3039 775 3283 838 tribuit.
3298 775 3514 838 Voluit
3545 783 3756 836 autem
3775 771 4062 836 Dominus
4085 748 4138 789 ³¹·

996 895 1219 935 eorum
1258 877 1374 953 qui
1412 878 1556 935 nati
1584 884 1737 934 sunt
1766 876 1827 933 ei
1858 876 1929 934 in
1958 877 2337 942 Jerusalem,
2371 875 2488 932 Sa-

996 994 1151 1034 mua
1182 983 1241 1033 et
1262 976 1494 1043 Sobab,
1515 976 1775 1034 Nathan
1801 983 1859 1033 et
1884 977 2213 1043 Salomon,
2233 981 2292 1031 et
2308 973 2486 1032 Jeba-

992 1074 1118 1132 kar
1144 1082 1204 1133 et
1238 1074 1469 1133 Elisua
1498 1082 1557 1132 et
1590 1075 1875 1149 Neplzeq,
1896 1081 1955 1132 ec
1982 1073 2226 1148 japhia
2257 1079 2315 1130 et
2333 1070 2484 1130 -Eci-

988 1192 1173 1232 sama
1191 1181 1251 1230 ec
1270 1173 1516 1232 Eliada
1534 1181 1593 1230 ec
1613 1173 2003 1249 Eliplzaleclt.
2022 1168 2479 1250 Exprimuntur

991 1268 1096 1332 hic
1128 1269 1425 1332 undecim
1458 1268 1604 1345 titii,
1628 1268 1739 1350 qui
1772 1268 1831 1331 ei
1864 1268 1929 1330 in
1959 1267 2308 1330 Jerusalem
2343 1265 2476 1328 nati

990 1375 1161 1444 sunt,
1199 1367 1363 1430 inter
1392 1386 1553 1450 quos
1589 1367 1845 1448 ponitur
1876 1365 2143 1441 Nathan,
2169 1364 2283 1446 qui
2316 1363 2479 1426 alius

992 1465 1115 1527 fuit
1152 1486 1189 1528 a
1228 1465 1471 1529 Nathan
1516 1465 1847 1547 propheta,
1881 1483 2073 1547 quem
2116 1463 2314 1526 David
2355 1461 2477 1524 sibi

990 1565 1316 1646 adoptavit
1372 1564 1436 1626 in
1499 1563 1707 1626 filium
1759 1572 1902 1645 post
1960 1572 2230 1626 mortem
2280 1561 2478 1644 patris

992 1663 1184 1725 illius.
1220 1664 1399 1726 Circa
1426 1663 1561 1726 haec
1590 1663 1813 1726 scribit
1842 1662 2126 1743 quidam,
2161 1662 2332 1743 quod
2365 1661 2480 1723 Da-

992 1762 1097 1824 vid
1140 1763 1413 1844 sumpsit
1458 1763 1571 1824 has
1616 1761 1829 1844 plures
1874 1779 2101 1824 uxores
2144 1761 2223 1823 ad
2266 1759 2480 1821 multi-

2597 873 2662 935 in
2705 874 2937 936 talibus
2977 875 3198 937 haberi
3231 893 3554 937 recursum
3587 871 3670 934 ad
3697 891 3784 934 se.
3817 871 4060 951 Propter

2595 973 2764 1053 quod
2796 974 2876 1036 de
2905 972 3174 1056 perfidis
3203 972 3360 1035 filiis
3389 972 3575 1035 lsrael
3618 971 3704 1034 ita
3741 989 3866 1032 non
3894 987 4062 1048 agen-

2594 1070 2787 1148 tibus,
2807 1071 2896 1134 ait
2917 1091 3029 1155 per
3050 1072 3271 1135 isaiam
3297 1071 3438 1134 :Vae
3461 1070 3586 1133 titii
3609 1071 3976 1142 desertores,
3995 1075 4054 1130 ut
4079 1087 4255 1131 amr:

2592 1169 2885 1233 faceretis
2915 1171 3278 1248 consilium,
3303 1180 3365 1233 et
3397 1188 3524 1234 non
3555 1189 3631 1233 ex
3661 1187 3761 1231 me
3779 1192 3796 1242 ς
3817 1177 3882 1230 et
3907 1165 4056 1229 ordi-

2593 1269 2821 1332 remini
2858 1270 3070 1346 telam,
3104 1278 3170 1333 et
3201 1288 3326 1333 non
3359 1289 3472 1351 per
3491 1268 3786 1352 spiritum
3813 1285 4050 1330 meum:

2591 1377 2652 1430 et
2691 1388 2762 1432 os
2795 1389 3006 1433 meum
3041 1389 3170 1432 non
3212 1368 3669 1448 interrogastis.
3711 1365 3884 1428 Unde
3927 1383 4052 1426 rur—

2589 1487 2698 1529 sus
2743 1468 3023 1549 loquitur
3061 1469 3300 1530 lsaias:
3338 1466 3658 1548 Numquid
3699 1484 3823 1528 non
3861 1485 3899 1527 a
3939 1464 4049 1526 Deo
4103 1472 4255 1520 nnita

2588 1585 2703 1629 suo
2754 1567 3027 1648 populus
3073 1566 3398 1648 requiret?
3435 1568 3520 1626 Et
3547 1567 3725 1625 divit
3757 1565 4049 1624 Dominus
4076 1536 4126 1574 ¹⁹

2587 1668 2674 1725 ad
2702 1668 2943 1727 David.
2977 1664 3257 1739 Qualiter
3290 1665 3427 1727 istae
3459 1663 3958 1727 consultationes
3981 1679 4046 1722 ae

2588 1763 2807 1828 divina
2837 1782 3141 1846 responsa
3173 1763 3437 1839 fiebant,
3473 1763 3712 1826 dictum
3743 1771 3836 1824 est
3871 1778 4042 1840 saepe.

988 1861 1355 1943 plicaudum
1396 1862 1663 1944 prolem,
1698 1880 1841 1942 quae
1878 1861 2375 1942 conjungeretur
2411 1859 2476 1920 in
2515 1857 2561 1919 B
2589 1866 2872 1923 Ascende
2901 1871 3119 1926 contra
3149 1881 3258 1926 eos
3291 1881 3436 1924 cum
3473 1861 3710 1944 populo
3745 1868 3872 1936 tuo,
3905 1861 4044 1938 quia

988 1960 1463 2023 matrimonium
1498 1958 1923 2022 nobilioribus
1952 1959 2129 2038 regni
2163 1958 2280 2035 sui,
2303 1957 2476 2021 etsie

986 2068 1199 2122 essent
1229 2059 1348 2121 sibi
1383 2057 1706 2121 affinitate
1737 2057 2064 2139 conjuncti
2096 2057 2176 2120 ad
2207 2055 2478 2118 firmita-

986 2167 1113 2221 tem
1160 2158 1338 2237 regni
1382 2156 1481 2220 sui
1526 2157 1854 2238 majorem.
1889 2157 2018 2220 Hoc
2067 2175 2208 2219 reor
2252 2155 2471 2231 etiam,

984 2257 1155 2339 quod
1188 2257 1331 2320 ideo
1360 2256 1607 2338 accepit
1638 2263 1729 2318 tot
1759 2255 2084 2336 conjugeS,
2121 2262 2190 2317 ut
2221 2272 2478 2334 augere-

986 2363 1090 2419 tur
1133 2355 1199 2418 in
1246 2356 1465 2419 sobole
1504 2374 1619 2417 sua
1655 2355 1863 2418 cultus
1903 2354 2093 2416 unius
2134 2354 2270 2416 veri
2309 2353 2418 2417 Dei
2457 2371 2470 2415 :

984 2456 1169 2536 quus
1200 2455 1409 2518 cultus
1441 2463 1589 2517 tunc
1618 2453 2114 2518 conservabatur
2145 2453 2212 2514 in
2245 2453 2479 2536 populo

984 2553 1170 2616 lsrael
1220 2547 1349 2636 per'
1378 2549 1697 2618 carnalem
1748 2552 2186 2634 propaginem,
2247 2553 2476 2616 ceteris

981 2653 1279 2734 gentibus
1308 2653 1387 2716 ad
1420 2651 1845 2715 idololatriam
1885 2651 2105 2732 lapsiS.

1062 2753 1534 2833 consequenter
1584 2750 1818 2831 duplex
1867 2749 2135 2812 victoria
2185 2758 2476 2812 narratur

985 2851 1120 2932 regi
1155 2850 1346 2914 David
1378 2858 1597 2913 contra
1618 2848 1969 2912 Philistaeos
2000 2867 2324 2912 concessa.
2346 2854 2478 2911 Au-

986 2953 1252 3011 dieram
1298 2968 1444 3027 erqo
1492 2950 1859 3010 philistiim
1908 2951 2079 3028 quod
2133 2949 2473 3009 umissem

2591 1965 2848 2022 tradens
2875 1965 3038 2023 dabo
3069 1963 3436 2023 Philistum
3467 1963 3539 2022 in
3570 1981 3766 2022 manu
3799 1970 3930 2020 tua.

2685 2063 2868 2122 Venit
2907 2081 3056 2138 erqo
3091 2063 3311 2122 David
3350 2063 3424 2121 in
3453 2061 3969 2136 Baalpharasim,
3995 2067 4048 2116 et

2577 2161 2894 2236 percussit
2912 2180 3011 2220 eos
3031 2161 3139 2230 ibi,
3155 2168 3215 2219 et
3231 2161 3429 2230 dimit,
3444 2159 3569 2221 Deo
3591 2157 3819 2236 gratias
3849 2173 4042 2235 agenS,

2585 2265 2648 2320 et
2677 2258 2735 2320 ei
2767 2257 3160 2340 triumphum
3182 2257 3551 2320 adscribens
3573 2258 3842 2319 :Divisit
3861 2257 4046 2317 Domi-

2584 2377 2709 2418 nus
2753 2358 3052 2418 inimicos
3093 2377 3256 2417 meos
3283 2377 3500 2417 coram
3539 2377 3659 2426 me,
3691 2357 3854 2415 sicut
3895 2354 4044 2414 divi-

2583 2457 2835 2524 duntur
2853 2477 3060 2536 aquoe,
3087 2454 3152 2517 id
3171 2463 3282 2530 est,
3303 2455 3477 2517 dedit
3506 2454 3662 2516 mihi
3685 2463 3743 2517 et
3765 2451 4044 2516 exercitui

2585 2573 2727 2617 meo
2757 2553 3058 2617 virtutem
3090 2554 3390 2619 vincendi
3429 2554 3544 2616 hos
3575 2553 3938 2627 Philistaeos,
3970 2550 4044 2610 ita

2584 2651 2756 2734 quod
2784 2652 3093 2734 quosdam
3124 2652 3495 2728 occidendo,
3511 2652 3818 2732 quosdam
3843 2649 4044 2728 fugan-

2583 2751 2688 2826 do,
2720 2750 3058 2814 divisimus
3089 2750 3234 2813 illos
3263 2750 3345 2813 ab
3376 2749 3648 2813 invicem
3681 2747 3830 2811 satis
3863 2745 4044 2809 facili·

2585 2857 2700 2925 ter,
2735 2849 3270 2930 quemadmodum
3315 2847 3505 2912 facile
3541 2857 3640 2911 est
3667 2867 3892 2929 aquam
3929 2854 4044 2906 tan-

2586 2967 2774 3028 quam
2839 2967 2972 3010 rem
3033 2947 3293 3010 mollem
3352 2947 3660 3011 dividere.
3719 2950 4040 3023 Propterea

990 3050 1209 3113 David
1238 3051 1311 3110 in
1341 3067 1549 3126 reyem
1578 3066 1772 3125 super
1792 3045 2169 3108 Israel.Ja1n
2200 3054 2346 3108 ante
2375 3064 2479 3108 au·
2513 3046 2556 3110 C
2590 3056 2878 3107 vocatum
2911 3057 3001 3108 est
3027 3067 3257 3108 nomen
3291 3049 3414 3106 loci
3443 3047 3649 3115 illius,
3673 3047 4043 3122 Baalpleara·

993 3146 1450 3228 dierant,quod
1482 3144 1677 3208 David
1710 3152 2000 3224 regnaret
2025 3163 2217 3227 super
2239 3144 2474 3207 tribum

986 3245 1143 3307 Juda
1184 3244 1249 3306 in
1286 3244 1561 3320 Hebron,
1599 3244 1709 3305 sed
1754 3244 1831 3305 de
1876 3242 1996 3306 hoc
2039 3242 2254 3305 minus
2299 3262 2479 3305 cura-

988 3343 1161 3406 bant.
1180 3342 1445 3423 Cognito
1476 3350 1687 3404 autem
1718 3342 1887 3422 quod
1921 3350 2149 3405 unctus
2180 3350 2347 3405 esset
2377 3362 2478 3404 su-

986 3460 1098 3523 per
1127 3440 1461 3504 duodecim
1497 3439 1807 3503 tribusin
1849 3456 2083 3517 regem,
2123 3438 2476 3502 timuerunt

984 3540 1154 3622 quod
1185 3538 1277 3601 eis
1310 3538 1650 3615 resisteret,
1687 3556 1803 3601 nec
1844 3536 2031 3600 solita
2063 3537 2302 3601 tributa
2335 3556 2475 3619 per-

984 3638 1277 3713 solveret,
1312 3645 1382 3699 ut
1425 3636 1627 3717 aliqui
1672 3635 1928 3710 dicunt3
1974 3644 2036 3698 et
2078 3636 2234 3716 quia
2277 3636 2474 3699 scive-

983 3745 1133 3799 runt
1171 3735 1381 3819 ipsum
1423 3735 1619 3798 David
1661 3754 1799 3797 esse
1838 3734 2354 3797 strenuissimum
2386 3744 2473 3797 at-

982 3854 1107 3916 que
1138 3834 1558 3898 fortissimum
1589 3832 1821 3909 virum,
1840 3832 2208 3895 metuebant
2237 3833 2470 3895 vastari

984 3952 1096 4016 per
1126 3952 1269 3995 cum
1310 3950 1323 3994 ε
1360 3933 1502 3996 ideo
1536 3932 1872 3996 volucrunt
1909 3950 2053 3993 eum
2098 3930 2472 4012 tempestive

984 4032 1050 4094 in
1099 4032 1358 4114 propria
1406 4040 1573 4093 terra
1621 4030 2005 4113 opprimere.
2039 4032 2126 4090 Et
2176 4034 2472 4091 ascende-

982 4140 1140 4191 runt
1170 4133 1486 4201 universi,
1517 4130 1581 4191 id
1614 4138 1711 4193 est
1740 4129 1997 4211 quidam
2031 4128 2111 4191 de
2141 4128 2463 4207 omnibuS‚

2585 3148 2710 3207 sim
2742 3167 2764 3205 .·
2796 3147 2968 3227 quod
2999 3146 3472 3228 interpretatur,
3499 3145 3775 3209 virorum
3806 3141 4036 3215 divisio,

2587 3244 2738 3325 quia
2768 3242 2889 3307 viri
2921 3243 3220 3306 Philistaei
3255 3243 3342 3305 ibi
3376 3244 3456 3306 ab
3489 3244 3759 3308 invicem
3795 3250 3934 3304 sunt
3962 3239 4042 3301 di-

2586 3342 2730 3405 visi.
2777 3343 2890 3406 Vel
2938 3363 2976 3406 a
3023 3362 3204 3421 asan,
3257 3344 3429 3425 quod
3479 3353 3574 3406 est
3623 3362 3880 3425 campus
3923 3340 4042 3401 sire

2585 3441 2904 3523 planitieS,
2928 3450 2991 3504 et
3019 3458 3280 3518 ritanus,
3305 3442 3558 3518 divisio,
3584 3441 3762 3523 quasi
3799 3456 4036 3519 campus

2585 3539 2941 3604 divisionis,
2975 3540 3089 3602 Vel
3127 3560 3166 3602 a
3199 3558 3378 3617 BAAL,
3414 3540 3584 3622 quod
3627 3547 3724 3603 est
3762 3538 3908 3601 idoti
3947 3553 4040 3597 no-

2581 3658 2750 3716 men,
2787 3648 2849 3701 et
2892 3658 3151 3717 ruanas,
3185 3639 3440 3715 divisio,
3477 3640 3629 3721 quia
3673 3640 4038 3720 reliquerunt

2586 3736 2674 3800 ibi
2719 3737 2890 3800 idola
2933 3756 3068 3814 sua,
3102 3746 3165 3800 et
3204 3736 3283 3799 ab
3321 3737 3415 3799 eis
3451 3737 3644 3800 divisi
3684 3745 3851 3798 sunt..
3881 3733 4036 3796 Unde

2584 3835 2993 3919 subjungitur
3019 3852 3033 3896 ἱ
3058 3839 3144 3897 Ec
3174 3838 3577 3915 reliquerunt
3609 3838 3705 3896 ibi
3731 3833 4034 3912 sculptilia

2579 3956 2722 4006 sua,
2739 3934 3036 3997 videlicet
3057 3933 3398 3996 simulacra
3417 3934 3650 4013 Dagon,
3677 3953 3820 4014 quae
3839 3930 4040 3994 attule-

2585 4040 2732 4093 runt
2754 4051 2991 4107 secum,
3019 4040 3329 4095 uteorum
3355 4032 3593 4094 auxilio
3621 4031 4032 4113 praevalereut‚

2581 4152 2724 4209 quw
2746 4134 2896 4191 tulit
2916 4132 3134 4193 David
3152 4141 3210 4191 et
3233 4133 3365 4190 viri
3383 4132 3525 4207 ejus
3547 4149 3764 4193 secum
3789 4147 3804 4191 ε
3833 4148 3949 4191 non
3977 4134 4034 4187 ut

982 4239 1055 4289 ut
1112 4239 1465 4309 quoererent
1519 4232 1737 4291 David
1788 4230 1867 4291 ad
1929 4226 2462 4309 impugnandum.
2503 4237 2552 4298 D
2579 4228 2862 4292 colerent
2897 4247 2992 4305 ea,
3028 4230 3136 4291 sed
3176 4226 3555 4292 conflarent.
3590 4229 3850 4311 Propter
3879 4224 4028 4308 quod

986 4332 1167 4397 Quod
1208 4350 1409 4409 quum
1448 4332 1730 4389 audisset
1764 4330 2003 4399 David,
2036 4330 2361 4388 descendit
2391 4329 2470 4391 do

979 4444 1124 4489 arce
1156 4426 1327 4503 Sion,
1362 4429 1434 4487 in
1457 4426 1869 4503 prce-sidium,
1904 4424 1965 4487 id
2006 4434 2101 4489 est
2140 4426 2220 4487 ad
2265 4425 2471 4487 muni-

980 4525 1219 4588 tionem
1250 4525 1348 4589 vel
1380 4526 1459 4587 ad
1490 4523 1713 4586 salutis
1754 4524 2325 4605 propugnaculum,
2360 4534 2471 4588 aut

980 4624 1287 4687 auxilium
1340 4623 1816 4705 requirendum.
1850 4625 2222 4685 Plcile‘sciim
2253 4636 2470 4687 autem

982 4726 1322 4794 venientes,
1354 4725 1588 4800 diffusi
1624 4731 1778 4783 sunt
1810 4724 1881 4783 in
1916 4726 2081 4783 valle
2108 4726 2466 4801 Raphaim,

982 4841 1109 4885 non
1131 4823 1350 4904 procul
1373 4842 1409 4885 a
1427 4821 1794 4885 Jerusalem.
1814 4824 1894 4883 Ec
1914 4824 2237 4882 consuluit
2257 4824 2471 4883 David

980 4923 1334 4983 Dominum
1366 4939 1479 5002 per
1520 4919 1920 5002 pontificem,
1955 4922 2173 4981 dicens
2205 4940 2228 4980 .·
2261 4922 2364 4989 Si,
2404 4920 2470 4981 id

982 5027 1077 5081 est
1105 5038 1211 5097 an,
1234 5022 1575 5080 ascendam
1595 5022 1682 5079 ad
1701 5019 2097 5087 Philistiim,
2120 5029 2180 5079 et
2209 5020 2268 5078 si
2286 5021 2470 5079 dabis

979 5138 1079 5177 eos
1109 5120 1181 5178 in
1212 5138 1415 5178 manu
1446 5122 1633 5177 mea?
1653 5115 1831 5178 Unde
1860 5123 2129 5193 constat,
2149 5117 2322 5198 quod
2361 5117 2472 5179 Da-

982 5216 1089 5278 vid
1114 5224 1305 5279 totam
1324 5234 1503 5297 spem
1524 5234 1705 5277 suam
1724 5214 2059 5277 collocavit
2081 5214 2146 5277 in
2168 5216 2310 5291 Deo,
2329 5216 2471 5295 ejus

980 5313 1251 5378 consilio
1285 5313 1651 5394 auxilioque
1692 5312 1995 5391 innitenS‚
2030 5314 2241 5377 sciens
2284 5315 2456 5395 quod

2577 4326 2786 4411 primo
2826 4328 2990 4390 libro
3027 4327 3550 4410 Paralipomenon
3592 4328 3842 4408 legitur,
3879 4322 4026 4407 quod

2578 4426 2772 4489 David
2802 4426 2994 4507 jussit
3015 4446 3089 4489 ea
3119 4426 3319 4503 exuri,
3343 4425 3520 4506 juxta
3544 4427 3717 4508 quod
3751 4426 3815 4488 in
3839 4426 4032 4488 Deute-
4076 4427 4230 4519 2⁹⁸⁰&

2581 4525 2865 4588 ronomio
2880 4523 3179 4587 Dominus
3199 4524 3318 4586 ait:
3334 4523 3665 4607 Sculptilia
3684 4522 4026 4587 comburite.
4059 4496 4228 4595 ’ἷωμπ

2576 4622 2752 4697 Quod
2773 4632 2982 4685 tamen
3002 4622 3080 4685 ad
3104 4622 3378 4684 litteram
3399 4623 3639 4686 dictum
3662 4623 3691 4684 f
3695 4624 3787 4686 uit
3805 4624 3884 4686 de
3904 4622 4034 4685 Cha·

2579 4739 2942 4783 nanaeorum
2993 4720 3418 4802 sculptilibus.
3461 4721 3669 4797 Porro,
3701 4722 4026 4784 secundum

2579 4820 2823 4901 Lyram,
2862 4818 2926 4879 in
2967 4819 3227 4882 Hebraeo
3267 4819 3554 4895 habetur,
3587 4820 3940 4883 Combussit
3965 4835 4026 4877 ea

2579 4918 2807 4991 David3
2841 4918 2950 4980 sed
2981 4917 3180 4997 magis
3211 4926 3387 4999 puto,
3406 4919 3575 4998 quod
3597 4918 3860 4981 verbum
3892 4914 4028 4979 ittud

2577 5018 2953 5081 Hebraicum
2985 5017 3068 5079 sit
3096 5018 3174 5080 ad
3207 5026 3546 5099 utrumque
3575 5019 3980 5099 aequivocum.
4243 5064 4245 5136 4

2661 5120 2744 5178 Ec
2781 5118 3180 5177 addiderunt
3215 5118 3430 5177 adhuc
3463 5119 3822 5178 Philistiim
3859 5128 3928 5178 ue
3953 5136 4036 5175 as-

2579 5220 2915 5277 cenderent
2942 5234 3088 5277 cum
3120 5214 3399 5277 exercitu
3429 5214 3868 5297 maJoriquam
3885 5222 4031 5279 ante.

2577 5325 2638 5375 et
2664 5315 2896 5391 diffusi
2925 5323 3080 5373 sunt
3109 5315 3182 5373 in
3211 5316 3380 5373 valle
3407 5316 3737 5392 Rapkaim
3767 5337 3790 5375 .·
3819 5317 3898 5378 de
3929 5330 4034 5395 qut
