4359 6250
149 1080 280 1124 Deae.
305 1096 365 1131 w,

93 1146 168 1193 «ω’,
199 1158 240 1193 v,
279 1148 362 1196 Ιθς

95 1220 187 1253 nn.
211 1210 282 1249 20.

121 1674 168 1716 ΙΙΙ
182 1676 288 1729 neq.
305 1689 364 1720 xt-

103 1740 186 1779 4-8.

145 4242 249 4285 Dan.
270 4256 310 4293 x,
335 4247 371 4288 Ι.

1041 494 1390 543 ΕΝΑΒΒΑΤῙΟ
1433 496 1492 541 m
1537 495 1672 541 GAP.
1723 494 1788 539 111
1829 493 1988 539 me
2027 493 2227 538 'rt-:mn
2268 492 2493 539 amun.
2537 512 2618 523 —-
2659 493 2801 539 Am.
2850 494 2885 536 V

3381 472 3501 539 603

391 669 576 729 sieut
617 671 982 731 ambulavit
1016 680 1208 748 pater
1248 678 1417 744 tuus,
1453 667 1517 730 id
1561 676 1656 731 est
1701 686 1910 751 perse-
1940 665 1991 728 A
2022 684 2120 728 res
2153 665 2575 728 ostenduntur
2604 674 2796 747 prout
2822 673 2972 727 sunt
3001 672 3110 727 aut
3141 663 3330 742 fiunt,
3366 662 3501 729 sive

395 776 732 845 veranter,
769 777 832 832 et
862 788 1062 851 quum
1104 769 1432 846 cecideriS,
1467 768 1906 851 poenitentiam

398 866 642 946 egeriS,
683 871 900 945 lore-yos
947 870 1196 947 faciam
1239 869 1376 929 dies
1427 878 1584 929 tuoe.
1628 866 1804 930 Unde
1848 874 1911 929 et

397 966 654 1050 Moyses
678 966 745 1028 in
777 966 1265 1029 Deuteronomio
1298 985 1370 1030 ac
1399 965 1554 1029 alibi
1586 984 1752 1048 saepe
1771 965 1912 1027 hor-

399 1073 584 1127 tatur
621 1083 633 1127 :
669 1066 930 1129 Custodi
981 1074 1297 1148 praecepta
1339 1065 1589 1129 Domini
1635 1064 1744 1127 Dei
1788 1065 1905 1141 tui,

401 1174 480 1227 ut
515 1164 707 1244 longo
740 1165 920 1229 vivas
952 1173 1257 1247 tempore.
1279 1164 1398 1228 Sed
1429 1165 1600 1227 circa
1629 1164 1761 1227 haec
1791 1164 1912 1227 ori-

403 1274 519 1329 tur
565 1256 867 1346 quaestio,
915 1262 1069 1345 quia
1125 1264 1191 1326 in
1245 1262 1456 1327 verbis
1510 1264 1610 1325 his
1658 1263 1911 1327 videtur

399 1363 720 1427 Dominus
754 1362 1136 1439 insinuasse,
1170 1363 1340 1444 quod
1370 1362 1425 1424 si
1456 1360 1750 1426 Salomon
1781 1380 1906 1427 non

399 1462 768 1526 ambularet
801 1462 865 1523 in
899 1462 1022 1525 viis
1053 1462 1207 1539 suiS,
1235 1470 1304 1525 ut
1334 1462 1549 1540 David,
1587 1481 1713 1525 non
1747 1460 1912 1524 face-

399 1570 508 1623 ret
537 1562 676 1625 dies
710 1562 914 1644 ipsius
945 1561 1168 1641 longos
1197 1561 1390 1643 :quid
1421 1570 1517 1624 est
1547 1562 1908 1643 ergo,quod

402 1659 710 1723 Salomon
745 1660 979 1741 legitur
1004 1660 1104 1722 inf
1109 1680 1176 1723 ra
1201 1680 1497 1742 peccasse
1515 1660 1905 1741 gravissime,

401 1768 472 1820 et
519 1758 726 1821 nihilo
773 1759 986 1822 minus
1031 1760 1364 1821 senuisse?
1399 1758 1526 1820 imo
1559 1759 1906 1821 secundum

2020 764 2088 826 in
2134 764 2376 844 vigilia,
2413 765 2549 827 sive
2580 764 2646 826 iu
2680 773 2865 847 raptu
2906 772 2969 828 et
3000 764 3247 841 ecstasi,
3282 774 3393 827 aut
3434 764 3499 827 in

2019 881 2265 926 somno.
2295 862 2623 926 Somnium
2656 882 2807 927 vero
2830 864 3063 927 dicitur
3094 863 3397 927 revelatio
3420 863 3507 925 [a-

2020 971 2121 1026 cta
2163 962 2233 1023 in
2278 982 2502 1026 somno
2542 982 2655 1045 per
2697 962 3103 1044 imaginarias
3144 962 3509 1025 similitudi-

2022 1081 2157 1139 nes„
2192 1062 2395 1142 magis
2441 1062 2709 1125 obscure
2744 1080 2759 1123 :
2794 1062 2935 1125 ideo
2979 1063 3328 1126 secundum
3372 1062 3511 1125 Hie-

2023 1180 2358 1243 ronymum
2408 1180 2599 1242 super
2646 1160 2992 1238 Danielem,
3039 1160 3288 1224 somnia
3336 1170 3507 1238 sunt,

2022 1259 2259 1342 quibus
2288 1277 2402 1340 per
2434 1260 2719 1341 symbola
2758 1267 2821 1321 et
2857 1259 3210 1340 aenigmata,
3245 1267 3354 1322 aut
3397 1278 3512 1341 per

2024 1359 2488 1442 phantasmata,
2521 1358 2734 1440 aliqua
2783 1359 3317 1421 demonstrantur.
3351 1358 3511 1421 Hinc

2025 1457 2224 1519 Rabbi
2259 1457 2492 1539 Moyses
2525 1457 2829 1539 loquitur,
2862 1457 3031 1538 quod
3064 1455 3383 1519 somnium
3416 1465 3512 1519 est

2022 1576 2205 1619 casus
2237 1576 2274 1617 a
2304 1555 2638 1639 prophetia
2668 1563 2730 1617 et
2753 1555 3022 1632 visione,
3043 1555 3343 1637 quoniam
3375 1575 3511 1638 pro·

2020 1655 2241 1737 phetia
2288 1663 2382 1716 est
2426 1654 2589 1717 visio
2634 1655 2699 1717 in
2751 1654 2994 1717 lumine
3042 1654 3506 1736 intelligentiae,

2019 1754 2337 1815 somnium
2360 1762 2571 1816 autem
2594 1762 2688 1815 est
2708 1752 3132 1816 manifestatio
3156 1752 3507 1817 futurorum

397 1858 782 1940 Josephum,
807 1866 876 1919 ut
908 1856 1080 1920 infra
1112 1865 1426 1937 tangetur,
1453 1856 1774 1938 octoginta
1803 1876 1907 1919 an·
1943 1853 1990 1915 B
2019 1861 2127 1916 aut
2173 1860 2559 1916 secretorum
2596 1852 2659 1913 in
2705 1851 3001 1932 imagine,
3038 1852 3156 1915 hoc
3188 1861 3283 1915 est
3314 1853 3510 1935 phan-

403 1956 512 2018 nis
559 1956 872 2035 regnavit.
908 1956 1002 2019 Ad
1032 1957 1203 2038 quod
1239 1956 1472 2038 poterit
1511 1955 1903 2037 responderi,

399 2056 584 2136 quod
618 2055 924 2117 Dominus
957 2075 1070 2137 per
1100 2054 1588 2138 promissionem
1614 2054 1788 2117 illam
1810 2074 1912 2117 vo-

402 2154 530 2215 luit
564 2154 970 2217 Salomonem
1002 2171 1348 2235 provocare
1385 2153 1464 2215 ad
1504 2172 1911 2235 perseveran-

401 2252 562 2314 dum
615 2252 683 2314 in
734 2251 942 2328 boniS,
992 2271 1120 2315 non
1169 2260 1380 2315 tamen
1431 2252 1684 2331 negavit
1733 2271 1801 2314 se
1850 2252 1907 2315 ei

401 2352 708 2413 daturum
757 2350 894 2414 dies
944 2351 1192 2431 longOS,
1235 2351 1288 2412 si
1338 2351 1609 2413 caderet.
1643 2351 1904 2429 Rursus»,

401 2470 525 2532 per
569 2448 768 2512 verba
820 2448 928 2512 illa
974 2449 1393 2530 significavit,
1425 2450 1596 2530 quod
1646 2469 1911 2532 peccan-

401 2550 490 2612 do
521 2555 879 2610 mereretur
918 2548 1065 2610 vitae
1105 2547 1650 2611 abbreviationem
1685 2565 1699 2609 ε
1735 2550 1908 2629 quod

400 2646 602 2708 etiam
636 2646 701 2707 in
730 2662 806 2709 eo
841 2645 1054 2708 forsan
1098 2645 1432 2727 impletum
1465 2652 1582 2708 est.
1617 2644 1775 2719 Quid
1808 2665 1908 2709 ve-

403 2764 478 2808 ro
508 2745 592 2807 de
623 2743 840 2809 verbis
877 2743 1132 2826 Iosephi
1177 2743 1581 2807 sentiendum
1623 2751 1901 2825 putetur,

401 2842 583 2905 infra
615 2843 953 2924 pandetur.
983 2842 1200 2924 Aliqui
1232 2842 1424 2905 etiam
1457 2842 1699 2920 dicunt,
1735 2843 1905 2925 quod

402 2941 710 3024 plurimis
763 2942 949 3003 annis
1001 2940 1158 3003 vixit
1205 2941 1398 3023 juste,
1434 2949 1496 3004 et
1543 2941 1764 3023 paucis
1811 2941 1906 3003 in-

2021 1951 2246 2016 tastica
2291 1950 2525 2033 specie,
2569 1949 2677 2012 ubi
2724 1950 2891 2012 cadit
2931 1960 2994 2013 et
3032 1951 3213 2034 quasi
3258 1969 3511 2017 occum-

2019 2051 2114 2113 bit
2149 2050 2590 2132 intelligentiae
2630 2048 2868 2111 lumen.
2912 2050 3123 2127 Porro,
3159 2051 3507 2113 secundum

2018 2149 2370 2224 Albertum‚
2426 2148 2755 2211 oraculum
2806 2156 2900 2211 est
2947 2168 3243 2231 expressa
3298 2167 3509 2211 rerum

2021 2248 2373 2331 praedictio,
2410 2248 2472 2310 id
2516 2257 2613 2311 est
2656 2247 3107 2331 praenuntiatio
3144 2246 3507 2323 manifesta,

2022 2356 2083 2410 ct
2130 2346 2195 2409 in
2240 2364 2465 2409 somno
2510 2354 2807 2429 percepta
2842 2362 2855 2407 ε
2892 2345 3260 2427 frequenter
3299 2354 3508 2408 tamen

2021 2464 2136 2528 pro
2159 2444 2547 2508 revelatione
2571 2444 2942 2528 responsiva
2972 2444 3051 2507 ad
3083 2444 3389 2525 inquisita
3418 2464 3511 2509 ac-

2019 2544 2278 2627 cipitur.

2090 2648 2429 2723 Quumque
2474 2645 2740 2703 venisset
2790 2642 3085 2705 Salomon
3124 2646 3503 2713 Jerusalem,

2018 2746 2192 2804 stetit
2231 2763 2447 2804 eoram
2477 2763 2627 2802 area
2658 2743 2922 2819 foederz's
2952 2744 3221 2803 Domini
3240 2763 3263 2803 .·
3289 2741 3503 2803 statim

2016 2860 2294 2923 namque
2325 2860 2401 2903 ex
2431 2839 2787 2903 devotionis
2821 2838 3093 2916 fervore,
3129 2839 3390 2903 intravit
3420 2848 3503 2902 ta-

2017 2940 2456 3018 bernaculum,
2477 2940 2542 3001 in
2564 2958 2690 3022 quo
2709 2940 2904 3003 David
2938 2949 3235 3022 posuerat
3265 2959 3497 3017 arcam,

398 3040 598 3121 juste,
633 3058 707 3103 ac
756 3040 1008 3103 tandem
1057 3040 1381 3121 poenituit,
1418 3050 1608 3122 prout
1657 3041 1904 3104 dicetur
1940 3042 1984 3105 C
2017 3041 2080 3104 in
2113 3061 2241 3124 qua
2270 3047 2451 3102 erant
2492 3039 2719 3102 tabulae
2752 3038 3108 3102 testamenti
3156 3058 3267 3102 seu
3307 3040 3499 3122 pacti,

401 3137 707 3202 inferius,

489 3241 708 3316 [qitur
737 3239 1078 3316 evigilavit
1106 3241 1438 3300 Salomon.
1473 3238 1562 3299 Ex
1592 3257 1722 3320 quo
1757 3258 1906 3303 con-

403 3345 556 3413 stat,
604 3337 760 3418 quia
809 3345 938 3400 tota
985 3337 1324 3419 appariti0,
1364 3336 1666 3400 allocutio
1708 3346 1770 3400 et
1815 3359 1907 3402 re-

403 3436 674 3517 sponsio
700 3437 832 3518 jam
865 3435 1164 3524 praefatze,
1200 3443 1348 3498 sunt
1380 3435 1562 3499 factae
1584 3436 1650 3499 in
1683 3457 1904 3502 somno

403 3536 483 3598 ad
518 3554 706 3598 aures
749 3542 812 3597 et
851 3535 1071 3598 oculos
1116 3535 1349 3612 cordiS,
1384 3555 1456 3598 ac
1494 3554 1603 3599 ore
1647 3537 1901 3615 mentis,

401 3653 538 3716 quo
580 3633 774 3697 verba
816 3631 1234 3715 proferuntur
1277 3633 1598 3711 interiora,
1632 3654 1904 3716 quorum

403 3733 592 3812 signa
621 3741 774 3793 sunt
801 3731 998 3794 verba
1029 3732 1362 3794 exteriora.
1397 3733 1550 3794 Nam
1583 3733 1649 3795 in
1681 3753 1904 3798 somno

405 3831 544 3907 illo,
580 3838 650 3892 ut
689 3828 932 3892 dictum
964 3837 1082 3905 est,
1107 3829 1312 3910 viguit
1343 3832 1501 3894 ratio
1523 3832 1899 3911 SalomoniS,

401 3949 480 3992 ac
513 3928 776 3991 libertas
809 3928 1056 3990 arbitrii
1089 3928 1252 4009 ejus.
1279 3933 1364 3991 E't
1395 3932 1713 3992 intellexit
1733 3937 1905 4012 quod

401 4037 562 4089 esset
587 4030 940 4088 somnium.
977 4027 1040 4089 Si
1071 4032 1243 4106 quod
1274 4037 1560 4091 sumatur
1588 4032 1904 4111 pronomi-

403 4125 662 4202 naliter,
689 4143 914 4186 sensus
945 4133 1060 4200 est,
1094 4126 1266 4205 quod
1299 4126 1600 4204 cognovit
1629 4127 1787 4209 quid
1819 4149 1906 4192 re-

2015 3141 2187 3224 quod
2228 3141 2389 3202 Deus
2430 3139 2740 3222 percussit
2786 3159 2930 3203 cum
2973 3139 3131 3202 filiis
3172 3138 3397 3217 lsrael;
3443 3151 3502 3202 et

2014 3242 2247 3301 obtulit
2277 3242 2644 3299 holocausta
2674 3257 2787 3320 per
2816 3257 3044 3301 manus
3078 3239 3497 3313 sacerdotum,

2015 3339 2251 3421 gratias
2281 3357 2473 3418 agens
2506 3339 2630 3400 Deo
2670 3355 2785 3418 pro
2824 3337 3164 3401 beneficiis
3195 3339 3410 3415 tantiS,
3444 3349 3503 3399 et

2013 3440 2194 3516 fecit,
2227 3437 2346 3499 hoc
2394 3445 2489 3498 est
2539 3435 2913 3512 immolavit,
2952 3438 3268 3508 victima-5,
3294 3437 3359 3500 id
3407 3445 3504 3500 est

2016 3535 2271 3610 hostias,
2284 3537 2611 3612 pacifica-s,
2628 3535 3027 3615 regratiando
3059 3553 3173 3616 pro
3199 3554 3351 3618 pace
3371 3536 3499 3617 jam

2016 3635 2180 3711 data,
2207 3652 2280 3695 ac
2309 3633 2707 3714 deprecando
2738 3651 2851 3714 pro
2882 3634 3099 3696 eadem
3134 3652 3505 3697 conservan-

2016 3731 2116 3793 da.
2153 3729 2326 3793 Fecit
2368 3740 2427 3791 et
2464 3733 2716 3806 yrande
2762 3732 3135 3792 convivium
3183 3734 3503 3792 universis

2013 3832 2290 3909 famulis
2336 3831 2473 3890 suis
2519 3829 2883 3892 domesticis
2932 3849 3004 3892 ac
3054 3828 3499 3908 familiaribuS,

2015 3949 2178 4012 quos
2207 3930 2411 3994 voluit
2441 3948 2569 3993 suae
2600 3930 2833 3993 laetitiae
2864 3949 3003 3992 esse
3033 3930 3395 4012 participes.

2094 4028 2569 4110 consequenter
2612 4028 2883 4092 refertur
2924 4028 2989 4090 in
3038 4029 3265 4106 littera,
3300 4029 3506 4110 quali-

2019 4137 2112 4191 ter
2153 4127 2453 4191 Salomon
2498 4128 2873 4210 sapientiam
2915 4128 3111 4211 coepit
3150 4136 3505 4211 opportune

402 4224 643 4289 velatio
679 4225 790 4286 illa
821 4224 1237 4305 significavit.
1274 4226 1698 4307 intelligentia
1726 4228 1906 4311 quip-
1939 4230 1986 4291 D
2015 4235 2375 4290 monstrare
2419 4245 2432 4288 :
2478 4247 2668 4309 quam
2722 4247 2847 4291 non
2894 4228 3157 4310 jactavit
3204 4227 3501 4305 inaniter,

401 4345 486 4408 pe
517 4333 616 4388 est
647 4343 806 4408 opus
841 4344 914 4388 ac
947 4325 1304 4407 principale
1337 4326 1400 4387 in
1436 4325 1701 4403 visione,
1737 4336 1807 4389 ut
1839 4328 1904 4390 in

400 4424 668 4487 Daniele
705 4422 932 4487 fertur.
971 4423 1034 4486 Si
1073 4433 1286 4486 autem
1318 4423 1504 4486 aliter
1529 4424 1899 4507 accipiatur,

401 4539 632 4586 sensus
673 4530 792 4591 est.
825 4523 998 4603 quod
1031 4522 1347 4584 intellexit
1378 4523 1550 4605 quod
1583 4523 1902 4586 somnium

399 4642 514 4686 scu
537 4621 703 4684 visio
735 4620 848 4682 illa
880 4620 1046 4683 sacta
1077 4621 1140 4682 in
1177 4631 1605 4698 somn0,esset
1636 4643 1784 4686 vere
1817 4643 1904 4687 rc-

399 4721 639 4784 velatio
680 4718 848 4782 facta
887 4739 924 4782 a
960 4721 1085 4782 Deo
1122 4737 1136 4781 :
1181 4721 1353 4802 quod
1393 4720 1585 4783 etiam
1625 4722 1903 4804 experie-

398 4820 590 4883 batur
623 4820 689 4882 in
723 4819 1090 4901 semetips0,
1127 4841 1202 4884 ex
1234 4820 1635 4902 plenitudine
1668 4822 1904 4886 illumi-

399 4917 682 4980 nationis
721 4935 794 4980 ac
833 4916 1164 5000 sapientiai
1194 4917 1318 4980 sibi
1359 4917 1608 4981 infusae.
1643 4919 1900 5003 Proprie

397 5022 616 5077 autem
667 5015 1010 5096 loquendo,
1047 5014 1129 5078 ab
1173 5015 1450 5078 invicem
1500 5016 1902 5098 distinguun-

399 5124 504 5177 tur
555 5116 902 5192 somnium,
947 5115 1134 5192 visio,
1180 5117 1509 5179 oraculum
1547 5117 1899 5199 :quoniam

397 5212 567 5274 visio
607 5213 846 5274 dicitur
875 5212 1182 5276 revelatio
1213 5233 1324 5276 seu
1367 5214 1651 5295 cognitio
1690 5215 1901 5277 occul-

399 5318 636 5387 torum,
679 5309 886 5394 magis
934 5311 1107 5374 clara
1155 5318 1218 5374 et
1267 5311 1738 5389 intellectualiS,
1771 5330 1900 5393 qua

2016 4345 2225 4408 neque
2266 4345 2342 4388 cx
2386 4325 2581 4388 animi
2636 4327 2893 4390 levitate
2940 4327 3154 4389 statim
3205 4326 3506 4408 patefecit

2013 4425 2181 4487 dona
2208 4424 2429 4504 gratiae
2460 4425 2582 4487 sibi
2615 4425 2877 4500 collata3
2922 4427 3031 4489 sed
3077 4435 3325 4508 tempus
3357 4445 3507 4489 con-

2011 4541 2241 4602 gruum
2274 4525 2683 4605 exspectavit,
2702 4533 2767 4587 ut
2788 4526 2968 4589 decet
2988 4525 3195 4586 virum
3219 4535 3509 4589 constan-

2014 4630 2139 4684 tem
2169 4641 2245 4685 ac
2276 4623 2655 4705 sapientem,
2675 4625 2782 4706 qui
2818 4623 2908 4686 nil
2948 4624 3079 4704 agit
3108 4624 3507 4707 praecipitan-

2011 4729 2119 4784 ter.
2136 4725 2317 4782 Tune
2340 4733 2649 4783 venerunt
2668 4727 2815 4784 dua’
2840 4726 3129 4783 mulieres
3154 4726 3506 4784 meretrices

2011 4824 2098 4881 ad
2125 4840 2337 4898 reyem
2370 4841 2392 4880 .·
2427 4819 2639 4883 Forsan
2680 4820 2745 4882 in
2788 4822 3039 4902 signum
3089 4823 3260 4903 quod
3300 4842 3337 4884 a
3376 4842 3506 4885 me-

2013 4919 2351 4982 retricibus
2386 4917 2510 4981 fuit
2551 4927 2767 5002 postca
2804 4921 3239 5002 decipienduS,
3276 4928 3346 4982 ut
3376 4929 3509 4983 tan-

2009 5018 2100 5098 git
2122 5017 2375 5094 Glossa3
2402 5028 2837 5098 steteruntque
2864 5041 3079 5081 coram
3101 5041 3183 5081 en.
3213 5024 3505 5089 Quarum

2013 5137 2148 5177 una
2200 5120 2299 5178 ait
2341 5139 2364 5177 .·
2398 5120 2677 5188 Obsecro,
2730 5120 2821 5178 mi
2867 5121 3152 5188 domine,
3194 5117 3507 5201 patienter

2010 5233 2112 5276 me
2156 5215 2345 5292 audi3
2386 5235 2499 5292 eqo
2525 5227 2584 5276 et
2616 5219 2849 5276 mulier
2886 5219 3018 5276 haee
3054 5218 3504 5278 habitabamus

2007 5315 2082 5374 in
2112 5317 2299 5375 domo
2331 5335 2496 5384 una,
2524 5325 2585 5375 et
2606 5317 2829 5394 peperi
2856 5318 3037 5393 apud
3055 5335 3199 5377 eam
3228 5318 3301 5376 in
3332 5317 3503 5377 eubi-

3568 2969 3601 3011 ll
3612 2970 3725 3022 Rea.
3737 2982 3794 3020 vr,

3536 3035 3598 3083 173
3616 3032 3668 3075 ΙΙΙ
3679 3034 3793 3087 Rea.

3530 3109 3614 3147 viu,
3633 3098 3673 3139 ⁰.
