4359 6250
1009 526 1355 571 manuario
1399 526 1458 570 1N
1502 526 1637 571 cap.
1690 527 1769 571 vu
1813 528 1969 571 mem
2013 527 2214 571 'ri-:urii
2257 526 2481 573 nucum.
2526 545 2607 554 —
2649 527 2789 571 aar.
2836 526 2900 571 xi
3374 510 3495 573 6:²9

397 693 680 773 qualiter
709 693 941 757 artifex
973 694 1083 757 ille
1112 695 1359 757 dicatur
1396 694 1502 757 hic
1545 694 1719 757 silius
1759 715 1897 757 mu·
1926 695 1976 757 A
2008 694 2072 757 in
2104 695 2632 777 Paralipomenon
2664 697 2784 758 scri
2796 705 2969 779 ptum
3006 706 3100 759 cst
3130 695 3487 773 manifeste,

399 790 580 853 lieris
627 792 835 855 viduae
875 793 953 855 de
983 792 1321 874 Nephthali
1356 793 1548 871 tribu,
1582 813 1782 874 quum
1828 794 1891 855 in
2006 796 2174 875 quod
2206 804 2385 857 crant
2418 794 2677 875 triginta
2717 796 3002 877 quinque
3033 796 3393 859 cubitorum
3425 796 3491 858 in
3548 814 3583 857 11
3599 816 3710 859 Par.
3727 830 3786 868 ιιι,

133 900 166 941 11
186 900 308 942 Par·
325 914 366 950 u.
393 889 927 973 Paralipomenon
950 901 1269 954 asseratur
1301 891 1478 953 filius
1509 891 1796 954 mulieris
1817 894 1895 955 de
2005 894 2363 957 altitudine.
2418 894 2485 955 ln
2526 893 2647 957 isto
2686 913 2943 975 quoque
2989 894 3270 977 capitulo
3316 903 3379 958 et
3424 896 3491 957 in
3528 880 3588 921 ¹⁵·

101 964 162 1003 ¹⁸·
395 988 668 1051 filiabus
718 990 868 1051 Dan.
909 990 1004 1051 Ad
1047 991 1218 1072 quod
1263 1009 1454 1071 super
1496 990 1898 1072 praeallegata
2001 993 2274 1056 Ieremia
2304 992 2720 1075 fertur,quod
2742 992 3075 1056 duodecim
3094 993 3295 1056 cubiti
3314 1003 3497 1057 erant
3520 1011 3615 1055 Jer.
3632 1024 3699 1063 m,
3717 1013 3785 1056 ει.

103 2190 194 2231 Jer.
212 2192 367 2240 unffi.

135 2684 164 2725 11
181 2684 292 2726 Par.
311 2697 372 2733 ιιι,

157 3474 345 3518 Ibidem.

122 4759 208 4802 Jer.
229 4763 380 4812 unffi.

391 1087 927 1170 Paralipomenon
986 1088 1182 1152 verba
1232 1088 1562 1170 responsio
1611 1098 1706 1151 est
1753 1107 1898 1151 con-

393 1186 658 1268 scripta.
699 1190 826 1256 Qui
868 1208 1068 1267 quum
1111 1190 1380 1249 venisset
1418 1192 1506 1249 acl
1545 1207 1753 1265 reyem
1784 1191 1898 1249 Sa—

390 1290 740 1356 lomonem,
766 1287 921 1365 fecit
941 1306 1128 1347 omne
1159 1306 1318 1366 opus
1337 1288 1499 1363 eju-5,
1525 1286 1590 1348 id
1622 1294 1718 1349 θεῖ
1747 1285 1896 1348 aedi-

391 1382 551 1446 ficia
580 1403 725 1465 quae
756 1383 1054 1447 Salomon
1090 1383 1468 1465 fierijussit,
1503 1392 1566 1447 et
1595 1384 1898 1447 utensilia

390 1482 768 1544 eorumdem
804 1499 818 1544 :
855 1501 984 1544 non
1023 1483 1194 1563 quod
1237 1482 1448 1545 Hiram
1489 1482 1598 1545 ille
1640 1482 1896 1564 propria

392 1600 594 1643 manu
628 1579 854 1643 fecerit
883 1580 1102 1643 omnia
1146 1580 1278 1659 illa,
1315 1582 1425 1644 sed
1467 1590 1767 1662 tanquam
1799 1599 1896 1643 ar-

393 1678 712 1741 chitectus
749 1678 982 1761 dkexit
1011 1688 1452 1762 cooperatores
1483 1699 1652 1756 suOS,
1687 1688 1752 1742 et
1782 1664 1896 1741 ali-

390 1797 524 1859 qua
554 1797 668 1860 per
698 1797 766 1841 se
797 1778 972 1842 iecit.

2005 1090 2071 1152 in
2103 1091 2375 1154 circuitu
2416 1092 2877 1169 columnarum,
2912 1093 3167 1174 quando
3197 1092 3497 1156 videlicet

2006 1189 2238 1271 aliquis
2268 1189 2471 1253 voluit
2502 1189 2759 1271 cingere
2792 1209 2919 1253 eas,
2953 1189 3245 1253 Attamen
3278 1210 3390 1273 per
3422 1191 3497 1253 li-

2005 1307 2190 1350 neam
2221 1289 2555 1351 duodecim
2579 1288 2963 1364 cubitorum,
2992 1288 3377 1352 ambientem
3402 1290 3497 1371 ip-

2005 1405 2139 1448 sam
2172 1386 2558 1463 columnam,
2577 1387 2838 1468 quidam
2861 1386 3229 1467 intelligunt
3259 1387 3492 1451 lineam

2005 1504 2198 1566 opere
2230 1484 2408 1547 fusili
2430 1485 2929 1549 circumductam
2952 1486 3265 1549 columnae
3286 1486 3351 1548 in
3373 1505 3497 1549 mc-

2005 1584 2110 1646 dio
2155 1584 2316 1665 ejus,
2348 1583 2523 1657 Quod
2565 1584 2707 1646 aliis
2750 1603 2878 1647 non
2911 1584 3185 1662 videtur,
3219 1586 3372 1667 quia
3412 1586 3493 1648 ab

2001 1682 2273 1745 Ieremia
2304 1682 2473 1745 linea
2508 1682 2620 1744 illa
2650 1691 2911 1746 vocatur
2953 1682 3278 1747 funiculus
3314 1702 3328 1746 :
3362 1702 3491 1765 quo

2005 1781 2267 1844 nomine
2300 1782 2667 1860 designatur
2698 1800 3019 1844 mensura.

481 1880 564 1939 Et
591 1880 822 1954 finxit,
853 1877 918 1940 id
963 1885 1060 1940 θεῖ
1105 1877 1425 1955 formavit,
1458 1882 1624 1939 duas
1661 1883 1894 1940 colum-
1932 1876 1978 1937 B
2083 1883 2229 1941 Duo
2276 1900 2523 1960 quoque
2558 1882 2861 1957 capitella
2909 1883 3085 1958 fecit,
3119 1902 3261 1961 quae
3294 1902 3495 1960 pone-

397 1998 520 2038 nas
549 1997 746 2037 cereas
777 1998 800 2037 .·
831 1996 976 2058 quae
1021 1974 1246 2039 fusiles
1287 1985 1488 2053 erant,
1524 1985 1586 2040 et
1632 1975 1790 2039 fusae
1821 1996 1896 2039 ex

397 2094 546 2151 aare,
574 2092 702 2138 non
733 2074 1038 2149 ductiles3
1075 2082 1136 2137 et
1167 2082 1348 2137 crant
1375 2094 1566 2152 cavae,
1593 2094 1719 2138 non
1750 2074 1898 2137 soli-

398 2175 519 2251 dae,
543 2174 726 2256 juxta
756 2174 914 2236 illud
934 2173 1241 2250 Jeremiae,
1266 2172 1634 2237 Grossitudo
1666 2174 1900 2236 colum-

399 2294 500 2337 [ιω
529 2280 804 2356 quatuor
833 2271 1203 2353 digitorum,
1239 2280 1302 2335 et
1331 2271 1715 2335 intrinsecus
1747 2292 1900 2335 cava

400 2381 578 2447 erat3
611 2376 826 2433 decem
852 2381 914 2432 et
949 2382 1082 2432 octo
1120 2372 1488 2432 cubilorum
1521 2374 1900 2432 altitudinis

406 2471 564 2535 fecit
593 2475 964 2532 columnam
1001 2491 1252 2541 unam,;
1282 2477 1472 2533 tan‘tae
1517 2488 1774 2551 quoque
1815 2469 1901 2531 al-

400 2570 700 2633 titudinis
747 2568 868 2631 fuit
913 2576 976 2632 et
1019 2568 1164 2631 alia.
1207 2568 1442 2631 Verum
1493 2568 1594 2629 his
1641 2567 1902 2631 obviare

403 2670 662 2733 videtur
693 2668 852 2731 illud
891 2666 1153 2731 secundi
1184 2667 1731 2748 Paralipomenon,
1768 2665 1900 2728 Tri-

403 2769 590 2851 ginta
619 2775 682 2831 et
710 2767 998 2850 quinque
1038 2765 1284 2829 cubitos
1325 2765 1682 2828 altitudinis
1716 2765 1903 2828 habe-

402 2867 582 2930 bant.
619 2866 1075 2947 Respondetur,
1110 2865 1282 2947 quod
1326 2864 1522 2946 stipes
1569 2864 1900 2945 utriusque

403 2966 722 3029 columnae
751 2963 978 3026 habuit
1019 2964 1237 3026 decem
1268 2971 1330 3025 et
1368 2972 1510 3026 octo
1550 2962 1799 3026 cubitos
1831 2962 1896 3024 in

2005 1990 2235 2040 rentur
2269 2000 2465 2056 super
2494 1979 2707 2057 capita
2749 1982 3228 2049 columnarum,
3260 1982 3499 2057 fusilia

2003 2100 2086 2139 em
2123 2099 2245 2139 cere
2276 2098 2297 2137 .·
2330 2076 2394 2140 id
2434 2085 2553 2154 est,
2597 2076 2947 2159 unicuique
2984 2076 3297 2139 columnae
3345 2076 3500 2140 fecit

2007 2196 2207 2240 unum
2254 2175 2621 2258 capitellum
2661 2194 2785 2238 aere
2825 2173 3083 2250 fusum3
3118 2175 3244 2238 imo
3293 2184 3497 2238 totum

2007 2277 2448 2340 columnarum
2480 2275 3053 2357 capitellorumque
3072 2294 3255 2357 opuS,
3273 2275 3501 2339 forma-

2007 2385 2143 2438 tum
2177 2374 2204 2437 f
2208 2376 2301 2437 uit
2322 2394 2435 2457 per
2459 2374 2800 2450 fusionem,
2823 2392 2951 2436 non
2983 2393 3097 2457 per
3126 2374 3499 2438 malleorum

2011 2474 2511 2557 percussionem.
2551 2475 2849 2553 Quinque
2878 2474 3244 2533 cubilorum
3275 2474 3501 2533 allicu-

2007 2575 2188 2634 dinis
2210 2572 2330 2634 suit
2349 2574 2725 2651 capitellum
2746 2592 2989 2643 unum,·
3002 2570 3297 2633 similiter
3315 2570 3497 2634 aliud.

2009 2672 2163 2733 Nam
2196 2669 2512 2745 subditur,
2546 2679 2604 2729 et
2634 2670 2923 2749 quinque
2960 2670 3322 2729 cubitorum
3352 2672 3503 2731 alti—

2013 2770 2264 2830 tudinis
2293 2770 2670 2845 capitellum
2700 2770 3095 2838 alterum-ec
3127 2765 3293 2829 facta
3322 2776 3503 2830 erant

2011 2869 2201 2947 quasi
2245 2868 2317 2926 in
2358 2869 2623 2925 modum
2666 2867 2819 2925 retis
2860 2875 2919 2926 et
2969 2875 3347 2926 catenarum
3378 2867 3504 2925 sibi

2012 2968 2291 3027 invicem
2351 2968 2517 3026 miro
2576 2984 2760 3041 opere
2814 2974 3281 3025 conleoecarum.
3324 2964 3506 3027 Circa

403 3063 770 3142 altitudine,
803 3071 874 3126 ut
915 3062 1020 3126 hic
1065 3061 1307 3137 fertur3
1344 3070 1407 3125 et
1448 3070 1676 3144 praeter
1724 3061 1899 3144 stipi·
1937 3056 1981 3120 C
2010 3065 2182 3147 quod
2231 3064 2321 3127 ait
2366 3063 2585 3127 Petrus
2633 3063 2957 3126 Comestor
3001 3078 3014 3124 z
3062 3061 3284 3126 Latera
3332 3062 3504 3145 capi—

404 3173 560 3242 tem,
583 3162 889 3245 quaelibet
918 3161 1143 3224 habuit
1163 3161 1367 3223 basim
1401 3169 1462 3224 et
1489 3169 1681 3243 caput
1709 3181 1782 3224 ac
1803 3181 1900 3224 ca-

406 3263 747 3346 pitellum3
794 3261 1254 3342 longitudoque
1299 3261 1528 3342 capitis
1579 3259 1702 3322 fuit
1749 3279 1900 3342 qua-

403 3372 552 3426 tuor
603 3360 986 3436 cnbitorum,
1029 3367 1100 3421 ut
1139 3358 1340 3440 aliqui
1373 3359 1616 3422 dicunt.
1662 3359 1897 3422 Tamen

405 3461 473 3524 in
505 3461 1032 3542 Paralipomenon
1061 3457 1334 3538 legitur:
1358 3457 1548 3521 Porro
1569 3458 1778 3540 capita
1798 3477 1899 3521 ea-

405 3580 574 3636 rum,
608 3559 898 3640 quinque
936 3557 1320 3620 cubitorum.
1356 3556 1710 3636 Longitudo
1740 3575 1898 3637 quo-

403 3678 532 3740 que
575 3656 1020 3738 capitellorum
1064 3654 1352 3737 quinque
1395 3654 1646 3718 cubitos
1689 3654 1894 3717 conti-

402 3757 621 3832 nebat,
657 3763 728 3817 ut
758 3754 826 3816 in
855 3762 1028 3816 textu
1059 3753 1164 3816 hic
1194 3753 1517 3816 scribitur.
1543 3753 1630 3814 Ex
1658 3753 1896 3834 quibus

402 3853 815 3935 relinquitur,
849 3852 1019 3934 quod
1061 3851 1392 3933 longitudo
1429 3850 1622 3928 basiS,
1658 3852 1738 3913 de
1767 3870 1897 3933 qua

401 3953 736 4034 Scriptura
784 3969 914 4014 non
962 3949 1268 4031 loquitur,
1323 3948 1446 4011 fuit
1495 3957 1738 4031 septem
1784 3969 1895 4012 seu

399 4061 548 4116 octo
579 4050 964 4113 cubitorum.
990 4051 1076 4110 Ec
1109 4051 1281 4108 linea
1299 4051 1638 4108 duodecim
1667 4050 1896 4109 cubilo-

401 4170 556 4213 rum
587 4151 926 4221 ambiebat,
963 4147 1026 4208 id
1058 4154 1155 4209 θεῖ
1183 4145 1896 4222 circuibat,col·umnam

2009 3164 2145 3227 telli
2184 3183 2259 3227 ex
2290 3163 2464 3227 omni
2506 3169 2682 3244 parte
2713 3161 2781 3223 in
2812 3158 3071 3223 modum
3112 3161 3265 3224 retis
3306 3170 3369 3224 et
3406 3181 3504 3224 ca-

2011 3273 2301 3326 tenarum
2330 3269 2511 3326 erant
2541 3269 2855 3337 contexta,
2894 3268 3019 3322 tam
3050 3260 3400 3324 artificiose
3431 3267 3502 3323 ut

2007 3361 2167 3424 retia
2205 3370 2268 3423 et
2305 3369 2543 3424 catenae
2588 3358 2789 3438 magis
2839 3357 3210 3422 viderentur
3248 3358 3502 3440 apposi-

2003 3469 2088 3537 ta,
2133 3479 2326 3542 quam
2376 3457 2729 3539 insculpta3
2766 3456 2868 3520 vel
2916 3456 3069 3539 quia
3118 3457 3321 3520 solida
3369 3475 3498 3520 non

2003 3568 2207 3635 crant,
2228 3559 2336 3622 sed
2368 3575 2665 3627 concava,
2691 3554 3013 3637 perforata
3040 3555 3327 3637 undique
3360 3555 3500 3618 fusa

2005 3667 2176 3734 sunt,
2202 3665 2273 3718 ut
2300 3654 2729 3719 connexiones
2762 3653 3033 3716 formam
3067 3653 3219 3716 retis
3241 3653 3500 3735 praescr-

2005 3765 2167 3820 rent.
2202 3755 2360 3817 Hinc
2391 3752 2672 3816 secundo
2697 3752 3222 3844 Paralipomenon
3266 3751 3491 3830 fertur,

2003 3855 2080 3917 Et
2126 3853 2310 3936 quasi
2357 3852 2680 3916 catenulas
2730 3851 2797 3913 in
2846 3851 3127 3927 oracu10,
3177 3858 3240 3913 et
3277 3870 3497 3932 super-

3546 1707 3733 1752 Ibidem,

3552 3877 3586 3920 11
3604 3879 3717 3921 Par.
3731 3891 3789 3928 ιιι,

2005 3953 2221 4035 posuit
2269 3971 2375 4014 eas
2424 3949 2743 4033 capitibus
2794 3949 3237 4012 columnarum
3273 3965 3287 4010 :
3321 3950 3492 4030 quod
3528 3945 3593 3986 ¹⁶·

2006 4051 2244 4114 ibidem
2293 4048 2535 4111 diffuse
2583 4047 2944 4129 exposit-um
2978 4054 3094 4109 est.
3140 4049 3495 4127 Utrumque

2005 4151 2381 4226 capitellum
2417 4151 2875 4206 columnarum
2906 4145 3107 4223 fusile
3142 4156 3329 4217 erat,·
3363 4166 3494 4224 sep-

403 4264 774 4330 utramque.
810 4247 938 4309 Hoc
980 4243 1180 4327 aliqui
1213 4244 1306 4306 sic
1355 4252 1700 4325 exponunt,
1725 4244 1896 4324 quod
1927 4243 1976 4306 D
2009 4257 2156 4308 lena
2202 4266 2505 4307 versuum
2548 4246 2865 4306 retiacula
2910 4245 2979 4304 in
3026 4245 3322 4322 capitello
3365 4265 3495 4304 uno

402 4348 712 4434 quaelibet
758 4345 1056 4409 columna
1095 4342 1462 4406 continebat
1512 4341 1578 4403 in
1625 4341 1898 4406 circuitu

405 4468 521 4511 seu
553 4443 946 4508 rotunditate
965 4461 1072 4504 sex
1093 4439 1363 4503 cubitos.
1391 4439 1510 4502 Sed
1530 4439 1742 4502 verius
1765 4459 1902 4522 pcr-

406 4545 690 4618 hibetur,
744 4542 916 4624 quod
965 4539 1268 4621 quaelibet
1310 4537 1376 4599 in
1417 4555 1572 4620 gyro
1619 4539 1904 4601 rotundi-

409 4643 560 4706 tatis
609 4659 764 4715 suae‚
815 4636 1181 4702 continebat
1239 4634 1577 4699 duodecim
1626 4635 1897 4714 cubitOS‚

407 4760 611 4824 quum
646 4739 711 4800 in
741 4737 1012 4801 Jeremia
1053 4735 1358 4817 scriptum
1405 4734 1487 4796 sit
1523 4751 1536 4796 :
1571 4735 1796 4797 Decem
1841 4742 1904 4798 et

408 4848 556 4904 octo
603 4836 805 4901 cubiti
855 4834 1212 4898 altitudinis
1262 4841 1442 4896 erant
1491 4833 1558 4895 in
1607 4833 1906 4896 columna

409 4957 562 5014 una,
589 4946 652 5000 et
683 4934 1009 4998 funiculus
1041 4932 1376 4996 duodecim
1398 4932 1759 4995 cubitorum
1793 4932 1907 4995 cir-

407 5036 630 5102 cuibat
669 5053 832 5098 eam.
871 5031 1136 5105 Quidam
1177 5050 1328 5096 vero
1373 5031 1528 5094 istos
1566 5030 1904 5094 duodecim

410 5136 664 5202 cubitos
697 5133 884 5195 lineae
913 5150 1026 5194 seu
1068 5129 1365 5208 funiculi,
1399 5130 1640 5192 addunt
1670 5129 1906 5194 cubitis

409 5237 880 5308 columnarum,
923 5230 1229 5306 dicenteS‚
1254 5232 1424 5311 quod
1455 5238 1634 5292 erant
1685 5229 1908 5310 trigin-

413 5344 477 5398 ta
507 5331 898 5398 cubitorum.
927 5329 1046 5392 Sed
1078 5327 1292 5410 inepte
1323 5327 1446 5390 hoc
1474 5326 1718 5406 dicunt,
1755 5327 1909 5408 quia

2008 4352 2210 4420 erant,
2244 4355 2303 4405 et
2338 4354 2596 4422 septena
2624 4345 2944 4404 retiacula
2973 4343 3045 4402 in
3078 4345 3373 4420 capitello
3402 4345 3498 4402 al-

2012 4453 2163 4513 tero,
2200 4442 2263 4503 id
2294 4449 2412 4516 est,
2439 4449 2681 4522 septem
2711 4440 2969 4503 ordines
3001 4438 3309 4502 habentes
3342 4459 3501 4502 eam-

2010 4542 2154 4604 dem
2186 4541 2569 4614 caelaturam,
2603 4547 2985 4621 occupantes
3016 4537 3081 4600 in
3113 4556 3267 4620 gyro
3300 4545 3500 4601 totum

2011 4638 2293 4721 capitelli
2350 4638 2685 4700 circuitum
2727 4663 2742 4712 3
2797 4638 2898 4700 vel
2952 4645 3197 4719 septem
3245 4636 3502 4699 ordines

2014 4737 2120 4799 isti
2149 4743 2331 4799 erant
2358 4735 2674 4818 dispositi,
2710 4735 3111 4798 ascendendo
3141 4755 3178 4798 a
3208 4743 3386 4817 parte
3410 4755 3505 4798 ca-

2014 4834 2221 4918 pitelli
2264 4833 2579 4910 inferiori,
2618 4833 2705 4895 ita
2737 4834 2909 4914 quod
2945 4851 3167 4897 omnes
3209 4833 3335 4897 illae
3369 4851 3507 4917 pro-

2015 4933 2355 4996 tractiones
2392 4940 2571 4994 erant
2600 4932 2821 4994 eodem
2852 4932 3041 4995 modo
3070 4933 3325 5010 caelatae,
3361 4951 3506 4995 con-

2015 5031 2412 5112 siderarique
2458 5037 2753 5112 poterant
2803 5048 2879 5091 ex
2926 5029 3100 5092 omni
3155 5039 3335 5111 parte
3393 5049 3507 5113 per

2016 5139 2448 5193 transversum
2480 5127 2615 5191 sive
2647 5126 3039 5208 perlongum
3076 5144 3089 5188 :
3127 5127 3347 5208 sicque
3376 5149 3508 5188 ver-

2013 5249 2120 5289 sus
2149 5235 2460 5291 vocantur
2507 5225 2633 5302 hic,
2669 5225 2853 5288 lincae
2898 5233 3235 5306 protractae
3266 5225 3331 5287 in
3376 5225 3508 5289 lati-

2017 5327 2239 5389 tudine
2267 5326 2345 5388 ad
2377 5325 2634 5388 modum
2658 5342 2981 5401 versuum,
2997 5322 3064 5386 in
3085 5325 3305 5388 eadem
3336 5325 3506 5388 linea
