4359 6250
167 4052 287 4093 Num.

122 4129 241 4159 xxm.
261 4118 299 4159 7.

158 4244 269 4289 Dent.
282 4262 351 4300 vn,

1142 507 1489 556 manuario
1530 509 1592 555 m
1635 509 1771 556 cu.
1817 509 1921 556 xlv
1960 509 2235 556 mummi.
2281 525 2360 538 -—
2400 508 2542 554 Am.
2591 507 2735 554 XXIV

3363 485 3478 550 187

380 675 646 737 domum
694 684 1045 758 paternam.
1082 681 1167 738 Ec
1192 678 1529 738 nuntiavit
1551 679 1738 754 patri
1765 697 1879 737 suo
1907 675 1957 738 A
1988 684 2084 738 cst
2119 694 2133 738 ε
2176 677 2264 740 Ne
2309 677 2596 759 sequaris
2640 676 3224 758 concupiscentiam
3264 674 3478 738 oculo·
3541 693 3678 735 Num.
3701 707 3772 741 xv.

378 783 439 832 et
490 778 695 835 matri
733 797 895 846 sure,
923 778 1143 836 dicens
1175 797 1196 836 .·
1244 778 1393 838 Vidi
1430 779 1769 836 mulierem
1809 779 1879 836 in

392 876 803 936 Thamnaclza
851 878 933 934 de
980 877 1246 953 filiabus
1295 877 1807 938 Philistinorum
1857 896 1879 934 .·

380 993 611 1050 quam,
642 993 879 1052 quoeso‚
914 984 983 1034 ut
1018 975 1185 1034 milei
1215 975 1553 1051 accipiatis
1588 995 1877 1046 latorem,

382 1070 447 1132 id
500 1079 619 1141 est,
672 1071 831 1132 mihi
883 1072 1299 1135 consentiatis
1344 1081 1407 1135 et
1449 1073 1881 1154 cooperemini

380 1169 461 1231 ad
515 1169 658 1241 hoc,
700 1178 772 1232 ut
818 1189 959 1233 eam
1010 1171 1319 1253 accipiam
1358 1171 1697 1252 conjugem
1739 1172 1882 1253 (per

382 1268 581 1330 verba
612 1269 691 1331 de
724 1269 1022 1350 pra-senti
1055 1289 1169 1333 seu
1206 1269 1387 1350 juxta
1426 1270 1697 1332 sormam
1732 1279 1881 1333 tunc

380 1367 691 1447 solitam).
733 1368 951 1450 Itaque
981 1369 1111 1448 jam
1142 1377 1277 1430 erat
1305 1368 1537 1431 adultae
1576 1369 1777 1431 aetatis
1810 1389 1882 1432 ac

383 1465 652 1528 nubilis,
708 1467 973 1529 Samson
1022 1486 1283 1548 quoque
1335 1476 1635 1549 tauquam
1675 1469 1881 1531 bonus

384 1566 800 1647 prudensque
842 1563 1275 1640 filius‚noluit
1314 1566 1477 1629 clam
1526 1567 1690 1630 inire
1734 1586 1883 1630 con-

383 1664 680 1739 nubium,
718 1665 829 1727 sed
857 1665 939 1727 de
970 1665 1133 1728 scitu
1168 1673 1230 1727 et
1265 1683 1581 1728 consensu
1621 1685 1881 1730 suorum

383 1773 750 1846 parentum.
795 1764 911 1827 Per
938 1766 1108 1848 quod
1140 1766 1451 1828 docentur
1490 1765 1714 1828 fideles
1760 1766 1881 1828 filii

1990 795 2130 837 rum
2163 785 2439 839 tuorum.
2474 776 2936 858 Respondetur‚
2971 776 3143 857 quod
3182 775 3346 837 sieut
3381 775 3479 836 Ja—

1990 875 2110 936 cob
2141 875 2364 938 dilexit
2395 875 2626 939 Rachel
2667 884 2928 957 propter
2959 874 3312 937 naturalem
3353 873 3478 934 dis-

1992 974 2375 1055 positionem
2411 983 2474 1036 et
2502 975 2791 1037 decorem
2837 973 3060 1056 ipsiuS‚
3099 991 3225 1036 non
3265 981 3474 1034 tamen

1990 1072 2276 1136 sistendo
2321 1072 2579 1148 ibidem,
2615 1073 2722 1134 sed
2765 1073 2844 1134 ad
2891 1070 3090 1133 finem
3138 1070 3476 1134 honestum

1992 1171 2145 1234 talia
2182 1171 2560 1246 referend03
2597 1173 2683 1233 ita
2730 1172 2808 1234 de
2853 1172 3156 1234 Samsone
3203 1171 3481 1233 sentien-

1991 1272 2141 1333 dum
2165 1270 2439 1343 videtur,
2469 1271 2818 1353 praesertim
2851 1269 3004 1351 quia
3036 1269 3475 1349 subjungitur:

1990 1373 2304 1432 Parentes
2343 1380 2560 1430 autem
2589 1371 2730 1448 ejus
2771 1371 3152 1438 nesciebant,
3185 1370 3355 1448 quod
3383 1388 3483 1427 res

1993 1491 2031 1530 a
2072 1470 2348 1530 Domino
2388 1473 2595 1545 fic-ret,
2621 1468 2684 1530 id
2726 1476 2842 1543 est,
2877 1468 3048 1549 quod
3101 1466 3363 1529 Samson
3409 1485 3484 1528 ex

1992 1567 2216 1631 divino
2243 1575 2606 1630 moveretur
2639 1567 2968 1630 instinctu.
2997 1565 3242 1628 Poterat
3273 1574 3485 1628 tamen

1996 1666 2061 1728 in
2097 1667 2212 1729 illa
2234 1665 2556 1729 Samsonis
2577 1665 3040 1747 complacentia
3071 1665 3144 1726 ad
3179 1663 3482 1746 puellam,

1994 1765 2273 1828 venialis
2306 1763 2406 1828 cul
2417 1784 2494 1845 pa
2525 1763 2798 1844 alicujus
2819 1762 3354 1845 concupiscentiae
3383 1762 3487 1824 ad·

382 1883 456 1925 ac
506 1863 687 1936 filiae,
723 1883 805 1926 ne
848 1863 1247 1927 clandestina
1288 1864 1697 1928 matrimonia
1740 1885 1883 1928 con·
1920 1860 1963 1921 Β
1992 1865 2271 1937 misceri.
2325 1864 2634 1944 Denique,
2689 1863 2843 1944 quia
2894 1883 2992 1925 res
3043 1862 3154 1924 illa
3203 1860 3401 1924 fiebat
3449 1880 3485 1922 a

382 1962 793 2048 trahant‚sed
828 1981 1090 2025 suorum
1120 1972 1381 2025 utantur
1411 1973 1747 2044 parentum
1768 1984 1878 2027 seu

382 2062 901 2142 propinquorum
943 2070 1006 2124 et
1036 2061 1387 2125 amicorum
1418 2063 1728 2140 consiliis,
1758 2064 1880 2125 nisi

380 2157 676 2221 fortassis
700 2159 940 2222 vellent
973 2160 1347 2240 religionem
1372 2161 1608 2224 intrare
1638 2171 1748 2224 aut
1780 2182 1883 2244 pe-

380 2257 561 2319 nitus
589 2258 943 2320 continere.

466 2357 592 2418 Cui
618 2357 938 2417 dixerunt
960 2367 1153 2433 pater
1180 2367 1239 2417 cc
1274 2367 1477 2418 macer
1494 2379 1613 2418 sua
1638 2378 1659 2416 .·
1682 2360 1884 2422 Num-

378 2455 547 2534 quid
584 2475 717 2514 non
759 2467 847 2514 esc
890 2457 1131 2515 mulier
1171 2457 1243 2516 in
1282 2457 1547 2533 filiabus
1590 2458 1883 2534 frat-rum

383 2562 679 2622 cicorum,
713 2553 776 2615 id
825 2561 921 2616 est
964 2553 1029 2615 in
1069 2553 1240 2616 tribu
1295 2554 1421 2616 Dan
1458 2571 1472 2617 :
1512 2555 1733 2636 sicque
1781 2575 1884 2618 co—

380 2652 559 2733 gnati
595 2659 907 2715 vocantur
944 2653 1049 2716 hic
1090 2651 1342 2728 fratres,
1375 2653 1679 2734 quoniam
1712 2655 1885 2716 Sam-

380 2771 501 2814 son
554 2751 923 2829 unigenitus
978 2750 1140 2824 suit3
1188 2763 1247 2813 ec
1296 2755 1369 2812 in
1421 2757 1601 2814 omni
1644 2757 1883 2832 populo

382 2854 550 2910 cuo?
588 2849 652 2911 Si
706 2869 821 2932 per
869 2869 1122 2913 omnem
1174 2851 1483 2932 populum
1534 2851 1878 2923 SamsoniS‚

384 2948 792 3030 intelligatur
838 2948 974 3012 sola
1024 2949 1207 3030 plebs
1258 2949 1461 3012 tribus
1510 2951 1664 3026 Dan,
1714 2950 1881 3012 istud

1990 1963 2282 2038 Domino,
2319 1962 2430 2044 qui
2473 1961 2866 2044 dispensavit
2905 1981 3048 2024 cum
3083 1961 3383 2024 Samsone
3415 1959 3482 2022 in

1993 2062 2252 2144 propria
2300 2061 2459 2140 lege,
2507 2061 2662 2143 quia
2711 2061 2776 2122 in
2827 2059 3108 2142 generali
3155 2058 3482 2140 prohibuit

1993 2161 2400 2224 matrimonia
2419 2179 2564 2222 cum
2587 2159 2964 2238 alienigenis
2986 2158 3273 2221 contrahi
3297 2175 3311 2218 :
3337 2157 3480 2220 ideo

1993 2262 2255 2324 Samson
2289 2269 2625 2323 excusatur
2667 2259 2731 2321 in
2774 2259 2894 2321 hoc·
2934 2278 2971 2321 a
3008 2264 3290 2340 peccato.
3325 2256 3477 2318 Nam

1992 2368 2054 2424 et
2093 2360 2418 2441 Scriptura
2453 2358 2587 2420 haec
2634 2358 2928 2434 dicendo,
2963 2357 3137 2439 quod
3189 2363 3480 2438 parentes

1992 2459 2131 2539 ejus
2175 2457 2554 2539 ignorabant
2598 2476 2728 2518 rem
2764 2456 2936 2518 illam
2982 2476 3018 2517 a
3048 2456 3314 2518 Domino
3353 2454 3478 2536 agi,

1992 2557 2145 2619 satis
2178 2557 2505 2618 insinuare
2535 2564 2852 2632 censetur,
2871 2556 3042 2636 quod
3065 2555 3330 2618 Samson
3363 2553 3482 2617 hoc

1992 2656 2202 2732 scivit,
2253 2654 2390 2718 sive
2440 2675 2554 2736 per
2605 2653 3088 2736 inspirationem
3139 2653 3476 2726 internam,

1993 2755 2127 2818 sive
2174 2774 2288 2836 per
2334 2753 2784 2816 revelationem
2827 2753 3102 2816 exterius
3145 2771 3257 2833 per
3295 2769 3484 2831 ange-

1994 2855 2125 2916 lum
2160 2852 2416 2915 factam.

2064 2956 2147 3014 Ec
2176 2961 2488 3031 quaereret
2518 2954 2868 3011 occasiones
2886 2951 2908 2976 '¹
2931 2961 3154 3012 contra
3185 2951 3484 3012 Philisci-

382 3056 481 3109 est
530 3047 719 3129 quasi
780 3047 1094 3129 expositio
1152 3048 1329 3111 verbi
1384 3047 1716 3130 praehabiti
1761 3072 1777 3124 ;
1828 3049 1881 3110 si
1914 3050 1959 3114 C
1995 3053 2087 3110 im
2104 3071 2125 3109 .·
2146 3050 2209 3111 id
2231 3058 2346 3127 est,
2377 3050 2773 3132 hocquoque
2799 3049 3168 3111 nesciebant
3189 3056 3482 3130 parentes

383 3166 539 3209 vero
592 3166 707 3227 per
756 3166 1009 3209 omnem
1057 3147 1365 3229 populum
1420 3147 1599 3209 illum
1649 3148 1884 3211 inte-lli-

378 3254 620 3325 gantur
640 3254 867 3308 ceterae
889 3245 1091 3307 'tribus
1113 3246 1323 3320 lsrael,
1342 3266 1565 3309 sensus
1586 3255 1695 3323 est,
1710 3249 1882 3329 quod

384 3351 687 3426 parentes
720 3344 1043 3406 Samsonis
1091 3344 1470 3425 reputabant
1513 3346 1713 3426 magis
1761 3345 1884 3407 illi-

381 3444 613 3517 citum,
648 3444 823 3523 quod
866 3443 1183 3526 acciperet
1221 3444 1559 3525 conjugem
1602 3464 1675 3507 ex
1719 3444 1885 3507 iilia—

383 3541 507 3603 bus
554 3540 921 3617 philistiim,
954 3561 1149 3622 quam
1194 3562 1271 3603 ex
1314 3542 1439 3603 alia
1480 3562 1883 3623 quacumque

382 3640 579 3703 lsrael
616 3640 809 3716 tribu,
846 3659 921 3703 eo
951 3641 1125 3721 quod
1158 3640 1301 3721 plus
1342 3640 1663 3703 distabant
1694 3641 1885 3703 Phili—

381 3738 526 3800 staei
558 3737 639 3800 ab
672 3738 995 3815 israelitiS,
1029 3758 1221 3820 quam
1248 3757 1376 3800 una
1402 3738 1746 3802 israelitica
1775 3741 1885 3802 tri-

382 3838 509 3900 bus
556 3837 638 3899 ab
682 3836 851 3901 alia:
886 3857 1087 3919 quum
1136 3846 1345 3899 tamen
1398 3846 1741 3920 utrumque.
1790 3859 1887 3902 se-

384 3937 671 3999 cundum
719 3936 923 4017 legem
958 3936 1283 3999 videretur
1328 3936 1649 4013 illicitum,
1683 3957 1882 4018 quum

382 4034 701 4117 seriptum
734 4035 818 4097 sit
850 4034 915 4096 in
948 4034 1115 4097 libro
1145 4034 1563 4098 Numerorum
1602 4055 1614 4097 :
1653 4037 1883 4100 Omnes

384 4133 511 4195 viri
540 4134 778 4195 ducent
820 4151 1049 4195 uxores
1080 4133 1159 4195 de
1202 4132 1373 4195 tribu
1405 4142 1467 4196 ct
1507 4135 1883 4213 cognatione

1994 3148 2530 3230 SamsoniS,quod
2565 3149 2699 3229 ipse
2733 3156 3046 3229 quaereret
3079 3147 3359 3228 aliquam
3388 3146 3484 3228 ju-

1994 3256 2155 3309 stam
2189 3267 2444 3310 causam
2479 3266 2590 3309 scu
2631 3245 3028 3309 occasionem
3062 3244 3482 3327 impugnandi

1994 3346 2376 3428 allophylos,
2427 3345 2736 3419 Quocirca
2785 3344 2986 3426 quaeri
3037 3352 3275 3426 potest,
3329 3344 3482 3425 quid

1996 3464 2254 3508 necesse
2304 3454 2434 3508 erat
2488 3444 2776 3507 Samsoni
2827 3443 3222 3517 occasionem
3265 3444 3487 3525 hujus-

1994 3544 2164 3606 modi
2193 3552 2499 3624 quaerere,
2519 3563 2716 3624 quum
2741 3541 2866 3604 filii
2891 3542 3074 3605 lsrael
3099 3562 3134 3604 a
3153 3541 3485 3604 Philistaeis

1993 3642 2274 3722 graviter
2318 3650 2783 3722 premerentur,
2819 3649 2880 3705 et
2929 3649 3094 3704 terra
3125 3640 3488 3703 philistino-

1997 3760 2137 3802 rum
2177 3748 2344 3803 esset
2385 3759 2528 3822 pars
2571 3747 2752 3801 terrae
2791 3739 3090 3801 Israelitis
3133 3739 3482 3821 promissae.

1994 3839 2119 3900 Alii
2169 3857 2426 3920 quoque
2469 3838 2716 3919 judices
2761 3838 2972 3899 statim
3019 3858 3220 3920 quum
3267 3846 3487 3920 potue-

1995 3946 2163 4014 runt,
2201 3945 2579 4017 congregato
2612 3936 2913 4012 exercitu,
2951 3938 3486 4019 impugnaverunt

1994 4036 2209 4098 hostes
2230 4034 2590 4098 israeliticae
2612 4034 2834 4117 plebis.
2853 4036 3484 4117 Respondetur‚quod

1997 4133 2120 4195 filii
2144 4133 2329 4195 lsrael
2362 4141 2619 4215 propter
2639 4153 2754 4195 sua
2774 4141 3031 4215 peccata
3054 4133 3313 4198 suerunt
3343 4133 3486 4197 sub-

382 4251 524 4294 sua.
561 4232 634 4293 Et
668 4231 736 4293 in
767 4231 1261 4295 Deuteronomio
1298 4250 1311 4293 :
1344 4232 1481 4295 Non
1513 4232 1706 4295 inibis
1736 4253 1881 4297 cum
1912 4236 1963 4299 D
1991 4232 2141 4312 jecti
2175 4231 2652 4295 philistinorum
2689 4230 2978 4314 imperio,
3001 4240 3062 4293 et
3093 4232 3214 4295 sub
3244 4233 3483 4297 tributo

381 4330 501 4407 eiS,
556 4330 857 4394 videlicet
900 4322 1305 4411 al'icnigeniS,
1355 4332 1676 4412 conjugia.
1714 4335 1884 4403 Quia

380 4432 483 4490 vis
532 4432 823 4507 accipere
875 4450 1143 4490 uxorem
1190 4434 1271 4491 de
1320 4432 1713 4502 I'lez‘lae'sciz'm,
1766 4434 1883 4511 qui

380 4529 836 4589 incircumcisi
853 4538 1029 4599 sunt,
1046 4547 1245 4610 quum
1274 4537 1485 4591 tamen
1508 4529 1724 4611 dispar
1754 4530 1883 4592 cul-

380 4636 485 4688 tus
506 4626 817 4708 impediat
846 4626 1325 4689 matrimonium
1347 4628 1875 4703 contrahendum,

378 4725 771 4806 dirimatque
815 4732 1234 4788 contractum.

478 4826 801 4903 Dia-itque
847 4828 1125 4887 Samson
1175 4828 1263 4885 acl
1306 4836 1560 4903 patrem
1611 4846 1807 4887 suum
1855 4847 1879 4886 ,·

378 4926 571 4985 Hanc
630 4925 802 4984 mihi
860 4926 1101 5001 accipe,
1151 4926 1309 5002 quia
1366 4926 1619 5001 placuit
1676 4928 1879 4985 oculis

380 5024 556 5083 meis.
594 5021 885 5095 Videtur,
918 5022 1091 5103 quod
1124 5021 1234 5083 illa
1266 5022 1389 5085 suit
1422 5022 1877 5086 irrationabilis

382 5138 595 5192 causa,
632 5120 723 5181 ita
752 5120 923 5201 quod
958 5120 1220 5183 Samson
1254 5140 1327 5183 ex
1362 5120 1703 5183 libidinosa
1731 5141 1879 5184 con-

382 5218 787 5300 cupiscentia
833 5225 1045 5281 motus
1102 5217 1189 5280 sit
1237 5220 1314 5281 ad
1372 5220 1875 5282 contrahendum

379 5317 779 5399 conjugium,
810 5326 877 5380 et
898 5326 1120 5380 eontra
1160 5317 1319 5381 illud
1349 5318 1521 5400 quod
1564 5318 1874 5401 scriptum

1992 4332 2083 4393 eis
2116 4330 2583 4404 deserviebant,
2621 4332 2708 4394 ita
2737 4332 2906 4414 quod
2943 4332 3198 4395 interim
3235 4332 3357 4395 suit
3388 4333 3484 4395 in-

1994 4437 2089 4491 ter
2120 4449 2229 4492 eos
2261 4448 2382 4511 pax
2413 4431 2704 4511 quaedam
2737 4440 2800 4492 et
2832 4430 3211 4513 compositio
3244 4450 3356 4513 per
3385 4432 3485 4513 ju-

1994 4536 2350 4591 ramentum
2384 4537 2490 4591 aut
2523 4529 3012 4611 promissionem
3047 4530 3484 4611 sirmat.a‚quae

1990 4627 2131 4689 sine
2164 4646 2330 4689 nova
2358 4628 2694 4690 occasione
2725 4647 2853 4690 non
2891 4628 3096 4691 fuerat
3130 4624 3483 4709 infringen-

1990 4726 2284 4788 da.Unde
2317 4745 2429 4807 per
2447 4726 2787 4789 Jeremiam
2820 4736 2882 4789 et
2903 4726 3294 4789 Ezechielem
3319 4728 3481 4790 Deus

1992 4825 2363 4906 frequenter
2405 4826 2695 4907 praedixit
2736 4846 2804 4888 se
2837 4825 3208 4907 puniturum
3245 4833 3306 4886 et
3348 4826 3478 4904 regi

1988 4923 2326 5005 Babylonis
2377 4924 2812 5003 subjecturum
2864 4922 3185 4985 Sedeciam
3240 4942 3475 5003 regem,

1989 5040 2064 5084 eo
2104 5022 2274 5103 quod
2309 5020 2574 5083 violavit
2618 5029 2868 5103 pactum
2912 5041 3056 5084 cum
3101 5039 3244 5100 rege
3275 5022 3480 5083 Nabu-

1987 5121 2386 5183 chodonosor
2427 5120 2683 5181 initum.
2719 5121 2876 5183 Hine
2919 5121 2982 5182 in
3025 5120 3352 5183 Ezechielc
3394 5121 3480 5184 le—

1986 5219 2160 5299 gitur
2196 5236 2210 5281 :
2244 5217 2359 5292 Qui
2393 5219 2688 5281 dissolvit
2729 5228 3006 5302 pactum,
3046 5219 3356 5300 numquid
3388 5218 3480 5282 ei-

1990 5318 2226 5399 fugiet?
2243 5316 2419 5391 Quod
2441 5326 2652 5380 autem
2675 5317 2782 5380 alii
2804 5318 3050 5399 judices
3083 5318 3388 5393 fecerunt,
3403 5338 3481 5381 ex

3507 759 3557 798 39
3581 771 3591 805 ;
3623 755 3771 800 Eccli.

3505 833 3619 868 mu,
3651 822 3717 861 30.

3538 891 3644 935 Gen.
3658 905 3770 941 xxix,

3511 957 3574 1005 ¹7,
3599 957 3664 998 ¹8.

3549 2973 3567 2992 ⁶
3582 2973 3779 3015 occasio-

3513 3046 3605 3077 nem

3565 5242 3734 5285 Ezech.

3509 5318 3607 5354 xvii,
3639 5308 3704 5346 15.
