4359 6250
876 467 995 530 396

1434 488 1780 534 ENAnnA’rlo
1824 489 1885 533 IN
1928 489 2063 534 CAP.
2109 488 2236 536 XXV
2279 489 2436 534 unm
2476 489 2646 534 1³81}ss
2687 489 2911 535 REGUM.
2955 507 3036 518 —-
3077 489 3220 534 ΛΒΤ.
3263 489 3410 536 xun

584 670 843 726 mestum.
877 654 1001 718 fuit
1033 657 1220 736 regiS‚
1255 666 1318 720 et
1346 667 1577 721 unctus
1609 658 1731 720 fuit
1763 659 1828 720 in
1860 677 2095 738 regem,
2131 668 2194 722 et
2225 677 2363 740 gra·
2393 658 2446 720 A
2473 660 2658 718 niam
2675 663 2984 736 completa
3011 669 3102 720 est
3131 661 3389 720 malitia
3411 661 3718 720 adversus
3738 658 3964 716 virum

582 735 658 786 27;
676 747 757 784 xvi,
778 735 843 776 1³.

876 747 1027 817 tiam
1052 755 1277 818 habuit
1308 757 1659 838 prophetiae
1682 775 1695 819 :
1721 758 1799 819 ad
1830 777 2021 839 quam
2054 759 2362 841 reprobus

873 853 1067 916 Nabal
1120 855 1593 936 improbissime
1642 865 1702 918 et
1754 857 2212 939 superbissime
2268 876 2365 920 re-

872 952 1151 1033 spondit,
1187 961 1258 1014 ut
1286 953 1601 1016 subditur.

956 1055 1294 1130 Quumque
1326 1055 1642 1114 venissent
1662 1057 1861 1131 pueri
1889 1058 2129 1126 David,
2166 1058 2364 1116 locuti

873 1161 1025 1211 suni
1056 1154 1144 1211 ad
1174 1153 1391 1214 Nabal
1418 1155 1641 1212 omnia
1674 1155 1861 1213 verba
1893 1157 2026 1216 ha’c
2052 1175 2135 1213 ea>
2164 1157 2364 1214 nomi-

874 1271 955 1310 ne
984 1252 1228 1321 David,
1250 1260 1309 1310 ec
1336 1253 1682 1312 siluerunt.
1706 1255 2115 1330 Respondeas
2143 1264 2362 1314 autem

874 1349 1091 1408 Nabal
1106 1351 1335 1425 pueris
1364 1352 1606 1419 David,
1627 1353 1723 1410 aie
1746 1371 1768 1409 .·
1793 1353 1949 1419 Quis
1976 1361 2065 1411 esi
2097 1353 2364 1412 David?

870 1455 931 1505 ec
975 1448 1121 1525 quis
1162 1457 1252 1508 est
1293 1449 1476 1523 filius
1512 1450 1652 1509 Isai
1670 1451 1701 1508 Ρ
1724 1448 1907 1529 quasi
1950 1448 2121 1511 dicat
2153 1466 2166 1510 :
2203 1448 2362 1510 Vilis

874 1552 937 1606 et
968 1543 1301 1608 insidiator
1332 1553 1427 1608 est
1457 1545 1701 1609 domini
1733 1547 1853 1622 sui,
1890 1566 1961 1610 ac
1993 1546 2363 1629 capitaneus

881 1660 1208 1705 servorum
1240 1641 1677 1723 fugitivorum.
1714 1647 1922 1706 Hodie
1952 1647 2363 1706 increverunt

872 1743 1045 1800 servi
1091 1743 1209 1821 qui
1254 1743 1529 1818 fuyiunt
1578 1745 1870 1804 dominos
1914 1764 2080 1814 sum,
2126 1743 2190 1805 id
2241 1751 2357 1820 est,

2475 765 2683 828 tuum,
2715 767 2774 818 ec
2805 761 3111 818 adversus
3129 762 3392 818 domum
3425 769 3604 818 tuam
3635 777 3656 815 .·
3679 755 3798 817 hoc
3835 762 3960 829 est,

2475 863 2649 917 tanta
2706 865 2802 942 est
2847 857 3125 938 pravitas
3169 855 3291 918 viri
3337 855 3451 933 tui,
3502 855 3674 936 quod
3717 852 3964 915 diutius

2473 953 2729 1016 tolerari
2773 973 2898 1018 non
2946 962 3174 1037 potest,
3213 961 3275 1017 et
3317 962 3566 1035 tempus
3611 971 3738 1014 suae
3769 951 3964 1033 puni-

2475 1051 2668 1115 tionis
2697 1053 2829 1134 jam
2862 1053 3220 1130 instat,non
3243 1053 3448 1116 solum
3479 1053 3546 1114 in
3577 1050 3814 1112 malum
3835 1048 3960 1112 viri

2474 1151 2589 1228 tui,
2609 1152 2719 1214 sed
2747 1160 2810 1214 et
2832 1151 3323 1214 domesticorum
3346 1150 3549 1233 ipsius
3573 1173 3588 1224 3
3621 1159 3679 1210 ec
3709 1151 3844 1226 ipse
3869 1157 3964 1208 est

2470 1252 2654 1327 filius
2699 1253 2934 1322 Belial,
2992 1250 3112 1313 hoc
3160 1259 3256 1312 est
3302 1248 3563 1324 diaboli,
3607 1267 3720 1311 seu
3766 1248 3964 1310 homo

2473 1367 2733 1431 prorsus
2767 1349 3302 1430 indisciplinam,
3323 1350 3420 1410 ita
3449 1359 3522 1409 ut
3553 1367 3734 1408 nemo
3759 1347 3964 1424 possit

2472 1450 2534 1508 ei
2566 1451 2768 1526 loqui,
2791 1447 2856 1508 id
2886 1455 2999 1522 est,
3019 1447 3124 1512 vix
3143 1446 3378 1528 aliquis
3408 1453 3616 1528 potest
3643 1464 3786 1508 eum
3819 1444 3966 1506 sine

2477 1546 2764 1629 periculo
2794 1547 3058 1629 alloqui,
3081 1545 3384 1629 quoniam
3419 1545 3632 1608 statim
3663 1561 3966 1627 perverse

2473 1647 2837 1728 respondet,
2875 1654 2985 1708 aut
3016 1647 3399 1729 respondere
3428 1642 3827 1724 dedignat-ur,
3851 1649 3966 1704 aut

2473 1744 2906 1826 alloquentem
2939 1743 3104 1806 male
3133 1751 3379 1806 tractat.

874 1847 1159 1920 tempore
1206 1840 1327 1903 isto
1372 1840 1780 1922 multiplicati
1822 1851 1973 1904 sunt
2010 1851 2072 1905 et
2111 1841 2360 1904 collecti
2399 1846 2446 1907 B
2559 1845 2916 1904 Foetinavit
2937 1845 3143 1920 iyicur
3163 1844 3431 1920 Abiyail
3459 1861 3482 1902 .·
3511 1859 3656 1922 quae
3685 1838 3824 1902 sine
3853 1839 3968 1900 ali-

876 1937 1067 2012 servi,
1100 1938 1211 2018 qui
1258 1947 1517 2020 propter
1558 1957 1705 2002 suos
1745 1959 2060 2016 excessuS,
2094 1948 2157 2002 et
2188 1940 2364 2002 debi-

876 2045 1080 2098 tarum
1116 2037 1341 2099 timore
1373 2055 1727 2119 poenarum,
1765 2057 1912 2101 suos
1957 2036 2214 2119 fugiunt
2254 2040 2364 2101 do-

876 2134 1106 2196 minos
1142 2135 1331 2209 Quasi
1376 2135 1566 2211 dicat,
1602 2135 1946 2199 Malitiosus
1977 2145 2040 2200 et
2068 2137 2216 2199 vilis
2257 2157 2364 2200 cu-

873 2233 1087 2295 mulus
1118 2237 1489 2295 est.TolIam
1507 2255 1655 2312 erqo
1676 2255 1881 2312 panes
1902 2256 2066 2296 meos
2084 2246 2142 2296 et
2162 2257 2366 2316 aquas

876 2353 1075 2402 mea-3,
1104 2342 1163 2392 et
1206 2353 1428 2394 carnes
1471 2353 1769 2410 pecorum
1814 2355 2119 2410 meorum,
2156 2334 2220 2396 id
2267 2344 2366 2398 est

875 2429 1053 2492 cibos
1086 2438 1148 2493 et
1175 2439 1385 2512 potuS,
1405 2454 1548 2512 quoe
1568 2434 1775 2493 occidi
1806 2436 2160 2494 consoribus
2182 2437 2360 2504 meis,

876 2539 935 2590 ei
965 2532 1126 2589 dabo
1159 2531 1323 2589 viris
1351 2550 1506 2609 quos
1546 2534 1751 2591 nescio
1792 2535 1963 2592 unde
1990 2535 2123 2592 sinc
2145 2535 2175 2592 ἓ
2207 2552 2278 2595 ac
2309 2533 2362 2594 si

874 2626 1044 2690 dicat
1082 2644 1095 2688 :
1130 2627 1263 2691 Non
1306 2627 1558 2704 faciam,
1595 2649 1792 2710 quum
1840 2630 1968 2692 sint
2012 2639 2139 2692 tam
2180 2631 2358 2707 vileS,

876 2735 945 2787 ut
983 2725 1319 2806 indignum
1362 2736 1649 2808 reputem
1680 2747 1964 2809 quaerere
1994 2737 2103 2790 aut
2133 2747 2365 2809 cogno-

874 2843 1071 2898 scere,
1104 2825 1183 2886 de
1227 2842 1357 2905 quo
1402 2825 1541 2888 loco
1582 2825 1709 2887 sint
1744 2825 2022 2889 oriundi.
2058 2826 2134 2887 Et
2162 2827 2364 2908 aliqui

876 2930 1055 2983 erant
1104 2922 1269 2986 inter
1318 2941 1533 2987 servos
1582 2923 1801 2995 David,
1837 2943 2110 3005 quorum
2154 2924 2363 2988 locum

2473 1959 2653 2004 orum
2675 1940 2947 2004 consilio
2969 1940 3180 2003 statim
3202 1959 3318 2022 per
3346 1959 3526 2001 suam
3557 1937 3962 2020 prudentiam

2473 2039 2923 2116 consideravit,
2953 2039 3110 2121 quid
3138 2047 3305 2102 esset
3334 2038 3682 2119 agendum3
3713 2047 3774 2098 et
3807 2039 3966 2098 tulit

2470 2141 2772 2198 ducentos
2813 2157 3018 2214 panes
3063 2147 3122 2197 et
3170 2141 3331 2198 daos
3377 2145 3550 2197 utres
3589 2137 3734 2195 vini
3767 2152 3790 2195 :
3829 2152 3964 2214 quo

2470 2243 2739 2312 constat,
2765 2244 2829 2298 et
2873 2235 3026 2297 satis
3069 2243 3357 2317 apertum
3403 2243 3520 2310 est,
3552 2233 3722 2315 quod
3767 2251 3966 2314 supra

2473 2354 2586 2418 per
2617 2353 2814 2415 aquas
2847 2334 3291 2414 intelliguntur
3321 2349 3736 2415 quaecumque
3766 2349 3966 2413 pocu-

2474 2433 2534 2496 la
2560 2459 2576 2510 3
2607 2445 2666 2495 et
2704 2436 2992 2514 quinque
3039 2434 3268 2494 arietes
3309 2443 3532 2502 cocto-5,
3571 2442 3633 2492 et
3675 2433 3965 2510 quinque

2471 2544 2614 2594 sata
2649 2537 2944 2610 polenta).
2981 2531 3218 2609 Satum,
3257 2531 3602 2594 secundum
3646 2528 3959 2604 Glossam,

2474 2639 2570 2693 est
2590 2649 2890 2693 mensura
2908 2630 3244 2694 continens
3275 2647 3473 2690 unum
3505 2627 3786 2692 modium
3809 2645 3960 2689 cum

2474 2729 2764 2792 dimidio,
2819 2728 3166 2791 Modiorum
3217 2746 3368 2790 vero
3419 2725 3740 2808 quantitas
3787 2725 3962 2806 apud

2475 2827 2761 2890 diversos
2809 2825 3303 2890 diversificatur.
3357 2826 3616 2889 Polenta
3663 2841 3812 2888 vero
3862 2831 3966 2886 est.

2475 2926 2954 2993 accuratissima
2995 2925 3220 2998 farina,
3266 2925 3365 2988 vel
3410 2924 3618 3006 pultes
3658 2921 3841 2985 factae
3877 2921 3966 2984 dc

880 3020 1154 3084 natalem
1201 3030 1264 3084 et
1312 3022 1623 3103 originem
1673 3023 1867 3086 Nabal
1912 3024 2205 3087 nescivit.
2256 3025 2364 3086 llis
2400 3023 2444 3086 C
2476 3044 2570 3101 ea,
2605 3043 2716 3086 seu
2761 3023 3045 3086 triticum
3089 3023 3222 3104 pilo
3264 3031 3497 3085 tusum.
3533 3022 3811 3084 Andreas
3855 3039 3966 3082 ex-

878 3119 1136 3197 auditi&
1160 3120 1525 3202 indignatus
1546 3132 1640 3185 est
1661 3121 1880 3199 David,
1897 3131 1959 3185 et
1977 3122 2166 3204 jussit
2199 3124 2362 3186 suis:

878 3222 1278 3297 Accinqatur
1300 3224 1739 3301 unusquisque
1759 3224 1985 3300 yladio
2008 3243 2144 3284 sub.
2166 3226 2250 3284 Ει
2269 3244 2368 3283 ac-

878 3320 1077 3379 cincti
1104 3330 1258 3379 sunt
1285 3322 1536 3395 sinquli
1550 3323 1800 3397 qladz'is
1826 3322 1983 3383 suis,
2004 3324 2368 3383 Ace-inclus-

878 3438 999 3496 que
1028 3426 1117 3477 esc
1145 3428 1205 3479 el
1236 3420 1456 3479 David
1476 3420 1703 3494 yladio
1730 3440 1870 3488 suc,
1899 3429 1959 3479 ei
1986 3422 2189 3480 secuti
2215 3429 2367 3481 suni

877 3517 1098 3576 David
1127 3518 1316 3595 quasi
1345 3519 1813 3596 quadringenti
1848 3520 1997 3579 viri.
2016 3520 2222 3579 Porro
2251 3522 2368 3578 du-

877 3616 1047 3674 centi
1072 3614 1285 3675 minus
1313 3614 1445 3695 apti
1476 3615 1552 3677 ad
1584 3615 1897 3695 praelium,
1917 3628 2368 3677 remanserunt

876 3716 965 3772 ad
992 3714 1304 3785 sare-inm,
1342 3712 1460 3775 hoc
1499 3721 1595 3773 est
1633 3713 1710 3774 ad
1742 3714 2228 3776 custodiendum
2262 3734 2367 3778 va-

876 3830 967 3884 sa,
1006 3810 1071 3871 in
1103 3808 1338 3891 quibus
1380 3810 1737 3873 necessaria
1774 3820 1976 3888 erant,
2010 3821 2073 3874 et
2112 3832 2188 3875 ea
2223 3831 2366 3893 quae

879 3907 1259 3990 praeliaturis
1290 3909 1467 3971 oneri
1501 3917 1702 3971 erant.

2477 3124 2720 3207 positor
2758 3121 2934 3199 dicit,
2966 3124 3138 3205 quod
3179 3121 3266 3184 sit
3303 3141 3498 3203 grana
3533 3129 3696 3184 tosta
3733 3129 3792 3182 et
3827 3138 3967 3183 ma-

2479 3223 2668 3286 nibus
2695 3222 3170 3285 confricata.Et
3187 3230 3443 3282 centum
3473 3222 3786 3297 liyacuras
3817 3240 3968 3281 uva?

2468 3343 2696 3400 passce.
2731 3320 2864 3383 Uva
2904 3340 3088 3402 passa
3127 3326 3408 3396 vocatur,
3444 3336 3586 3399 quae
3621 3325 3966 3397 antequam

2477 3427 2882 3495 maturescat,
2934 3418 3284 3481 exsiccatur
3330 3418 3410 3480 ad
3457 3416 3686 3491 solem,
3740 3414 3970 3495 sicque

2477 3526 2888 3581 conservatur
2910 3526 2973 3581 et
3002 3516 3358 3595 colligatur.
3374 3518 3458 3577 Ec
3477 3518 3782 3576 ducentas
3801 3532 3970 3573 mas-

2475 3638 2578 3677 sas
2597 3618 2988 3689 caricarum,
3009 3616 3074 3677 id
3095 3623 3191 3677 est
3220 3613 3488 3691 ficuum,
3505 3632 3616 3676 seu
3638 3611 3966 3674 fructuum

2479 3715 2854 3797 palmarum,
2889 3722 2960 3775 ut
2987 3712 3186 3795 aliqui
3217 3713 3440 3776 dicunt
3466 3738 3480 3789 3
3527 3723 3587 3773 et
3607 3712 3824 3790 posuit
3853 3730 3966 3769 sa-

2469 3835 2591 3893 per
2619 3814 2854 3874 asinos,
2891 3814 3202 3892 Dixitque
3233 3813 3482 3891 pueris,
3516 3810 3579 3872 id
3625 3818 3720 3872 est
3757 3808 3968 3871 servis

2473 3914 2635 3981 suis,
2684 3911 2795 3993 qui
2848 3911 3108 3993 praet'ata
3157 3908 3462 3973 victualia
3509 3927 3698 3989 super
3744 3906 3966 3968 asinos

956 4009 1223 4083 Abiqail
1270 4018 1487 4069 autem
1529 4010 1725 4069 uatori
1766 4012 1979 4071 Nabal
2025 4012 2366 4071 nunciavit
2476 4009 2850 4072 deferebant
2894 4027 2906 4071 ε
2950 4010 3302 4070 Proecedite
3351 4028 3470 4068 me.
3513 4006 3616 4069 Sic
3663 4012 3724 4067 et
3767 4002 3966 4067 Jacob
4025 4027 4272 4069 Gemma.
4312 4006 4313 4017 *

878 4126 1048 4165 unus
1075 4108 1155 4165 de
1176 4108 1423 4182 puerile,
1460 4105 1579 4169 boc
1618 4115 1712 4169 est
1746 4106 2003 4170 famulis
2030 4111 2192 4178 suis,
2223 4128 2368 4191 pru·
2479 4108 2740 4171 fratrem
2773 4126 2958 4170 suum
2989 4108 3152 4169 Esau
3183 4107 3438 4183 timenS‚
3473 4104 3778 4188 praemisit
3807 4122 3962 4166 cum
4003 4092 4144 4133 '‘²³¹-

879 4203 1036 4265 dens
1068 4203 1266 4285 opilio
1300 4224 1313 4268 :
1348 4208 1500 4267 [cece
1530 4208 1709 4266 misit
1737 4209 1958 4267 David
1990 4209 2253 4267 nuntios
2289 4210 2368 4267 de
2397 4207 2448 4269 D
2477 4205 2851 4269 muneribus
2896 4222 3133 4281 servm,
3167 4213 3238 4267 ut
3279 4204 3460 4266 illum
3506 4205 3778 4285 placaret
3819 4221 3970 4263 mu-

880 4305 1145 4372 deserto,
1176 4313 1246 4363 ui
1276 4305 1713 4365 benedicerent
1741 4306 2003 4365 domino
2033 4316 2270 4375 nostra,
2303 4304 2367 4366 id

880 4407 997 4476 est,
1016 4400 1224 4481 ipsum
1257 4400 1449 4463 Nabal
1482 4402 1829 4465 salutarent
1859 4422 1971 4485 per
1992 4403 2186 4467 verba
2204 4422 2370 4467 com-

882 4498 1299 4575 mendatoria,
1331 4510 1391 4559 et
1432 4512 1761 4561 aversatus
1809 4512 1923 4571 esc,
1974 4502 2093 4566 hoc
2138 4511 2235 4565 cst
2277 4521 2371 4565 re-

884 4597 1067 4679 pulit,
1090 4618 1209 4659 eos,
1238 4600 1548 4659 Homines
1578 4601 1713 4669 isli,
1736 4602 1885 4661 boni
1912 4603 2069 4662 satis
2096 4603 2370 4678 fuerunt

880 4698 1081 4768 nobi-5,
1114 4705 1172 4755 ei
1217 4717 1341 4757 non
1392 4700 1664 4768 molesti,
1698 4718 1810 4758 nec
1851 4701 2212 4779 quidquam
2253 4704 2372 4761 ali-

881 4799 1141 4875 quando
1176 4797 1381 4873 periit
1420 4799 1604 4857 omni
1652 4807 1926 4874 tempore
1962 4820 2087 4879 quo
2117 4799 2371 4876 fuimus

880 4896 1239 4955 conversati
1274 4914 1423 4954 cum
1465 4896 1557 4955 eis
1600 4897 1671 4955 in
1710 4899 1973 4957 deserto,
2007 4900 2139 4959 Pro
2184 4918 2370 4957 muro

880 4995 1153 5072 fuerunt
1191 4994 1393 5063 nobiS,
1431 5002 1562 5053 tam
1602 4996 1674 5055 in
1706 5005 1906 5065 nocte,
1936 5016 2131 5074 quam
2163 4998 2237 5055 in
2266 4998 2374 5055 die

2481 4305 2763 4368 neribus,
2811 4307 2898 4366 Et
2939 4324 3073 4364 eece
3115 4324 3223 4381 eqo
3255 4314 3398 4381 post
3443 4314 3689 4379 teryum
3729 4322 3970 4381 sequar

2481 4424 2606 4465 vos.
2637 4406 2782 4465 Viro
2813 4413 3032 4463 aulem
3063 4404 3277 4465 Nabal
3306 4423 3438 4463 non
3468 4402 3808 4463 indicavit.

2563 4505 2776 4571 Quum
2818 4521 2965 4578 erqo
3015 4502 3396 4561 ascendisset
3443 4502 3724 4570 asinum,
3755 4508 3814 4559 et
3861 4502 3972 4559 de-

2479 4605 2799 4661 scenderet
2819 4603 2907 4661 ad
2929 4602 3215 4660 radicem
3239 4600 3500 4669 montisi,
3514 4600 3733 4659 David
3749 4606 3808 4657 et
3829 4599 3974 4657 viri

2479 4702 2619 4778 ejus
2647 4702 3107 4760 descenderunt
3147 4700 3218 4758 in
3249 4718 3582 4757 occursum
3609 4698 3768 4775 ejus.
3815 4699 3976 4765 Qui-

2482 4802 2593 4859 bus
2631 4808 2691 4859 et
2735 4799 2856 4857 illa
2901 4798 3202 4857 occurrit.
3241 4798 3327 4857 Et
3365 4797 3462 4857 ait
3507 4797 3726 4857 David
3755 4816 3778 4854 .·
3817 4796 3976 4855 Vere

2480 4898 2734 4974 frustra
2754 4898 3011 4956 servavi
3039 4897 3262 4955 omnia
3279 4916 3422 4975 quoe
3451 4896 3649 4972 hujus
3675 4904 3864 4955 erant
3895 4896 3974 4954 in

2482 4998 2746 5064 deserto,
2781 4993 2846 5054 id
2892 5002 3010 5071 est,
3045 4994 3184 5055 sine
3224 4992 3569 5072 gratiarum
3615 4991 3866 5055 actione
3909 5000 3976 5055 et

882 5092 1175 5151 omnibus
1204 5092 1428 5151 diebus
1457 5094 1690 5171 quibus
1720 5094 2029 5169 pavimus
2066 5097 2247 5170 apud
2274 5114 2376 5155 eos
2485 5091 3078 5174 recompensatione
3106 5092 3296 5172 hujus
3318 5090 3507 5152 Nabal
3539 5090 3753 5153 dimisi
3787 5108 3982 5171 peco—

876 5206 1115 5265 9re9es.
1167 5192 1375 5258 Quam
1420 5191 1494 5249 ob
1541 5211 1677 5251 rem
1724 5192 2057 5251 considera
2099 5200 2159 5251 el
2213 5211 2374 5251 reco-

876 5287 1045 5363 9ica,
1066 5288 1228 5365 quid
1245 5289 1455 5364 facias
1476 5289 1552 5350 ad
1586 5289 1965 5369 placandum
1986 5289 2206 5365 David,
2225 5310 2374 5369 quo-

2487 5211 2556 5253 ra
2584 5191 2720 5272 ejus
2753 5191 3011 5267 intacta,
3057 5200 3118 5253 et
3156 5188 3239 5251 ab
3267 5188 3670 5252 invasoribus
3700 5190 3984 5251 custodi-

2485 5288 2549 5353 vi
2593 5308 2608 5352 :
2655 5306 2784 5351 non
2836 5295 3044 5350 tamen
3093 5285 3232 5351 sine
3280 5304 3392 5367 spe
3439 5286 3986 5350 remunerationis
