4359 6250
1181 497 1526 543 ENARRA‘I'IO
1569 498 1628 543 IN
1673 497 1808 544 GAP.
1858 496 2010 543 xxul
2051 497 2253 543 Josun.
2299 516 2379 527 -
2419 497 2561 545 AR'r.
2608 498 2758 545 XXXI
3436 480 3513 545 97

415 668 540 729 tari
584 669 810 745 salute,
854 668 1058 751 parati
1100 687 1240 730 esse
1279 686 1396 750 pro
1433 667 1682 748 justitia
1723 668 1909 744 mori,
1941 670 1992 731 Α
2020 666 2393 749 adimplere,
2453 667 2895 732 rationabilem
2946 686 3201 749 quoque
3252 688 3509 733 excusa-

417 785 538 829 nec
579 766 646 828 in
685 768 1162 849 derogationem
1198 766 1488 828 veritatis
1526 784 1910 847 quemquam

415 864 704 946 palpare,
745 884 952 947 neque
987 863 1396 947 peccantibus
1436 864 1915 946 quantumlibet

415 964 806 1046 propinquis
842 972 1064 1027 contra
1101 963 1414 1045 justitiam
1461 982 1742 1045 parcere,
1784 964 1912 1027 imo

413 1072 812 1144 praeceptum
855 1063 1150 1125 fraternae
1191 1062 1614 1144 correptionis
1655 1071 1914 1125 strenue

2022 766 2261 829 tionem
2294 766 2564 829 libenter
2594 766 2948 849 suscipere3
2983 766 3094 829 sed
3133 775 3197 829 et
3232 770 3508 847 gaudere

2024 864 2102 926 de
2133 864 2498 928 innocentia
2536 866 2991 947 proximorum,
3034 884 3107 928 ac
3144 867 3335 928 Deum
3376 885 3511 929 cor-

2024 962 2277 1025 dialiter
2319 964 2680 1027 collaudare
2730 982 2845 1046 pro
2893 964 3078 1027 donis
3116 964 3334 1043 gratiae
3369 984 3511 1045 quae

2021 1062 2166 1126 aliis
2198 1061 2469 1127 confert.

1466 1518 2112 1604 ARTICULUS
2187 1519 2476 1603 XXXI

783 1830 1096 1877 Exposrrlo
1141 1829 1416 1875 CAPITULI
1462 1827 1722 1873 vlcsssun
1765 1826 1962 1871 'rt-:nm
2007 1827 2020 1871 :

2071 1828 2335 1873 EVOLUTO
2379 1828 2583 1873 AUTEM
2626 1830 2820 1875 uut'ro
2863 1831 3161 1877 TEMPORE.

471 2150 517 2201 Ἰ
537 2148 861 2212 ANCTUS
888 2148 988 2209 vir
1016 2149 1203 2211 Josue
1232 2147 1312 2209 dc
1342 2146 1548 2227 plebis
1585 2144 1710 2206 sibi
1750 2162 1916 2207 com·
1950 2139 1995 2201 B
2023 2161 2136 2200 nec
2153 2145 2242 2201 ad
2260 2146 2617 2213 dexteram,
2638 2165 2752 2205 nec
2770 2148 2859 2205 ad
2876 2147 3209 2207 sinistram
3229 2164 3253 2208 .·
3277 2155 3517 2210 utrum-

559 2248 774 2311 missae
812 2247 1016 2309 salute
1061 2244 1398 2321 sollicitu5‚
1437 2261 1578 2305 eam
1619 2242 1910 2305 hortatus

411 2354 512 2409 est
549 2348 627 2409 ad
673 2344 1214 2429 perseverandum
1261 2343 1326 2405 in
1361 2343 1468 2405 Dei
1510 2342 1708 2417 cultu,
1746 2340 1914 2402 sicut

413 2464 592 2507 nunc
621 2453 974 2507 enarratur.
1003 2447 1271 2505 Evoluto
1294 2452 1510 2503 autem
1543 2445 1743 2502 multo
1769 2450 1916 2500 tem-

401 2564 569 2623 pore
609 2562 646 2605 a
697 2551 984 2624 tempore
1025 2542 1161 2617 illo,
1180 2551 1522 2621 postquam
1560 2560 1786 2617 pacem
1815 2541 1916 2597 (le-

405 2648 602 2705 derat
617 2643 941 2703 Dominus
956 2638 1312 2708 Israeli‚ita
1333 2638 1504 2719 quod
1527 2656 1715 2699 nemo
1740 2636 1913 2699 tilios

409 2739 606 2803 Israel
649 2737 1024 2819 impugnare
1055 2734 1462 2817 praesumpsit
1493 2742 1562 2795 ut
1591 2742 1758 2810 ante,
1781 2735 1917 2793 sub-

389 2840 601 2917 jectis
645 2838 718 2897 in
755 2856 923 2913 yyro
965 2835 1340 2895 nationibus
1383 2834 1732 2901 universis,
1765 2850 1915 2912 qua-

411 2956 562 2999 rum
622 2943 825 2997 terras
885 2932 1264 3016 promiserat
1312 2931 1616 2994 Dominus
1667 2929 1913 2992 Israeli-

412 3036 500 3098 tis
537 3052 552 3097 :
585 3053 730 3117 quae
771 3051 887 3115 pro
915 3032 1192 3094 maxima
1234 3038 1410 3113 parte
1442 3038 1624 3092 erant
1662 3029 1907 3105 occisae,

411 3135 692 3198 residuae
741 3151 892 3195 vero
943 3139 1124 3193 erant
1171 3130 1383 3192 Israeli
1445 3129 1749 3210 subjectae
1789 3153 1803 3204 ;
1855 3138 1914 3189 et

405 3237 604 3294 Josue
618 3233 774 3308 jam
804 3228 1148 3291 exsistente
1179 3232 1460 3304 longaevo
1489 3237 1548 3287 et
1571 3227 1914 3304 persenilis

408 3446 590 3491 anno
621 3426 972 3490 centesimo
993 3425 1242 3488 decimo
1268 3448 1283 3498 ς
1309 3435 1650 3503 postquam
1680 3424 1914 3482 divise-

407 3536 525 3586 rat
573 3535 816 3585 terram
870 3525 1035 3600 filiis
1077 3525 1310 3591 Israel,
1338 3523 1694 3580 secundum
1745 3522 1916 3600 quod

409 3627 742 3688 Dominus
787 3627 1241 3700 imperaverat,
1278 3623 1526 3682 vocavit
1554 3623 1745 3682 Josue
1784 3641 1915 3680 om-

405 3745 566 3785 nem
607 3725 936 3792 Israelem,
977 3719 1038 3782 id
1072 3726 1169 3782 est
1195 3738 1600 3782 communem
1633 3718 1909 3800 plebem,

407 3833 474 3882 et
513 3823 794 3899 majores
836 3830 998 3880 natu
1035 3829 1096 3879 et
1121 3820 1456 3895 principes
1495 3817 1908 3893 familiarum,

407 3943 492 3983 ac
545 3924 740 3980 duces
791 3918 1096 3997 tribuum,
1147 3927 1207 3977 et
1259 3920 1594 3993 mayistros
1647 3917 1712 3978 in
1773 3917 1912 3997 lege

405 4019 684 4103 peritOS,
720 4019 1024 4096 dimitque
1061 4019 1148 4076 ad
1185 4036 1303 4076 eos.
1349 4015 1584 4078 Littera
1627 4015 1914 4078 difficul-

410 4126 613 4180 tatem
649 4135 778 4179 non
811 4114 1024 4178 habet.

493 4197 640 4294 Ego
668 4216 882 4283 senui,
911 4224 971 4274 et
1005 4215 1461 4291 proyressioris
1505 4217 1714 4276 a’tatis
1743 4235 1913 4284 sum,

407 4335 652 4395 vosque
679 4315 946 4374 cernitis
987 4313 1210 4372 omnia
1241 4333 1384 4392 quce
1412 4314 1567 4390 fecit
1597 4315 1913 4374 Dominus

407 4417 590 4476 Deus
633 4423 838 4474 vester
881 4413 1130 4472 cunctis
1159 4431 1280 4488 per
1317 4413 1668 4471 circuitum
1711 4414 1914 4473 natio-

405 4513 634 4582 nibus,
659 4519 780 4573 etc.
803 4513 1154 4589 Multaeque
1183 4512 1400 4569 adhuc
1422 4519 1767 4585 supersunt
1797 4531 1914 4570 na-

409 4612 620 4671 tiones
651 4632 678 4681 ,·
722 4609 1042 4670 Dominus
1084 4608 1408 4684 disperdet
1448 4627 1579 4677 eas,
1623 4617 1682 4667 et
1713 4609 1913 4684 possi-

403 4709 650 4770 debitis
691 4717 952 4768 terram.
995 4709 1270 4765 Tantum
1321 4706 1806 4781 confortamini,
1847 4705 1911 4767 id

405 4813 534 4882 est,
569 4805 692 4868 hoc
732 4804 1052 4886 praecipue
1082 4810 1232 4885 opto
1271 4812 1333 4866 et
1370 4803 1610 4880 hortor,
1647 4812 1716 4865 ut
1757 4822 1910 4867 con-

405 4905 738 4968 fortentur
767 4902 958 4966 corda
987 4909 1196 4964 vestra
1229 4902 1295 4963 in
1330 4902 1455 4965 Deo
1491 4919 1604 4983 per
1634 4903 1900 4982 gratiam

403 5013 474 5066 et
509 5002 802 5077 virtuteS,
842 5020 956 5083 per
999 5019 1178 5082 spem
1223 5009 1286 5063 et
1333 4999 1810 5076 fortitudinem3
1851 5012 1910 5063 et

402 5111 602 5164 estote
643 5101 930 5171 solliciti,
975 5109 1048 5160 ut
1087 5101 1464 5160 custodiatis
1500 5110 1728 5160 cuncta
1769 5121 1911 5179 quae

400 5202 662 5276 scripta
698 5208 850 5258 sunt
893 5199 964 5258 in
1006 5200 1332 5258 volumine
1370 5199 1524 5275 leqis
1555 5200 1823 5276 Moysis,
1851 5210 1910 5261 et

402 5319 548 5362 non
576 5297 916 5358 declinetis
951 5294 1032 5358 ab
1061 5295 1154 5359 eis
1193 5315 1336 5378 quae
1378 5296 1542 5360 Deus
1582 5297 1905 5380 praecepit,

671 5435 737 5486 T.
771 5435 819 5485 3.

2022 2258 2148 2319 que
2206 2240 2507 2303 vitiosum
2558 2241 2817 2305 vitando
2877 2251 3249 2321 extremum,
3298 2253 3368 2308 ut
3416 2246 3517 2308 via

2023 2336 2196 2417 regia
2248 2337 2577 2417 incedatiS,
2624 2359 2741 2403 nec
2790 2360 2904 2423 per
2954 2360 3257 2425 prospera
3307 2362 3517 2425 neque

2022 2435 2285 2498 adversa
2326 2436 2733 2517 frangamini‚
2769 2441 2878 2503 sed
2910 2460 3161 2523 semper
3193 2442 3260 2504 in
3306 2444 3516 2505 medio

2023 2536 2461 2616 perseverem,
2499 2556 2615 2599 nec
2660 2538 2823 2600 ultra
2855 2540 3021 2601 vires
3057 2540 3388 2622 quidpiam
3425 2550 3518 2603 at-

2027 2633 2304 2709 tentetiS,
2340 2653 2455 2697 nec
2488 2654 2601 2716 per
2644 2644 2925 2718 teporem
2959 2646 3021 2701 ct
3060 2638 3514 2719 negligentiam

2024 2730 2401 2805 tabescati83
2450 2754 2551 2805 ne,
2579 2745 2919 2815 postquam
2972 2739 3379 2799 intraveritis
3427 2742 3516 2799 ad

2013 2840 2232 2907 yentes
2270 2852 2413 2910 quae
2447 2833 2615 2893 inter
2660 2854 2765 2893 vos
2803 2835 3051 2910 futurae
3092 2846 3265 2907 sunt,
3302 2835 3515 2899 matri-

2023 2928 2237 2991 monia
2288 2928 2577 2992 faciendo
2618 2949 2761 2993 cum
2804 2932 2918 3007 εἰς,
2963 2940 3071 2995 aut
3122 2932 3517 2997 familiarita-

2026 3035 2138 3097 teS‚
2184 3035 2293 3089 aut
2331 3028 2717 3109 periculosas
2770 3030 3123 3110 societateS,
3143 3034 3390 3109 juretis
3440 3037 3513 3095 in

2025 3130 2285 3187 nomine
2340 3130 2606 3188 deorum
2662 3149 2915 3199 earum,
2954 3138 3175 3193 contra
3234 3132 3393 3194 illud
3445 3132 3513 3195 in

2023 3224 2512 3288 Deuteronomio
2562 3226 2892 3308 scriptum,
2938 3228 3052 3292 Per
3103 3231 3361 3294 nomina
3408 3251 3514 3294 ex·
3554 3259 3805 3312 emm„

405 3331 627 3392 aetatis
659 3351 682 3389 :
714 3327 972 3410 quando
1005 3327 1136 3407 jam
1173 3325 1366 3407 coepit
1397 3324 1912 3408 appropinquare
1943 3327 1985 3388 C
2025 3331 2345 3385 ternorum
2379 3323 2638 3386 deorum
2664 3344 2742 3388 ne
2770 3324 3157 3406 juraveritis,
3183 3330 3505 3412 Itemque:
3540 3323 3801 3436 }{{}'‚⁶;2{·''’

2019 3421 2356 3484 Dominum
2400 3423 2596 3484 Deum
2630 3431 2809 3484 tuum
2846 3423 3119 3503 timebiS‚
3154 3436 3213 3490 ct
3254 3448 3369 3510 per
3400 3448 3512 3492 no·

2019 3539 2167 3583 men
2200 3520 2339 3602 ejus
2366 3520 2632 3601 jurabis.
2666 3520 2783 3595 Qui
2815 3523 2987 3586 enim
3016 3524 3187 3605 jurat
3218 3546 3332 3608 per
3360 3529 3514 3592 deos

2018 3619 2379 3696 gentilium,
2415 3619 2693 3682 ostendit
2722 3641 2791 3684 se
2822 3622 3028 3685 colere
3058 3641 3188 3702 603,
3223 3633 3416 3707 atque
3446 3627 3513 3688 in

2023 3717 2305 3780 veritatis
2340 3718 2772 3781 testimonium
2814 3739 2921 3782 eos
2964 3723 3252 3801 assumit,
3288 3725 3509 3807 sicque

2021 3823 2358 3878 veneratur
2388 3816 2664 3880 eosdem.
2700 3820 2788 3879 Et
2814 3823 3112 3881 serviatis
3140 3825 3257 3893 eis,
3276 3834 3335 3884 et
3366 3828 3517 3885 ado-

2021 3917 2174 3974 retis
2227 3916 2369 3974 illos
2399 3939 2425 3987 ,·
2465 3919 2576 3974 sed
2623 3919 3009 3979 adhoereatis
3055 3923 3332 3982 Domino
3381 3925 3509 3984 Deo

2021 4024 2244 4074 vestro,
2278 4016 2365 4075 Et
2416 4035 2589 4075 nunc
2637 4020 2888 4095 auferet
2932 4020 3250 4080 Dominus
3292 4031 3511 4096 qentes

2022 4133 2315 4189 maynas,
2354 4124 2413 4174 et
2454 4117 2679 4174 nullus
2720 4117 2892 4175 vobis
2933 4118 3220 4177 resistere
3250 4123 3515 4196 poterit,

2021 4212 2178 4291 quia
2224 4214 2541 4273 Dominus
2586 4232 2705 4289 pro
2758 4216 2929 4274 vobis
2969 4219 3318 4293 puynabit,
3348 4220 3515 4280 sicut

2010 4311 2345 4385 pollicitus
2386 4319 2496 4371 est.
2542 4313 2678 4371 Hoc
2719 4321 2973 4374 tantum
3012 4316 3507 4392 diligentissime

2009 4417 2389 4484 proecavete,
2435 4407 2500 4469 id
2544 4417 2661 4484 est,
2697 4428 2839 4472 cum
2884 4411 3061 4474 omni
3112 4415 3358 4477 cautela
3406 4437 3515 4479 cu-

1942 4510 1991 4571 D
2021 4504 2273 4582 stodite‚
2322 4504 2457 4568 sive
2502 4504 2837 4587 praefatum
2888 4509 3125 4572 malum
3176 4511 3393 4590 vitate,
3442 4525 3514 4577 ut

2017 4605 2317 4681 diligatis
2366 4606 2719 4667 Dominum
2770 4609 2978 4668 Deum
3037 4620 3315 4671 vestrum
3374 4619 3507 4677 toto

2019 4702 2210 4764 corde
2240 4721 2443 4784 usque
2474 4702 2541 4763 in
2576 4701 2775 4766 finem
2808 4705 3264 4771 indesinenter.

2101 4803 2285 4869 Quod
2321 4803 2382 4860 si
2420 4804 2753 4863 volueritis
2781 4823 2927 4864 cum
2956 4807 3072 4875 eis,
3096 4805 3159 4868 id
3182 4815 3278 4869 est
3307 4809 3511 4888 genti-

2017 4901 2152 4976 bus,
2167 4918 2436 4981 quarum
2459 4907 2655 4962 terras
2672 4901 2971 4964 Dominus
2994 4903 3175 4966 vobis
3192 4905 3383 4984 dedit,
3400 4911 3513 4969 mi-

2015 5019 2182 5059 scere
2221 5000 2543 5058 connubia
2574 5009 2763 5079 atque
2803 5003 3129 5063 amicitias
3158 5009 3457 5081 copulare
3486 5029 3510 5068 .·

2016 5097 2189 5180 quod
2229 5098 2309 5158 de
2346 5096 2645 5158 amicitiis
2684 5097 3045 5177 socialibus,
3084 5099 3507 5168 familiaribus

2017 5205 2080 5260 et
2109 5194 2472 5258 carnalibus
2504 5193 2990 5274 intelligendum
3020 5207 3335 5278 censetur,
3356 5222 3510 5284 quo-

2019 5296 2189 5358 niam
2224 5293 2379 5356 tales
2409 5291 2707 5356 amicitiae
2733 5295 2812 5356 ad
2844 5304 3102 5377 peccata
3133 5299 3339 5362 solent
3366 5302 3511 5364 alli-

3233 5431 3264 5482 7
