4359 6250
689 3240 824 3283 Pron.
836 3253 861 3282 x

659 3304 728 3347 83.

939 480 1056 545 340

1477 498 1824 545 ENARRATIO
1866 499 1926 543 lx
1969 498 2106 544 CAP.
2153 497 2257 544 xlv
2299 495 2455 542 LIBRI
2498 497 2665 542 mum
2706 496 2930 542 neuun.
2976 516 3055 526 -
3096 496 3238 542 AnT.
3285 495 3477 542 xxvul

938 671 1173 752 cipere,
1227 679 1297 732 ut
1345 678 1636 752 apparet,
1691 688 1765 732 eo
1815 671 1989 751 quod
2042 669 2232 751 paulo
2287 676 2430 750 post
2462 667 2511 729 A
2539 688 2714 732 cesse
2752 678 2847 732 est
2876 667 3153 750 plurima
3190 666 3526 741 sustinere,
3562 671 3829 747 propter
3867 661 4031 724 libe-

941 768 1543 832 volucritJonathan
1573 767 2012 849 occidere,qui
2047 788 2124 830 ex
2155 767 2431 848 quadam

941 866 1317 930 necessitate
1358 885 1584 948 parum
1624 867 2036 930 manducavit
2083 867 2163 928 de
2214 864 2426 928 melle.

943 967 1204 1048 Insuper
1229 966 1530 1028 Jonathas
1561 966 1812 1030 videtur
1839 965 2037 1048 patris
2069 965 2165 1027 sui
2203 982 2434 1047 praece-

943 1074 1124 1146 ptum
1168 1063 1631 1127 rationabiliter
1677 1065 2071 1147 reprobasse,
2106 1063 2380 1126 dicendo
2414 1079 2427 1124 :

944 1162 1248 1227 Turbavit
1295 1172 1476 1245 pater
1523 1183 1702 1226 meus
1753 1171 2007 1240 terram,
2061 1171 2209 1238 etc„
2266 1160 2431 1223 sicut

945 1262 1301 1344 expositum
1331 1269 1447 1325 est.

1025 1361 1116 1422 Ad
1163 1360 1331 1422 istud
1377 1360 1637 1442 quidam
1679 1361 2085 1442 respondent,
2121 1359 2293 1441 quod
2343 1358 2435 1419 in·

885 1457 892 1463 ’
944 1459 1215 1521 discrete
1245 1458 1778 1540 culpabilitcrque
1797 1457 2247 1539 juravit.Quod
2282 1456 2431 1518 item

946 1557 1253 1637 peccavit,
1297 1557 1570 1620 volendo
1613 1556 1904 1620 occidere
1938 1555 2275 1629 Jonathan,
2320 1553 2433 1636 qui

946 1655 1143 1737 patris
1175 1654 1273 1716 sui
1305 1664 1692 1736 praeceptum
1726 1673 1853 1718 non
1874 1654 2142 1730 audivit,
2169 1673 2286 1717 nec
2320 1653 2435 1717 sci-

943 1754 1058 1828 vit,
1111 1762 1173 1816 et
1221 1772 1295 1816 ex
1347 1754 1720 1817 necessitate
1771 1762 1992 1817 contra
2041 1753 2102 1816 id
2149 1753 2302 1834 egit.
2356 1753 2435 1813 Et

2542 767 2849 831 rationem
2888 776 2952 830 et
2987 765 3426 830 defensionem
3478 764 3567 826 rei
3618 761 3923 845 publicas,
3964 766 4029 820 et

2544 865 2910 948 frequenter
2951 865 3285 946 contingit,
3332 864 3503 947 quod
3546 882 3660 944 per
3706 861 4025 940 integrum

2540 963 2710 1026 diem
2742 965 3031 1046 praelium
3065 965 3251 1026 durat
3286 981 3301 1025 :
3336 963 3555 1044 sieque
3582 961 4019 1041 juramentum

2543 1061 2689 1125 Saul
2747 1081 2874 1126 non
2924 1063 3177 1126 videtur
3220 1061 3587 1125 omnimode
3634 1056 4021 1120 discretione

2544 1160 2844 1224 caruisse.
2878 1161 3028 1224 Nam
3060 1168 3125 1224 et
3154 1161 3209 1224 si
3239 1159 3513 1243 populus
3544 1177 3699 1220 suus
3728 1154 4025 1237 coepisset

2544 1262 2894 1337 comedere,
2918 1280 3044 1324 non
3077 1262 3165 1324 ita
3196 1260 3468 1324 faciliter
3494 1278 3567 1322 ac
3596 1257 3893 1322 celeriter
3924 1271 4025 1336 po-

2543 1359 2771 1422 tuisset
2807 1360 2995 1424 avelli
3040 1380 3077 1422 a
3120 1359 3491 1423 refectione.
3528 1356 3813 1438 Denique
3849 1355 4024 1435 juxta

2546 1458 2677 1521 haec
2698 1459 2949 1521 videtur
2975 1458 3273 1522 Jonathas
3302 1475 3555 1539 quoque
3586 1471 3906 1537 peccasse,
3926 1471 4027 1534 pa-

2545 1557 2658 1619 tris
2690 1558 2789 1619 sui
2819 1565 3207 1644 praeceptum
3241 1555 3639 1638 reprobando
3686 1561 3814 1615 tam
3850 1551 4025 1612 abso-

2544 1655 2697 1732 lute,
2720 1675 2921 1739 quum
2950 1655 3110 1718 dixit
3136 1653 3473 1718 :Turbavit
3502 1661 3681 1735 pater
3702 1669 3885 1713 meus
3912 1658 4025 1710 ter-

2544 1773 2699 1816 ram.
2732 1754 2938 1828 Quum
2967 1773 3119 1816 vero
3149 1753 3473 1836 objicitur,
3505 1751 3676 1833 quod
3712 1746 4021 1830 ignoravit

944 1852 1395 1933 addunt‚quod
1429 1871 1564 1915 sors
1595 1872 1788 1934 super
1805 1852 2116 1914 Jonathan
2149 1851 2327 1914 venit
2354 1852 2432 1913 ad
2462 1851 2510 1912 B
2547 1853 2741 1933 patris
2772 1853 2869 1914 sui
2903 1859 3287 1934 praeceptum
3319 1869 3432 1913 seu
3458 1849 3914 1928 juramentum,
3936 1863 4023 1906 re·

943 1950 1404 2013 ostendendum
1451 1950 1884 2013 innocentiam
1928 1949 2092 2030 ejuS‚
2129 1968 2259 2012 non
2302 1949 2435 2011 0111-

945 2067 1114 2129 pam,
1139 2056 1209 2110 ut
1238 2049 1482 2112 scilicet
1503 2049 1958 2131 deprehensuS,
1979 2069 2047 2112 se
2068 2067 2278 2111 coram
2304 2067 2433 2111 om-

946 2147 1137 2209 nihus
1185 2156 1534 2210 excusaret.
1569 2148 1875 2210 Asserunt
1922 2166 2202 2229 quoque,
2255 2148 2428 2229 quod

948 2243 1112 2307 Deus
1143 2245 1398 2324 negavit
1437 2264 1836 2327 responsum,
1871 2264 1999 2308 non
2042 2253 2303 2327 propter
2339 2244 2436 2306 Jo-

949 2343 1156 2406 nathae
1193 2344 1471 2425 culpam,
1506 2346 1614 2407 sed
1655 2344 1738 2408 ob
1779 2363 2031 2406 causam
2077 2344 2270 2406 aliam
2314 2343 2435 2405 sibi

948 2449 1184 2503 notam.
1221 2442 1451 2505 Verum
1496 2442 1614 2504 ista
1653 2442 1983 2524 responsio
2017 2460 2142 2505 non
2177 2442 2430 2504 videtur

875 2597 884 2608 ,
949 2539 1145 2601 textui
1195 2558 1494 2603 consona.
1549 2540 1752 2614 Quum
1805 2541 2042 2604 etenim
2095 2541 2257 2603 Deus
2308 2558 2436 2602 non

947 2639 1398 2720 respondisset,
1449 2639 1597 2702 Saul
1641 2639 1883 2703 intente
1933 2639 2159 2715 oravit,
2209 2647 2279 2701 ut
2324 2640 2440 2702 Do-

947 2737 1161 2800 minus
1191 2737 1649 2815 manifestaret,
1684 2739 1766 2802 ob
1802 2739 1988 2819 cujus
2018 2739 2273 2820 culpam
2305 2756 2433 2800 non

948 2835 1122 2898 dedit
1153 2855 1550 2917 responsum,
1586 2845 1778 2918 atque
1815 2839 1894 2899 ad
1939 2837 2058 2900 1100
2089 2855 2436 2916 agnoscen-

947 2935 1099 2996 dum
1141 2942 1374 2997 sortem
1405 2934 1572 2996 mitti
1605 2935 1928 3016 praeccpit,
1964 2955 2106 3016 quae
2145 2935 2313 2998 inter
2346 2943 2435 2998 tot

2544 1952 2856 2032 spondere
2883 1950 3030 2032 quis
3060 1958 3289 2032 potest,
3322 1948 3495 2031 quod
3528 1944 3887 2027 ignorantia
3920 1942 4025 2003 illa

2544 2069 2689 2111 eum
2731 2067 2858 2112 non
2894 2049 3218 2112 excusavit
3256 2049 3324 2110 in
3358 2055 3513 2122 toto,
3546 2045 3701 2127 quia
3740 2041 4025 2106 fortassis

2548 2167 2673 2211 non
2721 2149 2940 2211 debuit
2990 2168 3058 2211 se
3102 2148 3190 2210 ita
3234 2147 3312 2210 ab
3356 2145 3635 2210 exercitu
3680 2142 3881 2225 patris
3924 2138 4021 2202 sui

2544 2247 2932 2324 abstrahere,
2953 2256 3133 2329 patre
3162 2265 3276 2309 suo
3307 2245 3372 2307 id
3403 2245 3755 2324 ignorante,
3797 2241 3921 2302 nisi
3952 2259 4023 2302 ex

2548 2345 2807 2428 speciali
2837 2347 3057 2409 divino
3089 2345 3311 2408 fecerit
3339 2344 3459 2406 1100
3490 2343 3819 2404 instinctu.
3841 2338 4027 2421 Opor-

2550 2451 2637 2505 tet
2665 2443 2835 2507 enim
2870 2452 2940 2506 ut
2970 2444 3034 2505 in
3067 2443 3316 2507 bellicis
3346 2442 3535 2504 rebus
3566 2459 3797 2521 magna
3821 2439 4019 2518 vigeat

2546 2543 2889 2624 disciplina
2915 2551 2978 2606 et
3007 2539 3392 2605 obedientia.
3417 2540 3595 2602 Unde
3628 2539 3691 2600 in
3720 2537 3919 2617 gestis
3952 2537 4023 2598 le-

2545 2643 2717 2723 gitur
2754 2642 3200 2716 Romanorum,
3244 2640 3417 2722 quod
3456 2638 3811 2718 Torquatus
3862 2634 4025 2718 prin-

2546 2761 2694 2823 ceps
2735 2740 3063 2823 proprium
3107 2737 3317 2801 filium
3359 2734 3703 2812 interfecit,
3738 2752 3814 2798 eo
3846 2733 4017 2815 quod

2548 2858 2617 2902 se
2661 2838 2921 2902 absente
2970 2847 3032 2900 et
3082 2837 3405 2901 nesciente
3455 2833 3849 2898 commiserit
3896 2831 4025 2894 bel-

2547 2939 2699 3015 lum,
2718 2957 2915 3019 quum
2941 2944 3153 2998 tamen
3177 2933 3561 2998 obtinuisset
3589 2931 4013 3013 triumphum:

949 3031 1153 3094 millia
1172 3033 1614 3115 ceciditsuper
1632 3034 1966 3096 Jonathan.
1993 3034 2203 3097 Sortes
2226 3043 2437 3097 autem
2469 3033 2513 3096 C
2546 3037 2717 3118 quod
2755 3035 2943 3098 etiam
2977 3034 3247 3097 Thomas
3287 3033 3353 3094 in
3387 3031 3551 3094 libro
3580 3032 3659 3093 de
3697 3028 4021 3110 Regimine

951 3130 1016 3193 in
1061 3132 1260 3194 veteri
1305 3133 1706 3196 Testamento
1750 3134 2081 3215 potissime
2126 3142 2439 3215 tempera-

909 3271 920 3291 .
949 3229 1181 3293 bantur
1201 3250 1238 3293 a
1268 3231 1640 3307 Domino‚ut
1660 3231 1955 3294 Salomon
1989 3239 2383 3295 contestatur
2418 3252 2431 3297 :

951 3328 1094 3391 ideo
1114 3329 1409 3392 Jonathas
1432 3329 1680 3392 videtur
1704 3328 1904 3391 fuisse
1922 3328 2278 3411 culpabiliS,
2293 3349 2435 3410 prae

951 3426 1170 3489 sertim
1199 3447 1397 3509 quum
1431 3427 1600 3489 dicat
1635 3426 1979 3508 Scriptura,
2013 3428 2185 3507 quod
2216 3435 2438 3509 captus

951 3533 1048 3587 est
1073 3526 1394 3588 Jonathas.
1428 3524 1552 3587 Nec
1581 3524 1706 3587 alia
1740 3544 1930 3588 causa
1963 3525 2317 3603 negationis
2346 3525 2441 3587 di-

951 3622 1084 3686 vini
1123 3624 1412 3706 responsi
1456 3623 1707 3685 videtur
1757 3623 1822 3684 in
1864 3631 2038 3685 textu
2092 3623 2431 3699 insinuari,

948 3721 1073 3783 nisi
1105 3720 1470 3801 hujusmodi
1503 3720 2026 3802 culpaJonathas
2048 3740 2305 3802 quoque
2335 3722 2438 3784 de-

947 3819 1321 3900 prehensuS‚
1367 3839 1496 3883 non
1541 3840 1607 3882 50
1645 3819 1970 3883 excusavit
2009 3840 2046 3882 a
2073 3820 2283 3901 culpa,
2324 3821 2436 3883 sed

947 3917 1114 3981 facto
1143 3936 1258 3981 suo
1288 3918 1665 4000 simpliciter
1693 3918 1985 3996 recitato,
2022 3918 2256 3999 adjecit
2288 3936 2302 3979 :
2346 3919 2435 3980 En

947 4033 1063 4095 cgo
1103 4016 1362 4091 morior,
1397 4015 1460 4078 id
1486 4024 1604 4091 est,
1639 4026 1894 4097 paratus
1936 4036 2077 4078 sum
2110 4017 2299 4093 mori,
2335 4036 2439 4079 se-

948 4114 1227 4175 cundum
1254 4114 1621 4195 Josephum.

1046 4210 1262 4290 Itaque
1309 4210 1434 4273 dici
1482 4219 1710 4292 potest,
1761 4214 1932 4294 quod
1986 4214 2050 4275 in
2101 4213 2275 4276 bello
2322 4232 2436 4277 nc-

2550 3154 2767 3216 regum
2801 3134 3051 3214 allegat.

2625 3235 2931 3297 Praeterea
2953 3234 3122 3297 circa
3146 3232 3266 3295 1100
3297 3231 3626 3313 quaeritur,
3641 3248 3721 3292 an
3754 3228 4023 3312 populus

2550 3332 2710 3395 bene
2761 3331 2915 3394 fecit
2957 3330 3265 3394 Jonathan
3322 3329 3671 3393 liberando.
3726 3327 4019 3401 Videtur,

2548 3430 2717 3510 quod
2762 3448 2913 3506 non,
2960 3429 3114 3511 quia
3155 3428 3495 3511 culpabilis
3543 3426 3683 3488 fuit.
3718 3426 3810 3488 Ad
3855 3424 4015 3507 quod

2550 3528 2819 3590 arbitror
2852 3528 3386 3609 respondendum,
3420 3526 3591 3607 quod
3623 3525 3687 3586 in
3720 3524 3841 3587 hoc
3872 3524 4022 3585 bene

2548 3635 2833 3705 egerunt.
2866 3627 3165 3689 Jonathas
3188 3644 3463 3707 namque
3494 3624 3611 3687 etsi
3643 3642 3771 3686 non
3805 3642 3844 3685 a
3872 3630 4015 3695 toto,

2547 3732 2755 3787 tamen
2790 3744 2826 3785 a
2859 3732 3030 3787 tanto
3061 3722 3443 3786 excusabilis
3476 3721 3618 3798 fuit,
3664 3730 3728 3783 et
3768 3728 4016 3804 propter

2547 3841 2883 3885 commune
2903 3822 3164 3897 bonum,
3182 3830 3567 3903 praeceptum
3588 3840 3701 3882 seu
3717 3820 4021 3902 juramen-

2551 3927 2681 3981 tum
2724 3920 2919 4001 patris
2954 3919 3053 3981 sui
3087 3918 3547 3982 rationabiliter
3580 3918 3647 3979 in
3678 3918 3821 3998 ipso
3847 3916 4021 3979 Jona-

2548 4018 2657 4080 tha
2685 4018 3225 4100 dispensationem
3254 4017 3531 4093 admisit,
3563 4016 3869 4099 quoniam
3898 4013 4025 4075 evi·

2546 4116 2703 4178 dens
2746 4116 2869 4177 fuit
2908 4116 3171 4190 utilitaS,
3207 4124 3333 4177 tam
3378 4115 3677 4178 idoneum
3708 4114 3913 4178 virum
3960 4112 4019 4171 in

2549 4214 2659 4275 tali
2688 4234 2837 4277 casu
2869 4234 2906 4276 a
2932 4221 3135 4277 morte
3163 4214 3430 4296 eripere.

1944 4591 2592 4677 ARTICULUS
2667 4592 3045 4677 XXVIII

1507 4836 1585 4881 DE
1628 4834 1962 4881 smm'ruttm
2007 4836 2269 4881 mosot-:n
2318 4834 2589 4882 CAPITULI
2633 4836 3061 4889 QUAn'rlnEctm
3106 4836 3485 4882 INTELLECTU.

1099 5090 1332 5153 CCIDI
1341 5091 1392 5149 Τ
1413 5099 1486 5149 ut
1513 5090 1823 5150 Jonathas
1851 5091 2088 5149 diceret
2121 5092 2208 5150 ad
2239 5092 2443 5150 adole—
2471 5088 2518 5150 D
2546 5090 2845 5153 Jonathas
2893 5089 3072 5171 juxta
3112 5091 3460 5173 praehabita
3502 5090 3836 5155 inferiores
3880 5106 4017 5172 prae·
4082 5072 4085 5077 ¹

1111 5200 1384 5251 securem
1434 5189 1831 5264 armiyerum
1881 5208 2072 5247 suum
2103 5209 2125 5247 .·
2155 5190 2333 5259 Veni,
2381 5198 2441 5247 ct

957 5296 1357 5348 transeamus
1400 5289 1488 5346 ad
1524 5288 1864 5346 stationem
1906 5288 2434 5347 Philistinorum.

2552 5188 2713 5252 latos
2733 5197 2796 5251 et
2825 5188 3270 5271 praedicatores
3302 5189 3761 5271 praefiguravit,
3786 5209 3893 5273 per
3918 5207 4019 5251 eu·

2549 5287 2655 5368 jus
2676 5287 3061 5366 armigerum
3092 5288 3557 5352 adolescentem
3580 5289 3814 5368 egressi
3836 5290 3857 5313 ²
3876 5294 4015 5349 suut
4054 5300 4073 5321 ·
4092 5306 4241 5350 exam
4272 5362 4274 5365 Α
