4359 6250
125 3138 304 3185 Deuaw.
313 3140 382 3189 202

116 3202 166 3243 ΙΙΙ
183 3203 380 3256 Reos-m.

114 3268 158 3307 5¹
168 3296 179 3306 .

1251 488 1597 536 RNARRATIO
1641 488 1703 534 m
1745 487 1882 534 CAP-
1930 487 2014 532 vu
2053 486 2257 534 Josuss.
2303 505 2383 516 —
2424 486 2565 532 ΛΒΤ.
2612 486 2701 534 xu

3439 468 3517 532 43

414 660 590 724 hmo
623 667 886 724 vocatur
916 659 1144 723 Achor.
1180 659 1324 722 Ideo
1354 659 1541 722 vallis
1582 659 1701 721 ista
1738 677 1918 722 voca·
1946 658 1997 720 A
2026 657 2441 740 pidationem,
2480 658 2742 721 inflixit.
2789 659 3095 722 Praeterea
3134 659 3294 742 Lyra
3334 657 3512 735 dicit,

415 769 481 822 ta
511 768 610 824 est
638 759 826 823 vallis
855 759 1085 836 Achor‚
1124 777 1252 822 non
1294 779 1332 821 a
1377 759 1515 822 viro
1560 759 1683 822 isto
1731 757 1799 821 in
1841 778 1916 822 ea

414 859 672 935 occis03
729 877 846 922 nec
896 859 1104 921 Achor
1164 867 1260 920 est
1318 857 1423 920 hic
1485 876 1716 920 nomen
1777 876 1916 939 pro-

417 957 655 1039 prium,
681 959 791 1020 sed
824 975 1188 1034 commune,
1211 965 1274 1020 et
1306 956 1758 1038 interpretatur
1788 965 1916 1018 tur-

417 1055 615 1132 hatio,
641 1055 731 1117 ita
750 1056 921 1137 quod
949 1055 1128 1118 locus
1155 1054 1266 1118 ille
1289 1055 1647 1137 appellatus
1671 1063 1770 1118 est
1789 1055 1916 1117 val-

417 1153 500 1215 lis
527 1153 960 1216 Turbationis.
1009 1155 1128 1214 Ubi
1162 1157 1354 1214 Josue
1382 1155 1558 1214 dixit
1587 1153 1666 1215 ad
1696 1151 1912 1215 Achan

413 1253 546 1334 jam
591 1252 1016 1315 occidendum
1060 1269 1075 1313 ε
1129 1255 1302 1321 Quia
1349 1254 1627 1313 turbasti
1668 1272 1804 1322 noa,
1847 1250 1912 1314 id

414 1360 534 1426 cst,
572 1370 687 1433 per
731 1359 914 1413 tuum
964 1349 1205 1412 furtum
1258 1350 1638 1430 sacrilegum
1685 1351 1914 1412 merui-

413 1449 522 1526 sti,
555 1450 728 1530 quod
769 1457 898 1511 tam
938 1449 1216 1529 graviter
1258 1447 1500 1510 fuimus
1533 1447 1908 1530 perturbati,

414 1557 478 1610 et
508 1548 768 1629 quidam
801 1566 879 1610 ex
909 1545 1146 1610 nostris
1162 1537 1395 1622 occisi,
1421 1566 1494 1609 ac
1524 1547 1711 1610 multi
1745 1546 1916 1628 fuga·

415 1648 486 1725 ti,
519 1650 816 1709 exturbet
850 1657 906 1708 ce
936 1649 1256 1709 Dominus
1287 1649 1360 1708 in
1389 1650 1498 1708 die
1525 1650 1670 1718 hac,
1694 1647 1758 1710 id
1790 1655 1908 1725 est,

414 1746 714 1809 violentae
759 1746 951 1809 morti
994 1753 1057 1808 te
1103 1746 1326 1823 tradet,
1376 1754 1438 1809 et
1487 1765 1600 1828 per
1647 1764 1788 1808 eam
1839 1764 1914 1809 ex

416 1845 603 1908 nobis
633 1853 698 1908 te
727 1843 998 1908 auferet.

502 1945 990 2024 Lapidavitque
1036 1965 1186 2004 eum
1235 1946 1446 2005 omnis
1486 1948 1772 2022 populu-8
1819 1947 1915 2004 Is-

413 2047 578 2112 rael,
609 2053 670 2104 et
699 2052 934 2104 cuncta
963 2063 1106 2122 quoe
1145 2045 1332 2103 illius
1371 2053 1559 2102 erant
1601 2044 1750 2118 iyne
1780 2062 1915 2102 con·

410 2151 677 2219 sumpta
717 2151 892 2202 sunt.
947 2139 1126 2204 Circa
1175 2141 1295 2204 hoc
1346 2149 1442 2204 est
1486 2139 1757 2221 quaestio
1801 2141 1915 2202 du-

413 2239 561 2321 plex
617 2256 632 2300 :
688 2239 898 2302 Primo
949 2238 1120 2302 enim
1174 2240 1589 2319 quaerendum
1639 2246 1757 2316 est,
1801 2258 1916 2301 cur

413 2337 696 2420 populus
745 2337 956 2402 virum
1008 2337 1180 2400 hunc
1232 2337 1561 2420 lapidavit,
1596 2355 1788 2418 quem
1817 2339 1917 2416 (ut

416 2435 609 2518 paulo
667 2444 816 2498 ante
875 2436 1004 2517 jam
1067 2434 1299 2518 patuit)
1362 2436 1666 2499 Dominus
1724 2436 1917 2517 Jussit

417 2523 572 2616 igne'
597 2533 910 2598 comburi.
948 2533 1238 2597 Secundo
1269 2535 1709 2616 quaerendum,
1733 2553 1814 2596 an
1849 2533 1917 2595 ri-

415 2632 486 2694 lii
518 2633 664 2714 ejus
693 2651 768 2694 ac
802 2631 960 2694 riliae
991 2632 1182 2695 simul
1229 2653 1376 2696 eum
1417 2649 1493 2694 eo
1527 2631 1729 2720 ‚occisi
1761 2631 1908 2694 sint.

413 2730 508 2794 Ad
538 2731 824 2813 primum
857 2731 922 2792 B.
942 2730 1334 2811 Augustinus
1367 2731 1724 2812 respondet,
1744 2731 1914 2811 quod

413 2829 680 2893 nomine
710 2829 1176 2893 combustionis
1218 2849 1331 2893 seu
1364 2829 1553 2911 igniS,
1590 2829 1914 2910 Scriptura

416 2927 789 3010 frequenter
821 2929 1114 3010 designat
1141 2946 1611 3010 quamcumque
1631 2945 1908 3009 poenam,

2022 759 2196 840 quod
2245 758 2459 821 Achan
2512 757 2799 839 peccavit
2858 757 3221 839 dupliciter,
3274 756 3518 820 scilicet

2024 857 2360 920 sabbatum
2392 856 2715 932 violando,
2750 857 2903 937 quia
2942 856 3010 918 in
3053 856 3317 919 sabbato
3347 875 3519 920 com-

2022 955 2199 1018 misit
2229 955 2349 1018 hoc
2390 955 2619 1031 sceluS,
2655 962 2719 1018 et
2762 973 2877 1036 pro
2922 955 3042 1018 hoc
3080 954 3321 1017 exstitit
3363 954 3519 1036 lapi-

2022 1056 2247 1130 datus;
2292 1063 2355 1118 et
2397 1074 2529 1117 rem
2572 1055 2697 1117 Deo
2742 1062 3173 1118 consecratam
3219 1052 3512 1131 furandO,

2023 1160 2282 1235 propter
2312 1154 2483 1234 quod
2516 1151 2641 1214 fuit
2672 1152 3064 1216 combustus
3100 1152 3222 1214 Sed
3254 1151 3417 1215 sicut
3450 1152 3515 1214 in

2022 1251 2418 1334 expositione
2464 1250 2879 1333 praecedentis
2924 1251 3186 1333 capituli
3235 1258 3328 1314 est
3379 1269 3517 1333 pro-

2021 1349 2263 1427 batum,
2302 1349 2699 1432 probabilius
2742 1359 2858 1428 est,
2895 1351 3067 1432 quod
3094 1349 3344 1413 Jericho
3385 1368 3511 1412 non
3542 1372 3807 1423 ausum-ms.

2021 1459 2118 1512 est
2167 1457 2351 1530 capta
2404 1449 2469 1511 in
2522 1448 2807 1526 sabbatO,
2853 1458 2917 1512 et
2966 1449 3055 1510 ita
3100 1468 3217 1511 nec
3270 1447 3508 1510 furtum

2022 1548 2181 1610 illud
2216 1547 2282 1608 in
2316 1547 2578 1611 sabbato
2619 1556 2715 1609 est
2760 1547 3193 1610 commissum.
3230 1546 3514 1628 Denique

2023 1647 2090 1708 in
2137 1645 2271 1708 fine
2315 1646 2509 1728 hujus
2553 1646 2818 1728 capituli
2864 1645 3116 1724 legitur,
3152 1647 3321 1728 quod
3365 1663 3515 1708 con-

2021 1751 2447 1826 gregaverunt
2478 1763 2670 1826 super
2702 1743 2917 1807 Achan
2952 1744 3323 1826 lapidatum,
3344 1762 3515 1806 acer-

1947 1845 1994 1908 B
2021 1863 2172 1907 vum
2206 1859 2507 1922 magnum
2541 1842 2976 1925 lapidum.Vel
3009 1861 3162 1924 ergo
3192 1842 3398 1925 primo
3420 1850 3517 1904 est

2022 1941 2363 2024 lapidatuS,
2389 1941 2491 2005 vel
2524 1942 2735 2024 primo
2766 1942 3135 2004 combustus
3172 1959 3186 2004 :
3222 1941 3275 2002 si
3306 1941 3515 2023 primo

2021 2039 2363 2122 lapidatuS,
2400 2058 2529 2102 non
2578 2039 2699 2102 ruit
2742 2047 2889 2120 post
2930 2039 3320 2115 combustuS,
3364 2037 3516 2120 quia

2022 2137 2088 2200 in
2114 2146 2288 2200 textu
2307 2138 2601 2214 habetur,
2616 2137 2790 2218 quod
2812 2157 3077 2200 acervus
3098 2137 3209 2200 ille
3230 2137 3515 2220 lapidum

2021 2255 2217 2318 super
2248 2255 2396 2298 eum
2425 2243 2761 2317 permanet
2792 2255 2997 2317 usque
3028 2235 3097 2298 in
3139 2244 3513 2317 praesentem

2021 2334 2214 2397 diem.
2240 2333 2304 2397 Si
2335 2342 2550 2397 autem
2582 2333 2792 2416 primo
2824 2334 3195 2397 combustus
3224 2342 3342 2411 est,
3372 2352 3516 2398 con-

2021 2441 2142 2495 stat
2176 2434 2348 2515 quod
2384 2441 2706 2496 mortuum
2743 2452 2869 2496 non
2916 2433 3301 2514 lapidarunt.
3336 2432 3513 2506 Quod

2020 2539 2232 2594 autem
2273 2530 2483 2594 omnis
2528 2531 2718 2593 Israel
2764 2551 2907 2594 eum
2956 2531 3193 2594 dicitur
3243 2530 3515 2613 lapidas·-

2022 2650 2104 2706 se,
2128 2629 2615 2709 intelligendum
2648 2639 2766 2708 est,
2790 2631 2960 2712 quod
2988 2630 3247 2711 quidam
3280 2650 3355 2693 ex
3386 2649 3515 2694 om-

2025 2727 2216 2790 nibus
2248 2729 2368 2791 hoc
2404 2729 2713 2805 fecerunt,
2748 2738 2812 2794 et
2842 2728 2952 2792 alii
2984 2737 3467 2792 consenserunt.

2101 2827 2193 2889 Ad
2245 2826 2437 2889 aliam
2486 2827 2906 2908 quaestionem
2956 2827 3180 2891 dicunt
3217 2829 3318 2907 (ut
3354 2828 3513 2910 Lyra

2020 2925 2245 3004 refert)
2290 2926 2559 3002 Hebraei,
2602 2927 2772 3008 quod
2820 2925 2945 2988 filii
2992 2936 3054 2989 et
3098 2925 3253 2990 filiae
3295 2926 3511 2989 Achan

413 3026 741 3110 praecipue
772 3045 1054 3108 gravem,
1087 3028 1628 3109 quemadmodum
1671 3024 1794 3087 filii
1835 3025 1915 3086 ls-
1943 3027 1985 3090 C
2022 3042 2150 3087 non
2186 3024 2450 3087 fuerunt
2480 3044 2625 3088 cum
2658 3043 2733 3088 eo
2766 3025 2984 3102 occisi,
3020 3027 3129 3090 sed
3170 3025 3343 3088 ducti
3379 3024 3514 3087 fue-

413 3127 546 3189 rael
563 3146 734 3209 saepe
756 3127 1053 3207 leguntur
1071 3128 1150 3191 de
1174 3126 1639 3209 serreaAEgypti
1657 3127 1914 3189 fornace

411 3225 653 3288 educti.
691 3226 814 3289 Sed
845 3234 1066 3289 contra
1097 3227 1217 3288 hoc
1247 3225 1472 3308 objicit
1502 3226 1787 3307 quidam,
1821 3224 1913 3286 di-

411 3342 566 3386 cens
605 3325 781 3405 quod
828 3343 954 3388 non
1006 3324 1258 3387 videtur
1300 3324 1499 3387 textui
1530 3320 1906 3400 consonum,

412 3423 565 3504 quia
594 3423 729 3504 jam
759 3422 1002 3485 dictum
1031 3430 1148 3499 est,
1184 3423 1354 3503 quod
1387 3422 1691 3485 Dominus
1719 3420 1911 3503 jussit

409 3540 558 3583 eum
617 3540 766 3583 cum
826 3519 1001 3583 omni
1058 3520 1416 3583 substantia
1476 3539 1590 3581 sua
1649 3518 1911 3582 combu-

411 3618 465 3681 ri
504 3640 517 3683 :
558 3638 762 3700 quum
803 3637 956 3698 ergo
997 3618 1354 3682 substantia
1396 3620 1534 3701 ejus
1579 3620 1911 3681 combusta

410 3717 516 3793 sit,
558 3717 815 3779 videtur
859 3718 1028 3781 idem
1072 3718 1151 3781 de
1199 3718 1338 3799 ipso
1381 3716 1745 3780 dicendum.
1789 3715 1908 3779 Sed

407 3814 872 3877 advertendum
905 3816 1076 3895 quod
1107 3815 1498 3894 Augustinus
1537 3814 1723 3877 valde
1763 3831 1911 3877 con-

407 3912 744 3975 venienter
787 3912 956 3975 eirca
999 3913 1134 3975 haec
1177 3912 1400 3976 scribit
1435 3930 1449 3973 ε
1485 3912 1621 3976 Non
1663 3921 1780 3989 est,
1821 3912 1911 3973 in-

407 4010 666 4092 quiens,
713 4012 1129 4089 credendum,
1161 4012 1372 4073 Jesum
1416 4010 1512 4091 (id
1556 4020 1654 4073 est
1695 4011 1911 4091 Josue)

408 4107 582 4171 aliud
618 4107 871 4185 fecisse,
905 4128 1099 4189 quam
1143 4110 1317 4191 quod
1348 4108 1654 4174 Dominus
1692 4108 1904 4191 jussit.

2021 3132 2170 3186 runt
2200 3143 2345 3187 cum
2380 3143 2478 3200 eo,
2504 3132 2575 3185 ut
2605 3124 2747 3206 ejus
2778 3124 3181 3207 punitionem
3212 3124 3509 3202 vidend0‚

2019 3243 2056 3286 a
2085 3222 2405 3286 similibus
2436 3222 3049 3286 cohiberentur.Alii
3083 3223 3512 3305 dicunt,quod

2020 3319 2049 3381 s
2053 3330 2284 3384 uerunt
2314 3340 2458 3384 cum
2492 3340 2566 3384 eo
2597 3321 2829 3395 occisi3
2864 3322 2974 3385 sed
3006 3341 3087 3384 an
3120 3322 3404 3404 lapidati,
3428 3342 3511 3385 an

2019 3418 2361 3495 combusti,
2404 3420 2613 3483 adhue
2665 3428 2879 3501 posset
2930 3420 3192 3501 inquiri.
3241 3420 3318 3482 Et
3369 3420 3513 3484 ideo

2016 3517 2243 3581 dicunt
2292 3517 2481 3595 istud,
2527 3518 2830 3600 quoniam
2878 3528 3137 3601 propter
3180 3530 3509 3601 peccatum

2017 3616 2233 3679 Achan
2267 3618 2558 3699 permisit
2589 3620 2751 3681 Deus
2782 3618 3046 3699 triginta
3077 3638 3185 3681 sex
3216 3618 3385 3683 viros
3418 3638 3513 3683 oc-

2018 3714 2169 3790 cidi,
2206 3715 2493 3797 aliosque
2540 3716 2767 3795 fugari.
2804 3718 2996 3797 Magis
3043 3735 3193 3797 ergo
3237 3717 3509 3795 videtur,

2018 3814 2190 3894 quod
2224 3813 2290 3874 in
2324 3814 2804 3878 detestationem
2836 3816 3140 3879 facinoris
3165 3816 3325 3897 ejuS,
3352 3816 3512 3879 occi-

2019 3911 2071 3973 si
2105 3912 2235 3973 sint
2268 3910 2393 3973 filii
2426 3912 2564 3993 ejus
2596 3920 2659 3974 et
2691 3912 2866 3976 riliae.
2888 3914 3265 3978 Recitationi
3297 3922 3509 3977 autern

2017 4010 2193 4091 Lyrae
2226 4010 2477 4073 videtur
2507 4011 2907 4089 contrariari,
2926 4014 3101 4097 quod
3120 4013 3412 4095 Magister
3443 4015 3509 4077 in

2018 4108 2303 4172 historiis
2356 4118 2589 4187 narrat,
2623 4110 2895 4176 dicendo
2938 4130 2952 4175 :
2996 4113 3225 4175 Putant
3267 4113 3511 4176 Hebraei

407 4208 680 4269 Namad
711 4205 1207 4290 intelligendum
1238 4209 1434 4272 verba
1464 4208 1736 4283 Domini,
1761 4208 1908 4289 quis
1938 4211 1987 4272 D
2019 4207 2357 4270 Dominum
2406 4209 2784 4291 praecepisse
2828 4218 2901 4272 ut
2942 4210 3158 4273 Achan
3205 4210 3511 4293 lapidare-

407 4305 619 4387 potuit
677 4324 822 4369 esse
882 4306 1258 4388 sapientior,
1313 4308 1412 4371 vel
1473 4308 1552 4370 ad
1615 4306 1908 4370 facienda

406 4402 814 4467 obedientior
839 4402 1011 4481 Jesu,
1043 4405 1155 4485 qui
1197 4424 1272 4467 ea
1317 4404 1632 4469 intellexit
1670 4412 1740 4467 ut
1768 4405 1908 4467 Pro-

405 4502 648 4583 pheta?
679 4502 947 4583 Insuper
979 4502 1263 4583 loquitur
1290 4502 1684 4583 Augustinus
1719 4520 1733 4565 ε
1761 4503 1906 4565 Duae

407 4598 809 4662 mihicausae
839 4608 1480 4683 occurrunt‚pr0pter
1511 4620 1778 4682 quarum
1820 4600 1908 4663 al-

407 4706 610 4759 teram
654 4698 843 4761 Josuc
887 4717 1016 4761 non
1060 4698 1408 4761 combussit
1453 4700 1625 4762 hunc
1663 4700 1903 4763 Achan.

407 4796 532 4857 Aut
561 4796 740 4857 enim
775 4815 922 4859 vere
955 4797 1279 4878 poenituit,
1303 4806 1366 4859 et
1397 4798 1485 4860 ita
1515 4798 1747 4880 dignus
1779 4816 1905 4861 non

406 4902 544 4957 erat
574 4894 728 4975 igne
753 4895 1062 4976 gehennas
1082 4914 1097 4957 ε
1119 4895 1357 4960 idcirco
1389 4916 1505 4959 nec
1537 4896 1684 4976 igne
1705 4896 1909 4960 voluit

407 5011 556 5054 eum
597 4994 778 5056 Jesus
822 4993 1238 5067 comburere3
1283 5003 1390 5057 aut
1437 5014 1560 5059 non
1608 4996 1908 5077 poenituit

407 5110 580 5167 vere,
615 5101 680 5154 et
710 5092 800 5153 ita
833 5090 956 5153 fuit
994 5099 1231 5156 aeterno
1271 5094 1418 5173 igne
1458 5095 1851 5175 torquendus
1887 5112 1901 5155 ε

407 5190 552 5253 ideo
595 5190 773 5252 illam
821 5208 1077 5272 poenam
1121 5190 1289 5272 ignis
1331 5193 1680 5257 reservavit
1717 5192 1906 5257 Josue

405 5288 700 5363 Domino,
733 5297 798 5351 et
829 5288 970 5370 ipse
997 5288 1186 5369 aliam
1220 5308 1498 5373 poenam,
1535 5291 1782 5355 scilicet
1823 5291 1908 5353 la-

2017 4314 2141 4381 tur,
2178 4314 2241 4367 et
2291 4306 2509 4368 omnia
2559 4308 2721 4388 ejuS‚
2757 4328 2901 4390 quae
2954 4308 3273 4391 lapidibus
3324 4309 3509 4373 obrui

2015 4412 2319 4485 possent3
2369 4411 2580 4470 cetera
2630 4424 2769 4469 esso
2818 4409 3179 4470 cremanda.
3234 4408 3324 4470 Ex
3380 4426 3510 4490 quo

2016 4510 2409 4583 sequeretur,
2446 4504 2617 4585 quod
2652 4503 2771 4566 filii
2816 4506 2956 4586 ejus
2992 4516 3057 4569 et
3100 4506 3255 4569 filiae
3300 4526 3373 4570 ac
3409 4506 3511 4588 ju-

2016 4609 2251 4678 menta,
2302 4600 2577 4665 fuissent
2628 4601 2949 4685 lapidibus
3001 4605 3343 4669 interfecti.
3392 4607 3507 4669 Pro

2015 4698 2244 4763 horum
2274 4700 2617 4763 concordia
2648 4701 2776 4765 dici
2810 4710 3038 4784 potest,
3073 4705 3243 4784 quod
3276 4704 3355 4768 de
3387 4704 3507 4767 isto

2016 4798 2145 4860 sint
2177 4799 2320 4860 duae
2349 4798 2513 4862 inter
2544 4799 2836 4864 Hebraeos
2864 4801 3223 4883 opiniones,

2094 4896 2387 4979 Amplius
2436 4898 2637 4979 quaeri
2690 4908 2919 4981 potest,
2965 4918 3045 4961 an
3096 4899 3313 4961 Achan
3361 4920 3508 4963 vere

2017 4994 2338 5076 poenituit.
2386 4996 2565 5059 Circa
2614 4996 2734 5060 hoc
2786 4997 3071 5079 loquitur
3120 4998 3507 5079 Augustinus

2013 5092 2387 5171 dubitative,
2422 5103 2493 5156 ut
2522 5114 2598 5157 ex
2630 5095 2841 5158 verbis
2874 5096 3015 5176 ejus
3047 5105 3220 5178 patet
3247 5099 3377 5178 jam
3418 5098 3509 5160 al-

2016 5192 2264 5274 legatis,
2299 5192 2517 5274 Aliqui
2551 5212 2699 5257 vero
2731 5194 2975 5272 dicunt,
3013 5196 3181 5275 quod
3216 5214 3342 5259 non
3376 5214 3509 5278 poe-

2015 5291 2210 5353 nituit
2230 5309 2400 5368 vere,
2418 5291 2718 5355 videlicet
2738 5311 2814 5355 ex
2843 5292 3255 5375 displicentia
3275 5295 3501 5377 culpae,
