4359 6250
579 3256 595 3298 l
618 3255 719 3299 Cor.
740 3267 782 3305 x,
799 3257 841 3297 4.

587 4242 664 4287 Pu.
681 4257 778 4287 xvn.
795 4246 834 4287 5.

613 4439 796 4483 Ibidem.

567 5086 635 5137 26.

579 5148 656 5190 Pu.
676 5161 728 5189 xv

883 473 1002 538 560

1376 492 1724 539 ENARRATIO
1765 493 1828 538 IN
1871 493 2007 542 CAP.
2065 491 2197 538 xxn
2240 491 2397 536 LIBRI
2440 491 2691 538 saeuum
2732 493 2955 540 REGUH.
3000 513 3083 523 --
3120 493 3263 540 ΛΒΤ.
3310 493 3481 540 XXXII

879 661 1090 743 ipsum
1113 663 1309 728 David
1337 662 1362 724 l'
1365 663 1459 726 uit
1487 664 1697 728 acrius
1719 670 2104 745 persecutuS,
2131 661 2371 725 idcirco
2400 660 2453 722 A
2562 666 2867 727 Ascendit
2886 666 3209 743 fumusde
3228 667 3499 726 naribus
3526 665 3689 742 ejus.
3708 664 3777 726 ln
3806 662 3975 726 Psal-

876 769 1020 841 post
1046 762 1410 841 generalem
1442 761 1848 825 inimicorum
1891 761 2369 844 expressionem

876 860 1239 940 specialiter
1271 861 1661 924 nominatur.
1695 860 2237 935 Quemadmodum
2267 879 2373 922 au-

878 966 1004 1020 tem
1024 957 1333 1041 Joscphus
1357 967 1756 1041 protestatur,
1777 978 1974 1040 quum
1996 957 2194 1022 David
2215 977 2371 1040 pace

876 1057 1186 1120 altissima
1209 1057 1541 1132 frueretur,
1564 1059 1811 1121 cantica
1831 1065 1894 1121 et
1911 1058 2181 1139 hymnos
2208 1075 2371 1120 com-

877 1156 1113 1236 posuit,
1149 1155 1308 1218 alios
1339 1156 1682 1233 trimetrOS‚
1709 1155 1868 1219 alios
1897 1163 2363 1237 pentametros3

878 1262 942 1316 et
978 1271 1213 1334 organa
1251 1253 1400 1318 fecit
1441 1255 1712 1331 diversa,
1751 1255 1816 1315 in
1856 1253 2092 1335 quibus
2133 1253 2369 1316 Levitae

877 1361 942 1414 et
969 1362 1258 1416 cantores
1297 1353 1362 1415 in
1401 1353 1681 1416 sabbatis
1720 1352 1993 1434 aliisque
2031 1351 2370 1416 solennita-

878 1450 1050 1514 tibus
1089 1460 1390 1515 canerent
1422 1453 1542 1514 Deo
1573 1452 1843 1533 hymnos
1875 1471 1986 1514 seu
2018 1450 2322 1534 psalmos.

967 1553 1052 1612 Et
1093 1554 1189 1612 ait
1229 1572 1251 1611 .·
1289 1553 1609 1612 Dominus
1641 1561 1828 1629 petra
1867 1572 2031 1622 mea,
2073 1561 2131 1610 et
2171 1553 2367 1611 robur

877 1669 1110 1722 meum,
1151 1659 1211 1710 et
1247 1654 1536 1710 salvator
1573 1670 1770 1710 meus,
1813 1648 2098 1710 Psalmus
2139 1648 2258 1710 iste
2297 1648 2365 1710 in

877 1747 1040 1810 libro
1085 1747 1472 1810 Psalmorum
1519 1747 2119 1829 septimusdecimus
2160 1755 2257 1809 est
2297 1747 2365 1808 in

2480 761 2639 825 terio
2670 763 2979 843 scriptum
3012 772 3128 840 est,
3164 762 3464 827 Ascendit
3504 761 3721 824 sumus
3764 763 3831 823 in
3876 761 3973 824 ira
4016 779 4273 824 nam-:2
4317 765 4318 774 ’

2481 860 2641 941 ejuS,
2676 870 2740 923 et
2770 861 2937 924 idem
2967 869 3064 924 est
3094 861 3508 943 sensuS,quia
3538 860 3971 943 metaphorice

2482 959 2651 1021 fatur
2692 960 2770 1022 de
2812 961 2959 1037 Dec,
3002 960 3186 1041 quasi
3230 961 3310 1023 de
3349 959 3609 1022 homine
3654 959 3837 1035 irato,
3886 959 3969 1020 de

2480 1059 2665 1139 cujus
2697 1057 2957 1121 naribus
2990 1057 3207 1120 fumus
3239 1058 3546 1140 procedit,
3567 1076 3647 1121 ex
3676 1057 3822 1137 igne
3854 1057 3971 1118 ira-

2479 1157 2727 1220 cundiae
2760 1176 3048 1220 nascens.
3065 1160 3153 1219 Et
3182 1159 3359 1235 iynis
3384 1161 3464 1217 de
3490 1177 3599 1217 ore
3624 1157 3767 1234 ejus
3794 1176 3971 1216 vora-

2478 1257 2591 1317 bit.
2634 1256 2701 1317 In
2739 1256 3041 1320 Psalterio
3085 1255 3313 1333 fertur,
3348 1255 3514 1336 Ignis
3554 1275 3593 1318 a
3632 1253 3797 1317 facie
3824 1254 3967 1336 ejus

2477 1354 2711 1417 exarsit
2756 1372 2769 1417 :
2818 1374 3171 1436 sensusque
3225 1355 3393 1417 idem
3441 1364 3559 1431 est,
3610 1353 3723 1436 qui
3772 1372 3969 1435 super

2476 1453 2849 1516 Psalterium
2900 1453 3282 1535 requiratur,
3335 1455 3643 1514 Carbones
3679 1454 3967 1518 succensi

2474 1563 2627 1613 sunt
2656 1555 2738 1612 ab
2764 1573 2859 1623 ec,
2874 1559 2995 1615 etc.
3014 1555 3244 1614 Posuit
3266 1553 3547 1612 tenebras
3578 1555 3653 1611 in
3682 1553 3965 1610 circuitu

2474 1671 2587 1711 suo
2622 1652 2988 1723 latibulum,
3020 1653 3316 1711 cribrans
3344 1670 3547 1728 aquas
3576 1653 3658 1709 de
3688 1650 3966 1709 nubibus

2474 1753 2799 1811 coelorum.
2847 1749 2913 1810 In
2956 1748 3258 1811 Psalterio
3306 1747 3559 1824 dicitur,
3602 1745 3965 1810 Tenebrosa

873 1847 1117 1924 ordine,
1168 1855 1232 1910 et
1287 1847 1508 1910 titulus
1560 1846 1648 1908 ibi
1699 1846 1759 1910 ci
1812 1846 2244 1930 praescriptuS,
2288 1865 2363 1909 cx
2400 1849 2447 1910 Β
2474 1866 2638 1928 aqua
2667 1848 2733 1909 in
2767 1847 3045 1910 nubibus
3076 1847 3263 1910 aeriS.
3298 1846 3607 1910 Dicuntur
3644 1845 3818 1908 enim
3850 1864 3965 1906 nu-

872 1945 1281 2026 praeinductis
1311 1945 1524 2010 verbis
1563 1945 1644 2008 ab
1682 1945 1878 2007 Esdra
1913 1953 2008 2008 est
2040 1953 2357 2027 sumptus.

871 2043 1082 2121 Porro,
1114 2045 1193 2107 ad
1223 2045 1669 2126 exponendum
1709 2044 1828 2107 hoc
1869 2044 2008 2108 loco
2041 2043 2358 2125 psalmum

874 2142 1088 2220 istum,
1138 2143 1426 2206 laborare
1474 2151 1582 2206 aut
1632 2143 1956 2206 immorari
2008 2161 2136 2206 non
2190 2142 2357 2218 volo,

872 2241 1024 2321 quia
1049 2242 1114 2303 in
1145 2242 1541 2324 expositione
1571 2261 1760 2324 super
1789 2241 2166 2304 Psalterium
2208 2260 2356 2304 eum

874 2340 1230 2403 litteraliter
1260 2340 1803 2422 spiritualiterque
1833 2340 2112 2423 exposui.
2132 2340 2362 2422 Aliqua

871 2448 1084 2503 tamen
1125 2459 1459 2522 exponam,
1495 2439 1562 2501 in
1609 2440 1844 2521 quibus
1889 2439 2083 2503 verba
2125 2439 2359 2502 cantici

871 2538 1064 2619 hujus
1101 2557 1138 2602 a
1177 2536 1390 2602 verbis
1431 2537 1748 2601 disserunt
1786 2537 2015 2620 psalmi
2058 2537 2255 2600 illius.
2292 2538 2361 2600 In

866 2637 1168 2700 Psalterio
1198 2637 1438 2718 quippe
1477 2636 1761 2719 psalmus
1801 2637 1920 2700 iste
1961 2636 2051 2699 sic
2085 2636 2351 2718 incipit:

866 2735 1133 2816 Diligam
1164 2744 1246 2812 te,
1269 2735 1556 2812 Domine,
1583 2734 1889 2798 fortitudo
1929 2754 2090 2798 mea.
2125 2735 2357 2816 Sicquc

865 2852 982 2916 pro
1011 2853 1086 2897 co
1117 2834 1286 2915 quod
1318 2834 1551 2897 dicitur
1583 2832 1695 2910 ibi,
1722 2834 2050 2896 Fortitudo
2083 2852 2247 2910 mea,
2271 2833 2359 2895 di-

866 2932 1034 2995 citur
1062 2931 1188 3009 hic,
1213 2933 1392 2995 Petra
1423 2951 1563 2996 mea
1598 2950 1611 2994 :
1646 2932 1766 2996 hoc
1797 2940 1914 3009 est,
1940 2951 2129 2995 causa
2161 2932 2359 2995 totius

869 3030 1207 3094 soliditatis
1233 3051 1304 3094 ac
1327 3029 1723 3094 fortitudinis
1755 3031 2058 3112 meae,qui
2085 3029 2229 3112 figit
2256 3051 2359 3094 me
2394 3029 2437 3092 C
2468 3030 2535 3092 In
2565 3031 2867 3094 Psalterio
2910 3030 3217 3113 scriptum
3262 3038 3378 3106 est,
3412 3029 3489 3090 Et
3524 3037 3959 3111 apparuerunt
3988 3055 4247 3102 ptume,

871 3148 943 3193 ac
976 3129 1203 3192 fundat
1236 3131 1299 3191 in
1332 3129 1546 3192 stabili
1583 3128 1739 3192 fidei
1774 3129 2217 3193 fundamento.
2255 3129 2358 3193 Sic

871 3236 934 3291 et
963 3227 1299 3312 Apostolus
1331 3227 1432 3309 loq
1444 3228 1614 3291 uitur
1639 3245 1653 3290 ε
1679 3221 1860 3291 Petra
1881 3237 2015 3292 erat
2041 3228 2357 3292 Christus,

974 3332 1144 3389 Deus
1198 3346 1378 3390 meus
1425 3328 1644 3404 fortis,
1694 3327 1760 3391 id
1818 3336 1914 3391 est
1972 3327 2360 3393 fortificator

871 3448 1074 3497 meuS,
1109 3436 1168 3487 et
1204 3429 1463 3503 sperabo
1495 3429 1568 3487 in
1597 3448 1766 3488 eum.
1804 3430 2077 3488 Scutum
2115 3448 2358 3497 meum,

866 3537 925 3587 et
966 3546 1168 3587 cornu
1210 3528 1443 3587 salutis
1489 3547 1666 3595 meae,
1707 3536 1766 3587 et
1807 3530 2086 3587 elevator
2115 3547 2292 3587 meus
2335 3549 2357 3587 .-

863 3624 1014 3706 quia
1033 3624 1100 3686 in
1121 3623 1513 3687 sublimitate
1543 3633 1606 3687 et
1637 3624 2013 3687 excellentia
2038 3625 2354 3688 donorum

865 3730 1104 3787 naturae
1133 3742 1205 3785 ac
1235 3723 1476 3805 gratiae,
1505 3722 1569 3785 in
1602 3722 1788 3803 regiae
1819 3723 2151 3804 dignitatis
2186 3722 2358 3786 fasti·

861 3822 966 3902 gio
999 3840 1100 3885 me
1130 3821 1394 3895 locavit3
1429 3832 1488 3881 et
1517 3823 1856 3901 refuyium
1888 3842 2124 3894 meum,
2151 3826 2357 3883 salva-

867 3931 962 3982 tor
994 3941 1186 3991 meuS,
1219 3923 1299 3980 de
1327 3920 1673 3999 iniquitate
1704 3921 2002 3980 liberabis
2040 3941 2155 3981 me.
2188 3924 2358 3981 Lau-

862 4020 1143 4081 dabilem
1167 4020 1466 4081 invocabo
1488 4020 1858 4088 Dominum,
1882 4028 1940 4079 et
1962 4021 2042 4079 ab
2064 4020 2355 4079 inimicis

869 4118 1022 4179 meis
1050 4122 1268 4178 salvus
1296 4137 1424 4177 erc.
1457 4118 1625 4186 Quia
1655 4118 2223 4178 circumdederunt
2255 4140 2354 4179 me

2476 1946 2587 2009 bes
2616 1947 2944 2023 coelomm,
2980 1946 3043 2008 id
3075 1953 3171 2008 est
3198 1945 3343 2009 coeli
3374 1945 3565 2020 aerei,
3597 1944 3753 2026 quia
3780 1961 3965 2024 gene-

2476 2051 2695 2106 rantur
2723 2064 2796 2108 ac
2832 2052 3169 2108 moventur
3213 2044 3281 2106 in
3322 2062 3466 2107 aere
3496 2042 3735 2106 virtute
3763 2061 3837 2104 ac
3866 2042 3965 2103 in-

2477 2140 2657 2205 fluxu
2704 2142 3059 2206 coelestium
3104 2161 3465 2226 corporum.
3512 2143 3586 2203 Et
3635 2141 3803 2204 sicut
3848 2159 3965 2222 per

2476 2240 2760 2304 cribrum
2806 2241 3108 2305 decidunt
3156 2260 3373 2322 grana,
3423 2240 3510 2302 ita
3558 2240 3637 2302 de
3680 2237 3961 2301 nubibus

2473 2339 2769 2420 guttatim
2829 2359 3007 2421 aquae
3056 2340 3451 2402 descendunt
3503 2355 3518 2399 ε
3570 2339 3745 2420 quod
3802 2337 3961 2400 Deus

2474 2438 2910 2521 principaliter
2940 2438 3091 2520 agit,
3126 2436 3419 2518 quamvis
3452 2436 3567 2499 fiat
3593 2454 3710 2518 per
3738 2454 3959 2498 causas

2474 2538 2827 2614 naturales;
2872 2537 3000 2602 imo
3039 2537 3423 2619 quandoque
3462 2536 3623 2599 Deus
3660 2553 3961 2617 superna-

2472 2637 2762 2700 turaliter
2790 2636 2943 2700 facit
2982 2635 3371 2718 hujusmodi,
3407 2635 3573 2698 sicut
3600 2635 3681 2696 ad
3712 2633 3961 2696 Samue-

2472 2735 2551 2796 lis
2594 2735 2966 2817 petitionem
3012 2734 3319 2798 Dominus
3362 2733 3538 2796 dedit
3581 2751 3793 2808 voces,
3835 2731 3958 2795 hoc
4014 2753 4242 2810 1241..
4317 2737 4318 2798 Ξ

2468 2841 2565 2895 est
2584 2834 2861 2897 tonitrua
2890 2843 2954 2897 et
2983 2833 3250 2916 pluvias,
3266 2841 3337 2894 ut
3368 2831 3611 2895 dictum
3629 2841 3729 2894 est
3750 2830 3957 2913 primo
3986 2821 4054 2862 ¹⁸·

2470 2931 2650 2996 libro.
2674 2937 2751 2995 E't
2770 2942 3215 3011 apparuerunt
3237 2935 3575 3010 effusiones
3596 2933 3824 3000 maris,
3834 2937 3951 2992 etc.

2468 3130 2677 3194 fontes
2716 3150 3047 3212 aquarum.
3078 3130 3307 3193 Fontes
3348 3147 3644 3210 namque,
3688 3128 3855 3191 sicut
3892 3136 3961 3191 et

2468 3228 2759 3306 flumina,
2797 3248 2874 3292 ex
2907 3229 3065 3291 mari
3097 3245 3326 3308 magno
3360 3226 3687 3290 fontaliter
3718 3226 3958 3289 habent

2465 3328 2801 3408 originem,
2838 3328 2927 3390 ita
2956 3328 3127 3409 quod
3168 3325 3378 3390 fontes
3420 3333 3567 3387 sunt
3596 3322 3959 3388 effusiones

2466 3426 2681 3503 maris,
2716 3426 2837 3490 hoc
2880 3434 2977 3489 est
3024 3444 3205 3507 aquae
3244 3423 3472 3488 effusae
3514 3443 3589 3487 ex
3630 3422 3793 3485 mari
3831 3423 3957 3485 ori-

2463 3525 2763 3607 ginaliter
2792 3524 3211 3608 profluentes.
3233 3525 3563 3585 Liberavit
3598 3543 3693 3583 me
3720 3525 3801 3583 ab
3830 3524 3959 3583 ini-

2466 3626 2628 3686 mico
2674 3645 2809 3685 meo
2838 3624 3305 3701 potentissima,
3336 3619 3578 3684 scilicet
3628 3619 3815 3683 Saule
3858 3640 3957 3682 re-

2464 3740 2561 3803 ge.
2597 3722 2663 3784 In
2695 3720 2995 3783 Psalterio
3034 3719 3367 3802 pluraliter
3410 3718 3665 3795 dicitur,
3702 3716 3953 3800 Eripuit

2466 3839 2566 3883 me
2613 3821 2691 3883 de
2752 3818 3032 3882 inimicis
3093 3818 3251 3881 meis
3303 3816 3691 3893 fortissimiS,
3741 3816 3808 3878 id
3854 3826 3955 3879 est

2465 3918 2651 3982 Saule
2700 3926 2763 3981 et
2813 3916 3210 4000 principibus
3270 3917 3434 3998 ejuS.
3490 3915 3557 3977 In
3608 3914 3955 3996 Scripturis

2463 4036 2719 4099 quoquc
2755 4016 3125 4098 frequenter
3162 4015 3427 4098 ponitur
3472 4013 3797 4094 singulare
3836 4032 3953 4096 pro

2464 4115 2719 4198 plurali,
2756 4124 2818 4178 et
2857 4123 3134 4178 econtra.
3176 4117 3257 4176 Et
3284 4116 3363 4174 ab
3394 4116 3495 4173 his
3532 4114 3649 4193 qui
3678 4116 3955 4173 oderant

865 4218 1301 4286 contritiones,
1336 4215 1402 4277 id
1432 4223 1529 4277 est
1558 4215 1831 4292 doloreS,
1871 4218 2113 4287 mortis,
2145 4224 2215 4278 ut
2246 4216 2356 4278 ha-
2385 4220 2435 4282 D
2465 4236 2588 4283 me,
2609 4215 2767 4294 quia
2796 4214 3178 4274 robustiores
3206 4232 3307 4272 me
3324 4221 3538 4281 erant,
3561 4218 3682 4273 etc.
3706 4213 3793 4272 E't
3816 4214 3957 4271 edu-

866 4313 1051 4375 betur
1096 4314 1162 4375 in
1203 4313 1470 4391 Psalmo,
1509 4323 1812 4374 torrentes
1857 4317 2072 4375 Belial
2118 4324 2355 4375 terrue-

865 4423 1022 4473 runt
1046 4434 1165 4475 me.
1184 4414 1252 4475 In
1283 4413 1449 4476 libro
1471 4413 1862 4475 Psalmorum
1897 4414 2187 4491 habetur,
2211 4414 2355 4477 Tor-

866 4519 1075 4574 rentes
1119 4510 1476 4591 iniquitatis
1517 4510 2061 4575 conturbaverunt
2101 4532 2225 4576 me.
2274 4513 2350 4575 Et

864 4630 978 4692 per
1020 4617 1328 4673 torrentes
1374 4609 1590 4686 Belial,
1638 4616 1907 4691 possunt
1949 4610 2029 4671 ad
2076 4609 2349 4672 litteram

865 4706 1136 4788 intelligi
1180 4707 1570 4770 abundantia
1615 4716 1678 4769 et
1721 4707 1998 4789 impetus
2052 4727 2352 4791 persecu-

865 4806 1132 4883 tionum,
1151 4805 1385 4886 quibus
1415 4804 1563 4867 Saul
1596 4804 1963 4887 frequenter
1994 4804 2206 4888 ipsum
2241 4807 2351 4869 Da-

861 4904 967 4966 vid
1015 4904 1238 4966 terruit
1283 4924 1356 4967 ac
1394 4903 1696 4979 turbavit,
1747 4903 1834 4965 ita
1874 4912 1945 4966 ut
1989 4904 2347 4985 aliquando

565 5020 832 5077 ineman,
863 5001 1294 5083 desperaverit
1333 5020 1398 5064 se
1442 5020 1628 5084 posse
1667 5002 1956 5064 evadere.
1992 5006 2211 5065 Funes
2256 5005 2353 5063 in-

731 5148 831 5199 ¹¹.⁶-
861 5102 1042 5178 ferni
1069 5103 1635 5162 circumdederunt
1666 5121 1785 5171 me,
1819 5100 1938 5163 hoc
1969 5108 2064 5163 est
2095 5100 2350 5163 dolores

859 5198 1188 5277 gehennae,
1225 5198 1389 5262 sicut
1428 5198 1495 5260 in
1536 5197 1838 5265 Psalterio
1881 5197 2114 5279 legitur
2138 5221 2153 5273 3
2181 5219 2353 5276 prae-

865 5308 1176 5361 venerunt
1205 5319 1301 5361 me
1335 5300 1552 5379 laquei
1581 5298 1833 5366 mortis,
1865 5304 1984 5360 etc.

2462 4315 2566 4373 wit
2598 4333 2696 4373 me
2725 4314 2797 4372 in
2832 4314 3275 4372 latitudinem.
3298 4310 3631 4370 Liberavit
3650 4330 3776 4378 me,
3792 4311 3953 4389 quia

2456 4413 2687 4488 placui
2716 4412 2798 4471 ei.
2834 4409 2901 4471 In
2936 4407 3239 4471 Psalterio
3268 4407 3523 4483 dicitur,
3558 4406 3715 4481 Quia
3744 4406 3953 4469 voluit

2465 4528 2566 4571 me
2601 4527 2614 4570 :
2650 4516 2711 4571 et
2743 4508 2910 4571 idem
2940 4515 3036 4570 est
3064 4526 3311 4582 sensuS,
3344 4504 3650 4587 quoniam
3680 4504 3827 4568 ideo
3861 4504 3955 4568 fe-

2462 4608 2550 4669 cit
2588 4607 2708 4670 hoc
2748 4608 2933 4682 Deus,
2967 4604 3118 4687 quia
3159 4604 3251 4668 sic
3293 4602 3535 4687 placuit
3574 4601 3655 4677 ei,
3690 4612 3756 4665 et
3796 4603 3954 4685 quia

2462 4706 2554 4769 sic
2584 4704 2809 4782 voluit,
2830 4706 2994 4769 sicut
3024 4706 3090 4766 in
3124 4702 3470 4783 Evangelio
3502 4702 3592 4765 ait
3622 4702 3946 4767 Salvator:

2462 4804 2689 4880 Etiam,
2721 4803 2919 4879 Pater,
2955 4802 3105 4883 quia
3143 4800 3235 4864 sic
3265 4800 3508 4883 placuit
3549 4810 3696 4864 ante
3726 4810 3811 4864 te.

2546 4905 2703 4963 Cum
2738 4912 2955 4962 sancto
2991 4910 3249 4963 sanctus
3286 4902 3440 4969 eris,
3476 4910 3538 4961 et
3574 4920 3721 4961 cum
3762 4903 3956 4960 robu-

2461 5010 2553 5061 sto
2592 5002 2936 5079 perfectus.
2984 5002 3067 5061 Εἰ
3109 5020 3257 5060 cum
3298 5002 3485 5059 electo
3530 5002 3759 5058 electus
3796 5000 3950 5069 eris,

2460 5110 2521 5159 et
2558 5120 2705 5159 cum
2738 5118 3036 5177 perverso
3064 5099 3475 5175 perverteris.
3512 5098 3601 5158 Et
3628 5100 3955 5173 popu-lum

2458 5218 2807 5276 pauperem
2826 5202 3081 5259 salvum
3098 5197 3320 5274 facies,
3338 5198 3666 5276 oculisque
3692 5196 3825 5255 tuis
3848 5216 3956 5255 ea·-

2460 5301 2649 5357 celsos
2667 5296 3063 5358 humiliabis.
3088 5295 3155 5357 In
3177 5294 3479 5357 Psalterio
3502 5293 3811 5377 scriptum
3834 5302 3947 5371 cst,

4030 1281 4223 1324 mdes-2
4317 1291 4318 1316 1

4016 1761 4145 1802 1⁶5«.
4170 1765 4233 1804 ι».

4008 3740 4133 3784 nu.
4158 3744 4219 3783 ns.
4317 3706 4318 3757 ἶ

4026 4432 4143 4476 leid.
4162 4436 4221 4475 2¹³.

4007 4827 4165 4869 Mam.
4184 4842 4231 4876 n,

3986 4891 4055 4932 2⁶.
