4359 6250
907 487 1025 552 :338

1443 509 1796 560 alunnum
1839 512 1898 558 ΙΝ
1941 513 2080 558 CAP.
2125 511 2254 557 xvu
2296 511 2453 557 unm
2494 511 2663 558 Pnun
2707 512 2930 558 REGUM.
2976 531 3057 542 -·
3098 511 3239 558 Am.
3286 511 3461 558 xxm

906 677 1104 740 David
1145 699 1220 742 ex
1259 684 1619 764 arrogantia
1651 690 1916 758 motum,
1955 701 2030 745 eo
2060 682 2231 764 quod
2267 699 2397 762 prae
2428 683 2479 744 A
2514 681 2729 744 David.
2760 682 3065 756 Quocirca
3098 681 3321 746 scribit
3350 671 3793 764 Hieronymum
3828 678 4003 762 quod

906 778 1136 841 ceteris
1169 789 1396 844 unctus
1431 781 1554 844 fuit
1575 782 1640 844 in
1673 799 1908 860 regem.
1929 785 2015 843 Et
2037 783 2399 861 nequitiam

908 879 1118 937 cordis
1160 881 1283 950 tui,
1325 883 1486 960 quia
1526 891 1597 942 ut
1643 883 1890 941 videres
1917 880 2256 957 praelium,
2292 882 2401 939 de-

905 978 1234 1049 scendisti,
1290 977 1354 1039 id
1397 985 1515 1054 est,
1565 987 1690 1041 tam
1743 977 2135 1041 malitiosum
2187 985 2251 1040 et
2298 996 2401 1040 ne-

906 1092 1096 1154 quam
1144 1083 1204 1138 te
1251 1095 1390 1138 esse
1429 1095 1764 1157 cognosce,
1799 1077 1968 1158 quod
2004 1075 2300 1156 gloriaris
2334 1077 2397 1137 in

909 1173 1239 1250 sanguinis
1269 1173 1615 1251 effusione,
1635 1182 1699 1237 et
1729 1175 1793 1236 in
1829 1174 2015 1237 bellis
2046 1175 2399 1236 secundum

911 1290 977 1333 se
1001 1280 1296 1354 :propter
1324 1274 1495 1354 quod
1521 1281 1584 1335 et
1615 1292 1786 1336 nunc
1815 1273 2072 1349 venisti,
2094 1280 2163 1334 ut
2186 1272 2400 1334 videas

913 1367 1084 1432 talia.
1119 1372 1206 1431 Et
1245 1373 1422 1432 dia-it
1465 1374 1684 1434 David
1715 1393 1736 1431 .·
1773 1374 1946 1441 Quid
1988 1373 2117 1449 feci
2138 1374 2168 1431 ἓ
2200 1374 2403 1434 Num-

910 1471 1075 1548 quid
1117 1489 1248 1529 non
1293 1471 1556 1530 verbam
1592 1473 1732 1530 est?
1772 1469 1968 1532 David
2016 1470 2295 1551 prudens
2340 1477 2402 1531 et

912 1575 1281 1629 mansuetus
1300 1567 1690 1644 adolescenS,
1709 1567 2209 1651 increpationem
2231 1586 2403 1630 acer-

912 1663 1138 1727 rimam
1171 1663 1384 1727 fratris
1413 1665 1514 1727 sui
1547 1665 1817 1729 senioris
1837 1665 2280 1747 aequanimiter
2312 1675 2403 1727 tu-

911 1762 1008 1841 lit,
1055 1771 1118 1826 et
1165 1765 1654 1827 commotionem
1706 1765 1882 1827 illius
1930 1783 2076 1828 cum
2128 1766 2401 1846 quadam

2509 780 2704 843 David
2739 801 2814 844 ex
2846 781 2967 844 hoc
2996 780 3292 862 concepit
3322 779 3665 858 audaciam,
3690 779 3999 862 quoniam

2511 878 2817 961 Spiritum
2852 879 3151 942 Sanctum
3192 879 3457 960 accepit,
3492 886 3793 961 expertus
3822 877 4002 959 adju-

2512 977 2745 1040 torium
2779 978 2887 1040 Dei
2930 978 2994 1040 in
3036 977 3463 1041 suffocatione
3502 977 3704 1040 leonis
3736 985 3803 1039 et
3840 976 3993 1038 ursi.

2510 1076 2960 1139 Verumtamen
3012 1075 3123 1138 ubi
3172 1084 3236 1138 et
3282 1076 3535 1157 quando
3585 1075 3705 1139 hoc
3760 1073 3995 1137 factum

2513 1174 2615 1251 sit,
2638 1175 2987 1253 ignoratur,
3008 1194 3127 1238 nec
3159 1174 3487 1255 Scriptura
3514 1173 3635 1236 hoc
3664 1175 3876 1237 docet.
3898 1173 3997 1234 Ni-

2511 1273 2644 1335 hilo
2666 1273 2881 1334 minus
2903 1281 3059 1354 puto
3080 1273 3249 1354 quod
3276 1272 3511 1335 factum
3536 1271 3638 1348 sit,
3660 1280 3995 1354 postquam

2510 1371 2707 1434 David
2739 1380 2969 1434 unctus
3010 1371 3133 1433 fuit
3175 1371 3241 1432 in
3286 1387 3520 1449 regem,
3555 1371 3707 1452 quia
3739 1389 3817 1432 ex
3850 1377 3997 1434 tuno

2510 1469 2712 1550 gratia
2744 1468 3140 1533 fortitudinis
3162 1468 3511 1552 corporalis
3540 1487 3612 1532 ac
3644 1468 3998 1550 spiritualis

2510 1569 2655 1631 data
2675 1577 2772 1631 est
2800 1568 2882 1631 ei.
2916 1569 3046 1632 lmo
3076 1587 3152 1630 ex
3187 1576 3469 1650 tempore
3500 1567 3611 1631 illo
3632 1567 3832 1650 coepit
3859 1587 3999 1630 ana-

2512 1668 2767 1748 gogicos
2809 1675 3038 1743 motuS,
3072 1665 3679 1748 ardentissimosque
3720 1665 3999 1729 affectus

2512 1765 2745 1829 habere
2785 1765 2850 1828 in
2891 1767 3113 1840 Deum,
3137 1774 3201 1828 et
3242 1785 3357 1847 per
3396 1763 3777 1846 sapientiam
3810 1764 3999 1826 uniti-

913 1861 1271 1925 urbanitate
1311 1872 1376 1926 et
1414 1865 1812 1945 jucunditate
1855 1863 2286 1926 dissimulavit
2328 1883 2401 1927 ac
2440 1864 2487 1926 B
2514 1883 2655 1926 vam
2690 1884 2763 1928 ac
2797 1864 3129 1946 mysticam
3168 1863 3548 1943 theologiam
3580 1863 3997 1945 contemplari

910 1961 1342 2044 pertransivit,
1369 1961 1640 2026 dicendo
1661 1981 1674 2024 :
1695 1963 1854 2037 Quid
1889 1962 2054 2026 feci‘l
2080 1963 2399 2045 Numquid

913 2079 1040 2124 non
1073 2061 1338 2125 verbum
1371 2065 1509 2124 est‘l
1540 2081 1613 2124 ac
1643 2062 1701 2123 si
1733 2062 1903 2125 dicat
1933 2080 1946 2124 ε
1978 2061 2110 2136 Quo
2141 2081 2403 2125 excessu

911 2159 1116 2222 merui
1146 2168 1386 2223 tantam
1415 2159 1930 2242 correptionem?
1961 2161 2058 2223 An
2090 2179 2219 2224 non
2255 2161 2403 2224 licet

912 2259 1072 2322 mihi
1103 2259 1354 2323 modice
1383 2258 1584 2341 loqui,
1611 2268 1675 2323 et
1706 2260 2182 2324 interlocutorie
2213 2261 2405 2323 inter-

914 2361 1174 2438 rogare?
1206 2357 1329 2421 Nec
1361 2359 1569 2421 adhuc
1599 2358 1772 2421 aliud
1807 2358 1930 2422 feci
1954 2359 2078 2421 nisi
2109 2360 2281 2441 quod
2312 2360 2407 2421 in-

913 2455 1153 2538 quisivi
1194 2457 1273 2519 de
1305 2455 1474 2519 facto
1509 2476 1522 2520 :
1557 2465 1620 2520 et
1664 2455 2076 2537 interrogatio
2117 2458 2238 2520 ista
2266 2477 2405 2521 ver—

2512 1961 2751 2026 divina.
2770 1965 2857 2024 Et
2886 1965 2994 2022 illi
3020 1965 3483 2040 consurgebant
3512 1965 3859 2023 adversum
3880 1983 3997 2031 me,

2510 2073 2569 2123 et
2598 2063 3149 2139 apprehendebam
3190 2070 3478 2121 mentum
3502 2081 3747 2131 eorum,
3780 2070 3841 2120 et
3868 2061 3999 2137 suf-

2511 2162 2805 2238 focabam
2838 2162 3429 2238 interficiebamque
3456 2179 3575 2220 eoa.
3592 2161 3771 2220 Nam
3798 2169 3861 2219 et
3888 2163 3997 2220 leo-

2512 2279 2657 2319 nem
2676 2268 2735 2319 et
2756 2279 2982 2318 ursum
3003 2259 3303 2334 interfeci
3316 2277 3424 2334 eyo
3444 2277 3659 2318 servus
3682 2266 3847 2319 tuus,
3856 2260 3996 2320 Erit

2511 2378 2657 2434 erqo
2678 2367 2737 2417 et
2757 2360 2857 2420 Pk
2866 2359 2890 2416 i
2894 2361 2915 2416 l
2922 2359 3135 2418 istoeus
3152 2359 3259 2417 laic
3288 2358 3799 2426 incircumcisus,
3815 2359 3998 2437 quasi

2514 2477 2687 2517 unus
2716 2477 2797 2516 ea·
2826 2459 2939 2518 eis:
2958 2458 3152 2517 Nunc
3182 2459 3441 2527 vadam,
3474 2465 3533 2515 et
3564 2458 3869 2533 auferam
3896 2476 3997 2533 op-

913 2556 1066 2618 bum
1115 2564 1232 2632 est,
1281 2574 1410 2619 non
1461 2575 1561 2618 res
1610 2564 1721 2618 aut
1767 2555 2032 2618 bellum.
2081 2557 2205 2620 Cur
2254 2576 2405 2638 ergo
2508 2556 2849 2632 probrium
2888 2555 3143 2631 populi.
3198 2557 3521 2623 Quoniam
3568 2554 3717 2633 quis
3756 2565 3849 2614 est
3888 2557 3997 2614 iste

915 2662 1162 2716 tantum
1195 2653 1488 2717 irasceris
1518 2673 1709 2736 super
1737 2654 1902 2718 hoc?
1935 2658 2019 2716 Et
2050 2658 2406 2717 declinavit

907 2757 1264 2831 paululum
1293 2755 1374 2812 ab
1403 2773 1470 2812 eo
1503 2756 1590 2814 ad
1619 2755 1854 2814 alium.
1886 2756 2204 2834 Dimitque
2231 2775 2407 2816 eum-

913 2855 1060 2912 dem
1106 2872 1480 2912 sermonem.
1517 2855 1603 2913 Et
1652 2854 1982 2929 respondit
2029 2854 2092 2912 ei
2123 2857 2408 2931 populu-s·

913 2951 1210 3010 eumdem
1236 2970 1590 3011 sermonem
1618 2952 1790 3011 sicut
1812 2953 2029 3028 prim.

2516 2655 2895 2716 Philistaeus
2946 2654 3463 2724 incircumcisus,
3508 2655 3628 2732 qui
3676 2673 3877 2714 ausus
3912 2663 3995 2714 est

2517 2753 2895 2812 maledicere
2932 2753 3253 2811 emercitui
3283 2753 3407 2812 Dei
3435 2753 3715 2812 viventis
3734 2755 3766 2812 ?
3796 2754 3881 2813 Ec
3904 2753 3995 2812 ait

2515 2851 2771 2911 David:
2790 2851 3105 2910 Dominus
3126 2850 3243 2928 qui
3270 2851 3517 2925 eripuit
3538 2869 3635 2910 me
3666 2853 3747 2910 de
3779 2870 3993 2920 manu,

2520 2948 2582 3010 id
2633 2956 2729 3010 est
2777 2955 3087 3030 potestate
3138 2945 3621 3028 invasioneque‚
3675 2950 3903 3018 leonis,
3942 2959 3999 3009 et

994 3049 1249 3111 Audita
1290 3058 1444 3109 sunt
1481 3059 1704 3110 autem
1743 3051 1935 3109 verba
1978 3071 2122 3131 quae
2161 3055 2407 3112 locutus
2440 3050 2484 3114 C
2516 3049 2594 3106 de
2626 3067 2829 3106 manu
2860 3048 3027 3116 ursi,
3060 3047 3195 3126 ipse
3226 3046 3522 3106 liberabit
3562 3067 3662 3106 me
3692 3049 3775 3106 de
3804 3067 4001 3108 mana

913 3158 1003 3209 est
1024 3150 1266 3219 David,
1287 3158 1348 3208 et
1375 3150 1778 3209 annuntiata
1809 3156 1956 3211 sunt
1987 3148 2182 3211 verba
2213 3150 2406 3213 David

917 3249 992 3307 in
1030 3255 1364 3323 conspectu
1412 3249 1604 3308 Saul.
1657 3244 1898 3319 Quibus
1948 3246 2207 3324 auditis,
2261 3247 2407 3311 Saul

915 3343 1106 3427 jussit
1149 3342 1273 3406 sibi
1313 3344 1544 3407 adduci
1592 3344 1810 3407 David.
1843 3348 1950 3406 Ad
1979 3366 2166 3425 quem
2206 3368 2407 3426 quum

915 3444 1146 3519 fuisset
1164 3446 1505 3513 &idicem-5,
1524 3447 1772 3503 locutus
1791 3454 1880 3503 est
1899 3446 1977 3513 ei,
1997 3443 2244 3506 scilicet
2264 3444 2409 3507 Sau-

919 3540 965 3602 li
1004 3558 1018 3602 :
1053 3542 1202 3603 Non
1235 3543 1531 3601 concidat
1559 3560 1667 3601 cor
1693 3542 2082 3621 cujusquam
2115 3544 2186 3602 in
2216 3563 2307 3614 e0,
2343 3541 2407 3604 id

919 3647 1035 3715 est,
1071 3656 1260 3701 nemo
1279 3646 1562 3701 vestrum
1593 3637 1815 3720 perdat
1844 3637 2150 3702 fiduciam
2180 3648 2290 3702 aut
2310 3659 2411 3703 ca-

918 3739 1026 3800 dat
1058 3756 1312 3819 pavore.
1340 3739 1476 3815 Eyo
1505 3758 1726 3797 servu-s·
1760 3749 1907 3798 tuus
1939 3742 2175 3799 vadam
2207 3750 2267 3800 et
2284 3759 2411 3817 pu-

911 3839 1121 3913 ynabo
1167 3839 1476 3896 adversus
1513 3837 1951 3897 I'ltilistoeum.
1976 3838 2062 3897 Et
2102 3838 2201 3898 ait
2244 3841 2411 3899 Saul

918 3937 1006 3994 acl
1040 3936 1260 3996 David
1289 3954 1312 3994 .·
1337 3937 1484 3996 Non
1535 3938 1706 3993 vales
1749 3936 2034 3995 resistere
2074 3937 2409 3997 Philistoeo

919 4034 1057 4101 isti,
1077 4052 1188 4091 nec
1209 4050 1510 4109 puqnare
1539 4036 1848 4092 adversus
1874 4052 2047 4101 eum,
2070 4036 2229 4113 quia
2242 4054 2410 4111 puer

919 4151 1005 4199 es,
1029 4128 1093 4190 id
1137 4136 1234 4190 est
1273 4128 1667 4204 adolescenS,
1705 4136 1767 4191 et
1799 4129 2068 4191 necdum
2100 4131 2179 4192 ad
2216 4131 2410 4193 robur

2520 3147 2848 3209 I'liilistoei
2877 3147 3096 3223 hujus,
3132 3144 3492 3207 Secundum
3524 3144 3995 3228 Hieronymum,

2516 3242 2991 3325 catholicosque
3020 3244 3333 3319 doctoreS‚
3353 3244 3549 3307 David
3570 3263 3644 3306 ex
3674 3243 4001 3307 revelatio-

2520 3360 2599 3404 nc
2638 3341 2857 3405 divina
2899 3340 3219 3423 praescivit
3258 3360 3325 3405 se
3354 3342 3895 3424 triumphaturum
3938 3342 3997 3405 in

2520 3440 2641 3503 isto
2675 3438 2986 3503 conflictu
3019 3457 3034 3501 ε
3068 3440 3212 3502 ideo
3242 3438 3437 3503 verba
3468 3440 3587 3503 ista
3616 3450 3679 3504 et
3706 3441 3838 3503 alia
3864 3460 4001 3523 quae

2518 3539 2586 3599 in
2619 3538 2831 3600 littera
2858 3538 3289 3615 continentur,
3309 3556 3438 3601 non
3460 3539 3667 3603 solum
3698 3549 3853 3603 sunt
3870 3560 4002 3603 ver-

2517 3637 2598 3700 ba
2628 3637 2810 3700 bonae
2840 3637 2999 3718 spei,
3026 3637 3136 3699 sed
3167 3636 3572 3700 certitudinis
3604 3638 3930 3702 absolutae.

2598 3736 2787 3796 Dia-it
2831 3746 3051 3795 autem
3088 3739 3255 3796 Saul
3297 3740 3387 3796 ad
3424 3738 3643 3798 David
3671 3740 3907 3810 :Vade,
3944 3750 4001 3799 et

2524 3835 2833 3895 Dominus
2872 3844 3075 3895 tecum
3112 3836 3218 3906 sit,
3250 3835 3461 3898 dando
3502 3834 3616 3897 tibi
3646 3836 3996 3900 victoriam.

2516 3932 2607 3994 Ex
2645 3931 2765 3995 hoc
2795 3931 2995 4013 aliqui
3028 3930 3394 4013 opinantur,
3427 3933 3600 4015 quod
3636 3935 3827 3997 etiam
3859 3935 4001 3999 Saul

2517 4050 2592 4092 ex
2634 4030 3019 4093 revelatione
3059 4029 3377 4110 cognovit,
3421 4033 3592 4113 quod
3622 4032 3819 4096 David
3850 4054 4006 4116 prae-

2516 4128 2777 4191 valeret.
2821 4128 3271 4192 Verumtamen
3322 4130 3442 4193 hoc
3482 4150 3559 4193 ex
3602 4131 3817 4195 verbis
3866 4134 4005 4195 istis

922 4225 1130 4288 virilis
1161 4226 1364 4288 aetatis
1393 4227 1758 4308 perductus,
1778 4246 1894 4289 nec
1925 4236 2221 4309 expertus
2252 4230 2411 4291 mul·
2439 4231 2490 4292 D
2518 4245 2645 4289 non
2691 4226 3002 4308 sequitur,
3038 4247 3154 4290 nec
3201 4229 3621 4309 praecedentia
3650 4231 3847 4294 verba
3885 4232 4005 4296 hoc

924 4333 1058 4387 tum
1101 4325 1167 4386 in
1207 4324 1424 4387 armis·
1461 4328 1590 4387 Hic
1619 4336 1839 4387 autom
1883 4328 1985 4385 vir
2016 4328 2283 4388 bellator
2320 4338 2409 4389 est

920 4424 1001 4482 ab
1039 4424 1468 4484 adolescentia
1498 4444 1641 4485 sua.

999 4521 1166 4581 Dioei
1171 4530 1316 4601 tque
1333 4523 1555 4582 David
1584 4526 1672 4583 ad
1700 4525 1868 4584 Saul
1897 4543 1921 4585 :
1953 4524 2259 4584 Pascebat
2288 4543 2411 4582 ser-

923 4638 1039 4679 vus
1073 4626 1222 4679 tuus
1243 4620 1459 4695 patris
1479 4622 1586 4679 sui
1608 4639 1888 4696 yreqem,
1912 4630 1970 4680 et
2001 4621 2287 4680 veniebat
2318 4624 2409 4679 leo

921 4721 1020 4777 vel
1055 4736 1267 4789 ursa-5,
1293 4716 1356 4778 id
1395 4725 1492 4779 est
1521 4716 1620 4780 leo
1653 4724 1715 4779 et
1743 4736 1954 4793 ursus,
1992 4724 2062 4778 ut
2090 4735 2166 4779 ex
2196 4722 2410 4779 conse-

918 4814 1268 4897 quentibus
1309 4822 1579 4891 constat,
1610 4826 1669 4876 et
1715 4817 1971 4876 tollebat
2015 4817 2311 4885 arietem,
2345 4814 2408 4876 id

920 4921 1015 4976 est
1045 4914 1205 4976 duos
1235 4912 1486 4989 arieteS,
1508 4912 1754 4975 scilicet
1784 4911 2056 4994 quilibet
2089 4932 2311 4989 unum,
2330 4917 2411 4973 de

919 5014 1128 5072 medio
1153 5012 1371 5087 yreqis
1389 5036 1416 5082 ,·
1442 5021 1501 5071 et
1523 5014 1946 5091 persequebar
1977 5032 2076 5071 eos
2103 5020 2162 5071 et
2185 5030 2409 5087 percu-

924 5111 1180 5180 tiebam,
1205 5108 1270 5170 id
1289 5116 1408 5184 est,
1436 5108 1906 5173 interficiebam
1929 5128 2059 5185 805,
2084 5111 2411 5171 eruebam—

917 5228 1039 5287 que
1067 5210 1148 5267 de
1175 5226 1282 5267 ore
1307 5227 1524 5267 eorum
1545 5228 1568 5270 .·
1601 5208 1770 5288 quod
1803 5208 1832 5269 f
1838 5207 1930 5270 uit
1960 5226 2074 5289 per
2105 5226 2410 5288 superna-

918 5304 1122 5367 turale
1143 5303 1334 5367 robur
1362 5312 1554 5384 atque
1577 5304 1886 5367 auxilium
1907 5305 2015 5368 Dei
2048 5303 2405 5367 exhibitum

2518 4326 2931 4389 sonant.Nam
2964 4326 3177 4388 statim
3209 4334 3358 4389 ante
3388 4327 3521 4391 haec
3541 4329 3735 4391 verba
3762 4330 4005 4394 dixerat

2519 4422 2666 4487 Saul
2707 4444 2721 4487 ε
2762 4424 2897 4486 Non
2941 4424 3111 4487 vales
3162 4424 3456 4489 resistere
3506 4426 3823 4492 Philistaeo
3872 4429 3999 4504 isti,

2518 4542 2637 4585 nec
2672 4540 2955 4604 pugnare
2998 4523 3303 4586 adversus
3340 4543 3509 4601 eum,
3545 4526 3698 4607 quia
3728 4546 3887 4609 puer
3910 4546 3999 4591 ος.

2516 4621 2810 4683 Attamen
2847 4640 2923 4683 ex
2959 4621 3173 4686 verbis
3212 4622 3403 4685 David
3436 4625 3752 4705 praetactis
3780 4626 3999 4689 saltem

2517 4718 2810 4800 concepit
2868 4720 3209 4801 quamdam
3269 4721 3595 4784 fiduciam.
3654 4726 3735 4785 Et
3784 4726 4001 4785 induit

2518 4821 2686 4880 Saul
2716 4817 2927 4899 ipsum
2960 4822 3179 4880 David
3209 4821 3620 4894 vestimenti&
3639 4822 3759 4885 hoc
3788 4832 3885 4885 aet
3912 4842 4000 4884 ar-

2518 4914 2640 4977 mis
2668 4918 2828 4987 suis,
2854 4927 2914 4977 et
2949 4920 3253 4995 imposuit
3267 4924 3526 4996 yaleam
3555 4942 3789 4982 aeream
3817 4942 3997 4999 super

2517 5024 2713 5092 caput
2745 5016 2911 5091 ejus,
2944 5024 3063 5077 etc.
3091 5018 3445 5078 Accinctus
3464 5038 3611 5096 erqo
3635 5021 3853 5080 David
3871 5023 3997 5096 yla·

2515 5115 2625 5172 dio
2654 5114 2794 5190 ejus
2822 5134 3017 5191 super
3048 5126 3275 5177 vestem
3293 5137 3504 5191 suam,
3528 5120 3719 5196 coepil
3740 5128 3991 5187 lenem-e,

2516 5213 2575 5270 si
2598 5222 2803 5288 posset
2834 5223 3130 5273 armatus
3162 5215 3473 5275 incedere.
3502 5218 3651 5277 Non
3680 5220 3857 5277 enim
3890 5219 3995 5277 lea-

2515 5310 2691 5371 bebat
2721 5312 3379 5375 consuetudinemAEx
3408 5312 3529 5377 hoc
3561 5313 3849 5378 inferunt
3868 5314 3993 5397 qui·
