<?xml version="1.0" encoding="UTF-8"?>
<!DOCTYPE html PUBLIC "-//W3C//DTD XHTML 1.0 Transitional//EN"
    "http://www.w3.org/TR/xhtml1/DTD/xhtml1-transitional.dtd">
<html xmlns="http://www.w3.org/1999/xhtml" xml:lang="en" lang="en">
 <head>
  <title>
</title>
<meta http-equiv="Content-Type" content="text/html;charset=utf-8" />
  <meta name='ocr-system' content='tesseract 3.04.00' />
  <meta name='ocr-capabilities' content='ocr_page ocr_carea ocr_par ocr_line ocrx_word'/>
</head>
<body>
  <div class='ocr_page' id='page_1' title='image "./doctorisecstati02denigoog_0632.png"; bbox 0 0 4359 6250; ppageno 0'>
   <div class='ocr_carea' id='block_1_1' title="bbox 981 464 3445 548">
    <p class='ocr_par' dir='ltr' id='par_1_1' title="bbox 981 464 3445 548">
     <span class='ocr_line' id='line_1_1' title="bbox 981 464 3445 548; baseline 0.001 -22"><span class='ocrx_word' id='word_1_1' title='bbox 981 477 1329 526; x_wconf 68' lang='lat' dir='ltr'>nmnauio</span> <span class='ocrx_word' id='word_1_2' title='bbox 1373 478 1433 523; x_wconf 67' lang='lat' dir='ltr'>nx*</span> <span class='ocrx_word' id='word_1_3' title='bbox 1476 478 1614 524; x_wconf 62' lang='lat' dir='ltr'>car.</span> <span class='ocrx_word' id='word_1_4' title='bbox 1661 478 1704 523; x_wconf 92' lang='grc' dir='ltr'>ιι</span> <span class='ocrx_word' id='word_1_5' title='bbox 1747 477 1904 523; x_wconf 77' lang='lat' dir='ltr'>unm</span> <span class='ocrx_word' id='word_1_6' title='bbox 1944 478 2145 523; x_wconf 75' lang='lat' dir='ltr'>‘rssnru</span> <span class='ocrx_word' id='word_1_7' title='bbox 2188 478 2410 525; x_wconf 69' lang='lat' dir='ltr'>ascum.</span> <span class='ocrx_word' id='word_1_8' title='bbox 2456 500 2536 509; x_wconf 98' lang='lat'><strong>—</strong></span> <span class='ocrx_word' id='word_1_9' title='bbox 2578 480 2719 527; x_wconf 68' lang='grc' dir='ltr'>Αιιτ.</span> <span class='ocrx_word' id='word_1_10' title='bbox 2768 481 2836 526; x_wconf 87' lang='grc' dir='ltr'>ιιι</span> <span class='ocrx_word' id='word_1_11' title='bbox 3262 539 3269 548; x_wconf 27' lang='grc' dir='ltr'>ι</span> <span class='ocrx_word' id='word_1_12' title='bbox 3330 464 3445 528; x_wconf 75' lang='lat'>591</span> 
     </span>
    </p>
   </div>
   <div class='ocr_carea' id='block_1_2' title="bbox 327 648 3743 1432">
    <p class='ocr_par' dir='ltr' id='par_1_2' title="bbox 327 648 3451 835">
     <span class='ocr_line' id='line_1_2' title="bbox 327 648 3451 737; baseline 0.001 -24"><span class='ocrx_word' id='word_1_13' title='bbox 327 651 496 729; x_wconf 88' lang='lat' dir='ltr'>cidi,</span> <span class='ocrx_word' id='word_1_14' title='bbox 535 661 608 717; x_wconf 90' lang='lat' dir='ltr'>ut</span> <span class='ocrx_word' id='word_1_15' title='bbox 645 654 988 718; x_wconf 81' lang='lat' dir='ltr'>descendat</span> <span class='ocrx_word' id='word_1_16' title='bbox 1029 672 1160 737; x_wconf 86' lang='lat' dir='ltr'>quo</span> <span class='ocrx_word' id='word_1_17' title='bbox 1205 653 1458 717; x_wconf 89' lang='lat' dir='ltr'>meruit.</span> <span class='ocrx_word' id='word_1_18' title='bbox 1493 652 1675 715; x_wconf 89' lang='lat' dir='ltr'>Circa</span> <span class='ocrx_word' id='word_1_19' title='bbox 1729 650 1850 712; x_wconf 90' lang='lat' dir='ltr'>hoc</span> <span class='ocrx_word' id='word_1_20' title='bbox 1879 648 1930 711; x_wconf 83' lang='lat' dir='ltr'>A</span> <span class='ocrx_word' id='word_1_21' title='bbox 1959 656 2128 715; x_wconf 78' lang='lat' dir='ltr'>mihi</span> <span class='ocrx_word' id='word_1_22' title='bbox 2165 658 2613 717; x_wconf 72' lang='lat' dir='ltr'><em>maledictione</em></span> <span class='ocrx_word' id='word_1_23' title='bbox 2644 658 2922 735; x_wconf 77' lang='lat' dir='ltr'>pessima</span> <span class='ocrx_word' id='word_1_24' title='bbox 2963 659 3225 737; x_wconf 81' lang='lat' dir='ltr'>quando</span> <span class='ocrx_word' id='word_1_25' title='bbox 3275 656 3451 715; x_wconf 81' lang='lat' dir='ltr'>ibam</span> 
     </span>
     <span class='ocr_line' id='line_1_3' title="bbox 327 747 3449 835; baseline 0.001 -23"><span class='ocrx_word' id='word_1_26' title='bbox 327 752 620 831; x_wconf 83' lang='lat' dir='ltr'>quidam·</span> <span class='ocrx_word' id='word_1_27' title='bbox 659 752 882 815; x_wconf 83' lang='lat' dir='ltr'><strong>scribit</strong></span> <span class='ocrx_word' id='word_1_28' title='bbox 929 772 944 815; x_wconf 75' lang='grc' dir='ltr'>ε</span> <span class='ocrx_word' id='word_1_29' title='bbox 991 753 1237 817; x_wconf 86' lang='lat' dir='ltr'>Hebraei</span> <span class='ocrx_word' id='word_1_30' title='bbox 1282 753 1525 828; x_wconf 90' lang='lat' dir='ltr'>dicunt,</span> <span class='ocrx_word' id='word_1_31' title='bbox 1574 749 1667 813; x_wconf 86' lang='lat' dir='ltr'>Ad</span> <span class='ocrx_word' id='word_1_32' title='bbox 1719 747 1848 811; x_wconf 85' lang='lat' dir='ltr'>fos·</span> <span class='ocrx_word' id='word_1_33' title='bbox 1956 756 2044 814; x_wconf 84' lang='lat' dir='ltr'>ad</span> <span class='ocrx_word' id='word_1_34' title='bbox 2067 757 2307 823; x_wconf 81' lang='lat' dir='ltr'>Castra,</span> <span class='ocrx_word' id='word_1_35' title='bbox 2321 754 2383 817; x_wconf 92' lang='lat' dir='ltr'>id</span> <span class='ocrx_word' id='word_1_36' title='bbox 2416 762 2514 817; x_wconf 88' lang='lat' dir='ltr'>est</span> <span class='ocrx_word' id='word_1_37' title='bbox 2543 755 2622 817; x_wconf 89' lang='lat' dir='ltr'>ad.</span> <span class='ocrx_word' id='word_1_38' title='bbox 2653 753 2845 817; x_wconf 85' lang='lat' dir='ltr'>fortia</span> <span class='ocrx_word' id='word_1_39' title='bbox 2873 754 3012 818; x_wconf 90' lang='lat' dir='ltr'>loca</span> <span class='ocrx_word' id='word_1_40' title='bbox 3044 751 3276 833; x_wconf 80' lang='lat' dir='ltr'>refugii</span> <span class='ocrx_word' id='word_1_41' title='bbox 3308 770 3449 835; x_wconf 88' lang='lat' dir='ltr'>pro-</span> 
     </span>
    </p>

    <p class='ocr_par' dir='ltr' id='par_1_3' title="bbox 329 848 3742 1034">
     <span class='ocr_line' id='line_1_4' title="bbox 329 848 3742 934; baseline 0.001 -23"><span class='ocrx_word' id='word_1_42' title='bbox 329 868 507 929; x_wconf 88' lang='lat' dir='ltr'>sam,</span> <span class='ocrx_word' id='word_1_43' title='bbox 555 852 862 933; x_wconf 90' lang='lat' dir='ltr'>quoniam</span> <span class='ocrx_word' id='word_1_44' title='bbox 907 852 1103 916; x_wconf 89' lang='lat' dir='ltr'>David</span> <span class='ocrx_word' id='word_1_45' title='bbox 1151 872 1279 915; x_wconf 91' lang='lat' dir='ltr'>non</span> <span class='ocrx_word' id='word_1_46' title='bbox 1328 848 1625 926; x_wconf 81' lang='lat' dir='ltr'>intendit,</span> <span class='ocrx_word' id='word_1_47' title='bbox 1673 848 1845 931; x_wconf 92' lang='lat' dir='ltr'>quod</span> <span class='ocrx_word' id='word_1_48' title='bbox 1959 858 2099 933; x_wconf 89' lang='lat' dir='ltr'>pter</span> <span class='ocrx_word' id='word_1_49' title='bbox 2128 853 2635 934; x_wconf 80' lang='lat' dir='ltr'>persecutionem</span> <span class='ocrx_word' id='word_1_50' title='bbox 2667 852 3025 916; x_wconf 87' lang='lat' dir='ltr'>Absalonis.</span> <span class='ocrx_word' id='word_1_51' title='bbox 3062 853 3201 917; x_wconf 80' lang='lat' dir='ltr'>Haec</span> <span class='ocrx_word' id='word_1_52' title='bbox 3233 860 3447 915; x_wconf 88' lang='lat' dir='ltr'>autem</span> <span class='ocrx_word' id='word_1_53' title='bbox 3495 867 3742 925; x_wconf 53' lang='lat' dir='ltr'>uncam.</span> 
     </span>
     <span class='ocr_line' id='line_1_5' title="bbox 330 935 3590 1034; baseline 0 -24"><span class='ocrx_word' id='word_1_54' title='bbox 330 949 501 1013; x_wconf 84' lang='lat' dir='ltr'>Joab</span> <span class='ocrx_word' id='word_1_55' title='bbox 533 951 948 1016; x_wconf 81' lang='lat' dir='ltr'>descenderet</span> <span class='ocrx_word' id='word_1_56' title='bbox 975 953 1054 1015; x_wconf 90' lang='lat' dir='ltr'>ad</span> <span class='ocrx_word' id='word_1_57' title='bbox 1087 950 1439 1027; x_wconf 80' lang='lat' dir='ltr'>infernum,</span> <span class='ocrx_word' id='word_1_58' title='bbox 1465 950 1576 1012; x_wconf 86' lang='lat' dir='ltr'>sed</span> <span class='ocrx_word' id='word_1_59' title='bbox 1608 946 1844 1031; x_wconf 89' lang='lat' dir='ltr'>potius,</span> <span class='ocrx_word' id='word_1_60' title='bbox 1963 950 2231 1013; x_wconf 86' lang='lat' dir='ltr'>historia</span> <span class='ocrx_word' id='word_1_61' title='bbox 2271 952 2338 1013; x_wconf 87' lang='lat' dir='ltr'>in</span> <span class='ocrx_word' id='word_1_62' title='bbox 2380 952 2546 1015; x_wconf 91' lang='lat' dir='ltr'>libro</span> <span class='ocrx_word' id='word_1_63' title='bbox 2592 954 2872 1015; x_wconf 82' lang='lat' dir='ltr'>secundo</span> <span class='ocrx_word' id='word_1_64' title='bbox 2911 951 3197 1034; x_wconf 87' lang='lat' dir='ltr'>exposita</span> <span class='ocrx_word' id='word_1_65' title='bbox 3233 959 3352 1028; x_wconf 89' lang='lat' dir='ltr'>est,</span> <span class='ocrx_word' id='word_1_66' title='bbox 3386 958 3453 1012; x_wconf 86' lang='lat' dir='ltr'>et</span> <span class='ocrx_word' id='word_1_67' title='bbox 3478 935 3590 977; x_wconf 64' lang='lat'>⁵⁴³·</span> 
     </span>
    </p>

    <p class='ocr_par' dir='ltr' id='par_1_4' title="bbox 333 1050 3449 1133">
     <span class='ocr_line' id='line_1_6' title="bbox 333 1050 3449 1133; baseline 0 -24"><span class='ocrx_word' id='word_1_68' title='bbox 333 1056 414 1109; x_wconf 85' lang='lat' dir='ltr'>ut</span> <span class='ocrx_word' id='word_1_69' title='bbox 465 1068 585 1131; x_wconf 83' lang='lat' dir='ltr'>per</span> <span class='ocrx_word' id='word_1_70' title='bbox 627 1068 883 1133; x_wconf 85' lang='lat' dir='ltr'>poenam</span> <span class='ocrx_word' id='word_1_71' title='bbox 927 1050 1340 1133; x_wconf 78' lang='lat' dir='ltr'>temporalem</span> <span class='ocrx_word' id='word_1_72' title='bbox 1383 1050 1679 1113; x_wconf 86' lang='lat' dir='ltr'>evaderet</span> <span class='ocrx_word' id='word_1_73' title='bbox 1720 1064 1853 1128; x_wconf 89' lang='lat' dir='ltr'>poe-</span> <span class='ocrx_word' id='word_1_74' title='bbox 1961 1068 2074 1112; x_wconf 92' lang='lat' dir='ltr'>cur</span> <span class='ocrx_word' id='word_1_75' title='bbox 2093 1050 2292 1113; x_wconf 85' lang='lat' dir='ltr'>David</span> <span class='ocrx_word' id='word_1_76' title='bbox 2324 1050 2383 1114; x_wconf 92' lang='lat' dir='ltr'>ei</span> <span class='ocrx_word' id='word_1_77' title='bbox 2414 1051 2699 1133; x_wconf 83' lang='lat' dir='ltr'>pepercit</span> <span class='ocrx_word' id='word_1_78' title='bbox 2725 1051 2807 1113; x_wconf 90' lang='lat' dir='ltr'>ad</span> <span class='ocrx_word' id='word_1_79' title='bbox 2836 1053 3261 1132; x_wconf 83' lang='lat' dir='ltr'>tempuS.Sed</span> <span class='ocrx_word' id='word_1_80' title='bbox 3288 1052 3449 1131; x_wconf 83' lang='lat' dir='ltr'>quia</span> 
     </span>
    </p>

    <p class='ocr_par' dir='ltr' id='par_1_5' title="bbox 335 1143 3743 1432">
     <span class='ocr_line' id='line_1_7' title="bbox 335 1143 3743 1231; baseline 0.001 -23"><span class='ocrx_word' id='word_1_81' title='bbox 335 1166 506 1209; x_wconf 85' lang='lat' dir='ltr'>nam·</span> <span class='ocrx_word' id='word_1_82' title='bbox 533 1146 937 1212; x_wconf 75' lang='lat' dir='ltr'>infernalem.</span> <span class='ocrx_word' id='word_1_83' title='bbox 955 1148 1050 1211; x_wconf 85' lang='lat' dir='ltr'>Ad</span> <span class='ocrx_word' id='word_1_84' title='bbox 1081 1150 1252 1231; x_wconf 89' lang='lat' dir='ltr'>quod</span> <span class='ocrx_word' id='word_1_85' title='bbox 1283 1148 1648 1223; x_wconf 90' lang='lat' dir='ltr'>dicendum,</span> <span class='ocrx_word' id='word_1_86' title='bbox 1679 1143 1849 1227; x_wconf 89' lang='lat' dir='ltr'>quod</span> <span class='ocrx_word' id='word_1_87' title='bbox 1959 1152 2284 1211; x_wconf 78' lang='lat' dir='ltr'>descendit</span> <span class='ocrx_word' id='word_1_88' title='bbox 2323 1151 2492 1212; x_wconf 77' lang='lat' dir='ltr'>mihi</span> <span class='ocrx_word' id='word_1_89' title='bbox 2530 1152 2603 1211; x_wconf 81' lang='lat' dir='ltr'>in</span> <span class='ocrx_word' id='word_1_90' title='bbox 2640 1170 2970 1211; x_wconf 82' lang='lat' dir='ltr'>occursum</span> <span class='ocrx_word' id='word_1_91' title='bbox 3003 1170 3207 1230; x_wconf 80' lang='lat' dir='ltr'>quum</span> <span class='ocrx_word' id='word_1_92' title='bbox 3247 1160 3453 1210; x_wconf 63' lang='lat' dir='ltr'>tran&amp;</span> <span class='ocrx_word' id='word_1_93' title='bbox 3519 1166 3634 1211; x_wconf 66' lang='grc' dir='ltr'>ιιι-«ι.</span> <span class='ocrx_word' id='word_1_94' title='bbox 3658 1181 3743 1220; x_wconf 73' lang='lat' dir='ltr'>nx,</span> 
     </span>
     <span class='ocr_line' id='line_1_8' title="bbox 335 1232 3619 1331; baseline 0.001 -24"><span class='ocrx_word' id='word_1_95' title='bbox 335 1246 650 1311; x_wconf 77' lang='lat' dir='ltr'>infernus</span> <span class='ocrx_word' id='word_1_96' title='bbox 709 1258 983 1331; x_wconf 88' lang='lat' dir='ltr'>quatuor</span> <span class='ocrx_word' id='word_1_97' title='bbox 1032 1249 1238 1313; x_wconf 91' lang='lat' dir='ltr'>modis</span> <span class='ocrx_word' id='word_1_98' title='bbox 1299 1246 1632 1329; x_wconf 88' lang='lat' dir='ltr'>accipitur,</span> <span class='ocrx_word' id='word_1_99' title='bbox 1697 1254 1851 1327; x_wconf 82' lang='lat' dir='ltr'>puta</span> <span class='ocrx_word' id='word_1_100' title='bbox 1963 1250 2124 1309; x_wconf 81' lang='lat' dir='ltr'>irem</span> <span class='ocrx_word' id='word_1_101' title='bbox 2142 1252 2516 1321; x_wconf 82' lang='lat' dir='ltr'>Iordanem,</span> <span class='ocrx_word' id='word_1_102' title='bbox 2531 1259 2591 1311; x_wconf 78' lang='lat' dir='ltr'>ec</span> <span class='ocrx_word' id='word_1_103' title='bbox 2605 1251 2847 1328; x_wconf 83' lang='lat' dir='ltr'>juravi</span> <span class='ocrx_word' id='word_1_104' title='bbox 2864 1251 2927 1309; x_wconf 84' lang='lat' dir='ltr'>ei</span> <span class='ocrx_word' id='word_1_105' title='bbox 2936 1269 3057 1327; x_wconf 85' lang='lat' dir='ltr'>per</span> <span class='ocrx_word' id='word_1_106' title='bbox 3076 1251 3448 1317; x_wconf 76' lang='lat' dir='ltr'>Dominum,</span> <span class='ocrx_word' id='word_1_107' title='bbox 3484 1232 3619 1273; x_wconf 58' lang='lat'>¹⁶³³·</span> 
     </span>
     <span class='ocr_line' id='line_1_9' title="bbox 335 1348 3455 1432; baseline -0.001 -21"><span class='ocrx_word' id='word_1_108' title='bbox 335 1366 471 1429; x_wconf 70' lang='lat' dir='ltr'>pro</span> <span class='ocrx_word' id='word_1_109' title='bbox 529 1348 670 1412; x_wconf 83' lang='lat' dir='ltr'>loco</span> <span class='ocrx_word' id='word_1_110' title='bbox 725 1356 789 1412; x_wconf 87' lang='lat' dir='ltr'>et</span> <span class='ocrx_word' id='word_1_111' title='bbox 841 1348 1160 1432; x_wconf 86' lang='lat' dir='ltr'>supplicio</span> <span class='ocrx_word' id='word_1_112' title='bbox 1207 1348 1676 1422; x_wconf 80' lang='lat' dir='ltr'>damnatorum,</span> <span class='ocrx_word' id='word_1_113' title='bbox 1732 1362 1848 1427; x_wconf 81' lang='lat' dir='ltr'>pro</span> <span class='ocrx_word' id='word_1_114' title='bbox 1962 1350 2180 1408; x_wconf 80' lang='lat' dir='ltr'>dicens</span> <span class='ocrx_word' id='word_1_115' title='bbox 2201 1368 2224 1407; x_wconf 91' lang='grc'>.·</span> <span class='ocrx_word' id='word_1_116' title='bbox 2246 1350 2396 1409; x_wconf 83' lang='lat' dir='ltr'>Non</span> <span class='ocrx_word' id='word_1_117' title='bbox 2429 1358 2485 1409; x_wconf 82' lang='lat' dir='ltr'>te</span> <span class='ocrx_word' id='word_1_118' title='bbox 2512 1350 2905 1427; x_wconf 76' lang='lat' dir='ltr'>interficiam</span> <span class='ocrx_word' id='word_1_119' title='bbox 2928 1351 3191 1426; x_wconf 71' lang='lat' dir='ltr'>yladio;</span> <span class='ocrx_word' id='word_1_120' title='bbox 3214 1358 3283 1409; x_wconf 78' lang='lat' dir='ltr'>tu</span> <span class='ocrx_word' id='word_1_121' title='bbox 3316 1350 3455 1409; x_wconf 82' lang='lat' dir='ltr'>noli</span> 
     </span>
    </p>
   </div>
   <div class='ocr_carea' id='block_1_3' title="bbox 338 1443 1848 1530">
    <p class='ocr_par' dir='ltr' id='par_1_6' title="bbox 338 1443 1848 1530">
     <span class='ocr_line' id='line_1_10' title="bbox 338 1443 1848 1530; baseline -0.003 -21"><span class='ocrx_word' id='word_1_122' title='bbox 338 1448 748 1529; x_wconf 82' lang='lat' dir='ltr'>purgatorie,</span> <span class='ocrx_word' id='word_1_123' title='bbox 773 1466 889 1530; x_wconf 91' lang='lat' dir='ltr'>pro</span> <span class='ocrx_word' id='word_1_124' title='bbox 921 1448 1122 1511; x_wconf 87' lang='lat' dir='ltr'>limbo</span> <span class='ocrx_word' id='word_1_125' title='bbox 1160 1456 1438 1530; x_wconf 89' lang='lat' dir='ltr'>patrum,</span> <span class='ocrx_word' id='word_1_126' title='bbox 1471 1454 1534 1508; x_wconf 91' lang='lat' dir='ltr'>et</span> <span class='ocrx_word' id='word_1_127' title='bbox 1565 1462 1682 1527; x_wconf 92' lang='lat' dir='ltr'>pro</span> <span class='ocrx_word' id='word_1_128' title='bbox 1712 1443 1848 1505; x_wconf 91' lang='lat' dir='ltr'>lim-</span> 
     </span>
    </p>
   </div>
   <div class='ocr_carea' id='block_1_4' title="bbox 339 1540 1855 1628">
    <p class='ocr_par' dir='ltr' id='par_1_7' title="bbox 339 1540 1855 1628">
     <span class='ocr_line' id='line_1_11' title="bbox 339 1540 1855 1628; baseline -0.004 -21"><span class='ocrx_word' id='word_1_129' title='bbox 339 1545 434 1607; x_wconf 88' lang='lat' dir='ltr'>bo</span> <span class='ocrx_word' id='word_1_130' title='bbox 483 1564 854 1628; x_wconf 89' lang='lat' dir='ltr'>puerorum.</span> <span class='ocrx_word' id='word_1_131' title='bbox 907 1546 1029 1609; x_wconf 89' lang='lat' dir='ltr'>Sed</span> <span class='ocrx_word' id='word_1_132' title='bbox 1085 1566 1199 1610; x_wconf 90' lang='lat' dir='ltr'>cur</span> <span class='ocrx_word' id='word_1_133' title='bbox 1249 1544 1444 1609; x_wconf 88' lang='lat' dir='ltr'>David</span> <span class='ocrx_word' id='word_1_134' title='bbox 1504 1540 1855 1627; x_wconf 84' lang='lat' dir='ltr'>personali-</span> 
     </span>
    </p>
   </div>
   <div class='ocr_carea' id='block_1_5' title="bbox 341 1640 1857 1825">
    <p class='ocr_par' dir='ltr' id='par_1_8' title="bbox 341 1640 1857 1825">
     <span class='ocr_line' id='line_1_12' title="bbox 341 1640 1852 1727; baseline -0.002 -23"><span class='ocrx_word' id='word_1_135' title='bbox 341 1652 448 1705; x_wconf 88' lang='lat' dir='ltr'>ter</span> <span class='ocrx_word' id='word_1_136' title='bbox 501 1662 634 1707; x_wconf 90' lang='lat' dir='ltr'>non</span> <span class='ocrx_word' id='word_1_137' title='bbox 681 1643 936 1725; x_wconf 87' lang='lat' dir='ltr'>punivit</span> <span class='ocrx_word' id='word_1_138' title='bbox 983 1644 1194 1727; x_wconf 89' lang='lat' dir='ltr'>ipsum</span> <span class='ocrx_word' id='word_1_139' title='bbox 1239 1644 1396 1708; x_wconf 86' lang='lat' dir='ltr'>Joab</span> <span class='ocrx_word' id='word_1_140' title='bbox 1443 1643 1564 1706; x_wconf 91' lang='lat' dir='ltr'>hoc</span> <span class='ocrx_word' id='word_1_141' title='bbox 1614 1640 1852 1703; x_wconf 70' lang='lat' dir='ltr'>modo?</span> 
     </span>
     <span class='ocr_line' id='line_1_13' title="bbox 342 1739 1857 1825; baseline -0.003 -21"><span class='ocrx_word' id='word_1_142' title='bbox 342 1742 1006 1825; x_wconf 86' lang='lat' dir='ltr'>Respondetur,quod</span> <span class='ocrx_word' id='word_1_143' title='bbox 1037 1761 1165 1808; x_wconf 89' lang='lat' dir='ltr'>non</span> <span class='ocrx_word' id='word_1_144' title='bbox 1198 1750 1446 1825; x_wconf 88' lang='lat' dir='ltr'>poterat</span> <span class='ocrx_word' id='word_1_145' title='bbox 1477 1739 1857 1805; x_wconf 89' lang='lat' dir='ltr'>convenien-</span> 
     </span>
    </p>
   </div>
   <div class='ocr_carea' id='block_1_6' title="bbox 1961 1448 3461 1828">
    <p class='ocr_par' dir='ltr' id='par_1_9' title="bbox 1961 1448 3461 1828">
     <span class='ocr_line' id='line_1_14' title="bbox 1961 1448 3453 1530; baseline 0.001 -21"><span class='ocrx_word' id='word_1_146' title='bbox 1961 1449 2105 1524; x_wconf 77' lang='lat' dir='ltr'>pati</span> <span class='ocrx_word' id='word_1_147' title='bbox 2121 1468 2269 1508; x_wconf 82' lang='lat' dir='ltr'>eum</span> <span class='ocrx_word' id='word_1_148' title='bbox 2296 1468 2422 1507; x_wconf 81' lang='lat' dir='ltr'>esse</span> <span class='ocrx_word' id='word_1_149' title='bbox 2452 1450 2823 1519; x_wconf 67' lang='lat' dir='ltr'>inno-mium,</span> <span class='ocrx_word' id='word_1_150' title='bbox 2845 1448 2907 1510; x_wconf 88' lang='lat' dir='ltr'>id</span> <span class='ocrx_word' id='word_1_151' title='bbox 2935 1455 3032 1511; x_wconf 80' lang='lat' dir='ltr'>cst</span> <span class='ocrx_word' id='word_1_152' title='bbox 3062 1448 3453 1530; x_wconf 89' lang='lat' dir='ltr'>impunitum</span> 
     </span>
     <span class='ocr_line' id='line_1_15' title="bbox 1967 1544 3458 1623; baseline 0.003 -16"><span class='ocrx_word' id='word_1_153' title='bbox 1967 1546 2032 1607; x_wconf 91' lang='lat' dir='ltr'>in</span> <span class='ocrx_word' id='word_1_154' title='bbox 2073 1545 2207 1611; x_wconf 88' lang='lat' dir='ltr'>vita</span> <span class='ocrx_word' id='word_1_155' title='bbox 2243 1546 2383 1623; x_wconf 88' lang='lat' dir='ltr'>hac,</span> <span class='ocrx_word' id='word_1_156' title='bbox 2422 1553 2491 1608; x_wconf 85' lang='lat' dir='ltr'>ut</span> <span class='ocrx_word' id='word_1_157' title='bbox 2536 1546 2601 1607; x_wconf 91' lang='lat' dir='ltr'>in</span> <span class='ocrx_word' id='word_1_158' title='bbox 2641 1544 2855 1609; x_wconf 82' lang='lat' dir='ltr'>futuro</span> <span class='ocrx_word' id='word_1_159' title='bbox 2901 1546 3181 1611; x_wconf 86' lang='lat' dir='ltr'>salvetur</span> <span class='ocrx_word' id='word_1_160' title='bbox 3218 1556 3329 1610; x_wconf 91' lang='lat' dir='ltr'>aut</span> <span class='ocrx_word' id='word_1_161' title='bbox 3368 1547 3458 1611; x_wconf 88' lang='lat' dir='ltr'>le-</span> 
     </span>
     <span class='ocr_line' id='line_1_16' title="bbox 1964 1644 3459 1723; baseline 0.002 -16"><span class='ocrx_word' id='word_1_162' title='bbox 1964 1645 2107 1708; x_wconf 91' lang='lat' dir='ltr'>vius</span> <span class='ocrx_word' id='word_1_163' title='bbox 2137 1644 2389 1707; x_wconf 89' lang='lat' dir='ltr'>habeat.</span> <span class='ocrx_word' id='word_1_164' title='bbox 2423 1648 2535 1707; x_wconf 81' lang='lat' dir='ltr'>Vir</span> <span class='ocrx_word' id='word_1_165' title='bbox 2562 1655 2779 1706; x_wconf 77' lang='lat' dir='ltr'>autem</span> <span class='ocrx_word' id='word_1_166' title='bbox 2807 1648 3061 1723; x_wconf 79' lang='lat' dir='ltr'>sapiens</span> <span class='ocrx_word' id='word_1_167' title='bbox 3089 1666 3173 1707; x_wconf 68' lang='lat' dir='ltr'>ea.</span> <span class='ocrx_word' id='word_1_168' title='bbox 3198 1645 3459 1720; x_wconf 81' lang='lat' dir='ltr'>Quando</span> 
     </span>
     <span class='ocr_line' id='line_1_17' title="bbox 1967 1743 3461 1828; baseline 0.001 -22"><span class='ocrx_word' id='word_1_169' title='bbox 1967 1744 2162 1807; x_wconf 91' lang='lat' dir='ltr'>David</span> <span class='ocrx_word' id='word_1_170' title='bbox 2224 1743 2358 1807; x_wconf 79' lang='lat' dir='ltr'>haec</span> <span class='ocrx_word' id='word_1_171' title='bbox 2413 1743 2624 1825; x_wconf 86' lang='lat' dir='ltr'>jussit,</span> <span class='ocrx_word' id='word_1_172' title='bbox 2681 1743 2977 1808; x_wconf 85' lang='lat' dir='ltr'>Salomon</span> <span class='ocrx_word' id='word_1_173' title='bbox 3036 1745 3243 1808; x_wconf 90' lang='lat' dir='ltr'>adhuc</span> <span class='ocrx_word' id='word_1_174' title='bbox 3302 1765 3461 1828; x_wconf 88' lang='lat' dir='ltr'>puer</span> 
     </span>
    </p>
   </div>
   <div class='ocr_carea' id='block_1_7' title="bbox 347 1836 3461 1923">
    <p class='ocr_par' dir='ltr' id='par_1_10' title="bbox 347 1836 3461 1923">
     <span class='ocr_line' id='line_1_18' title="bbox 347 1836 3461 1923; baseline 0.001 -21"><span class='ocrx_word' id='word_1_175' title='bbox 347 1849 450 1903; x_wconf 87' lang='lat' dir='ltr'>ter</span> <span class='ocrx_word' id='word_1_176' title='bbox 501 1840 626 1904; x_wconf 93' lang='lat' dir='ltr'>hoc</span> <span class='ocrx_word' id='word_1_177' title='bbox 675 1842 884 1905; x_wconf 75' lang='lat' dir='ltr'>facere</span> <span class='ocrx_word' id='word_1_178' title='bbox 925 1842 1064 1905; x_wconf 90' lang='lat' dir='ltr'>sine</span> <span class='ocrx_word' id='word_1_179' title='bbox 1108 1842 1333 1923; x_wconf 88' lang='lat' dir='ltr'>grandi</span> <span class='ocrx_word' id='word_1_180' title='bbox 1375 1836 1852 1905; x_wconf 85' lang='lat' dir='ltr'>communitatis</span> <span class='ocrx_word' id='word_1_181' title='bbox 1893 1838 1940 1900; x_wconf 90' lang='lat' dir='ltr'>B</span> <span class='ocrx_word' id='word_1_182' title='bbox 1969 1850 2138 1919; x_wconf 89' lang='lat' dir='ltr'>erat,</span> <span class='ocrx_word' id='word_1_183' title='bbox 2170 1850 2235 1905; x_wconf 90' lang='lat' dir='ltr'>et</span> <span class='ocrx_word' id='word_1_184' title='bbox 2281 1841 2498 1923; x_wconf 89' lang='lat' dir='ltr'>junior</span> <span class='ocrx_word' id='word_1_185' title='bbox 2545 1862 2617 1905; x_wconf 88' lang='lat' dir='ltr'>ac</span> <span class='ocrx_word' id='word_1_186' title='bbox 2666 1841 2972 1906; x_wconf 91' lang='lat' dir='ltr'>minimus</span> <span class='ocrx_word' id='word_1_187' title='bbox 3018 1842 3184 1907; x_wconf 89' lang='lat' dir='ltr'>inter</span> <span class='ocrx_word' id='word_1_188' title='bbox 3231 1842 3461 1907; x_wconf 84' lang='lat' dir='ltr'>fratres</span> 
     </span>
    </p>
   </div>
   <div class='ocr_carea' id='block_1_8' title="bbox 344 1936 1852 2122">
    <p class='ocr_par' dir='ltr' id='par_1_11' title="bbox 344 1936 1852 2122">
     <span class='ocr_line' id='line_1_19' title="bbox 345 1936 1852 2024; baseline -0.003 -22"><span class='ocrx_word' id='word_1_189' title='bbox 345 1939 858 2022; x_wconf 85' lang='lat' dir='ltr'>perturbatione,</span> <span class='ocrx_word' id='word_1_190' title='bbox 877 1941 944 2003; x_wconf 92' lang='lat' dir='ltr'>in</span> <span class='ocrx_word' id='word_1_191' title='bbox 975 1961 1104 2023; x_wconf 89' lang='lat' dir='ltr'>qua</span> <span class='ocrx_word' id='word_1_192' title='bbox 1119 1940 1275 2004; x_wconf 89' lang='lat' dir='ltr'>Joab</span> <span class='ocrx_word' id='word_1_193' title='bbox 1306 1948 1665 2024; x_wconf 84' lang='lat' dir='ltr'>praepotens</span> <span class='ocrx_word' id='word_1_194' title='bbox 1697 1936 1852 2011; x_wconf 83' lang='lat' dir='ltr'>fuit3</span> 
     </span>
     <span class='ocr_line' id='line_1_20' title="bbox 344 2036 1851 2122; baseline -0.003 -20"><span class='ocrx_word' id='word_1_195' title='bbox 344 2040 454 2102; x_wconf 85' lang='lat' dir='ltr'>vel</span> <span class='ocrx_word' id='word_1_196' title='bbox 509 2048 774 2122; x_wconf 87' lang='lat' dir='ltr'>propter</span> <span class='ocrx_word' id='word_1_197' title='bbox 819 2041 1022 2102; x_wconf 87' lang='lat' dir='ltr'>multa</span> <span class='ocrx_word' id='word_1_198' title='bbox 1071 2040 1276 2121; x_wconf 88' lang='lat' dir='ltr'>ipsius</span> <span class='ocrx_word' id='word_1_199' title='bbox 1317 2039 1470 2102; x_wconf 85' lang='lat' dir='ltr'>Joab</span> <span class='ocrx_word' id='word_1_200' title='bbox 1517 2036 1851 2119; x_wconf 86' lang='lat' dir='ltr'>obsequia,</span> 
     </span>
    </p>
   </div>
   <div class='ocr_carea' id='block_1_9' title="bbox 343 2136 1860 2221">
    <p class='ocr_par' dir='ltr' id='par_1_12' title="bbox 343 2136 1860 2221">
     <span class='ocr_line' id='line_1_21' title="bbox 343 2136 1860 2221; baseline -0.002 -22"><span class='ocrx_word' id='word_1_201' title='bbox 343 2156 504 2219; x_wconf 80' lang='lat' dir='ltr'>quae</span> <span class='ocrx_word' id='word_1_202' title='bbox 554 2138 690 2219; x_wconf 82' lang='lat' dir='ltr'>regi</span> <span class='ocrx_word' id='word_1_203' title='bbox 741 2138 1076 2221; x_wconf 81' lang='lat' dir='ltr'>impendit,</span> <span class='ocrx_word' id='word_1_204' title='bbox 1129 2138 1418 2221; x_wconf 90' lang='lat' dir='ltr'>pepercit</span> <span class='ocrx_word' id='word_1_205' title='bbox 1467 2136 1526 2201; x_wconf 90' lang='lat' dir='ltr'>ei</span> <span class='ocrx_word' id='word_1_206' title='bbox 1577 2137 1656 2200; x_wconf 98' lang='lat' dir='ltr'>ad</span> <span class='ocrx_word' id='word_1_207' title='bbox 1707 2144 1860 2198; x_wconf 89' lang='lat' dir='ltr'>tem-</span> 
     </span>
    </p>
   </div>
   <div class='ocr_carea' id='block_1_10' title="bbox 345 2235 1862 2709">
    <p class='ocr_par' dir='ltr' id='par_1_13' title="bbox 345 2235 1862 2709">
     <span class='ocr_line' id='line_1_22' title="bbox 345 2235 1858 2318; baseline -0.001 -21"><span class='ocrx_word' id='word_1_208' title='bbox 345 2255 518 2318; x_wconf 84' lang='lat' dir='ltr'>pus3</span> <span class='ocrx_word' id='word_1_209' title='bbox 553 2237 654 2299; x_wconf 89' lang='lat' dir='ltr'>vel</span> <span class='ocrx_word' id='word_1_210' title='bbox 687 2256 762 2300; x_wconf 87' lang='lat' dir='ltr'>ex</span> <span class='ocrx_word' id='word_1_211' title='bbox 791 2237 1046 2300; x_wconf 91' lang='lat' dir='ltr'>occulto</span> <span class='ocrx_word' id='word_1_212' title='bbox 1075 2237 1184 2300; x_wconf 89' lang='lat' dir='ltr'>Dei</span> <span class='ocrx_word' id='word_1_213' title='bbox 1219 2236 1549 2311; x_wconf 89' lang='lat' dir='ltr'>instinctu,</span> <span class='ocrx_word' id='word_1_214' title='bbox 1588 2235 1667 2298; x_wconf 91' lang='lat' dir='ltr'>ad</span> <span class='ocrx_word' id='word_1_215' title='bbox 1699 2253 1858 2317; x_wconf 82' lang='lat' dir='ltr'>prae-</span> 
     </span>
     <span class='ocr_line' id='line_1_23' title="bbox 349 2332 1858 2418; baseline -0.001 -23"><span class='ocrx_word' id='word_1_216' title='bbox 349 2334 776 2415; x_wconf 75' lang='lat' dir='ltr'>figurandum</span> <span class='ocrx_word' id='word_1_217' title='bbox 808 2355 1112 2417; x_wconf 83' lang='lat' dir='ltr'>magnum</span> <span class='ocrx_word' id='word_1_218' title='bbox 1145 2335 1518 2418; x_wconf 74' lang='lat' dir='ltr'>mysterium</span> <span class='ocrx_word' id='word_1_219' title='bbox 1541 2335 1608 2396; x_wconf 90' lang='lat' dir='ltr'>in</span> <span class='ocrx_word' id='word_1_220' title='bbox 1631 2332 1858 2396; x_wconf 91' lang='lat' dir='ltr'>ultima</span> 
     </span>
     <span class='ocr_line' id='line_1_24' title="bbox 351 2432 1861 2517; baseline -0.001 -22"><span class='ocrx_word' id='word_1_221' title='bbox 351 2434 590 2497; x_wconf 85' lang='lat' dir='ltr'>mundi</span> <span class='ocrx_word' id='word_1_222' title='bbox 611 2442 794 2497; x_wconf 79' lang='lat' dir='ltr'>aetate</span> <span class='ocrx_word' id='word_1_223' title='bbox 824 2444 887 2498; x_wconf 91' lang='lat' dir='ltr'>et</span> <span class='ocrx_word' id='word_1_224' title='bbox 921 2443 1202 2517; x_wconf 88' lang='lat' dir='ltr'>tempore</span> <span class='ocrx_word' id='word_1_225' title='bbox 1224 2433 1690 2498; x_wconf 76' lang='lat' dir='ltr'>lucarnationis</span> <span class='ocrx_word' id='word_1_226' title='bbox 1709 2432 1861 2494; x_wconf 87' lang='lat' dir='ltr'>Nam</span> 
     </span>
     <span class='ocr_line' id='line_1_25' title="bbox 354 2530 1860 2616; baseline -0.001 -22"><span class='ocrx_word' id='word_1_227' title='bbox 354 2532 566 2596; x_wconf 83' lang='lat' dir='ltr'>David</span> <span class='ocrx_word' id='word_1_228' title='bbox 598 2532 665 2595; x_wconf 89' lang='lat' dir='ltr'>in</span> <span class='ocrx_word' id='word_1_229' title='bbox 697 2533 815 2597; x_wconf 90' lang='lat' dir='ltr'>hac</span> <span class='ocrx_word' id='word_1_230' title='bbox 849 2553 915 2597; x_wconf 89' lang='lat' dir='ltr'>re</span> <span class='ocrx_word' id='word_1_231' title='bbox 942 2534 1106 2614; x_wconf 83' lang='lat' dir='ltr'>gerit</span> <span class='ocrx_word' id='word_1_232' title='bbox 1137 2552 1475 2616; x_wconf 87' lang='lat' dir='ltr'>personam</span> <span class='ocrx_word' id='word_1_233' title='bbox 1499 2530 1860 2607; x_wconf 83' lang='lat' dir='ltr'>Dei-Patris3</span> 
     </span>
     <span class='ocr_line' id='line_1_26' title="bbox 359 2630 1862 2709; baseline -0.002 -15"><span class='ocrx_word' id='word_1_234' title='bbox 359 2631 693 2709; x_wconf 86' lang='lat' dir='ltr'>Salomon,</span> <span class='ocrx_word' id='word_1_235' title='bbox 725 2632 960 2696; x_wconf 86' lang='lat' dir='ltr'>Christi</span> <span class='ocrx_word' id='word_1_236' title='bbox 989 2631 1134 2695; x_wconf 92' lang='lat' dir='ltr'>Filii</span> <span class='ocrx_word' id='word_1_237' title='bbox 1174 2632 1373 2695; x_wconf 89' lang='lat' dir='ltr'>Patris</span> <span class='ocrx_word' id='word_1_238' title='bbox 1405 2632 1647 2695; x_wconf 82' lang='lat' dir='ltr'>aeterni.</span> <span class='ocrx_word' id='word_1_239' title='bbox 1682 2630 1862 2693; x_wconf 88' lang='lat' dir='ltr'>Pater</span> 
     </span>
    </p>
   </div>
   <div class='ocr_carea' id='block_1_11' title="bbox 219 2729 1866 2813">
    <p class='ocr_par' dir='ltr' id='par_1_14' title="bbox 219 2729 1866 2813">
     <span class='ocr_line' id='line_1_27' title="bbox 219 2729 1866 2813; baseline 0.001 -24"><span class='ocrx_word' id='word_1_240' title='bbox 219 2762 262 2790; x_wconf 66' lang='lat' dir='ltr'>a.</span> <span class='ocrx_word' id='word_1_241' title='bbox 285 2762 328 2797; x_wconf 70' lang='lat' dir='ltr'>v.</span> <span class='ocrx_word' id='word_1_242' title='bbox 361 2739 586 2795; x_wconf 81' lang='lat' dir='ltr'>autem</span> <span class='ocrx_word' id='word_1_243' title='bbox 627 2748 818 2794; x_wconf 91' lang='lat' dir='ltr'>omne</span> <span class='ocrx_word' id='word_1_244' title='bbox 852 2731 1168 2813; x_wconf 87' lang='lat' dir='ltr'>judicium</span> <span class='ocrx_word' id='word_1_245' title='bbox 1208 2731 1383 2795; x_wconf 90' lang='lat' dir='ltr'>dedit</span> <span class='ocrx_word' id='word_1_246' title='bbox 1413 2730 1574 2793; x_wconf 85' lang='lat' dir='ltr'>Filio</span> <span class='ocrx_word' id='word_1_247' title='bbox 1609 2748 1623 2793; x_wconf 88' lang='lat'>:</span> <span class='ocrx_word' id='word_1_248' title='bbox 1657 2729 1724 2791; x_wconf 89' lang='lat' dir='ltr'>in</span> <span class='ocrx_word' id='word_1_249' title='bbox 1755 2747 1866 2792; x_wconf 92' lang='lat' dir='ltr'>cu-</span> 
     </span>
    </p>
   </div>
   <div class='ocr_carea' id='block_1_12' title="bbox 357 2828 1865 3010">
    <p class='ocr_par' dir='ltr' id='par_1_15' title="bbox 357 2828 1865 3010">
     <span class='ocr_line' id='line_1_28' title="bbox 357 2828 1865 2911; baseline 0 -21"><span class='ocrx_word' id='word_1_250' title='bbox 357 2828 470 2910; x_wconf 87' lang='lat' dir='ltr'>jus</span> <span class='ocrx_word' id='word_1_251' title='bbox 506 2830 598 2893; x_wconf 89' lang='lat' dir='ltr'>rei</span> <span class='ocrx_word' id='word_1_252' title='bbox 631 2829 840 2911; x_wconf 84' lang='lat' dir='ltr'>figura</span> <span class='ocrx_word' id='word_1_253' title='bbox 870 2830 1068 2893; x_wconf 86' lang='lat' dir='ltr'>David</span> <span class='ocrx_word' id='word_1_254' title='bbox 1109 2849 1216 2893; x_wconf 85' lang='lat' dir='ltr'>rex</span> <span class='ocrx_word' id='word_1_255' title='bbox 1258 2830 1324 2892; x_wconf 91' lang='lat' dir='ltr'>in</span> <span class='ocrx_word' id='word_1_256' title='bbox 1363 2829 1664 2893; x_wconf 85' lang='lat' dir='ltr'>extremis</span> <span class='ocrx_word' id='word_1_257' title='bbox 1693 2845 1865 2891; x_wconf 89' lang='lat' dir='ltr'>com-</span> 
     </span>
     <span class='ocr_line' id='line_1_29' title="bbox 360 2927 1864 3010; baseline -0.003 -19"><span class='ocrx_word' id='word_1_258' title='bbox 360 2928 548 2991; x_wconf 85' lang='lat' dir='ltr'>misit</span> <span class='ocrx_word' id='word_1_259' title='bbox 606 2927 749 2991; x_wconf 85' lang='lat' dir='ltr'>filio</span> <span class='ocrx_word' id='word_1_260' title='bbox 807 2947 924 2991; x_wconf 92' lang='lat' dir='ltr'>suo</span> <span class='ocrx_word' id='word_1_261' title='bbox 975 2928 1296 2992; x_wconf 87' lang='lat' dir='ltr'>Salomoni</span> <span class='ocrx_word' id='word_1_262' title='bbox 1342 2928 1680 3010; x_wconf 89' lang='lat' dir='ltr'>judicium,</span> <span class='ocrx_word' id='word_1_263' title='bbox 1735 2934 1864 2989; x_wconf 88' lang='lat' dir='ltr'>tam</span> 
     </span>
    </p>
   </div>
   <div class='ocr_carea' id='block_1_13' title="bbox 1969 1940 3464 2615">
    <p class='ocr_par' dir='ltr' id='par_1_16' title="bbox 1969 1940 3464 2615">
     <span class='ocr_line' id='line_1_30' title="bbox 1969 1940 3454 2018; baseline 0.001 -15"><span class='ocrx_word' id='word_1_264' title='bbox 1969 1941 2322 2004; x_wconf 89' lang='lat' dir='ltr'>suos.Unde</span> <span class='ocrx_word' id='word_1_265' title='bbox 2352 1941 2419 2001; x_wconf 92' lang='lat' dir='ltr'>in</span> <span class='ocrx_word' id='word_1_266' title='bbox 2442 1940 2829 2005; x_wconf 86' lang='lat' dir='ltr'>Scholastica</span> <span class='ocrx_word' id='word_1_267' title='bbox 2852 1941 3119 2006; x_wconf 86' lang='lat' dir='ltr'>historia</span> <span class='ocrx_word' id='word_1_268' title='bbox 3140 1942 3454 2018; x_wconf 87' lang='lat' dir='ltr'>recitatur,</span> 
     </span>
     <span class='ocr_line' id='line_1_31' title="bbox 1969 2039 3463 2123; baseline 0.001 -20"><span class='ocrx_word' id='word_1_269' title='bbox 1969 2042 2140 2123; x_wconf 92' lang='lat' dir='ltr'>quod</span> <span class='ocrx_word' id='word_1_270' title='bbox 2168 2040 2367 2103; x_wconf 88' lang='lat' dir='ltr'>David</span> <span class='ocrx_word' id='word_1_271' title='bbox 2398 2039 2572 2104; x_wconf 85' lang='lat' dir='ltr'>filios</span> <span class='ocrx_word' id='word_1_272' title='bbox 2602 2060 2750 2103; x_wconf 90' lang='lat' dir='ltr'>suos</span> <span class='ocrx_word' id='word_1_273' title='bbox 2782 2041 3047 2122; x_wconf 81' lang='lat' dir='ltr'>rogavit,</span> <span class='ocrx_word' id='word_1_274' title='bbox 3076 2060 3160 2105; x_wconf 90' lang='lat' dir='ltr'>ne</span> <span class='ocrx_word' id='word_1_275' title='bbox 3183 2041 3463 2123; x_wconf 82' lang='lat' dir='ltr'>graviter</span> 
     </span>
     <span class='ocr_line' id='line_1_32' title="bbox 1973 2139 3457 2217; baseline 0.001 -15"><span class='ocrx_word' id='word_1_276' title='bbox 1973 2140 2213 2203; x_wconf 80' lang='lat' dir='ltr'>ferrent</span> <span class='ocrx_word' id='word_1_277' title='bbox 2261 2139 2599 2202; x_wconf 91' lang='lat' dir='ltr'>minimum</span> <span class='ocrx_word' id='word_1_278' title='bbox 2649 2140 2815 2203; x_wconf 90' lang='lat' dir='ltr'>inter</span> <span class='ocrx_word' id='word_1_279' title='bbox 2860 2159 2969 2204; x_wconf 89' lang='lat' dir='ltr'>eos</span> <span class='ocrx_word' id='word_1_280' title='bbox 3020 2139 3457 2217; x_wconf 88' lang='lat' dir='ltr'>sublimatum,</span> 
     </span>
     <span class='ocr_line' id='line_1_33' title="bbox 1971 2236 3464 2321; baseline 0.002 -22"><span class='ocrx_word' id='word_1_281' title='bbox 1971 2236 2277 2318; x_wconf 89' lang='lat' dir='ltr'>quoniam</span> <span class='ocrx_word' id='word_1_282' title='bbox 2308 2236 2473 2300; x_wconf 88' lang='lat' dir='ltr'>Deus</span> <span class='ocrx_word' id='word_1_283' title='bbox 2504 2237 2593 2299; x_wconf 91' lang='lat' dir='ltr'>ita</span> <span class='ocrx_word' id='word_1_284' title='bbox 2632 2237 2978 2313; x_wconf 87' lang='lat' dir='ltr'>mandavit,</span> <span class='ocrx_word' id='word_1_285' title='bbox 3015 2238 3181 2301; x_wconf 91' lang='lat' dir='ltr'>sicut</span> <span class='ocrx_word' id='word_1_286' title='bbox 3218 2246 3281 2301; x_wconf 85' lang='lat' dir='ltr'>et</span> <span class='ocrx_word' id='word_1_287' title='bbox 3324 2238 3464 2321; x_wconf 91' lang='lat' dir='ltr'>ipse</span> 
     </span>
     <span class='ocr_line' id='line_1_34' title="bbox 1974 2333 3459 2401; baseline 0.001 -4"><span class='ocrx_word' id='word_1_288' title='bbox 1974 2335 2279 2398; x_wconf 90' lang='lat' dir='ltr'>minimus</span> <span class='ocrx_word' id='word_1_289' title='bbox 2311 2335 2478 2399; x_wconf 89' lang='lat' dir='ltr'>inter</span> <span class='ocrx_word' id='word_1_290' title='bbox 2509 2333 2734 2399; x_wconf 87' lang='lat' dir='ltr'>fratres</span> <span class='ocrx_word' id='word_1_291' title='bbox 2775 2354 2921 2400; x_wconf 93' lang='lat' dir='ltr'>suos</span> <span class='ocrx_word' id='word_1_292' title='bbox 2964 2335 3171 2400; x_wconf 83' lang='lat' dir='ltr'>fuerat</span> <span class='ocrx_word' id='word_1_293' title='bbox 3208 2346 3459 2401; x_wconf 79' lang='lat' dir='ltr'>unctuS.</span> 
     </span>
     <span class='ocr_line' id='line_1_35' title="bbox 1975 2432 3463 2517; baseline 0.002 -22"><span class='ocrx_word' id='word_1_294' title='bbox 1975 2433 2260 2517; x_wconf 87' lang='lat' dir='ltr'>Denique</span> <span class='ocrx_word' id='word_1_295' title='bbox 2306 2432 2513 2515; x_wconf 88' lang='lat' dir='ltr'>primo</span> <span class='ocrx_word' id='word_1_296' title='bbox 2557 2433 3081 2517; x_wconf 86' lang='lat' dir='ltr'>Paralipomenon</span> <span class='ocrx_word' id='word_1_297' title='bbox 3134 2435 3327 2499; x_wconf 90' lang='lat' dir='ltr'>David</span> <span class='ocrx_word' id='word_1_298' title='bbox 3373 2435 3463 2498; x_wconf 89' lang='lat' dir='ltr'>ait</span> 
     </span>
     <span class='ocr_line' id='line_1_36' title="bbox 1976 2531 3459 2615; baseline 0 -19"><span class='ocrx_word' id='word_1_299' title='bbox 1976 2534 2053 2596; x_wconf 89' lang='lat' dir='ltr'>ad</span> <span class='ocrx_word' id='word_1_300' title='bbox 2100 2532 2408 2615; x_wconf 91' lang='lat' dir='ltr'>populum</span> <span class='ocrx_word' id='word_1_301' title='bbox 2460 2551 2473 2594; x_wconf 91' lang='lat'>:</span> <span class='ocrx_word' id='word_1_302' title='bbox 2520 2531 2749 2595; x_wconf 84' lang='lat' dir='ltr'>Filium</span> <span class='ocrx_word' id='word_1_303' title='bbox 2798 2553 3009 2597; x_wconf 89' lang='lat' dir='ltr'>meum</span> <span class='ocrx_word' id='word_1_304' title='bbox 3062 2534 3459 2598; x_wconf 88' lang='lat' dir='ltr'>Salomonem</span> 
     </span>
    </p>
   </div>
   <div class='ocr_carea' id='block_1_14' title="bbox 1977 2631 3531 2713">
    <p class='ocr_par' dir='ltr' id='par_1_17' title="bbox 1977 2631 3531 2713">
     <span class='ocr_line' id='line_1_37' title="bbox 1977 2631 3531 2713; baseline 0.001 -19"><span class='ocrx_word' id='word_1_305' title='bbox 1977 2631 2169 2713; x_wconf 83' lang='lat' dir='ltr'>elegit</span> <span class='ocrx_word' id='word_1_306' title='bbox 2222 2632 2385 2694; x_wconf 84' lang='lat' dir='ltr'>Deus</span> <span class='ocrx_word' id='word_1_307' title='bbox 2442 2631 2651 2694; x_wconf 88' lang='lat' dir='ltr'>adhuc</span> <span class='ocrx_word' id='word_1_308' title='bbox 2696 2650 2963 2713; x_wconf 91' lang='lat' dir='ltr'>puerum</span> <span class='ocrx_word' id='word_1_309' title='bbox 3014 2641 3077 2696; x_wconf 85' lang='lat' dir='ltr'>et</span> <span class='ocrx_word' id='word_1_310' title='bbox 3128 2632 3457 2697; x_wconf 90' lang='lat' dir='ltr'>tenellum.</span> <span class='ocrx_word' id='word_1_311' title='bbox 3520 2646 3531 2658; x_wconf 89' lang='lat'>·</span> 
     </span>
    </p>
   </div>
   <div class='ocr_carea' id='block_1_15' title="bbox 1975 2730 3469 3011">
    <p class='ocr_par' dir='ltr' id='par_1_18' title="bbox 1975 2730 3469 3011">
     <span class='ocr_line' id='line_1_38' title="bbox 1975 2730 3463 2813; baseline 0.002 -20"><span class='ocrx_word' id='word_1_312' title='bbox 1975 2730 2258 2805; x_wconf 87' lang='lat' dir='ltr'>Qualiter</span> <span class='ocrx_word' id='word_1_313' title='bbox 2304 2737 2516 2793; x_wconf 90' lang='lat' dir='ltr'>autem</span> <span class='ocrx_word' id='word_1_314' title='bbox 2559 2730 2755 2795; x_wconf 83' lang='lat' dir='ltr'>David</span> <span class='ocrx_word' id='word_1_315' title='bbox 2795 2731 2926 2813; x_wconf 87' lang='lat' dir='ltr'>jam</span> <span class='ocrx_word' id='word_1_316' title='bbox 2964 2731 3125 2795; x_wconf 86' lang='lat' dir='ltr'>dixit</span> <span class='ocrx_word' id='word_1_317' title='bbox 3161 2732 3241 2794; x_wconf 90' lang='lat' dir='ltr'>ad</span> <span class='ocrx_word' id='word_1_318' title='bbox 3287 2732 3463 2796; x_wconf 86' lang='lat' dir='ltr'>Salo-</span> 
     </span>
     <span class='ocr_line' id='line_1_39' title="bbox 1977 2828 3463 2911; baseline 0.001 -19"><span class='ocrx_word' id='word_1_319' title='bbox 1977 2848 2254 2906; x_wconf 90' lang='lat' dir='ltr'>monem,</span> <span class='ocrx_word' id='word_1_320' title='bbox 2303 2829 2415 2893; x_wconf 85' lang='lat' dir='ltr'>Vir</span> <span class='ocrx_word' id='word_1_321' title='bbox 2464 2828 2719 2911; x_wconf 90' lang='lat' dir='ltr'>sapiens</span> <span class='ocrx_word' id='word_1_322' title='bbox 2768 2833 2879 2893; x_wconf 67' lang='lat' dir='ltr'>es?</span> <span class='ocrx_word' id='word_1_323' title='bbox 2928 2830 3060 2893; x_wconf 89' lang='lat' dir='ltr'>lmo</span> <span class='ocrx_word' id='word_1_324' title='bbox 3108 2832 3463 2894; x_wconf 89' lang='lat' dir='ltr'>secundum</span> 
     </span>
     <span class='ocr_line' id='line_1_40' title="bbox 1975 2928 3469 3011; baseline 0.001 -22"><span class='ocrx_word' id='word_1_325' title='bbox 1975 2928 2344 3011; x_wconf 88' lang='lat' dir='ltr'>Josephum,</span> <span class='ocrx_word' id='word_1_326' title='bbox 2363 2928 2651 3010; x_wconf 87' lang='lat' dir='ltr'>aliosque</span> <span class='ocrx_word' id='word_1_327' title='bbox 2679 2928 2995 3007; x_wconf 78' lang='lat' dir='ltr'>HebraeOS,</span> <span class='ocrx_word' id='word_1_328' title='bbox 3020 2939 3083 2994; x_wconf 91' lang='lat' dir='ltr'>et</span> <span class='ocrx_word' id='word_1_329' title='bbox 3114 2939 3185 2992; x_wconf 91' lang='lat' dir='ltr'>ut</span> <span class='ocrx_word' id='word_1_330' title='bbox 3216 2930 3469 2993; x_wconf 84' lang='lat' dir='ltr'>videtur</span> 
     </span>
    </p>
   </div>
   <div class='ocr_carea' id='block_1_16' title="bbox 359 3022 3471 3110">
    <p class='ocr_par' dir='ltr' id='par_1_19' title="bbox 359 3022 3471 3110">
     <span class='ocr_line' id='line_1_41' title="bbox 359 3022 3471 3110; baseline 0.001 -21"><span class='ocrx_word' id='word_1_331' title='bbox 359 3028 542 3089; x_wconf 89' lang='lat' dir='ltr'>circa</span> <span class='ocrx_word' id='word_1_332' title='bbox 581 3044 721 3089; x_wconf 88' lang='lat' dir='ltr'>reos</span> <span class='ocrx_word' id='word_1_333' title='bbox 761 3045 952 3109; x_wconf 90' lang='lat' dir='ltr'>quam</span> <span class='ocrx_word' id='word_1_334' title='bbox 993 3028 1164 3090; x_wconf 89' lang='lat' dir='ltr'>circa</span> <span class='ocrx_word' id='word_1_335' title='bbox 1207 3026 1558 3103; x_wconf 78' lang='lat' dir='ltr'>beneficOS,</span> <span class='ocrx_word' id='word_1_336' title='bbox 1602 3026 1682 3089; x_wconf 91' lang='lat' dir='ltr'>de</span> <span class='ocrx_word' id='word_1_337' title='bbox 1725 3023 1866 3108; x_wconf 90' lang='lat' dir='ltr'>qui·</span> <span class='ocrx_word' id='word_1_338' title='bbox 1893 3022 1938 3085; x_wconf 91' lang='lat' dir='ltr'>C</span> <span class='ocrx_word' id='word_1_339' title='bbox 1977 3027 2215 3091; x_wconf 88' lang='lat' dir='ltr'>sentire</span> <span class='ocrx_word' id='word_1_340' title='bbox 2244 3027 2683 3110; x_wconf 83' lang='lat' dir='ltr'>Hieronymus,</span> <span class='ocrx_word' id='word_1_341' title='bbox 2720 3046 2849 3091; x_wconf 90' lang='lat' dir='ltr'>non</span> <span class='ocrx_word' id='word_1_342' title='bbox 2878 3037 3013 3092; x_wconf 88' lang='lat' dir='ltr'>erat</span> <span class='ocrx_word' id='word_1_343' title='bbox 3043 3028 3211 3092; x_wconf 88' lang='lat' dir='ltr'>ultra</span> <span class='ocrx_word' id='word_1_344' title='bbox 3238 3029 3471 3092; x_wconf 89' lang='lat' dir='ltr'>duode-</span> 
     </span>
    </p>
   </div>
   <div class='ocr_carea' id='block_1_17' title="bbox 353 3126 1870 3700">
    <p class='ocr_par' dir='ltr' id='par_1_20' title="bbox 359 3126 976 3207">
     <span class='ocr_line' id='line_1_42' title="bbox 359 3126 976 3207; baseline 0.005 -19"><span class='ocrx_word' id='word_1_345' title='bbox 359 3127 490 3189; x_wconf 88' lang='lat' dir='ltr'>bus</span> <span class='ocrx_word' id='word_1_346' title='bbox 523 3126 976 3207; x_wconf 84' lang='lat' dir='ltr'>subjungitur:</span> 
     </span>
    </p>

    <p class='ocr_par' dir='ltr' id='par_1_21' title="bbox 353 3227 1870 3700">
     <span class='ocr_line' id='line_1_43' title="bbox 448 3227 1864 3303; baseline 0 -16"><span class='ocrx_word' id='word_1_347' title='bbox 448 3227 585 3287; x_wconf 85' lang='lat' dir='ltr'>Sed</span> <span class='ocrx_word' id='word_1_348' title='bbox 612 3235 674 3286; x_wconf 84' lang='lat' dir='ltr'>et</span> <span class='ocrx_word' id='word_1_349' title='bbox 700 3227 866 3303; x_wconf 76' lang='lat' dir='ltr'>filiis</span> <span class='ocrx_word' id='word_1_350' title='bbox 889 3227 1216 3287; x_wconf 70' lang='lat' dir='ltr'>Berzellai</span> <span class='ocrx_word' id='word_1_351' title='bbox 1241 3227 1610 3287; x_wconf 79' lang='lat' dir='ltr'>Galaaditis</span> <span class='ocrx_word' id='word_1_352' title='bbox 1641 3227 1864 3287; x_wconf 81' lang='lat' dir='ltr'>reddes</span> 
     </span>
     <span class='ocr_line' id='line_1_44' title="bbox 353 3323 1866 3407; baseline 0.001 -23"><span class='ocrx_word' id='word_1_353' title='bbox 353 3327 682 3402; x_wconf 69' lang='lat' dir='ltr'>qratiam,</span> <span class='ocrx_word' id='word_1_354' title='bbox 717 3323 781 3385; x_wconf 93' lang='lat' dir='ltr'>id</span> <span class='ocrx_word' id='word_1_355' title='bbox 812 3331 909 3387; x_wconf 89' lang='lat' dir='ltr'>est</span> <span class='ocrx_word' id='word_1_356' title='bbox 940 3323 1222 3387; x_wconf 80' lang='lat' dir='ltr'>favorem</span> <span class='ocrx_word' id='word_1_357' title='bbox 1261 3332 1327 3388; x_wconf 91' lang='lat' dir='ltr'>et</span> <span class='ocrx_word' id='word_1_358' title='bbox 1354 3323 1560 3388; x_wconf 90' lang='lat' dir='ltr'>vicem</span> <span class='ocrx_word' id='word_1_359' title='bbox 1602 3342 1719 3407; x_wconf 92' lang='lat' dir='ltr'>pro</span> <span class='ocrx_word' id='word_1_360' title='bbox 1757 3324 1866 3386; x_wconf 88' lang='lat' dir='ltr'>be-</span> 
     </span>
     <span class='ocr_line' id='line_1_45' title="bbox 365 3420 1866 3504; baseline -0.001 -18"><span class='ocrx_word' id='word_1_361' title='bbox 365 3420 646 3486; x_wconf 75' lang='lat' dir='ltr'>nefactis</span> <span class='ocrx_word' id='word_1_362' title='bbox 705 3441 949 3500; x_wconf 87' lang='lat' dir='ltr'>eorum,</span> <span class='ocrx_word' id='word_1_363' title='bbox 999 3433 1314 3504; x_wconf 80' lang='lat' dir='ltr'>eruntque</span> <span class='ocrx_word' id='word_1_364' title='bbox 1359 3427 1746 3484; x_wconf 76' lang='lat' dir='ltr'>comedentes</span> <span class='ocrx_word' id='word_1_365' title='bbox 1791 3425 1866 3484; x_wconf 78' lang='lat' dir='ltr'>in</span> 
     </span>
     <span class='ocr_line' id='line_1_46' title="bbox 367 3522 1868 3599; baseline 0 -15"><span class='ocrx_word' id='word_1_366' title='bbox 367 3545 597 3586; x_wconf 83' lang='lat' dir='ltr'>mensa</span> <span class='ocrx_word' id='word_1_367' title='bbox 627 3533 738 3584; x_wconf 77' lang='lat' dir='ltr'>tua</span> <span class='ocrx_word' id='word_1_368' title='bbox 771 3523 886 3585; x_wconf 89' lang='lat' dir='ltr'>:id</span> <span class='ocrx_word' id='word_1_369' title='bbox 927 3531 1043 3599; x_wconf 92' lang='lat' dir='ltr'>est,</span> <span class='ocrx_word' id='word_1_370' title='bbox 1081 3522 1225 3586; x_wconf 92' lang='lat' dir='ltr'>volo</span> <span class='ocrx_word' id='word_1_371' title='bbox 1269 3530 1333 3585; x_wconf 91' lang='lat' dir='ltr'>et</span> <span class='ocrx_word' id='word_1_372' title='bbox 1369 3523 1588 3586; x_wconf 89' lang='lat' dir='ltr'>hortor</span> <span class='ocrx_word' id='word_1_373' title='bbox 1629 3531 1700 3585; x_wconf 92' lang='lat' dir='ltr'>ut</span> <span class='ocrx_word' id='word_1_374' title='bbox 1738 3523 1868 3585; x_wconf 91' lang='lat' dir='ltr'>sint</span> 
     </span>
     <span class='ocr_line' id='line_1_47' title="bbox 364 3619 1870 3700; baseline -0.001 -14"><span class='ocrx_word' id='word_1_375' title='bbox 364 3621 838 3686; x_wconf 87' lang='lat' dir='ltr'>commensales</span> <span class='ocrx_word' id='word_1_376' title='bbox 867 3621 984 3698; x_wconf 91' lang='lat' dir='ltr'>tui,</span> <span class='ocrx_word' id='word_1_377' title='bbox 1019 3638 1132 3683; x_wconf 88' lang='lat' dir='ltr'>seu</span> <span class='ocrx_word' id='word_1_378' title='bbox 1164 3620 1355 3700; x_wconf 83' lang='lat' dir='ltr'>regiis</span> <span class='ocrx_word' id='word_1_379' title='bbox 1385 3619 1546 3684; x_wconf 91' lang='lat' dir='ltr'>cibis</span> <span class='ocrx_word' id='word_1_380' title='bbox 1579 3621 1870 3684; x_wconf 81' lang='lat' dir='ltr'>refician-</span> 
     </span>
    </p>
   </div>
   <div class='ocr_carea' id='block_1_18' title="bbox 117 3721 1871 3800">
    <p class='ocr_par' dir='ltr' id='par_1_22' title="bbox 117 3721 1871 3800">
     <span class='ocr_line' id='line_1_48' title="bbox 117 3721 1871 3800; baseline 0.002 -22"><span class='ocrx_word' id='word_1_381' title='bbox 117 3735 342 3780; x_wconf 65' lang='grc' dir='ltr'>ὀι-σωτε-</span> <span class='ocrx_word' id='word_1_382' title='bbox 367 3730 500 3783; x_wconf 87' lang='lat' dir='ltr'>tur.</span> <span class='ocrx_word' id='word_1_383' title='bbox 538 3721 1014 3785; x_wconf 80' lang='lat' dir='ltr'>occurrebant*</span> <span class='ocrx_word' id='word_1_384' title='bbox 1041 3721 1220 3780; x_wconf 83' lang='lat' dir='ltr'>enim</span> <span class='ocrx_word' id='word_1_385' title='bbox 1259 3722 1426 3780; x_wconf 73' lang='lat' dir='ltr'>mihi</span> <span class='ocrx_word' id='word_1_386' title='bbox 1469 3723 1728 3800; x_wconf 80' lang='lat' dir='ltr'>quando</span> <span class='ocrx_word' id='word_1_387' title='bbox 1761 3723 1871 3800; x_wconf 82' lang='lat' dir='ltr'>fu-</span> 
     </span>
    </p>
   </div>
   <div class='ocr_carea' id='block_1_19' title="bbox 99 3803 188 3839">
    <p class='ocr_par' dir='ltr' id='par_1_23' title="bbox 99 3803 188 3839">
     <span class='ocr_line' id='line_1_49' title="bbox 99 3803 188 3839; baseline 0.011 -1"><span class='ocrx_word' id='word_1_388' title='bbox 99 3803 188 3839; x_wconf 73' lang='lat' dir='ltr'>runt</span> 
     </span>
    </p>
   </div>
   <div class='ocr_carea' id='block_1_20' title="bbox 357 3817 1866 4000">
    <p class='ocr_par' dir='ltr' id='par_1_24' title="bbox 357 3817 1866 4000">
     <span class='ocr_line' id='line_1_50' title="bbox 357 3817 1862 3898; baseline 0.002 -19"><span class='ocrx_word' id='word_1_389' title='bbox 357 3821 627 3898; x_wconf 74' lang='lat' dir='ltr'>qiebam</span> <span class='ocrx_word' id='word_1_390' title='bbox 655 3840 696 3879; x_wconf 89' lang='lat' dir='ltr'><em>a</em></span> <span class='ocrx_word' id='word_1_391' title='bbox 725 3819 898 3896; x_wconf 78' lang='lat' dir='ltr'>facie</span> <span class='ocrx_word' id='word_1_392' title='bbox 925 3821 1206 3880; x_wconf 81' lang='lat' dir='ltr'>Absalon</span> <span class='ocrx_word' id='word_1_393' title='bbox 1227 3819 1464 3898; x_wconf 78' lang='lat' dir='ltr'>fratris</span> <span class='ocrx_word' id='word_1_394' title='bbox 1487 3820 1608 3879; x_wconf 75' lang='lat' dir='ltr'>tui.</span> <span class='ocrx_word' id='word_1_395' title='bbox 1633 3819 1720 3881; x_wconf 85' lang='lat' dir='ltr'>De</span> <span class='ocrx_word' id='word_1_396' title='bbox 1749 3817 1862 3882; x_wconf 86' lang='lat' dir='ltr'>illo</span> 
     </span>
     <span class='ocr_line' id='line_1_51' title="bbox 368 3916 1866 4000; baseline -0.002 -18"><span class='ocrx_word' id='word_1_397' title='bbox 368 3937 648 3982; x_wconf 86' lang='lat' dir='ltr'>occursu</span> <span class='ocrx_word' id='word_1_398' title='bbox 676 3925 826 3980; x_wconf 90' lang='lat' dir='ltr'>ante</span> <span class='ocrx_word' id='word_1_399' title='bbox 857 3916 1019 3979; x_wconf 90' lang='lat' dir='ltr'>nihil</span> <span class='ocrx_word' id='word_1_400' title='bbox 1050 3916 1360 3998; x_wconf 90' lang='lat' dir='ltr'>scriptum</span> <span class='ocrx_word' id='word_1_401' title='bbox 1397 3925 1514 3992; x_wconf 89' lang='lat' dir='ltr'>est,</span> <span class='ocrx_word' id='word_1_402' title='bbox 1549 3917 1662 3980; x_wconf 91' lang='lat' dir='ltr'>sed</span> <span class='ocrx_word' id='word_1_403' title='bbox 1693 3917 1866 4000; x_wconf 88' lang='lat' dir='ltr'>quod</span> 
     </span>
    </p>
   </div>
   <div class='ocr_carea' id='block_1_21' title="bbox 101 4014 1866 4134">
    <p class='ocr_par' dir='ltr' id='par_1_25' title="bbox 101 4014 1866 4134">
     <span class='ocr_line' id='line_1_52' title="bbox 101 4014 1866 4134; baseline 0.003 -62"><span class='ocrx_word' id='word_1_404' title='bbox 101 4027 332 4134; x_wconf 54' lang='lat'>¹2¹-⁸,},⁹‘¹&#39;&#39;&#39;&#39;</span> <span class='ocrx_word' id='word_1_405' title='bbox 367 4015 676 4080; x_wconf 89' lang='lat' dir='ltr'>Berzellai</span> <span class='ocrx_word' id='word_1_406' title='bbox 735 4015 1006 4098; x_wconf 82' lang='lat' dir='ltr'>praebuit</span> <span class='ocrx_word' id='word_1_407' title='bbox 1066 4014 1199 4095; x_wconf 86' lang='lat' dir='ltr'>regi</span> <span class='ocrx_word' id='word_1_408' title='bbox 1251 4014 1449 4079; x_wconf 89' lang='lat' dir='ltr'>David</span> <span class='ocrx_word' id='word_1_409' title='bbox 1510 4015 1866 4078; x_wconf 88' lang='lat' dir='ltr'>necessaria</span> 
     </span>
    </p>
   </div>
   <div class='ocr_carea' id='block_1_22' title="bbox 366 4113 1864 4195">
    <p class='ocr_par' dir='ltr' id='par_1_26' title="bbox 366 4113 1864 4195">
     <span class='ocr_line' id='line_1_53' title="bbox 366 4113 1864 4195; baseline -0.003 -16"><span class='ocrx_word' id='word_1_410' title='bbox 366 4116 798 4179; x_wconf 81' lang='lat' dir='ltr'>abundanter.</span> <span class='ocrx_word' id='word_1_411' title='bbox 819 4114 1053 4178; x_wconf 87' lang='lat' dir='ltr'>Verum</span> <span class='ocrx_word' id='word_1_412' title='bbox 1084 4134 1160 4177; x_wconf 86' lang='lat' dir='ltr'>ex</span> <span class='ocrx_word' id='word_1_413' title='bbox 1191 4114 1314 4177; x_wconf 91' lang='lat' dir='ltr'>isto</span> <span class='ocrx_word' id='word_1_414' title='bbox 1346 4114 1486 4178; x_wconf 91' lang='lat' dir='ltr'>loco</span> <span class='ocrx_word' id='word_1_415' title='bbox 1519 4113 1864 4195; x_wconf 83' lang='lat' dir='ltr'>colligitur,</span> 
     </span>
    </p>
   </div>
   <div class='ocr_carea' id='block_1_23' title="bbox 1975 3126 3473 4196">
    <p class='ocr_par' dir='ltr' id='par_1_27' title="bbox 1975 3126 3473 4196">
     <span class='ocr_line' id='line_1_54' title="bbox 1975 3126 3465 3193; baseline 0.001 -3"><span class='ocrx_word' id='word_1_416' title='bbox 1975 3126 2101 3190; x_wconf 91' lang='lat' dir='ltr'>cim</span> <span class='ocrx_word' id='word_1_417' title='bbox 2131 3145 2333 3191; x_wconf 91' lang='lat' dir='ltr'>annos</span> <span class='ocrx_word' id='word_1_418' title='bbox 2363 3134 2470 3189; x_wconf 90' lang='lat' dir='ltr'>aut</span> <span class='ocrx_word' id='word_1_419' title='bbox 2498 3126 2773 3190; x_wconf 85' lang='lat' dir='ltr'>circiter.</span> <span class='ocrx_word' id='word_1_420' title='bbox 2799 3128 3033 3192; x_wconf 88' lang='lat' dir='ltr'>Verum</span> <span class='ocrx_word' id='word_1_421' title='bbox 3061 3128 3141 3192; x_wconf 90' lang='lat' dir='ltr'>ad</span> <span class='ocrx_word' id='word_1_422' title='bbox 3174 3129 3309 3193; x_wconf 79' lang='lat' dir='ltr'>haec</span> <span class='ocrx_word' id='word_1_423' title='bbox 3342 3128 3465 3192; x_wconf 89' lang='lat' dir='ltr'>erit</span> 
     </span>
     <span class='ocr_line' id='line_1_55' title="bbox 1976 3225 3468 3310; baseline 0.003 -24"><span class='ocrx_word' id='word_1_424' title='bbox 1976 3225 2146 3288; x_wconf 80' lang='lat' dir='ltr'>infra</span> <span class='ocrx_word' id='word_1_425' title='bbox 2196 3225 2530 3308; x_wconf 87' lang='lat' dir='ltr'>inquisitio</span> <span class='ocrx_word' id='word_1_426' title='bbox 2580 3226 2805 3308; x_wconf 87' lang='lat' dir='ltr'>maj0r,</span> <span class='ocrx_word' id='word_1_427' title='bbox 2855 3227 3217 3310; x_wconf 87' lang='lat' dir='ltr'>solutioque</span> <span class='ocrx_word' id='word_1_428' title='bbox 3264 3227 3468 3291; x_wconf 81' lang='lat' dir='ltr'>dirru-</span> 
     </span>
     <span class='ocr_line' id='line_1_56' title="bbox 1976 3323 3467 3408; baseline 0.003 -23"><span class='ocrx_word' id='word_1_429' title='bbox 1976 3324 2126 3386; x_wconf 89' lang='lat' dir='ltr'>sior.</span> <span class='ocrx_word' id='word_1_430' title='bbox 2150 3323 2267 3398; x_wconf 88' lang='lat' dir='ltr'>Qui</span> <span class='ocrx_word' id='word_1_431' title='bbox 2298 3342 2448 3405; x_wconf 80' lang='lat' dir='ltr'>ergo</span> <span class='ocrx_word' id='word_1_432' title='bbox 2478 3325 2619 3387; x_wconf 92' lang='lat' dir='ltr'>vult</span> <span class='ocrx_word' id='word_1_433' title='bbox 2645 3333 2861 3389; x_wconf 88' lang='lat' dir='ltr'>tenere</span> <span class='ocrx_word' id='word_1_434' title='bbox 2892 3327 3064 3408; x_wconf 87' lang='lat' dir='ltr'>quod</span> <span class='ocrx_word' id='word_1_435' title='bbox 3092 3327 3303 3390; x_wconf 88' lang='lat' dir='ltr'>adhuc</span> <span class='ocrx_word' id='word_1_436' title='bbox 3333 3335 3467 3390; x_wconf 86' lang='lat' dir='ltr'>erat</span> 
     </span>
     <span class='ocr_line' id='line_1_57' title="bbox 1977 3422 3469 3506; baseline 0.003 -21"><span class='ocrx_word' id='word_1_437' title='bbox 1977 3430 2104 3485; x_wconf 91' lang='lat' dir='ltr'>tam</span> <span class='ocrx_word' id='word_1_438' title='bbox 2143 3422 2420 3504; x_wconf 77' lang='lat' dir='ltr'>juveniS‚</span> <span class='ocrx_word' id='word_1_439' title='bbox 2460 3423 2673 3487; x_wconf 89' lang='lat' dir='ltr'>dicere</span> <span class='ocrx_word' id='word_1_440' title='bbox 2712 3432 2919 3506; x_wconf 86' lang='lat' dir='ltr'>potest</span> <span class='ocrx_word' id='word_1_441' title='bbox 2954 3425 3124 3506; x_wconf 89' lang='lat' dir='ltr'>quod</span> <span class='ocrx_word' id='word_1_442' title='bbox 3166 3434 3319 3490; x_wconf 91' lang='lat' dir='ltr'>tunc</span> <span class='ocrx_word' id='word_1_443' title='bbox 3361 3445 3469 3489; x_wconf 91' lang='lat' dir='ltr'>vo—</span> 
     </span>
     <span class='ocr_line' id='line_1_58' title="bbox 1975 3521 3462 3605; baseline 0.002 -21"><span class='ocrx_word' id='word_1_444' title='bbox 1975 3529 2154 3584; x_wconf 89' lang='lat' dir='ltr'>catus</span> <span class='ocrx_word' id='word_1_445' title='bbox 2212 3530 2309 3584; x_wconf 90' lang='lat' dir='ltr'>est</span> <span class='ocrx_word' id='word_1_446' title='bbox 2358 3521 2477 3598; x_wconf 89' lang='lat' dir='ltr'>vir,</span> <span class='ocrx_word' id='word_1_447' title='bbox 2533 3539 2659 3584; x_wconf 91' lang='lat' dir='ltr'>non</span> <span class='ocrx_word' id='word_1_448' title='bbox 2718 3531 2979 3605; x_wconf 87' lang='lat' dir='ltr'>propter</span> <span class='ocrx_word' id='word_1_449' title='bbox 3024 3531 3296 3601; x_wconf 78' lang='lat' dir='ltr'>aetatem,</span> <span class='ocrx_word' id='word_1_450' title='bbox 3350 3526 3462 3587; x_wconf 90' lang='lat' dir='ltr'>sed</span> 
     </span>
     <span class='ocr_line' id='line_1_59' title="bbox 1978 3620 3464 3704; baseline 0.003 -24"><span class='ocrx_word' id='word_1_451' title='bbox 1978 3628 2235 3702; x_wconf 90' lang='lat' dir='ltr'>propter</span> <span class='ocrx_word' id='word_1_452' title='bbox 2285 3620 2687 3702; x_wconf 87' lang='lat' dir='ltr'>prudentiam</span> <span class='ocrx_word' id='word_1_453' title='bbox 2746 3640 2947 3698; x_wconf 88' lang='lat' dir='ltr'>suam,</span> <span class='ocrx_word' id='word_1_454' title='bbox 3000 3641 3146 3704; x_wconf 85' lang='lat' dir='ltr'>quae</span> <span class='ocrx_word' id='word_1_455' title='bbox 3195 3623 3464 3686; x_wconf 84' lang='lat' dir='ltr'>excessit</span> 
     </span>
     <span class='ocr_line' id='line_1_60' title="bbox 1977 3720 3462 3798; baseline 0.002 -17"><span class='ocrx_word' id='word_1_456' title='bbox 1977 3726 2247 3782; x_wconf 79' lang='lat' dir='ltr'>aetatem.</span> <span class='ocrx_word' id='word_1_457' title='bbox 2283 3721 2367 3781; x_wconf 77' lang='lat' dir='ltr'>Et</span> <span class='ocrx_word' id='word_1_458' title='bbox 2394 3720 2551 3779; x_wconf 79' lang='lat' dir='ltr'>scies</span> <span class='ocrx_word' id='word_1_459' title='bbox 2570 3721 2595 3744; x_wconf 84' lang='lat'><strong>*</strong></span> <span class='ocrx_word' id='word_1_460' title='bbox 2626 3741 2767 3798; x_wconf 81' lang='lat' dir='ltr'>quoe</span> <span class='ocrx_word' id='word_1_461' title='bbox 2793 3721 3003 3797; x_wconf 80' lang='lat' dir='ltr'>facias</span> <span class='ocrx_word' id='word_1_462' title='bbox 3034 3723 3117 3782; x_wconf 80' lang='lat' dir='ltr'>ei.</span> <span class='ocrx_word' id='word_1_463' title='bbox 3162 3721 3311 3784; x_wconf 85' lang='lat' dir='ltr'>Nam</span> <span class='ocrx_word' id='word_1_464' title='bbox 3356 3721 3462 3784; x_wconf 84' lang='lat' dir='ltr'>Sa-</span> 
     </span>
     <span class='ocr_line' id='line_1_61' title="bbox 1979 3817 3463 3900; baseline 0.001 -19"><span class='ocrx_word' id='word_1_465' title='bbox 1979 3818 2195 3881; x_wconf 90' lang='lat' dir='ltr'>lomon</span> <span class='ocrx_word' id='word_1_466' title='bbox 2224 3817 2499 3879; x_wconf 91' lang='lat' dir='ltr'>multum</span> <span class='ocrx_word' id='word_1_467' title='bbox 2527 3817 2872 3899; x_wconf 84' lang='lat' dir='ltr'>prudenter</span> <span class='ocrx_word' id='word_1_468' title='bbox 2902 3827 2967 3882; x_wconf 91' lang='lat' dir='ltr'>et</span> <span class='ocrx_word' id='word_1_469' title='bbox 3003 3818 3109 3900; x_wconf 89' lang='lat' dir='ltr'>pie</span> <span class='ocrx_word' id='word_1_470' title='bbox 3148 3819 3278 3900; x_wconf 80' lang='lat' dir='ltr'>egit</span> <span class='ocrx_word' id='word_1_471' title='bbox 3318 3840 3463 3884; x_wconf 90' lang='lat' dir='ltr'>cum</span> 
     </span>
     <span class='ocr_line' id='line_1_62' title="bbox 1981 3915 3464 3993; baseline 0.003 -15"><span class='ocrx_word' id='word_1_472' title='bbox 1981 3915 2210 3993; x_wconf 88' lang='lat' dir='ltr'>Semei,</span> <span class='ocrx_word' id='word_1_473' title='bbox 2244 3935 2389 3979; x_wconf 93' lang='lat' dir='ltr'>eum</span> <span class='ocrx_word' id='word_1_474' title='bbox 2438 3934 2566 3978; x_wconf 89' lang='lat' dir='ltr'>non</span> <span class='ocrx_word' id='word_1_475' title='bbox 2614 3917 2830 3979; x_wconf 86' lang='lat' dir='ltr'>statim</span> <span class='ocrx_word' id='word_1_476' title='bbox 2879 3917 3228 3984; x_wconf 89' lang='lat' dir='ltr'>occidendo</span> <span class='ocrx_word' id='word_1_477' title='bbox 3272 3935 3286 3980; x_wconf 74' lang='grc' dir='ltr'><em>τ</em></span> <span class='ocrx_word' id='word_1_478' title='bbox 3335 3919 3464 3982; x_wconf 87' lang='grc' dir='ltr'>ἰιιιο</span> 
     </span>
     <span class='ocr_line' id='line_1_63' title="bbox 1981 4012 3471 4100; baseline 0.003 -24"><span class='ocrx_word' id='word_1_479' title='bbox 1981 4013 2105 4076; x_wconf 90' lang='lat' dir='ltr'>nisi</span> <span class='ocrx_word' id='word_1_480' title='bbox 2135 4023 2565 4095; x_wconf 81' lang='lat' dir='ltr'>transgressus</span> <span class='ocrx_word' id='word_1_481' title='bbox 2594 4012 2821 4078; x_wconf 84' lang='lat' dir='ltr'>fuisset</span> <span class='ocrx_word' id='word_1_482' title='bbox 2848 4015 3203 4080; x_wconf 89' lang='lat' dir='ltr'>Salomonis</span> <span class='ocrx_word' id='word_1_483' title='bbox 3236 4036 3471 4100; x_wconf 83' lang='lat' dir='ltr'>praece-</span> 
     </span>
     <span class='ocr_line' id='line_1_64' title="bbox 1981 4111 3473 4196; baseline 0.001 -21"><span class='ocrx_word' id='word_1_484' title='bbox 1981 4121 2182 4196; x_wconf 91' lang='lat' dir='ltr'>ptum,</span> <span class='ocrx_word' id='word_1_485' title='bbox 2222 4132 2349 4177; x_wconf 91' lang='lat' dir='ltr'>non</span> <span class='ocrx_word' id='word_1_486' title='bbox 2382 4111 2607 4176; x_wconf 80' lang='lat' dir='ltr'>fuisset</span> <span class='ocrx_word' id='word_1_487' title='bbox 2636 4113 2717 4176; x_wconf 90' lang='lat' dir='ltr'>ab</span> <span class='ocrx_word' id='word_1_488' title='bbox 2749 4131 2824 4177; x_wconf 90' lang='lat' dir='ltr'>eo</span> <span class='ocrx_word' id='word_1_489' title='bbox 2854 4113 3125 4178; x_wconf 82' lang='lat' dir='ltr'>occisus,</span> <span class='ocrx_word' id='word_1_490' title='bbox 3166 4119 3473 4178; x_wconf 69' lang='lat' dir='ltr'>Deduc-es-</span> 
     </span>
    </p>
   </div>
   <div class='ocr_carea' id='block_1_24' title="bbox 366 4211 3471 4296">
    <p class='ocr_par' dir='ltr' id='par_1_28' title="bbox 366 4211 3471 4296">
     <span class='ocr_line' id='line_1_65' title="bbox 366 4211 3471 4296; baseline 0.001 -19"><span class='ocrx_word' id='word_1_491' title='bbox 366 4215 548 4296; x_wconf 90' lang='lat' dir='ltr'>quod</span> <span class='ocrx_word' id='word_1_492' title='bbox 595 4212 893 4278; x_wconf 85' lang='lat' dir='ltr'>Berzellai</span> <span class='ocrx_word' id='word_1_493' title='bbox 943 4212 1118 4274; x_wconf 88' lang='lat' dir='ltr'>misit</span> <span class='ocrx_word' id='word_1_494' title='bbox 1170 4211 1346 4276; x_wconf 81' lang='lat' dir='ltr'>filios</span> <span class='ocrx_word' id='word_1_495' title='bbox 1384 4231 1534 4275; x_wconf 91' lang='lat' dir='ltr'>suos</span> <span class='ocrx_word' id='word_1_496' title='bbox 1589 4212 1654 4275; x_wconf 90' lang='lat' dir='ltr'>in</span> <span class='ocrx_word' id='word_1_497' title='bbox 1701 4213 1868 4293; x_wconf 81' lang='lat' dir='ltr'>regis</span> <span class='ocrx_word' id='word_1_498' title='bbox 1905 4213 1952 4274; x_wconf 92' lang='lat' dir='ltr'>D</span> <span class='ocrx_word' id='word_1_499' title='bbox 1981 4233 2103 4292; x_wconf 80' lang='lat' dir='ltr'>que</span> <span class='ocrx_word' id='word_1_500' title='bbox 2123 4233 2314 4274; x_wconf 82' lang='lat' dir='ltr'>canos</span> <span class='ocrx_word' id='word_1_501' title='bbox 2340 4213 2481 4290; x_wconf 79' lang='lat' dir='ltr'>ejus</span> <span class='ocrx_word' id='word_1_502' title='bbox 2510 4233 2657 4274; x_wconf 81' lang='lat' dir='ltr'>cum</span> <span class='ocrx_word' id='word_1_503' title='bbox 2685 4215 3027 4291; x_wconf 65' lang='lat' dir='ltr'>sanquine,</span> <span class='ocrx_word' id='word_1_504' title='bbox 3046 4213 3111 4276; x_wconf 93' lang='lat' dir='ltr'>id</span> <span class='ocrx_word' id='word_1_505' title='bbox 3142 4223 3240 4277; x_wconf 88' lang='lat' dir='ltr'>est</span> <span class='ocrx_word' id='word_1_506' title='bbox 3268 4223 3471 4279; x_wconf 89' lang='lat' dir='ltr'>morte</span> 
     </span>
    </p>
   </div>
   <div class='ocr_carea' id='block_1_25' title="bbox 356 4331 1869 5379">
    <p class='ocr_par' dir='ltr' id='par_1_29' title="bbox 369 4331 740 4376">
     <span class='ocr_line' id='line_1_66' title="bbox 369 4331 740 4376; baseline -0.005 0"><span class='ocrx_word' id='word_1_507' title='bbox 369 4331 740 4376; x_wconf 89' lang='lat' dir='ltr'>occursum.</span> 
     </span>
    </p>

    <p class='ocr_par' dir='ltr' id='par_1_30' title="bbox 356 4407 1869 5167">
     <span class='ocr_line' id='line_1_67' title="bbox 452 4407 1869 4492; baseline 0 -20"><span class='ocrx_word' id='word_1_508' title='bbox 452 4411 782 4488; x_wconf 81' lang='lat' dir='ltr'>Praeterea,</span> <span class='ocrx_word' id='word_1_509' title='bbox 807 4417 880 4472; x_wconf 90' lang='lat' dir='ltr'>ut</span> <span class='ocrx_word' id='word_1_510' title='bbox 908 4407 1110 4491; x_wconf 87' lang='lat' dir='ltr'>aliqui</span> <span class='ocrx_word' id='word_1_511' title='bbox 1141 4409 1507 4492; x_wconf 89' lang='lat' dir='ltr'>opinantur,</span> <span class='ocrx_word' id='word_1_512' title='bbox 1535 4408 1677 4473; x_wconf 89' lang='lat' dir='ltr'>ideo</span> <span class='ocrx_word' id='word_1_513' title='bbox 1706 4427 1869 4492; x_wconf 86' lang='lat' dir='ltr'>quo-</span> 
     </span>
     <span class='ocr_line' id='line_1_68' title="bbox 363 4509 1863 4593; baseline -0.001 -19"><span class='ocrx_word' id='word_1_514' title='bbox 363 4530 503 4593; x_wconf 84' lang='lat' dir='ltr'>que</span> <span class='ocrx_word' id='word_1_515' title='bbox 539 4510 732 4593; x_wconf 90' lang='lat' dir='ltr'>jussit</span> <span class='ocrx_word' id='word_1_516' title='bbox 770 4509 964 4574; x_wconf 89' lang='lat' dir='ltr'>David</span> <span class='ocrx_word' id='word_1_517' title='bbox 1005 4509 1327 4573; x_wconf 85' lang='lat' dir='ltr'>Salomoni</span> <span class='ocrx_word' id='word_1_518' title='bbox 1369 4509 1657 4573; x_wconf 83' lang='lat' dir='ltr'>occidere</span> <span class='ocrx_word' id='word_1_519' title='bbox 1685 4509 1863 4588; x_wconf 84' lang='lat' dir='ltr'>Joab,</span> 
     </span>
     <span class='ocr_line' id='line_1_69' title="bbox 361 4607 1868 4692; baseline -0.001 -20"><span class='ocrx_word' id='word_1_520' title='bbox 361 4629 448 4672; x_wconf 89' lang='lat' dir='ltr'>nc</span> <span class='ocrx_word' id='word_1_521' title='bbox 490 4609 628 4692; x_wconf 90' lang='lat' dir='ltr'>ipse</span> <span class='ocrx_word' id='word_1_522' title='bbox 665 4608 819 4672; x_wconf 85' lang='lat' dir='ltr'>Joab</span> <span class='ocrx_word' id='word_1_523' title='bbox 858 4615 1004 4690; x_wconf 90' lang='lat' dir='ltr'>post</span> <span class='ocrx_word' id='word_1_524' title='bbox 1049 4616 1317 4671; x_wconf 85' lang='lat' dir='ltr'>mortem</span> <span class='ocrx_word' id='word_1_525' title='bbox 1366 4607 1564 4670; x_wconf 90' lang='lat' dir='ltr'>David</span> <span class='ocrx_word' id='word_1_526' title='bbox 1609 4608 1868 4672; x_wconf 89' lang='lat' dir='ltr'>molire-</span> 
     </span>
     <span class='ocr_line' id='line_1_70' title="bbox 357 4705 1867 4789; baseline -0.001 -19"><span class='ocrx_word' id='word_1_527' title='bbox 357 4717 466 4770; x_wconf 92' lang='lat' dir='ltr'>tur</span> <span class='ocrx_word' id='word_1_528' title='bbox 493 4707 743 4789; x_wconf 88' lang='lat' dir='ltr'>aliquid</span> <span class='ocrx_word' id='word_1_529' title='bbox 781 4705 934 4768; x_wconf 89' lang='lat' dir='ltr'>mali</span> <span class='ocrx_word' id='word_1_530' title='bbox 973 4714 1196 4770; x_wconf 89' lang='lat' dir='ltr'>contra</span> <span class='ocrx_word' id='word_1_531' title='bbox 1225 4705 1650 4784; x_wconf 85' lang='lat' dir='ltr'>Salomonem,</span> <span class='ocrx_word' id='word_1_532' title='bbox 1693 4705 1867 4770; x_wconf 91' lang='lat' dir='ltr'>labo-</span> 
     </span>
     <span class='ocr_line' id='line_1_71' title="bbox 356 4803 1858 4888; baseline -0.001 -20"><span class='ocrx_word' id='word_1_533' title='bbox 356 4807 564 4870; x_wconf 86' lang='lat' dir='ltr'>rando</span> <span class='ocrx_word' id='word_1_534' title='bbox 595 4824 710 4888; x_wconf 92' lang='lat' dir='ltr'>pro</span> <span class='ocrx_word' id='word_1_535' title='bbox 741 4804 1002 4868; x_wconf 84' lang='lat' dir='ltr'>Adoniae</span> <span class='ocrx_word' id='word_1_536' title='bbox 1033 4804 1388 4867; x_wconf 89' lang='lat' dir='ltr'>intrusione</span> <span class='ocrx_word' id='word_1_537' title='bbox 1429 4804 1532 4867; x_wconf 90' lang='lat' dir='ltr'>cui</span> <span class='ocrx_word' id='word_1_538' title='bbox 1577 4803 1858 4883; x_wconf 84' lang='lat' dir='ltr'>favebat,</span> 
     </span>
     <span class='ocr_line' id='line_1_72' title="bbox 357 4903 1866 4988; baseline -0.001 -21"><span class='ocrx_word' id='word_1_539' title='bbox 357 4912 556 4988; x_wconf 89' lang='lat' dir='ltr'>prout</span> <span class='ocrx_word' id='word_1_540' title='bbox 613 4904 810 4969; x_wconf 86' lang='lat' dir='ltr'>David</span> <span class='ocrx_word' id='word_1_541' title='bbox 871 4903 1009 4986; x_wconf 92' lang='lat' dir='ltr'>ipse</span> <span class='ocrx_word' id='word_1_542' title='bbox 1058 4904 1190 4985; x_wconf 85' lang='lat' dir='ltr'>jam</span> <span class='ocrx_word' id='word_1_543' title='bbox 1253 4903 1451 4980; x_wconf 92' lang='lat' dir='ltr'>novit,</span> <span class='ocrx_word' id='word_1_544' title='bbox 1509 4903 1620 4985; x_wconf 89' lang='lat' dir='ltr'>qui</span> <span class='ocrx_word' id='word_1_545' title='bbox 1673 4904 1866 4968; x_wconf 89' lang='lat' dir='ltr'>scivit</span> 
     </span>
     <span class='ocr_line' id='line_1_73' title="bbox 357 5002 1864 5085; baseline -0.001 -17"><span class='ocrx_word' id='word_1_546' title='bbox 357 5004 678 5068; x_wconf 82' lang='lat' dir='ltr'>versutias</span> <span class='ocrx_word' id='word_1_547' title='bbox 706 5002 887 5081; x_wconf 84' lang='lat' dir='ltr'>Joab,</span> <span class='ocrx_word' id='word_1_548' title='bbox 923 5011 988 5066; x_wconf 90' lang='lat' dir='ltr'>et</span> <span class='ocrx_word' id='word_1_549' title='bbox 1018 5003 1327 5085; x_wconf 89' lang='lat' dir='ltr'>practicas</span> <span class='ocrx_word' id='word_1_550' title='bbox 1359 5003 1500 5083; x_wconf 86' lang='lat' dir='ltr'>ejus</span> <span class='ocrx_word' id='word_1_551' title='bbox 1532 5010 1725 5084; x_wconf 87' lang='lat' dir='ltr'>atquc</span> <span class='ocrx_word' id='word_1_552' title='bbox 1755 5021 1864 5085; x_wconf 90' lang='lat' dir='ltr'>po-</span> 
     </span>
     <span class='ocr_line' id='line_1_74' title="bbox 363 5102 658 5167; baseline -0.003 -2"><span class='ocrx_word' id='word_1_553' title='bbox 363 5102 658 5167; x_wconf 89' lang='lat' dir='ltr'>tentiam.</span> 
     </span>
    </p>

    <p class='ocr_par' dir='ltr' id='par_1_31' title="bbox 364 5201 1865 5379">
     <span class='ocr_line' id='line_1_75' title="bbox 447 5201 1865 5280; baseline -0.001 -20"><span class='ocrx_word' id='word_1_554' title='bbox 447 5202 663 5260; x_wconf 76' lang='lat' dir='ltr'>Habes</span> <span class='ocrx_word' id='word_1_555' title='bbox 693 5219 944 5280; x_wconf 81' lang='lat' dir='ltr'>quoque</span> <span class='ocrx_word' id='word_1_556' title='bbox 973 5201 1151 5277; x_wconf 76' lang='lat' dir='ltr'>apud</span> <span class='ocrx_word' id='word_1_557' title='bbox 1183 5209 1240 5260; x_wconf 76' lang='lat' dir='ltr'>ce</span> <span class='ocrx_word' id='word_1_558' title='bbox 1272 5201 1481 5261; x_wconf 81' lang='lat' dir='ltr'>Semei</span> <span class='ocrx_word' id='word_1_559' title='bbox 1506 5201 1726 5277; x_wconf 76' lang='lat' dir='ltr'>filium</span> <span class='ocrx_word' id='word_1_560' title='bbox 1753 5203 1865 5259; x_wconf 84' lang='lat' dir='ltr'>Ge-</span> 
     </span>
     <span class='ocr_line' id='line_1_76' title="bbox 364 5300 1863 5379; baseline -0.002 -17"><span class='ocrx_word' id='word_1_561' title='bbox 364 5322 448 5362; x_wconf 84' lang='lat' dir='ltr'>ra</span> <span class='ocrx_word' id='word_1_562' title='bbox 467 5301 605 5379; x_wconf 77' lang='lat' dir='ltr'><em>filii</em></span> <span class='ocrx_word' id='word_1_563' title='bbox 623 5300 872 5362; x_wconf 78' lang='lat' dir='ltr'>Jemini</span> <span class='ocrx_word' id='word_1_564' title='bbox 897 5301 978 5360; x_wconf 86' lang='lat' dir='ltr'>de</span> <span class='ocrx_word' id='word_1_565' title='bbox 997 5301 1350 5368; x_wconf 74' lang='lat' dir='ltr'>Bahurim,</span> <span class='ocrx_word' id='word_1_566' title='bbox 1373 5301 1490 5378; x_wconf 82' lang='lat' dir='ltr'>qui</span> <span class='ocrx_word' id='word_1_567' title='bbox 1523 5300 1863 5359; x_wconf 78' lang='lat' dir='ltr'>maledioeit</span> 
     </span>
    </p>
   </div>
   <div class='ocr_carea' id='block_1_26' title="bbox 1971 4310 3469 5182">
    <p class='ocr_par' dir='ltr' id='par_1_32' title="bbox 1979 4310 3469 4590">
     <span class='ocr_line' id='line_1_77' title="bbox 1981 4310 3469 4394; baseline 0.003 -23"><span class='ocrx_word' id='word_1_568' title='bbox 1981 4310 2155 4373; x_wconf 88' lang='lat' dir='ltr'>illata</span> <span class='ocrx_word' id='word_1_569' title='bbox 2198 4330 2270 4374; x_wconf 89' lang='lat' dir='ltr'>ac</span> <span class='ocrx_word' id='word_1_570' title='bbox 2313 4310 2614 4388; x_wconf 87' lang='lat' dir='ltr'>violenta,</span> <span class='ocrx_word' id='word_1_571' title='bbox 2647 4314 2735 4372; x_wconf 87' lang='lat' dir='ltr'>ad</span> <span class='ocrx_word' id='word_1_572' title='bbox 2782 4314 3045 4390; x_wconf 79' lang='lat' dir='ltr'>inferos,</span> <span class='ocrx_word' id='word_1_573' title='bbox 3088 4331 3289 4394; x_wconf 86' lang='lat' dir='ltr'>quum</span> <span class='ocrx_word' id='word_1_574' title='bbox 3340 4333 3469 4378; x_wconf 89' lang='lat' dir='ltr'>non</span> 
     </span>
     <span class='ocr_line' id='line_1_78' title="bbox 1979 4408 3467 4493; baseline 0.001 -21"><span class='ocrx_word' id='word_1_575' title='bbox 1979 4408 2412 4474; x_wconf 86' lang='lat' dir='ltr'>observaverit</span> <span class='ocrx_word' id='word_1_576' title='bbox 2439 4428 2583 4491; x_wconf 81' lang='lat' dir='ltr'>quae</span> <span class='ocrx_word' id='word_1_577' title='bbox 2613 4428 2727 4491; x_wconf 88' lang='lat' dir='ltr'>per</span> <span class='ocrx_word' id='word_1_578' title='bbox 2758 4418 2931 4472; x_wconf 89' lang='lat' dir='ltr'>tuam</span> <span class='ocrx_word' id='word_1_579' title='bbox 2961 4411 3373 4493; x_wconf 90' lang='lat' dir='ltr'>prudentiam</span> <span class='ocrx_word' id='word_1_580' title='bbox 3408 4413 3467 4476; x_wconf 92' lang='lat' dir='ltr'>ei</span> 
     </span>
     <span class='ocr_line' id='line_1_79' title="bbox 1980 4507 2301 4590; baseline 0.003 -22"><span class='ocrx_word' id='word_1_581' title='bbox 1980 4507 2301 4590; x_wconf 81' lang='lat' dir='ltr'>injungeS.</span> 
     </span>
    </p>

    <p class='ocr_par' dir='ltr' id='par_1_33' title="bbox 1971 4607 3464 5182">
     <span class='ocr_line' id='line_1_80' title="bbox 2057 4607 3463 4686; baseline 0.003 -19"><span class='ocrx_word' id='word_1_582' title='bbox 2057 4607 2384 4667; x_wconf 75' lang='lat' dir='ltr'>Dormivit</span> <span class='ocrx_word' id='word_1_583' title='bbox 2404 4627 2550 4683; x_wconf 69' lang='lat' dir='ltr'>erqo</span> <span class='ocrx_word' id='word_1_584' title='bbox 2571 4608 2791 4667; x_wconf 86' lang='lat' dir='ltr'>David</span> <span class='ocrx_word' id='word_1_585' title='bbox 2812 4627 2961 4669; x_wconf 85' lang='lat' dir='ltr'>cum</span> <span class='ocrx_word' id='word_1_586' title='bbox 2982 4611 3286 4686; x_wconf 79' lang='lat' dir='ltr'>patribus</span> <span class='ocrx_word' id='word_1_587' title='bbox 3303 4612 3463 4684; x_wconf 61' lang='lat' dir='ltr'>suia,</span> 
     </span>
     <span class='ocr_line' id='line_1_81' title="bbox 1977 4704 3463 4787; baseline 0.003 -19"><span class='ocrx_word' id='word_1_588' title='bbox 1977 4705 2040 4768; x_wconf 90' lang='lat' dir='ltr'>id</span> <span class='ocrx_word' id='word_1_589' title='bbox 2072 4713 2191 4781; x_wconf 88' lang='lat' dir='ltr'>est,</span> <span class='ocrx_word' id='word_1_590' title='bbox 2225 4722 2449 4768; x_wconf 91' lang='lat' dir='ltr'>somno</span> <span class='ocrx_word' id='word_1_591' title='bbox 2480 4704 2702 4768; x_wconf 89' lang='lat' dir='ltr'>mortis</span> <span class='ocrx_word' id='word_1_592' title='bbox 2739 4705 2987 4787; x_wconf 84' lang='lat' dir='ltr'>quievit</span> <span class='ocrx_word' id='word_1_593' title='bbox 3017 4726 3055 4769; x_wconf 86' lang='lat' dir='ltr'>a</span> <span class='ocrx_word' id='word_1_594' title='bbox 3084 4708 3463 4772; x_wconf 88' lang='lat' dir='ltr'>tumultibus</span> 
     </span>
     <span class='ocr_line' id='line_1_82' title="bbox 1976 4800 3457 4886; baseline 0.002 -18"><span class='ocrx_word' id='word_1_595' title='bbox 1976 4803 2123 4868; x_wconf 82' lang='lat' dir='ltr'>vitae</span> <span class='ocrx_word' id='word_1_596' title='bbox 2153 4800 2505 4886; x_wconf 74' lang='lat' dir='ltr'>praesentis,</span> <span class='ocrx_word' id='word_1_597' title='bbox 2526 4811 2589 4865; x_wconf 91' lang='lat' dir='ltr'>et</span> <span class='ocrx_word' id='word_1_598' title='bbox 2616 4822 2655 4866; x_wconf 87' lang='lat' dir='ltr'>a</span> <span class='ocrx_word' id='word_1_599' title='bbox 2684 4803 2814 4867; x_wconf 89' lang='lat' dir='ltr'>vita</span> <span class='ocrx_word' id='word_1_600' title='bbox 2843 4822 3149 4886; x_wconf 89' lang='lat' dir='ltr'>corporea</span> <span class='ocrx_word' id='word_1_601' title='bbox 3176 4807 3457 4885; x_wconf 91' lang='lat' dir='ltr'>animali,</span> 
     </span>
     <span class='ocr_line' id='line_1_83' title="bbox 1974 4902 3462 4985; baseline 0.003 -21"><span class='ocrx_word' id='word_1_602' title='bbox 1974 4903 2137 4966; x_wconf 89' lang='lat' dir='ltr'>sicut</span> <span class='ocrx_word' id='word_1_603' title='bbox 2167 4910 2233 4966; x_wconf 89' lang='lat' dir='ltr'>et</span> <span class='ocrx_word' id='word_1_604' title='bbox 2262 4911 2471 4985; x_wconf 88' lang='lat' dir='ltr'>patres</span> <span class='ocrx_word' id='word_1_605' title='bbox 2512 4902 2651 4985; x_wconf 88' lang='lat' dir='ltr'>ejus</span> <span class='ocrx_word' id='word_1_606' title='bbox 2692 4911 2839 4966; x_wconf 89' lang='lat' dir='ltr'>ante</span> <span class='ocrx_word' id='word_1_607' title='bbox 2880 4921 3050 4980; x_wconf 88' lang='lat' dir='ltr'>eum,</span> <span class='ocrx_word' id='word_1_608' title='bbox 3082 4915 3141 4966; x_wconf 83' lang='lat' dir='ltr'>et</span> <span class='ocrx_word' id='word_1_609' title='bbox 3169 4912 3462 4985; x_wconf 75' lang='lat' dir='ltr'>sepultus</span> 
     </span>
     <span class='ocr_line' id='line_1_84' title="bbox 1971 5002 3464 5088; baseline 0.005 -26"><span class='ocrx_word' id='word_1_610' title='bbox 1971 5012 2060 5063; x_wconf 81' lang='lat' dir='ltr'>est</span> <span class='ocrx_word' id='word_1_611' title='bbox 2105 5004 2178 5062; x_wconf 82' lang='lat' dir='ltr'>in</span> <span class='ocrx_word' id='word_1_612' title='bbox 2221 5004 2484 5062; x_wconf 79' lang='lat' dir='ltr'>civitate</span> <span class='ocrx_word' id='word_1_613' title='bbox 2520 5005 2766 5073; x_wconf 79' lang='lat' dir='ltr'>David,</span> <span class='ocrx_word' id='word_1_614' title='bbox 2796 5002 2861 5065; x_wconf 88' lang='lat' dir='ltr'>id</span> <span class='ocrx_word' id='word_1_615' title='bbox 2910 5011 3008 5066; x_wconf 84' lang='lat' dir='ltr'>est</span> <span class='ocrx_word' id='word_1_616' title='bbox 3058 5003 3126 5067; x_wconf 86' lang='lat' dir='ltr'>in</span> <span class='ocrx_word' id='word_1_617' title='bbox 3166 5025 3243 5069; x_wconf 86' lang='lat' dir='ltr'>ea</span> <span class='ocrx_word' id='word_1_618' title='bbox 3284 5017 3464 5088; x_wconf 82' lang='lat' dir='ltr'>parte</span> 
     </span>
     <span class='ocr_line' id='line_1_85' title="bbox 1972 5099 3464 5182; baseline 0.004 -20"><span class='ocrx_word' id='word_1_619' title='bbox 1972 5099 2342 5176; x_wconf 83' lang='lat' dir='ltr'>Jerusalem,</span> <span class='ocrx_word' id='word_1_620' title='bbox 2379 5099 2445 5162; x_wconf 91' lang='lat' dir='ltr'>in</span> <span class='ocrx_word' id='word_1_621' title='bbox 2484 5119 2613 5182; x_wconf 86' lang='lat' dir='ltr'>qua</span> <span class='ocrx_word' id='word_1_622' title='bbox 2647 5107 2783 5164; x_wconf 87' lang='lat' dir='ltr'>erat</span> <span class='ocrx_word' id='word_1_623' title='bbox 2816 5121 2928 5164; x_wconf 83' lang='lat' dir='ltr'>arx</span> <span class='ocrx_word' id='word_1_624' title='bbox 2956 5103 3131 5166; x_wconf 89' lang='lat' dir='ltr'>Sion.</span> <span class='ocrx_word' id='word_1_625' title='bbox 3166 5104 3343 5169; x_wconf 88' lang='lat' dir='ltr'>Unde</span> <span class='ocrx_word' id='word_1_626' title='bbox 3374 5105 3464 5168; x_wconf 88' lang='lat' dir='ltr'>le-</span> 
     </span>
    </p>
   </div>
   <div class='ocr_carea' id='block_1_27' title="bbox 3509 2551 3754 2603">
    <p class='ocr_par' dir='ltr' id='par_1_34' title="bbox 3509 2551 3754 2603">
     <span class='ocr_line' id='line_1_86' title="bbox 3509 2551 3754 2603; baseline -0.004 -8"><span class='ocrx_word' id='word_1_627' title='bbox 3509 2551 3523 2595; x_wconf 91' lang='grc' dir='ltr'>Ι</span> <span class='ocrx_word' id='word_1_628' title='bbox 3538 2552 3754 2603; x_wconf 67' lang='lat' dir='ltr'>Panum,</span> 
     </span>
    </p>
   </div>
   <div class='ocr_carea' id='block_1_28' title="bbox 3522 3739 3759 3782">
    <p class='ocr_par' dir='ltr' id='par_1_35' title="bbox 3522 3739 3759 3782">
     <span class='ocr_line' id='line_1_87' title="bbox 3522 3739 3759 3782; baseline -0.004 0"><span class='ocrx_word' id='word_1_629' title='bbox 3522 3739 3541 3759; x_wconf 75' lang='lat'><em>⁶</em></span> <span class='ocrx_word' id='word_1_630' title='bbox 3560 3739 3619 3782; x_wconf 77' lang='lat' dir='ltr'>Ut</span> <span class='ocrx_word' id='word_1_631' title='bbox 3636 3739 3759 3782; x_wconf 69' lang='lat' dir='ltr'>teian</span> 
     </span>
    </p>
   </div>
   <div class='ocr_carea' id='block_1_29' title="bbox 1971 5197 3756 5282">
    <p class='ocr_par' dir='ltr' id='par_1_36' title="bbox 1971 5197 3756 5282">
     <span class='ocr_line' id='line_1_88' title="bbox 1971 5197 3756 5282; baseline 0.009 -23"><span class='ocrx_word' id='word_1_632' title='bbox 1971 5197 2144 5279; x_wconf 83' lang='lat' dir='ltr'>gitur</span> <span class='ocrx_word' id='word_1_633' title='bbox 2175 5199 2453 5261; x_wconf 88' lang='lat' dir='ltr'>secundo</span> <span class='ocrx_word' id='word_1_634' title='bbox 2484 5198 2723 5280; x_wconf 87' lang='lat' dir='ltr'>Regum</span> <span class='ocrx_word' id='word_1_635' title='bbox 2760 5217 2773 5262; x_wconf 94' lang='lat'>:</span> <span class='ocrx_word' id='word_1_636' title='bbox 2809 5201 2991 5282; x_wconf 86' lang='lat' dir='ltr'>Cepit</span> <span class='ocrx_word' id='word_1_637' title='bbox 3022 5211 3235 5266; x_wconf 86' lang='lat' dir='ltr'>autem</span> <span class='ocrx_word' id='word_1_638' title='bbox 3264 5203 3461 5268; x_wconf 89' lang='lat' dir='ltr'>David</span> <span class='ocrx_word' id='word_1_639' title='bbox 3496 5215 3651 5274; x_wconf 65' lang='lat' dir='ltr'>nnec.</span> <span class='ocrx_word' id='word_1_640' title='bbox 3666 5231 3707 5269; x_wconf 62' lang='lat' dir='ltr'>v,</span> <span class='ocrx_word' id='word_1_641' title='bbox 3721 5219 3756 5262; x_wconf 86' lang='lat'>⁷·</span> 
     </span>
    </p>
   </div>
   <div class='ocr_carea' id='block_1_30' title="bbox 1973 5295 3466 5388">
    <p class='ocr_par' dir='ltr' id='par_1_37' title="bbox 1973 5295 3466 5388">
     <span class='ocr_line' id='line_1_89' title="bbox 1973 5295 3466 5388; baseline 0.005 -29"><span class='ocrx_word' id='word_1_642' title='bbox 1973 5314 2182 5360; x_wconf 90' lang='lat' dir='ltr'>arcem</span> <span class='ocrx_word' id='word_1_643' title='bbox 2213 5295 2534 5374; x_wconf 79' lang='lat' dir='ltr'>Sion,hoec</span> <span class='ocrx_word' id='word_1_644' title='bbox 2566 5305 2663 5359; x_wconf 88' lang='lat' dir='ltr'>est</span> <span class='ocrx_word' id='word_1_645' title='bbox 2688 5297 2915 5362; x_wconf 85' lang='lat' dir='ltr'>civitas</span> <span class='ocrx_word' id='word_1_646' title='bbox 2940 5299 3258 5364; x_wconf 85' lang='lat' dir='ltr'>David.lbi</span> <span class='ocrx_word' id='word_1_647' title='bbox 3284 5303 3466 5388; x_wconf 87' lang='lat' dir='ltr'>quip-</span> 
     </span>
    </p>
   </div>
  </div>
 </body>
</html>
