4359 6250
1080 530 1428 576 manuario
1470 529 1531 577 us
1575 529 1711 575 cu,
1760 527 1778 572 ι
1822 525 1981 573 unni
2020 523 2190 573 rium
2233 527 2458 576 aucun.
2503 549 2583 560 —
2623 532 2766 577 Aur.
2815 533 2834 576 ι
3385 508 3502 578 253

402 702 645 764 lierum
686 702 1056 781 gulosarum
1106 709 1297 783 atque
1346 700 1704 774 rebellium,
1758 715 1903 779 quae
1934 697 1985 759 A
2014 705 2076 760 et
2104 698 2453 764 alterantur
2485 721 2558 764 ac
2587 703 2972 781 colorantur,
2993 703 3172 785 juxta
3207 705 3376 786 quod
3413 707 3502 769 ait

398 799 543 862 sine
569 801 725 882 jugo
758 800 939 880 legiS,
965 807 1029 863 et
1058 800 1301 882 absque
1329 800 1513 863 freno
1542 795 1905 878 disciplinae
2014 795 2340 879 Scriptura
2373 817 2388 860 ε
2425 799 2543 862 Cor
2591 798 2870 864 hominis
2920 801 3214 865 immutat
3268 802 3498 866 faciem
3553 817 3792 872 Ecetram,

397 908 870 961 conversantur
897 909 959 962 et
990 908 1259 982 peccant
1294 925 1308 976 ;
1359 899 1517 980 quia
1558 919 1640 956 em
1677 896 1903 956 multi-
3531 883 3794 934 ³¹³⁸¹¹·²⁶·

399 1001 637 1059 tudine
664 1000 909 1060 doloris
935 1008 995 1059 ec
1026 1000 1318 1060 moeroris
1361 1000 1485 1059 mei
1515 1002 1727 1058 locuta
1756 1015 1903 1055 sum

396 1118 603 1178 usque
639 1099 715 1159 in
742 1118 1043 1176 prce-sem,
1080 1098 1144 1160 id
1174 1105 1293 1174 est,
1336 1097 1669 1178 hucusque
1698 1093 1895 1170 oravi,

394 1214 513 1259 seu
544 1196 672 1260 alia
699 1215 973 1278 quaeque
1002 1196 1215 1260 locuta
1246 1215 1387 1258 sum
1418 1215 1494 1257 ex
1527 1191 1889 1258 vehementi

394 1294 623 1357 dolore
650 1295 729 1358 de
762 1313 904 1357 mea
940 1293 1237 1376 praesenti
1279 1293 1613 1355 sterilitate
1644 1300 1706 1354 et
1743 1308 1899 1352 moe-

396 1412 545 1456 rore
581 1394 1045 1476 persecutionis
1080 1411 1276 1475 quam
1303 1392 1415 1455 diu
1452 1390 1753 1454 sustinui.
1782 1390 1899 1451 Do-

396 1492 500 1555 lor
528 1493 831 1575 equidem
851 1493 1109 1575 proprie
1128 1501 1226 1556 est
1252 1493 1332 1555 de
1363 1491 1532 1554 malo
1556 1487 1852 1572 praesenti
1882 1511 1896 1560 ;

395 1609 639 1654 moeror
666 1611 781 1654 seu
814 1591 1093 1669 tristitia,
1126 1593 1207 1655 de
1238 1592 1406 1654 malo
1436 1588 1779 1673 praeterito.

2012 894 2173 974 6363,
2211 897 2346 960 sive
2377 898 2443 959 in
2475 898 2736 976 bonum,
2773 899 3002 963 sivein
3041 900 3302 963 malum.
3343 901 3502 965 Hinc

2015 992 2079 1054 in
2110 993 2553 1059 Ecclesiastico
2585 997 2854 1078 legitur:
2883 999 2970 1060 Ex
3000 998 3146 1062 visu
3175 1000 3503 1080 cognosci-

2014 1100 2116 1154 tur
2157 1094 2277 1171 vir,
2315 1104 2376 1157 et
2424 1095 2504 1159 ab
2552 1116 2819 1160 occursu
2864 1096 3052 1161 faciei
3098 1098 3502 1178 cognoscitur

2013 1203 2323 1257 sensatus,
2357 1194 2620 1269 Quidam
2649 1204 2864 1259 tamen
2895 1197 3110 1260 callidi
3142 1205 3204 1260 et
3233 1186 3496 1274 versuti,

2014 1300 2248 1355 norunt
2268 1293 2633 1357 interiorem
2655 1315 2836 1358 suam
2862 1295 3168 1360 malitiam
3196 1296 3351 1360 ficta
3371 1297 3506 1361 'vul-

2016 1397 2112 1452 tus
2142 1391 2560 1473 dispositione
2591 1393 3001 1458 abscondere.
3035 1395 3227 1458 Porro
3259 1395 3504 1460 virtuo-

2012 1508 2228 1553 sorum
2259 1499 2374 1568 est,
2411 1499 2618 1554 motus
2649 1493 3016 1574 passionum
3055 1494 3402 1576 reprimere
3437 1503 3501 1558 et

2014 1587 2287 1666 frenare,
2323 1590 2452 1654 imo
2482 1599 2544 1652 et
2573 1591 2942 1673 anticipare,
2968 1611 3047 1655 ne
3079 1593 3145 1654 in
3176 1593 3357 1656 vultu
3390 1603 3506 1656 aut

488 1693 671 1750 Tunc
713 1691 889 1761 Heli,
923 1689 1319 1771 compatiens
1357 1686 1612 1750 mulieri
1652 1686 1897 1749 devotae
2013 1687 2153 1751 visu
2203 1698 2568 1772 appareant.
2609 1689 3041 1754 Perfectorum
3090 1710 3241 1755 vero
3291 1711 3364 1755 ac
3416 1711 3507 1754 sa-

398 1786 465 1849 in
498 1787 697 1850 tantis
727 1786 1201 1850 afflictionibus
1232 1786 1615 1862 constitutae,
1652 1785 1749 1845 ait
1778 1784 1841 1842 ei
1870 1802 1893 1841 .·
2012 1787 2325 1868 pientium
2357 1797 2472 1864 est,
2502 1788 2565 1851 in
2599 1788 2906 1851 uniformi
2939 1789 3254 1853 cordis-ac
3282 1791 3504 1854 vultus

412 1889 591 1948 Vade
627 1889 702 1948 in
736 1907 917 1964 pace,
953 1887 1018 1948 id
1061 1895 1176 1962 est,
1214 1885 1743 1967 tranquillitatem
1788 1901 1895 1966 pe·
1932 1881 1977 1944 B
2010 1885 2426 1968 dispositione
2457 1887 2816 1968 persistere,
2849 1888 3386 1968 quemadmodum
3419 1890 3500 1951 de

390 1986 591 2048 ctoris
622 1993 686 2048 et
712 1985 997 2068 quietem
1030 1984 1385 2048 forinsecus
1416 1982 1498 2046 ab
1531 1980 1889 2045 infestanti·
2009 1984 2376 2048 beatissimo
2408 1984 2610 2048 fertur
2639 1985 2925 2062 Martino,
2959 1987 3131 2067 quod
3163 2004 3351 2050 nemo
3383 2006 3502 2050 un-

390 2084 517 2147 bus
548 2085 715 2147 habe
743 2085 1099 2166 pergend03
1131 2093 1191 2144 ec
1224 2085 1393 2144 Deus
1414 2085 1621 2143 Israel
1640 2083 1745 2141 dec
1778 2081 1896 2140 tibi
2006 2101 2200 2164 quam
2247 2082 2407 2146 vidit
2455 2103 2600 2145 eum
2651 2083 2903 2160 iratum,
2958 2083 3225 2159 tristem,
3281 2084 3493 2148 riden—

378 2185 771 2261 petitionem
813 2193 994 2244 tuam
1039 2201 1238 2262 quam
1278 2182 1525 2257 royasti
1564 2199 1733 2240 eum.
1783 2177 1891 2239 He-
2008 2180 2643 2256 tem‚turbatum,aut
2669 2180 3221 2259 dissolutum,imo
3241 2201 3494 2264 semper

390 2280 615 2345 braica
660 2280 895 2345 veritas
942 2279 1153 2356 habet,
1206 2278 1393 2342 Dabit
1440 2277 1581 2341 tibi.
1634 2277 1763 2339 Hoc
1807 2283 1896 2339 et·
2008 2277 2193 2358 quasi
2223 2278 2581 2358 angelicum
2610 2277 2988 2360 praeserebat
3019 2279 3084 2341 in
3116 2279 3284 2344 facie
3315 2300 3504 2364 appa-

388 2381 569 2444 enim
599 2379 759 2443 dixit
788 2379 928 2443 Heli
958 2397 1034 2442 ex
1073 2377 1470 2441 confidentia
1513 2376 1704 2454 bona,
1738 2393 1898 2457 quo-
2011 2383 2239 2439 ratum.
2261 2376 2526 2451 Quidam
2556 2377 2690 2441 haec
2721 2377 2915 2440 verba
2943 2396 3270 2461 exponens
3307 2397 3322 2441 :
3359 2380 3503 2443 Pas-

393 2480 573 2542 niam
594 2478 754 2542 vidit
769 2479 1019 2541 Annam
1042 2485 1169 2540 tam
1190 2477 1483 2540 ardenter
1503 2483 1567 2538 et
1588 2476 1897 2538 instanter

395 2597 643 2654 orasse3
665 2585 729 2641 et
758 2576 1065 2659 quoniam
1096 2575 1285 2640 scivit
1306 2575 1503 2638 Deum
1533 2573 1898 2655 specialiter

402 2694 685 2759 pronum
728 2675 1028 2739 exaudire
1065 2674 1444 2738 constitutos
1491 2672 1556 2733 in
1596 2670 1775 2751 gravi
1807 2668 1902 2733 af-

410 2774 705 2839 flictione
735 2782 798 2837 et
827 2772 1230 2850 adversitate,
1248 2771 1787 2854 quemadmodum
1817 2768 1907 2831 ait

218 2904 269 2932 xc
332 2894 375 2933 5.
408 2875 746 2937 Psalmista
778 2894 793 2938 :
825 2874 985 2937 Cum
1016 2875 1155 2956 ipso
1184 2891 1328 2936 sum
1369 2872 1434 2933 in
1466 2867 1903 2934 tribulatione.

410 2973 487 3034 Et
528 2971 747 3035 forsan
787 2992 865 3036 ex
901 2971 1238 3053 repentino
1276 2970 1586 3033 instinctu
1632 2966 1906 3050 Spiritus

2012 2474 2245 2552 sioneS,
2281 2474 2512 2557 inquit,
2533 2475 2644 2539 irae
2673 2484 2736 2539 et
2765 2475 3058 2555 tristitiae,
3079 2497 3224 2558 quae
3252 2487 3505 2541 mutant

2016 2572 2244 2637 faciem
2277 2573 2342 2636 in
2373 2574 2657 2638 diversos
2687 2574 2952 2652 coloreS,
2989 2584 3390 2640 recesserunt
3422 2578 3503 2641 ab

2015 2674 2198 2736 Anna
2235 2692 2312 2736 ex
2355 2672 2787 2736 consolatione
2827 2673 3121 2737 exteriori
3161 2676 3504 2740 verborum

2017 2771 2175 2850 Heli,
2230 2779 2293 2834 et
2338 2791 2414 2834 ex
2464 2771 2750 2834 interiori
2799 2772 3234 2836 consolatione
3282 2775 3504 2855 gratiae

2020 2869 2151 2932 Dei.
2184 2870 2364 2934 Circa
2408 2870 2580 2952 quod
2627 2869 2969 2932 dicendum
3019 2870 3292 2950 videtur,
3326 2875 3501 2954 quod

2020 2967 2304 3031 virtuosa
2350 2968 2482 3030 haec
2530 2967 2782 3043 mulier,
2832 2967 3022 3030 etiam
3073 2977 3219 3032 ante
3267 2968 3496 3034 horum

409 3070 628 3135 Sancti
664 3070 825 3135 dixit
862 3069 984 3135 hoc
1015 3070 1153 3133 Heli
1194 3088 1309 3152 pro
1348 3067 1637 3132 mulieris
1677 3083 1902 3131 conso-
1938 3069 1981 3133 C
2019 3067 2305 3130 auditum
2337 3066 2697 3144 verborum,
2739 3084 2866 3131 non
2906 3067 3227 3151 subjacuit
3262 3070 3504 3152 passio·

409 3170 671 3233 latione.
719 3169 964 3233 Praelati
1006 3170 1249 3252 quippe
1298 3168 1726 3232 diversimode
1775 3174 1912 3228 tan·

404 3277 649 3349 guntur
679 3287 718 3331 a
748 3268 986 3350 Spiritu
1019 3267 1249 3330 Sancto
1281 3267 1359 3329 ad
1392 3266 1782 3348 loquendum
1814 3272 1905 3327 at-

406 3386 535 3449 que
564 3367 881 3447 agendum
913 3363 1603 3449 propter'subditorum
1634 3364 1906 3427 salutem

408 3476 517 3529 aut
547 3465 916 3528 utilitatem.
936 3464 1091 3526 Nam
1118 3471 1182 3527 et
1210 3463 1393 3526 Anna
1423 3461 1689 3526 verbum
1723 3462 1905 3539 illud,

405 3564 607 3646 quasi‘
627 3583 704 3628 ex
733 3581 843 3627 ore
873 3562 982 3625 Dei
1014 3562 1331 3644 prolatum
1371 3560 1635 3643 accepit,
1672 3568 1735 3623 et
1776 3580 1910 3623 cre-

406 3661 571 3725 didit
603 3662 697 3725 sic
723 3660 1038 3723 futurum.
1072 3659 1211 3740 lpse
1244 3676 1473 3739 nempe
1501 3658 1908 3741 omnipotens

408 3760 573 3823 Deus
616 3759 771 3822 fecit
805 3757 1071 3822 verbum
1111 3756 1271 3819 illud
1306 3756 1400 3819 sic
1436 3774 1665 3820 sonare
1696 3756 1762 3818 in
1786 3746 1909 3819 'au-

410 3858 591 3922 ribus
629 3856 915 3940 corporis
953 3856 1093 3937 ejus
1130 3874 1203 3918 ac
1242 3855 1473 3933 cordiS,
1510 3855 1571 3916 id
1613 3863 1728 3933 est,
1764 3874 1903 3918 eam

408 3957 612 4021 movit
631 3957 709 4019 ad
740 3955 1185 4038 accipiendum
1216 3954 1429 4017 taliter
1458 3954 1723 4017 verbum
1758 3972 1907 4035 prae-

410 4055 639 4119 fatu'm.
693 4058 782 4117 Ac
829 4057 955 4115 illa
1001 4056 1181 4115 dixit
1233 4074 1255 4111 .·
1301 4054 1563 4113 Utinam
1610 4055 1905 4114 inveniat

410 4158 659 4216 ancilla
692 4164 808 4215 tua
828 4156 1121 4231 qratiam
1154 4154 1227 4211 in
1258 4153 1459 4212 oculis
1482 4152 1633 4222 cuia,
1676 4151 1740 4213 id
1782 4160 1898 4227 est,

2019 3166 2210 3229 nibus
2240 3167 2350 3230 irae
2379 3174 2569 3249 atque
2599 3165 2892 3242 tristitiae,
2920 3166 3047 3229 imo
3078 3167 3353 3232 multum
3384 3170 3504 3232 mi-

2022 3264 2100 3327 tis
2143 3274 2207 3328 et
2251 3266 2496 3348 patiens
2543 3273 2696 3343 erat,
2730 3265 2884 3347 quia
2927 3285 3043 3329 nec
3087 3268 3332 3330 aemulae
3376 3289 3508 3333 suae

2018 3364 2178 3426 dura
2219 3363 2546 3446 respondit
2588 3371 2697 3426 aut
2740 3362 2990 3440 restitit,
3042 3384 3160 3428 nec
3202 3366 3341 3429 viro
3388 3387 3504 3432 suo

2019 3471 2240 3526 contra
2279 3461 2454 3524 illam
2492 3470 2841 3543 conquesta
2871 3460 3141 3526 videtur.
3177 3464 3366 3527 Porro
3405 3466 3508 3528 Pe-

2020 3570 2153 3623 trus
2171 3559 2494 3622 Comestor
2512 3560 2648 3623 haec
2667 3560 3117 3641 compendiose
3137 3560 3460 3643 exponens
3487 3583 3502 3629 ε

2018 3652 2256 3733 Mulier,
2271 3657 2381 3733 ait,
2397 3675 2473 3720 ex
2503 3656 2924 3738 promissione
2945 3659 3322 3722 sacerdotali
3348 3660 3505 3723 abiit

2014 3776 2257 3833 secura,
2295 3755 2636 3837 vultusque
2667 3754 2841 3816 illius
2873 3759 3000 3818 non
3041 3764 3191 3818 sunt
3221 3759 3503 3840 amplius

2015 3854 2080 3915 in
2112 3854 2364 3917 diversa
2392 3852 2640 3929 mutati,
2667 3852 2731 3915 id
2761 3858 2877 3929 est,
2914 3853 3166 3917 animus
3199 3856 3338 3938 ejus
3371 3876 3501 3920 non

2011 3961 2107 4017 est
2135 3952 2436 4034 deinceps
2466 3952 2804 4014 distractus
2846 3951 2913 4013 in
2947 3952 3283 4017 varietates
3314 3956 3504 4018 dubi-

2015 4051 2298 4116 tationis,

2107 4153 2194 4212 Ec
2240 4160 2666 4211 surrexerunt
2711 4154 2902 4211 'inane
2949 4149 3202 4213 Elcana'
3233 4151 3502 4235 ejusque

408 4254 603 4337 cupio
644 4260 717 4316 ut
756 4250 1038 4332 digneris
1084 4250 1243 4312 mihi
1287 4268 1427 4312 esse
1472 4249 1788 4329 gratiosus
1837 4259 1899 4314 et
1933 4256 1981 4318 D
2015 4249 2437 4325 comitiva,'ec
2486 4251 2922 4309 adoraverunt
2972 4254 3189 4311 eoram
3227 4253 3502 4313 Domino

406 4372 601 4417 orans
633 4370 750 4435 pro
783 4369 906 4413 me.

418 4464 425 4469 “
494 4456 577 4515 Ec
596 4452 763 4512 abiit
782 4452 1023 4511 mulier
1043 4450 1117 4509 in
1140 4450 1317 4509 viam
1345 4468 1555 4516 suam,
1582 4448 1903 4512 redeundo

408 4573 445 4615 a
490 4552 631 4614 loco
674 4548 984 4613 orationis
1022 4548 1105 4609 'ad
1152 4565 1337 4608 suum
1380 4544 1701 4622 maritum,
1720 4557 1781 4607 et
1808 4568 1906 4607 co-

406 4652 633 4720 medit,
668 4652 1011 4727 vultusque
1050 4647 1237 4706 iccius
1269 4664 1391 4705 non
1432 4655 1585 4705 sunt
1615 4646 1901 4723 amplius

408 4754 481 4811 in
523 4751 789 4810 diversa
831 4746 1093 4817 mutati,
1129 4742 1193 4805 id
1236 4751 1352 4819 est,
1400 4752 1739 4825 apparatus
1785 4764 1896 4808 seu

406 4845 747 4931 dispositio
783 4842 969 4907 faciei
992 4842 1133 4923 ejus
1165 4840 1399 4903 mansit
1428 4840 1508 4903 de
1537 4850 1747 4906 cetero
1770 4844 1905 4905 uni-

411 4944 637 5010 formis
668 4952 733 5007 et
762 4943 927 5006 bene
952 4960 1019 5004 se
1046 4939 1399 5015 habenS,eo
1427 4941 1601 5020 quod
1632 4959 1741 5003 eor
1760 4942 1900 5023 ejus

411 5042 622 5107 suerat
652 5039 1163 5122 tranquillatum,
1198 5056 1271 5099 ac
1312 5035 1586 5098 firmiter
1617 5040 1905 5102 consola-

409 5151 543 5205 tum
576 5161 654 5205 ex
686 5147 862 5203 certa
890 5156 1004 5219 spe
1042 5155 1172 5200 suae
1199 5135 1646 5199 exauditionis,
1681 5137 1770 5200 Ex
1800 5159 1907 5203 va-

412 5242 505 5303 ria
552 5239 795 5303 etenim
843 5234 1263 5318 dispositione
1314 5234 1547 5311 cordiS,
1597 5234 1793 5299 facies
1845 5246 1907 5299 et

412 5338 735 5421 praecipue
782 5335 951 5400 oculi
1003 5333 1427 5397 diversimode
1477 5334 1908 5415 disponuntur

2016 4349 2080 4410 in
2112 4348 2274 4411 atrio
2302 4346 2717 4423 tabernaculi,
2742 4348 3107 4427 reversique
3135 4358 3289 4410 sunt
3307 4358 3377 4411 'ec
3408 4372 3505 4411 ve-

2014 4458 2255 4510 nerunt
2294 4450 2366 4508 in
2403 4450 2670 4507 domum
2706 4466 2895 4507 suam
2935 4449 3008 4509 in
3037 4448 3368 4510 Ramatha
3400 4470 3505 4513 ur-

2014 4546 2157 4609 bem
2197 4565 2399 4623 suam,
2433 4563 2577 4626 quae
2616 4552 2762 4607 ante
2793 4554 3052 4608 vocatur
3081 4545 3498 4613 Ramathaim.

2018 4646 2322 4723 Coynovic
2351 4646 2566 4705 autem
2589 4646 2839 4704 Elcana
2862 4664 3130 4705 umorem
3157 4667 3348 4707 suam
3366 4650 3504 4710 Αη-

2014 4765 2196 4813 nam,
2245 4750 2387 4824 post
2435 4742 2729 4804 reditum.
2784 4740 3111 4822 Siquidem
3161 4746 3369 4807 eundo
3420 4747 3499 4809 ad

2014 4841 2324 4923 templum
2363 4859 2475 4903 seu
2518 4839 2994 4903 tabernaculum
3025 4840 3158 4917 Dei,
3195 4842 3501 4906 exsisten-

2013 4942 2225 5023 doque
2256 4938 2320 5001 in
2362 4938 2520 5003 urbe
2560 4939 2768 5002 cultus
2808 4938 3035 5015 divini,
3079 4942 3361 5022 ternpore
3404 4940 3504 5005 fe-

2015 5039 2196 5115 sti,et
2227 5037 3039 5113 redeundo,continuerunt
3066 5038 3186 5101 viri
3218 5058 3290 5102 ac
3324 5039 3506 5103 femi-

2018 5157 2115 5201 nae
2145 5156 2349 5218 usque
2371 5137 2448 5199 ad
2480 5134 2909 5199 reversionem
2938 5136 3005 5197 in
3030 5138 3504 5218 propria.Unde

2017 5246 2080 5300 et
2124 5242 2344 5318 postea
2388 5234 2639 5297 iverunt
2678 5232 2797 5297 viri
2838 5252 2910 5296 ac
2958 5233 3215 5298 feminae
3253 5224 3505 5317 separa-

2018 5335 2155 5397 tim.
2199 5336 2286 5396 Ec
2325 5336 2694 5393 reeordatus
2740 5342 2830 5393 esc
2875 5334 3015 5409 ejus
3045 5325 3388 5406 Dominus,
3436 5334 3504 5397 id
