4359 6250
935 477 1052 547 730
1461 504 1808 552 ENARRA'no
1849 507 1910 551 IN
1953 507 2090 552 CAP.
2135 506 2266 552 xxu
2310 506 2465 550 unm
2506 507 2705 552 'rt-:nra
2746 507 2970 555 REGUH.
3014 529 3095 539 —
3134 511 3276 556 Aur.
3323 509 3495 558 xxxn

924 699 1106 756 paee.
1139 681 1453 759 Dioeitque
1483 683 1788 743 Michoeas
1813 703 1835 740 .·
1867 683 1946 742 Si
1975 701 2263 740 reversus
2289 682 2422 757 fue·
2451 676 2501 738 A
2531 698 2677 742 suos
2728 681 3103 764 praecipuoS,
3153 691 3213 745 et
3262 683 3489 765 capitis
3538 684 3638 745 sui
3687 685 3995 746 custodes,

932 782 1026 839 ris
1047 782 1118 839 in
1140 799 1318 856 paee,
1339 800 1466 839 non
1488 791 1577 840 esc
1602 785 1846 840 locutus
1867 783 1939 840 in
1963 801 2059 840 me
2081 783 2413 840 Dominus

931 881 1016 939 Et
1054 881 1150 938 ait
1184 877 1490 954 Michaeas,
1527 880 1781 959 quando
1821 879 1951 960 jam
1989 878 2422 962 apprehende-

932 977 1137 1052 batur,
1174 985 1243 1037 ut
1283 977 1620 1040 duceretur
1649 978 1724 1040 ad
1757 997 2074 1041 carcerem
2111 979 2419 1046 :Audite‚

925 1079 1157 1153 populi
1183 1097 1417 1147 omnm,
1439 1076 1502 1137 id
1537 1085 1652 1152 est,
1679 1077 1821 1138 sitis
1852 1095 2164 1139 memores
2198 1095 2416 1138 eorum

931 1193 1074 1256 quae
1105 1174 1258 1250 dixi,
1285 1183 1353 1236 ut
1383 1194 1581 1256 quum
1618 1174 1859 1236 fuerint
1882 1175 2247 1256 adimpleta,
2282 1194 2421 1257 per-

933 1273 1204 1334 hibeatis
1245 1273 1678 1336 testimonium
1723 1275 1994 1336 veritati.
2031 1273 2295 1347 Quidam
2328 1274 2420 1335 di-

933 1381 1106 1446 cunt,
1127 1373 1296 1454 quod
1325 1372 1486 1434 dixit
1518 1373 1658 1440 hoc,
1680 1372 1900 1434 volens
1924 1372 2066 1453 plus
2091 1372 2291 1454 loqui,
2309 1373 2414 1436 sed

935 1489 1060 1532 non
1095 1469 1215 1532 fuit
1246 1471 1614 1552 permissus,

1021 1573 1328 1630 Ascendit
1365 1573 1584 1649 itaque
1623 1590 1737 1628 γεω
1776 1573 1982 1630 Israel
2017 1581 2076 1629 et
2112 1573 2419 1647 Josaplzac

933 1690 1048 1728 γεω·
1074 1671 1248 1729 Juda
1285 1670 1352 1728 in
1376 1671 1655 1730 Ramoth
1689 1671 1963 1729 Galaad.
1993 1671 2179 1729 Dixit
2204 1672 2421 1746 itaque

937 1789 1055 1827 rem
1086 1771 1290 1828 Israel
1326 1770 1414 1826 ad
1449 1767 1757 1843 Josaphat
1787 1785 1810 1827 .·
1839 1771 2036 1828 Sume
2067 1789 2253 1827 arma
2287 1775 2415 1842 tua,

2530 782 3115 863 Intelleaeeruntque
3136 785 3465 862 principes
3491 805 3825 850 curruum,
3840 785 4001 862 quod

2532 899 2659 938 non
2687 890 2839 940 essee
2870 901 2985 939 γεω
3013 885 3241 953 Israel,
3274 892 3332 941 ec
3365 891 3763 942 cessaverunt
3794 884 3877 940 ab
3912 901 3993 940 eo,

2628 981 2740 1038 Vir
2777 990 2991 1040 autem
3032 983 3300 1060 quidam
3345 983 3609 1041 tetendit
3646 1000 3893 1048 areum,
3934 983 3993 1038 in

2532 1079 2846 1137 incertum
2887 1083 3193 1156 sayittam
3230 1082 3545 1158 diriyen&
3582 1090 3643 1140 et
3678 1100 3827 1140 casu
3858 1099 3997 1156 per-

2526 1179 2722 1236 cussit
2750 1177 2961 1257 jaculo
2990 1199 3197 1254 reyem
3215 1182 3421 1240 Israel
3442 1181 3614 1238 inter
3633 1184 3995 1255 pul-monem

2526 1285 2585 1334 et
2612 1279 3029 1337 stomachum.
3056 1277 3185 1338 Non
3218 1277 3355 1339 sine
3385 1278 3603 1340 divina
3634 1277 3999 1358 praeordina-

2530 1373 2701 1436 tione
2745 1373 2865 1437 hoc
2906 1377 3174 1456 cont-igit
3209 1394 3222 1437 :
3258 1377 3388 1439 imo
3438 1385 3725 1458 respectu
3772 1376 3997 1437 divina*

2531 1473 2943 1553 providentiae
2974 1474 3190 1536 omnia
3218 1475 3569 1537 certissime
3598 1474 3903 1536 intuentis
3930 1493 3995 1534 ac

2528 1571 2909 1635 aeternaliter
2950 1573 3422 1654 praenoscentiS‚
3477 1573 3637 1635 nihil
3686 1582 3778 1634 est
3828 1591 3999 1634 casu-

2529 1668 2649 1744 ale,
2694 1688 2903 1751 neque
2946 1669 3315 1743 fortuitum3
3362 1670 3490 1733 imo
3530 1670 3621 1732 sic
3662 1681 3866 1732 certus
3908 1681 3997 1731 est

2529 1768 2683 1829 ordo
2722 1787 3077 1844 causarum,
3120 1769 3412 1850 quamvis
3454 1787 3528 1830 ex
3564 1770 3683 1831 hoc
3720 1787 3843 1831 non
3890 1769 3999 1830 tol-

935 1867 997 1928 id
1039 1873 1154 1940 est,
1193 1865 1380 1943 regiis
1420 1865 1612 1926 armis
1659 1874 1719 1926 te
1757 1865 1961 1940 muni,
1995 1877 2053 1926 ec
2089 1869 2420 1943 inyredere
2456 1861 2501 1922 B
2532 1866 2742 1928 lantur
2773 1886 2810 1928 a
2840 1868 3028 1929 rebus
3064 1867 3290 1931 creatis
3333 1867 3612 1944 libertaS,
3654 1866 3905 1930 fortuna
3940 1875 3993 1927 et

933 1968 1264 2043 praelium,
1299 1973 1598 2044 tanquam
1631 1964 1929 2027 dominus
1961 1965 2154 2027 totius
2186 1965 2421 2028 exerci-

938 2073 1059 2138 ωε,
1080 2075 1138 2124 et
1161 2066 1432 2124 induere
1453 2066 1726 2124 vestibus
1751 2066 1904 2132 tuis,
1921 2063 1985 2125 id
2007 2073 2123 2140 est,
2145 2063 2419 2143 regalem

937 2162 1130 2225 indue
1169 2170 1542 2243 apparatum
1584 2171 1775 2243 atque
1821 2163 2141 2238 vestitum,
2188 2162 2423 2241 regalia

933 2263 1313 2322 assumendo
1347 2261 1642 2340 insignia,
1662 2280 1803 2342 quae
1838 2260 2002 2323 ferre
2033 2262 2419 2324 consuevisti

937 2361 1014 2421 ad
1055 2358 1243 2434 bella,
1279 2366 1340 2421 et
1379 2379 1780 2422 communem
1823 2368 2065 2422 vestem
2112 2380 2282 2422 nunc
2318 2361 2423 2422 de-

937 2459 1254 2540 ponendo.
1281 2457 1406 2520 Hoc
1435 2457 1650 2520 Achab
1682 2457 1928 2519 locutus
1959 2465 2075 2534 est,
2101 2457 2204 2521 vel
2237 2469 2303 2519 ut
2331 2458 2424 2521 Jo-

937 2556 1161 2637 saphat
1183 2554 1311 2636 regi
1339 2565 1634 2635 tanquam
1661 2555 1883 2635 majori
1905 2553 2201 2631 deferret,
2219 2555 2317 2617 vel
2342 2575 2421 2618 ne

937 2654 1074 2735 ipse
1104 2653 1321 2715 Achab
1363 2663 1849 2731 cognosceretur
1889 2673 1928 2714 a
1966 2653 2158 2734 SyriS,
2201 2653 2421 2735 sicque

935 2752 1150 2814 minus
1183 2745 1662 2832 impugnaretur
1684 2751 1936 2828 abillis,
1959 2752 2058 2816 vel
2082 2761 2148 2814 ut
2174 2753 2421 2832 pondus

935 2849 1088 2912 belli
1135 2869 1326 2931 super
1362 2849 1660 2930 Josaphat
1705 2849 2088 2912 immineret.
2129 2850 2287 2913 Hinc
2329 2871 2423 2913 se-

935 2950 1174 3031 quitur.
1201 2953 1404 3011 Porro
1435 2969 1551 3008 reoe
1583 2952 1787 3009 Israel
1813 2953 2094 3009 mutavit
2125 2953 2419 3011 habitum

2529 1983 2733 2040 casuS‚
2770 1973 2839 2028 ut
2870 1966 3260 2046 experientia
3288 1985 3545 2048 quoque
3574 1974 3851 2028 testatur.
3885 1964 3997 2025 Ve-

2532 2073 2885 2126 rumtamen
2918 2064 2983 2127 in
3014 2064 3537 2146 Paralipomenon
3571 2063 3815 2144 legitur,
3830 2063 3994 2144 quod

2530 2163 2845 2243 percussit
2894 2180 3105 2241 regem
3155 2163 3340 2225 lsrael
3388 2163 3553 2224 inter
3596 2162 3900 2224 cervicem
3938 2169 3996 2221 et
4020 2181 4221 2223 uram-2,

2530 2261 2821 2342 scapulas
2859 2279 2871 2323 :
2910 2280 3023 2342 pro
3062 2281 3333 2342 quorum
3378 2260 3715 2323 concordia
3751 2278 3996 2342 respon·
4020 2247 4076 2286 ³³·

2528 2360 2731 2437 detur,
2751 2362 2921 2441 quod
2956 2362 3182 2439 sagit-ta
3211 2379 3248 2422 a
3278 2369 3455 2442 parte
3481 2359 3775 2423 anteriori
3806 2377 3995 2441 prope

2530 2459 2899 2541 pulmonem
2933 2459 3213 2535 intravit,
3232 2470 3294 2522 et
3327 2468 3491 2522 retro
3520 2459 3688 2522 circa
3718 2458 3995 2540 scapulas

2530 2559 2703 2636 exiit,
2739 2560 2895 2640 quia
2924 2559 3239 2622 tendendo
3282 2560 3347 2620 in
3386 2559 3575 2620 altius
3615 2557 3991 2626 movebatur,

2532 2668 2750 2741 utpote
2790 2681 2825 2722 a
2865 2659 3077 2741 pedite
3111 2659 3327 2736 missa,
3363 2668 3426 2721 et
3464 2677 3672 2739 regem
3712 2659 3778 2719 in
3816 2676 3991 2721 curru

2530 2767 2797 2821 stantem
2824 2767 3089 2838 tangens
3113 2777 3183 2822 ac
3206 2757 3557 2840 perforans
3577 2757 3752 2831 Quod
3774 2757 3823 2818 si
3842 2775 3995 2838 quae-

2534 2866 2725 2932 ratur,
2754 2857 3027 2938 qualiter
3059 2873 3271 2936 regem
3303 2865 3610 2918 armatum
3644 2855 3847 2936 potuit
3873 2873 3997 2936 per-

2535 2954 2763 3030 forare,
2787 2956 3204 3037 respondetur
3232 2974 3309 3017 ex
3338 2973 3433 3031 eo,
3453 2955 3622 3036 quod
3654 2954 3723 3016 in
3752 2953 3995 3016 Hebraeo

929 3047 1408 3116 mammilitari
1427 3048 1655 3110 vestitu
1679 3056 1742 3109 et
1762 3056 2079 3109 armatura
2099 3048 2421 3110 communi
2455 3046 2501 3110 C
2533 3053 2822 3131 habetur,
2867 3053 3180 3115 Percussit
3222 3071 3363 3115 eum
3410 3053 3575 3114 inter
3618 3071 3904 3135 squamas
3940 3061 3995 3112 et

933 3147 1117 3228 quasi
1149 3147 1444 3227 operiens
1475 3166 1563 3221 se,
1597 3158 1656 3207 et
1687 3151 2010 3224 ingressus
2039 3159 2128 3208 est
2161 3152 2416 3209 bellum.

1014 3250 1154 3307 Rem
1183 3256 1400 3305 autem
1429 3248 1648 3321 Syriae
1681 3249 1986 3323 proecepz't
2013 3249 2422 3324 principibus

933 3364 1274 3413 curruum,
1318 3362 1394 3405 ex
1440 3343 1675 3424 quibus
1720 3344 1980 3425 quidam
2029 3345 2416 3426 pugnabant,

938 3444 1210 3519 tre'qinta
1249 3444 1517 3513 duobuS,
1560 3444 1778 3503 dicens
1808 3464 1829 3502 .·
1861 3446 2005 3504 Non
2041 3446 2424 3520 pugnabitis

935 3550 1156 3601 eontra
1205 3544 1518 3601 minorem
1561 3552 1620 3602 et
1667 3544 1977 3618 majorem
2025 3544 2417 3621 quempiam,

937 3642 1074 3699 ocis-i
1100 3650 1324 3701 contra
1353 3660 1564 3716 reyem
1595 3644 1798 3701 Israel
1826 3644 2054 3711 solum,
2091 3640 2154 3702 id
2196 3650 2313 3715 est,
2349 3641 2422 3701 il-

939 3739 1070 3800 lum
1113 3738 1511 3800 solummodo
1551 3738 1887 3813 invadetiS‚
1921 3746 2223 3819 tanquam
2267 3739 2424 3801 inci-

937 3844 1202 3899 tatorem
1238 3834 1656 3918 principalem
1699 3836 1894 3899 totius
1933 3836 2124 3916 hujus
2157 3837 2417 3917 negotii,

643 3940 817 3997 ¹¹¹Re9-
835 3956 904 3993 ¹¹.
937 3944 1000 3997 et
1030 3935 1182 4016 quia
1212 3934 1419 3997 foedus
1442 3934 1639 4015 paciS,
1656 3935 1826 4015 quod
1849 3954 2062 3997 secum
2089 3936 2425 4011 inii,violat

643 4006 710 4047 34·
937 4034 1146 4095 modo.
1173 4032 1401 4095 Dicunt
1433 4040 1640 4095 tamen
1672 4032 1930 4114 quidam
1967 4034 2231 4109 Hebraei‚
2252 4037 2421 4115 quod

938 4150 1051 4212 per
1081 4131 1508 4212 exploratores
1545 4150 1692 4193 suos
1732 4130 1894 4193 clam
1930 4132 2236 4213 percepit,
2270 4150 2425 4212 qua-

2534 3148 2817 3224 loricam,
2856 3147 3173 3224 videlicet,
3209 3148 3362 3229 quia
3393 3167 3500 3211 rex
3529 3167 3720 3230 super
3752 3147 3993 3209 loricam

2532 3246 2755 3309 babuit
2803 3255 3211 3321 armaturam,
3257 3255 3325 3308 ut
3369 3246 3591 3321 fertur,
3632 3246 3710 3309 de
3758 3245 3997 3307 laminis

2534 3345 2759 3407 ferreis
2791 3346 2991 3407 instar
3022 3363 3427 3425 squamarum
3458 3344 3781 3421 connexiS‚
3816 3344 3999 3405 eleva-

2532 3454 2723 3525 taque
2762 3463 2890 3506 una
2928 3462 3144 3505 earum
3192 3463 3227 3505 a
3273 3442 3411 3506 loco
3456 3461 3591 3519 suo,
3636 3444 3861 3522 sagitta
3899 3462 3999 3524 per

2532 3562 2677 3605 cum
2706 3543 2769 3604 in
2781 3542 2979 3604 travit.
3002 3546 3087 3603 At
3110 3544 3222 3601 ille
3240 3543 3419 3602 dixit
3437 3544 3686 3618 auriyoe
3704 3562 3818 3602 suo
3839 3560 3861 3601 .·
3882 3545 3999 3601 Ver-

2536 3652 2591 3701 te
2624 3662 2895 3701 manum
2934 3652 3133 3711 tuam,
3168 3652 3227 3701 et
3262 3642 3421 3716 ejice
3460 3661 3558 3699 me
3590 3643 3668 3699 de
3704 3643 3998 3707 exercitu,

2532 3743 2689 3820 quia
2713 3742 3009 3818 yravz'ter
3038 3744 3419 3801 vulneratus
3446 3760 3611 3800 sum.
3644 3739 3835 3801 Paulo
3876 3746 4002 3820 post

2534 3838 2829 3900 subditur
2863 3858 2876 3901 ε
2919 3838 3043 3899 Rex
3081 3837 3267 3901 Israel
3318 3837 3526 3900 stabat
3565 3837 3627 3899 in
3666 3856 3857 3899 curru
3898 3855 4000 3897 suo

2534 3945 2757 4000 contra
2786 3937 2996 4020 Syr08‚
3016 3945 3078 4000 et
3100 3937 3165 3998 in
3196 3936 3717 4017 Paralipomenon
3747 3937 3998 4010 additur,

2534 4036 2743 4116 Usque
2772 4036 2850 4098 ad
2880 4054 3209 4119 vesperam
3250 4053 3263 4096 ε
3299 4035 3617 4116 quomodo
3652 4052 3801 4113 ergo
3828 4034 4001 4115 Jussit
4048 4048 4193 4093 aasz.

2535 4154 2601 4196 se
2653 4135 2730 4197 de
2780 4134 3057 4197 exercitu
3111 4133 3299 4213 ejici?
3346 4133 3779 4215 Respondetur
3820 4152 3893 4195 ex
3936 4150 4002 4194 eo

941 4230 1085 4292 liter
1125 4228 1407 4290 Michaeas
1453 4229 1744 4309 praedixit
1782 4249 1926 4292 eum
1969 4250 2263 4293 casurum
2306 4232 2425 4293 ibi·
2456 4229 2505 4290 D
2534 4234 2703 4315 quod
2770 4233 3049 4296 secundo
3106 4231 3625 4313 Paralipomenon
3692 4232 4001 4303 asseritur,

937 4330 1102 4403 dem,
1139 4337 1203 4391 et
1241 4337 1481 4390 ceteros
1523 4347 1844 4405 evasurOS‚
1879 4330 2022 4392 ideo
2059 4329 2248 4411 jussit
2278 4349 2421 4393 eum

936 4428 1262 4488 dumtaxat
1293 4426 1676 4507 impugnari.
1701 4430 1913 4495 Quum
1939 4448 2085 4505 erqo
2113 4431 2425 4490 vidissent

929 4528 1085 4602 prin
1093 4527 1258 4601 cipes
1278 4545 1595 4585 curruum
1612 4528 1934 4602 Josapkat,
1946 4530 2257 4604 suspicati
2274 4539 2425 4588 sunt

937 4626 1107 4703 quod
1135 4633 1287 4683 esset
1316 4644 1434 4683 γεω
1460 4626 1687 4684 Israel.
1711 4626 1797 4685 Ec
1825 4626 2069 4701 impetu
2099 4628 2291 4704 facte,
2306 4647 2426 4704 pu-

921 4712 1225 4798 '9nabant
1265 4732 1486 4781 eontra
1529 4742 1702 4792 eum,
1745 4722 1809 4784 id
1853 4730 1949 4784 est
1996 4732 2216 4785 contra
2256 4723 2427 4786 Josa-

939 4821 1114 4900 phat,
1148 4837 1340 4899 quem
1371 4819 1673 4881 videbant
1715 4821 1886 4901 regio
1927 4821 2282 4884 diademate
2321 4823 2427 4884 de-

938 4926 1246 4994 coratum,
1300 4926 1596 4999 putantes
1644 4920 1814 5001 quod
1865 4930 2030 4982 esset
2079 4920 2317 4997 Achab,
2368 4933 2427 4981 ec

937 5020 1330 5077 emolamavit
1346 5020 1674 5094 Josaphac.
1699 5018 1986 5080 Secundo
2015 5018 2429 5099 Paralipome-

643 5124 903 5179 uranon„
941 5131 1066 5175 non
1101 5112 1390 5189 habetur,
1425 5115 1595 5196 quod
1626 5114 1924 5178 clamavit
1952 5115 2027 5176 ad
2061 5116 2422 5193 Dominum,

643 5190 712 5229 ³¹·
941 5210 1002 5271 id
1048 5219 1165 5285 est,
1199 5211 1396 5272 Deum
1444 5230 1557 5292 pro
1606 5212 1980 5275 defensione
2025 5222 2086 5275 et
2130 5214 2428 5277 evasione

941 5306 1215 5385 rogavit3
1253 5310 1504 5372 vocavit
1535 5329 1793 5391 quoque
1834 5313 1910 5373 ad
1953 5332 2018 5373 se
2058 5312 2423 5375 auxiliarios

2536 4333 2707 4395 Educ
2750 4352 2851 4393 me
2893 4333 2968 4394 de
3009 4332 3164 4394 acie.
3199 4331 3415 4411 Itaque
3447 4350 3669 4393 sensus
3700 4338 3815 4405 est,
3848 4329 4002 4411 quod
4048 4344 4184 4389 man

2535 4431 2726 4511 jussit
2750 4450 2817 4492 se
2848 4431 2927 4491 de
2961 4430 3165 4512 prima
3194 4430 3330 4492 acie
3362 4429 3574 4492 reduci
3610 4430 3687 4491 ad
3722 4428 4005 4511 posterio-

2542 4548 2672 4591 rem
2700 4528 2763 4589 in
2798 4548 3011 4605 curru,
3035 4529 3098 4589 in
3125 4548 3253 4609 qua
3276 4529 3487 4589 minus
3515 4528 4000 4610 impugnaretur,

2538 4645 2847 4707 suamque
2877 4627 3197 4689 laesionem
3222 4627 3494 4708 amplius
3517 4625 3873 4688 occultaret.
3892 4624 4007 4685 Ste-

2538 4725 2613 4786 tit
2644 4734 2854 4787 autem
2892 4726 2955 4786 in
2996 4744 3184 4787 curru
3218 4743 3354 4799 suo,
3398 4744 3478 4786 ne
3516 4725 3829 4786 exercitus
3866 4742 4007 4783 suus

2538 4824 2789 4903 cognita
2820 4823 3261 4886 vulneratione
3300 4843 3415 4885 sua
3456 4822 3709 4884 territus
3751 4822 4003 4901 fugeret.

2624 4925 3039 4984 Com-missum
3067 4932 3157 4983 est
3186 4942 3332 4999 erqo
3356 4924 3665 4999 praelium
3698 4923 3769 4981 in
3798 4923 3902 4981 die
3940 4923 4011 4977 il-

2540 5026 2625 5081 la.
2646 5024 2728 5081 Ec
2748 5041 2865 5080 ‘rex
2887 5024 3089 5081 Israel
3108 5024 3317 5080 stabat
3338 5022 3411 5080 in
3431 5040 3631 5079 curru
3659 5040 3773 5079 suo
3802 5029 4006 5079 eontra

2542 5122 2760 5197 Syros.
2784 5120 2866 5179 Ec
2888 5130 3177 5179 mortuus
3208 5130 3296 5179 esc
3326 5138 3593 5195 vespere.
3616 5104 3879 5179 Fluebac
3906 5138 4010 5177 tm-

2541 5228 2658 5277 tem
2692 5218 2959 5292 sanquis
2984 5220 3197 5293 playoe
3220 5216 3389 5296 regis
3419 5219 3486 5275 ire
3522 5219 3763 5285 sinum,
3783 5214 3897 5277 hoc
3924 5224 4007 5276 est

2539 5314 2843 5376 interiora
2872 5332 2943 5375 ac
2977 5312 3273 5389 fundum,
3308 5334 3561 5384 curru-5,
3594 5323 3654 5374 ee
3674 5332 3881 5391 proeco
3918 5314 4011 5370 in·
