4359 6250
1032 501 1379 549 manuario
1422 502 1483 548 IN
1526 501 1661 547 CAP-
1708 500 1903 546 xxvm
1944 499 2103 545 unm
2143 497 2312 544 1³thss
2355 496 2578 544 REGUM.
2620 515 2700 526 —
2740 495 2884 541 Am.
2924 493 3088 541 vau

3485 473 3597 536 411

502 672 611 734 vis
642 689 773 736 non
797 691 1021 736 omnes
1043 672 1135 735 sic
1160 670 1631 750 fecerint,sicut
1659 690 1776 734 nec
1796 671 2000 733 modo.
2037 668 2090 731 A
2114 670 2456 746 festinavit
2493 678 2553 729 ec
2592 670 2824 728 occidit
2863 686 3011 726 eum
3052 664 3128 727 ad
3173 662 3599 745 coquendum.

504 775 648 832 Sed
694 783 757 832 ec
803 781 1015 833 castra
1061 774 1267 832 Israel
1317 774 1525 832 tradet
1568 773 1885 832 Dominus
1934 772 2005 830 in

502 891 749 932 manu-s·
780 873 1170 934 philistiim.

592 973 963 1050 Statimque
990 973 1159 1032 Saul
1184 971 1415 1030 cecidit
1436 980 1769 1048 porrectus
1798 972 1871 1030 in
1896 979 2009 1030 cer-

500 1089 679 1129 ram.
706 1071 1127 1130 Extimuerat
1156 1071 1333 1130 enim
1356 1072 1543 1130 verba
1574 1070 1923 1140 SamueliS,
1948 1078 2007 1129 et

498 1170 710 1228 robur
738 1188 869 1228 non
898 1177 1037 1228 erat
1065 1169 1139 1228 in
1168 1188 1260 1238 ec,
1292 1169 1452 1247 quia
1482 1187 1613 1228 non
1652 1169 2008 1228 comederat

490 1285 747 1342 panem
780 1275 909 1326 tota
936 1267 1044 1324 die
1074 1267 1193 1326 illa
1212 1287 1234 1324 .·
1256 1264 1320 1327 id
1352 1272 1467 1342 est,
1500 1264 1849 1348 corporalis
1879 1264 2009 1328 for-

502 1364 719 1426 titudo
750 1371 886 1426 erat
915 1363 1101 1427 valde
1128 1363 1460 1427 debilitata
1490 1363 1555 1424 in
1588 1362 1760 1440 Saul,
1782 1381 1857 1426 ex
1879 1381 2008 1445 quo

502 1469 647 1534 tota
678 1462 784 1524 die-
828 1461 942 1524 illa
983 1463 1076 1524 nil
1120 1461 1555 1540 manducavit,
1588 1471 1651 1526 et
1696 1462 1889 1524 etiam
1932 1481 2009 1526 ex

496 1560 914 1642 apparitione
949 1569 1013 1623 et
1042 1560 1431 1624 allocutione
1474 1559 1598 1622 sibi
1645 1559 1942 1623 exhibitis
1972 1580 2009 1622 a

498 1659 842 1722 suscitato.
866 1659 957 1721 Ex
989 1659 1224 1721 talibus
1246 1659 1418 1722 enim
1450 1659 1613 1724 solet
1639 1658 1833 1723 homo
1852 1660 2009 1721 mul-

500 1766 649 1818 tum
681 1757 1028 1820 debilitari.
1064 1757 1347 1840 Itemque
1378 1777 1455 1821 ex
1485 1757 1886 1822 vehementia
1906 1758 2005 1821 sui

2124 772 2496 848 Tollen-sque
2515 769 2811 845 farinam
2834 764 3170 840 triticeam,
3187 763 3446 824 miscuit
3463 782 3606 822 eam

2117 885 2266 929 cum
2287 885 2475 948 aqua,
2493 883 2621 928 non
2652 884 2796 927 cum
2831 862 3166 938 fermento,
3189 871 3250 922 et
3269 863 3440 921 coxit
3459 880 3608 938 azy-

2116 985 2249 1037 ma,
2287 965 2352 1026 id
2403 973 2500 1027 est
2547 981 2796 1046 azymos
2837 981 3056 1045 paneS,
3093 972 3152 1022 et
3190 962 3410 1039 posuit
3458 967 3608 1020 ante

2115 1067 2285 1126 Saul
2313 1074 2373 1125 et
2403 1074 2552 1124 ante
2580 1083 2790 1124 servos
2819 1063 2979 1140 eju-3.
3021 1062 3147 1129 Qui
3173 1079 3376 1141 quum
3404 1079 3606 1118 come-

2114 1164 2384 1234 dissent,
2415 1171 2844 1223 sum-emerunt
2872 1171 2932 1222 et
2968 1162 3466 1221 ambulaverunt
3487 1177 3608 1234 per

2120 1270 2316 1322 totam
2347 1271 2590 1322 noctem
2616 1263 2824 1320 illam.
2844 1260 2980 1321 Jam
3004 1257 3243 1321 dictum
3269 1265 3363 1320 est
3385 1255 3451 1318 in
3485 1255 3607 1318 isto

2119 1360 2422 1442 capitul0,
2461 1360 2631 1441 quod
2663 1366 2978 1422 venerunt
3020 1358 3097 1421 ad
3128 1355 3461 1419 mulierem
3503 1373 3610 1418 no-

2119 1468 2220 1522 cte
2245 1484 2258 1532 ;
2285 1459 2536 1536 deinde,
2558 1459 2729 1540 quod
2761 1457 2908 1520 Saul
2941 1476 3068 1520 non
3091 1456 3450 1520 comederat
3481 1462 3610 1517 tota

2118 1559 2223 1622 die
2269 1558 2420 1633 illa3
2468 1577 2638 1620 nune
2683 1575 2858 1632 vero,
2903 1558 3075 1638 quod
3121 1554 3612 1618 ambulaverunt

2118 1677 2233 1740 per
2263 1665 2459 1720 totam
2483 1666 2734 1720 noctem
2769 1657 2966 1718 illam.
2993 1655 3304 1729 Quaeritur
3334 1672 3508 1734 ergo,
3527 1672 3608 1715 an

2117 1757 2336 1819 omnia
2367 1757 2488 1818 ista
2519 1755 2688 1819 facta
2727 1754 2856 1818 sint
2887 1774 3013 1817 una
3043 1763 3249 1829 nocte,
3285 1772 3364 1814 an
3397 1751 3610 1834 potius

496 1855 784 1932 timoriS,
818 1873 1007 1938 quem
1042 1875 1121 1918 ex
1149 1855 1362 1918 verbis
1404 1865 1467 1918 et
1495 1854 2007 1919 comminationi·
2044 1855 2091 1916 B
2118 1857 2256 1920 dies
2304 1854 2687 1931 artificialiS,
2733 1853 2898 1916 inter
2946 1860 3194 1916 noctem
3245 1871 3374 1933 qua
3422 1870 3612 1914 vene-

496 1954 631 2016 bus
666 1953 979 2017 Samuelis
1012 1955 1302 2018 incurrit.
1337 1959 1639 2034 Ingressa
1667 1955 1757 2015 est
1790 1957 2008 2035 itaque
2119 1964 2290 2032 runt,
2327 1963 2390 2016 et
2421 1961 2672 2016 noctem
2704 1971 2832 2034 qua
2863 1952 3206 2028 redierunt,
3245 1949 3439 2012 fuerit
3481 1967 3610 2010 me-

496 2057 757 2113 mulier
786 2056 905 2114 illa
940 2057 1029 2114 ad
1058 2057 1249 2116 Saul.
1283 2053 1552 2133 Egressa
1590 2053 1762 2115 enim
1807 2053 1885 2116 de
1916 2073 2008 2116 se·
2117 2055 2284 2117 diuS.
2316 2053 2411 2115 Ad
2441 2045 2698 2133 quodsi
2731 2060 2904 2114 certo
2939 2051 3169 2114 debeat
3211 2047 3606 2131 responderi,

496 2152 805 2228 cretario‚
828 2151 895 2213 in
927 2170 1057 2233 quo
1076 2151 1473 2216 maleficium
1496 2171 1683 2215 suum
1714 2151 2012 2228 exercuit,
2115 2159 2436 2235 oporteret
2483 2149 2646 2214 scire
2696 2150 2979 2214 locorum
3028 2147 3419 2224 distantiam,
3465 2167 3609 2228 quae

498 2251 779 2314 intravit
798 2253 875 2315 ad
895 2251 1509 2314 Saul..Conturbatus
1527 2255 1701 2314 enim
1722 2261 1860 2312 erat
1882 2257 2011 2312 υαῖ-
2116 2259 2212 2313 est
2241 2251 2408 2313 inter
2437 2250 2650 2313 Endor
2681 2257 2744 2312 et
2763 2247 3019 2312 Gelboe.
3047 2247 3330 2328 Denique
3357 2265 3432 2309 ex
3461 2246 3604 2320 hoc,

488 2355 609 2411 de.
638 2351 955 2429 Dixitque
982 2353 1072 2410 ad
1098 2369 1287 2410 eum:
1306 2353 1465 2412 Ecce
1490 2352 1745 2410 obedit-i
1764 2353 2009 2410 ancilla
2116 2352 2290 2431 quod
2323 2348 2471 2412 Saul
2507 2359 2630 2411 tam
2663 2347 2954 2412 celeriter
2999 2355 3062 2410 et
3092 2347 3392 2409 audacter
3422 2344 3610 2407 rediit

498 2459 629 2509 tua
660 2450 800 2508 voci
844 2457 997 2517 tuce,
1026 2458 1085 2508 et
1106 2449 1301 2525 posui
1343 2450 1637 2510 animam
1683 2470 1891 2510 meam
1934 2450 2007 2507 in
2114 2451 2193 2513 ad
2227 2468 2397 2525 ειιοε,
2424 2457 2493 2510 ut
2527 2448 2857 2510 adsisteret
2889 2446 2983 2509 eis
3015 2447 3080 2508 in
3113 2444 3355 2528 praeljo,
3383 2443 3449 2505 in
3480 2462 3610 2525 quo

496 2567 719 2608 manu
760 2567 927 2616 mea,
967 2545 1031 2608 id
1082 2553 1199 2622 est,
1247 2545 1444 2608 vitam
1489 2566 1695 2610 meam
1744 2547 2007 2629 exposui
2114 2567 2186 2610 se
2234 2556 2496 2613 noverat
2543 2546 2984 2622 occidendum,
3021 2544 3436 2628 perpenditur
3479 2562 3610 2606 ma-

498 2644 859 2728 perditioni
891 2653 954 2708 et
992 2644 1279 2726 periculo
1322 2644 1568 2720 mortiS,
1606 2644 1899 2708 faciendo
1929 2645 2006 2707 ad
2116 2666 2243 2728 gna
2271 2647 2412 2728 ejus
2453 2645 2736 2722 audacia,
2772 2644 3164 2720 animositas,
3199 2642 3608 2724 fidelitasque

496 2753 687 2805 tuam
720 2743 1089 2806 instantiam
1126 2761 1287 2825 opus
1316 2743 1435 2806 sub
1469 2744 1691 2806 mortis
1724 2743 2009 2825 periculo
2114 2747 2194 2808 ad
2228 2745 2536 2828 populum
2577 2763 2785 2806 suum.

498 2841 911 2925 prohibitum
942 2861 979 2904 a
1024 2842 1164 2922 lege
1192 2850 1255 2904 et
1302 2859 1481 2922 rege3
1514 2853 1575 2903 et
1611 2844 1846 2902 audivi
1885 2863 2008 2902 ser·
2196 2844 2509 2918 Quaeritur
2537 2843 2708 2906 circa
2737 2841 3106 2925 praehabita,
3142 2860 3222 2903 an
3255 2839 3507 2903 Samuel
3541 2839 3606 2901 in

494 2962 727 3003 mones
761 2951 897 3001 tuos
932 2961 1087 3022 quos
1131 2945 1381 3002 locutus
1422 2962 1485 3001 es
1529 2944 1617 3002 ad
1658 2961 1776 3002 me.
1812 2943 2009 3002 Nunc
2117 2942 2233 3006 hac
2284 2941 2684 3025 apparitione
2715 2960 2862 3005 vere
2912 2940 3228 3022 apparuit,
3263 2959 3344 3002 an
3395 2939 3609 3021 potius

492 3042 723 3117 ἐρίων
749 3041 993 3099 audiet
1025 3049 1096 3100 tu
1118 3059 1329 3101 vocem
1356 3041 1617 3101 ancillae
1650 3049 1796 3111 tuoe,
1820 3047 1879 3098 et
1901 3058 2009 3116 po·
2041 3044 2085 3107 C
2116 3042 2378 3125 spiritus
2411 3041 2616 3103 malus
2649 3039 2713 3102 in
2746 3039 2885 3121 ejus
2916 3038 3163 3120 effigie.
3189 3037 3363 3111 Quod
3396 3046 3607 3101 autem

490 3156 669 3199 nam
696 3157 915 3198 coram
962 3147 1019 3197 tc
1063 3140 1413 3198 buccellam
1433 3140 1655 3214 partia,
1694 3136 1758 3199 id
1798 3146 1893 3199 cst
1925 3135 2007 3199 ci·
2118 3142 2184 3203 in
2217 3160 2290 3203 ea
2321 3140 2687 3223 apparuerit
2719 3139 2971 3202 Samuel
3004 3158 3172 3215 vere,
3199 3138 3450 3213 videtur
3482 3146 3609 3201 tex-

494 3236 666 3303 bum
710 3234 1222 3312 convenientem,
1262 3245 1334 3295 ut
1363 3238 1689 3296 comedens
1726 3240 2008 3297 convale-
2116 3248 2218 3302 tus
2264 3238 2606 3302 manifeste
2645 3248 2709 3302 et
2743 3238 3001 3321 copiose
3041 3238 3455 3320 praetendere,
3489 3255 3606 3299 nec

488 3356 673 3404 scae,
700 3345 760 3395 et
792 3337 1000 3413 possis
1040 3337 1166 3395 iter
1200 3354 1407 3411 ayere.
1442 3334 1753 3415 Loquitur
1794 3342 2003 3397 autem

490 3433 747 3496 mulier
775 3432 1125 3509 curialiter,
1159 3432 1325 3495 sicut
1355 3432 1565 3496 dicere
1596 3433 1876 3497 solemus
1904 3432 2005 3494 his

488 3550 675 3615 quos
706 3530 1055 3597 invitamus
1091 3531 1491 3595 :·Comedatis
1518 3550 1718 3593 unum
1750 3531 2007 3595 morsel-

494 3633 671 3694 lum.
708 3634 838 3700 Qui
878 3632 1125 3701 renuit,
1162 3640 1222 3691 et
1271 3632 1369 3691 ait
1407 3652 1431 3690 .·
1472 3632 1617 3695 Non
1656 3633 2001 3691 comedam.

496 3733 865 3806 Coeyerzmc
894 3740 1112 3791 autem
1140 3750 1289 3790 eum
1317 3731 1489 3790 servi
1515 3732 1623 3790 sui
1650 3739 1709 3789 et
1742 3731 2002 3801 mulier,

492 3829 569 3891 id
636 3836 756 3904 est,
809 3827 1123 3889 instanter
1173 3828 1455 3908 rogando
1503 3836 1567 3890 et
1616 3827 2005 3891 exhortando

490 3926 765 3991 Saulem
798 3933 869 3989 ut
888 3926 1321 4003 manducaret,
1342 3926 1703 3989 habuerunt
1732 3946 1799 3989 se
1822 3926 2007 4007 quasi

492 4044 629 4110 per
664 4026 921 4089 modum
963 4025 1273 4107 cogentiS‚
1307 4025 1603 4107 quamvis
1639 4044 1768 4089 non
1811 4023 2005 4087 fuerit

493 4123 806 4189 absoluta
846 4124 1112 4188 coactio.
1158 4127 1243 4186 Ec
1288 4128 1543 4186 can-dem
1587 4127 1819 4185 audita
1864 4146 2005 4185 voce

2117 3358 2192 3401 ex
2224 3338 2706 3401 circumstantia
2750 3338 2975 3401 litterae
3015 3338 3376 3399 insinuatur
3410 3354 3607 3418 oppo-

2116 3438 2334 3499 situm.
2368 3438 2536 3500 ldem
2568 3436 2824 3501 videtur
2853 3438 2917 3498 in
2950 3435 3393 3499 Ecclesiastico
3421 3436 3606 3498 doce-

2116 3537 2194 3614 ri,
2214 3556 2342 3618 quo
2375 3537 2641 3618 legitur:
2668 3536 2812 3600 Post
2838 3535 2970 3599 haec
2993 3535 3296 3599 dormivit
3328 3534 3601 3611 Samuel,
3633 3557 3897 3663 ss⁶⁶⁸⁸¹m

2116 3644 2178 3697 et
2207 3644 2428 3699 notum
2468 3635 2622 3698 feeit
2663 3636 2817 3715 regi,
2854 3643 2916 3698 et
2945 3634 3223 3698 ostendit
3265 3633 3356 3695 illi
3407 3632 3602 3697 finem

2114 3754 2327 3797 suum.
2365 3736 2492 3797 Hoc
2522 3752 2778 3817 quoque
2807 3732 3116 3816 Josephus
3147 3732 3361 3811 sentit,
3393 3741 3454 3795 et
3475 3750 3608 3795 om-

2116 3852 2230 3896 nes
2273 3832 2540 3910 Hebraei‚
2574 3842 2636 3895 et
2679 3831 2982 3915 probatur
3030 3851 3107 3895 ex
3143 3850 3241 3908 eo,
3276 3831 3448 3912 quod
3499 3830 3607 3893 ille

2116 3934 2453 4013 apparens,
2493 3940 2618 3994 tam
2665 3930 2946 4011 rigorose
2994 3938 3056 3993 et
3104 3949 3253 3993 vere
3295 3928 3607 4011 corripuit

2117 4028 2290 4106 Saul,
2325 4037 2387 4091 et
2432 4028 2649 4091 futura
2681 4036 2925 4091 secreta
2957 4028 3014 4091 ei
3055 4026 3365 4110 praedixit.
3399 4027 3466 4089 In
3497 4045 3608 4108 op-

2117 4128 2397 4210 positum
2460 4136 2960 4207 argumentatur,
3013 4126 3318 4208 quoniam
3379 4126 3608 4189 mulier

486 4244 755 4295 eorum,
774 4225 1065 4285 surremit
1089 4226 1170 4284 de
1201 4233 1397 4294 terra,
1418 4234 1479 4284 et
1505 4226 1670 4285 sedit
1698 4244 1893 4301 super
1923 4228 2005 4283 le·
2039 4228 2086 4290 D
2116 4225 2228 4289 illa
2272 4245 2457 4307 maga
2508 4246 2912 4308 nequaquam
2957 4225 3182 4288 habuit
3231 4233 3606 4308 potestatem

486 4334 707 4385 ccum.
744 4322 887 4385 Fuit
915 4330 1129 4385 autem
1162 4330 1289 4385 tam
1330 4321 1673 4399 desolatuS‚
1710 4322 1909 4385 tristis
1941 4331 2003 4386 et

490 4420 765 4497 debilis,
798 4422 971 4503 quod
1016 4439 1146 4484 non
1179 4420 1378 4483 sensit
1414 4420 1765 4503 appetitum
1800 4422 1877 4484 ad
1910 4440 2004 4484 re-

496 4520 878 4587 fectionem.
898 4520 973 4581 Et
992 4538 1069 4583 ex
1090 4519 1214 4582 isto
1234 4519 1499 4583 eliciunt
1528 4520 1813 4601 quidam,
1831 4521 2001 4602 quod

492 4638 629 4683 nec
658 4618 889 4682 mulier
910 4618 1305 4702 pythonissa,
1332 4638 1450 4683 nec
1480 4619 1647 4683 servi
1671 4618 1878 4682 Saulis
1898 4639 2003 4682 au-

492 4718 765 4781 dierunt
796 4717 992 4781 verba
1030 4716 1342 4780 Samuelis
1386 4718 1631 4800 prolata
1674 4718 1751 4780 ad
1800 4716 1945 4781 Saul
1982 4736 1996 4779 :

482 4834 651 4900 qum
680 4816 735 4877 si
766 4815 1112 4892 audissent,
1150 4815 1498 4881 verisimile
1544 4822 1790 4898 putant,
1831 4819 2000 4898 quod

492 4916 677 4991 sicut
722 4922 1107 4995 rogaverunt
1151 4914 1403 4977 Saulem
1448 4921 1519 4976 ut
1553 4916 1998 4994 manducaret,

490 5016 599 5079 sic
633 5021 961 5093 rogassent
988 5022 1051 5076 et
1091 5014 1577 5095 persuasissent,
1610 5023 1681 5077 ut
1723 5034 1849 5078 non
1884 5016 2002 5078 iret

488 5115 579 5177 ad
616 5131 921 5194 pugnam,
958 5113 1025 5174 in
1056 5132 1183 5193 qua
1215 5112 1337 5174 fuit
1366 5133 1649 5176 casuruS.

582 5214 836 5274 Mulier
868 5222 1087 5273 autem
1127 5213 1250 5272 illa
1280 5214 1545 5273 habebat
1578 5215 1861 5276 viculum
1886 5236 2003 5294 pa-

482 5314 815 5381 scualem,
844 5309 907 5372 id
940 5318 1037 5372 est
1068 5310 1558 5393 impinguatum,
1593 5315 1662 5374 in
1696 5316 1903 5386 dome,
1936 5324 1995 5375 et

2115 4325 2464 4388 suscitandi
2501 4324 2900 4401 defunctum,
2937 4344 3052 4389 nec
3085 4326 3225 4406 ejus
3265 4323 3606 4387 maleficiis

2114 4424 2330 4486 anima
2367 4423 2570 4487 sancti
2603 4423 2913 4487 Samuelis
2948 4423 3154 4486 fuerat
3184 4422 3498 4487 oblectata
3527 4427 3603 4488 ad

2113 4524 2549 4604 apparendum
2581 4530 2644 4585 et
2672 4523 3186 4605 respondendum
3221 4521 3465 4603 iniquo.
3499 4522 3606 4585 De-

2113 4620 2310 4702 nique
2345 4621 2412 4683 in
2452 4621 2610 4684 isaia
2640 4640 2767 4702 quo
2814 4620 3064 4701 legitur,
3101 4621 3235 4683 Erit
3264 4620 3448 4702 quasi
3493 4640 3604 4703 py-

2114 4719 2329 4782 thonis
2359 4738 2480 4784 vox
2510 4728 2639 4797 tua,
2675 4719 2960 4802 loquitur
2987 4719 3228 4795 Glossa,
3264 4719 3434 4800 quod
3466 4738 3603 4780 mu-

2116 4817 2233 4880 lier
2264 4818 2639 4899 pythonissa
2677 4836 2804 4881 non
2845 4817 3178 4881 suscitavit
3219 4816 3597 4894 Samuelem,

2112 4917 2224 4979 sed
2255 4918 2607 4981 daemonem
2641 4918 2948 4981 evocavit.

2193 5017 2280 5079 De
2312 5016 2428 5078 hac
2450 5015 2716 5077 materia
2747 5014 3236 5078 introducuntur
3268 5014 3372 5077 hic
3403 5014 3604 5077 multa

2114 5116 2179 5177 in
2210 5115 2430 5178 Glossa
2451 5134 2528 5177 ex
2549 5113 2760 5177 verbis
2789 5113 3150 5195 Augustini.
3177 5114 3414 5194 ltaque,
3439 5114 3604 5176 sicut

2114 5215 2310 5277 refert
2357 5214 2652 5289 IsidoruS‚
2699 5211 3112 5295 Simpliciano
3151 5213 3600 5276 Mediolanensi

2110 5312 2413 5395 episcopo
2459 5310 2746 5375 scribens
2794 5310 3184 5393 Augustinus
3233 5328 3248 5372 :
3301 5310 3596 5392 InquiriS,

3651 4635 3714 4678 Ie.
3733 4649 3846 4685 xxix,
3887 4666 3898 4677 .
