4359 6250
630 1464 683 1507 tu
705 1465 814 1519 Rev.

574 1541 687 1578 xvun,
702 1531 835 1570 :io-38.

612 2647 766 2693 ludio.
784 2662 839 2700 vi,

576 2715 644 2756 21.

610 3236 749 3289 John.
768 3239 831 3281 ¹2.

868 472 981 536 184

1624 490 1970 536 mannum
2013 491 2075 536 m
2116 491 2254 536 mu’.
2301 490 2412 536 xm
2449 491 2724 536 mummi.
2767 509 2850 520 —
2889 491 3033 537 ΛΒΤ.
3077 491 3209 537 xxu

865 669 929 723 et
954 659 1169 742 posuit
1198 659 1321 722 ista
1344 679 1539 742 supra
1566 669 1927 743 petram,ut
1950 661 2059 722 ille
2088 661 2203 743 qui
2228 659 2353 722 sibi
2381 661 2432 722 A
2463 658 2584 722 bus
2623 659 2868 724 viribus
2917 661 2996 722 ad
3045 669 3295 742 tempus
3343 657 3624 722 destitui.
3657 657 3835 721 Unde
3879 665 3950 719 et

864 759 1182 840 apparuit,
1216 777 1292 822 ea
1320 758 1607 822 offerret.
1642 759 1819 823 Unde
1849 761 2202 822 secundum
2240 760 2356 841 Ly—

864 875 1024 932 ram,
1060 856 1125 919 in
1158 857 1417 920 Hebraeo
1448 857 1738 935 habetur,
1761 858 2055 922 Offerens
2088 858 2355 921 Domino

864 955 1148 1018 mirabili
1201 957 1451 1019 occulto
1493 959 1571 1019 ad
1618 956 2005 1034 faciendum,
2040 959 2105 1019 id
2150 966 2247 1020 est
2293 957 2354 1018 ei

864 1053 978 1134 qui
1021 1053 1145 1116 sibi
1190 1054 1557 1136 apparebat,
1592 1063 1655 1118 et
1692 1055 1852 1118 dixit
1897 1074 2129 1118 nomen
2168 1074 2354 1117 suum

865 1172 1005 1215 esse
1034 1152 1329 1216 mirabile
1358 1173 1471 1216 seu
1501 1154 1845 1231 occultum,
1882 1162 1953 1216 ut
1981 1155 2118 1236 ipse
2149 1154 2358 1236 exple-

867 1258 964 1312 ret
994 1270 1104 1313 seu
1135 1251 1495 1314 immolaret
1524 1251 1647 1315 hoe
1686 1253 2127 1316 holocaustum
2150 1253 2354 1334 :quod

868 1347 1194 1431 Prophetis
1238 1369 1314 1412 ex
1354 1349 1574 1412 divina
1623 1350 1807 1413 licuit
1854 1350 2352 1433 dispensatione.

866 1446 1044 1510 Unde
1076 1447 1262 1510 tertio
1294 1448 1460 1511 libro
1494 1449 1738 1530 Regum
1783 1449 2016 1530 legitur
2046 1449 2215 1511 Elias
2246 1449 2358 1511 ho-

864 1545 1219 1609 locaustum
1244 1547 1513 1610 Domino
1545 1547 1877 1611 obtulisse.
1904 1549 2354 1611 Verumtamen

865 1643 1278 1726 Septuaginta
1309 1647 1791 1723 transtulerunt,
1826 1646 2121 1711 Offerens
2154 1647 2359 1709 Domi-

862 1761 947 1804 no
976 1743 1300 1806 mirabilia
1329 1743 1611 1808 facienti.
1632 1745 1908 1824 Angelus
1937 1765 2196 1828 quoque
2225 1745 2356 1826 jam

867 1841 1111 1906 dixerat
1148 1842 1392 1919 Manue,
1432 1851 1503 1905 ut
1540 1843 1811 1908 offerret
1851 1845 2011 1907 illud
2053 1846 2203 1908 Deo.

958 1943 1105 2019 Ipse
1144 1951 1359 2002 autem
1402 1953 1463 2003 et
1509 1963 1679 2002 umor
1720 1944 1863 2020 ejus
1905 1946 2348 2016 intuebantur,

861 2038 1324 2102 considerando
1349 2039 1507 2122 quid
1536 2040 1563 2102 f
1567 2041 1725 2104 ieret
1750 2042 1828 2104 de
1854 2041 2122 2104 materia
2147 2041 2261 2104 illa
2291 2041 2356 2103 in

861 2137 1303 2201 holocaustum
1328 2139 1560 2217 oblata,
1585 2141 1689 2203 cui
1716 2159 1841 2204 non
1866 2149 2001 2203 erat
2025 2141 2190 2222 ignis
2213 2161 2357 2222 sup-

864 2237 1112 2319 positus
1144 2239 1221 2300 ad
1252 2238 1723 2302 incendendum
1754 2240 1987 2303 oblata.
2026 2243 2359 2320 Quumque

864 2339 1229 2396 ascenderet
1268 2341 1541 2414 flamma
1580 2342 1816 2399 altaris
1855 2341 1927 2399 in
1958 2343 2210 2399 coelum.
2246 2338 2360 2400 Per

868 2433 1082 2512 altare,
1110 2435 1492 2516 intelligitur
1521 2445 1702 2518 petra
1732 2437 1858 2514 illa,
1883 2457 2013 2518 qua
2037 2437 2177 2500 vice
2209 2437 2360 2498 alta-

870 2532 957 2594 ris
992 2533 1332 2597 utebantur
1364 2551 1378 2595 :
1414 2535 1493 2597 de
1522 2555 1649 2616 qua
1676 2537 1911 2597 virtute
1942 2535 2161 2598 divina
2192 2535 2358 2615 ignis

870 2631 1121 2713 erupit;
1156 2640 1220 2694 et
1252 2631 1415 2695 forte
1447 2634 1714 2713 angelus
1755 2634 1961 2714 tetigit
1996 2653 2159 2710 cam,
2194 2633 2360 2696 sicut

870 2731 949 2793 de
994 2730 1222 2810 angelo
1266 2730 1543 2794 Gedeoni
1589 2741 1935 2814 apparente
1980 2731 2222 2794 dictum
2265 2739 2360 2794 est

871 2847 1085 2910 supra.
1115 2828 1245 2891 Imo
1274 2829 1352 2890 ad
1385 2829 1597 2891 minus
1632 2830 1839 2910 tetigit
1869 2849 2005 2893 eam
2040 2830 2356 2912 spirituali

872 2934 1066 3002 tactu,
1091 2945 1206 2989 sua
1236 2926 1472 2989 virtute
1503 2927 1841 2991 influendo
1873 2929 1941 2990 in
1972 2948 2135 2992 cam.
2171 2928 2360 2992 Porro

2462 757 2683 821 Daniel
2721 776 2736 819 ε
2770 757 3038 839 Langui,
3063 758 3296 840 inquit,
3320 765 3464 840 post
3492 757 3804 820 visionem
3832 774 3950 838 per

2463 954 2789 1018 dissolutae
2819 963 2970 1016 sunt
3007 973 3343 1037 compages
3382 973 3559 1030 meae,
3593 963 3656 1016 et
3685 953 3848 1016 nihil
3878 953 3949 1014 in

2463 1074 2566 1118 me
2618 1055 2924 1118 remansit
2971 1055 3228 1118 virium.
3271 1055 3595 1132 Praeterea,
3641 1053 3948 1136 quoniam

2469 1153 2770 1217 Dominus
2801 1153 2961 1216 dixit
2991 1154 3068 1216 ad
3091 1153 3380 1236 Moysen:
3409 1152 3540 1215 Non
3571 1151 3816 1216 videbit
3843 1169 3950 1213 me

2465 1251 2678 1328 home,
2713 1261 2777 1315 et
2805 1252 3020 1326 vivet3
3056 1251 3478 1333 simpliciores
3511 1251 3675 1313 inter
3701 1250 3950 1312 Judaeos

2467 1351 2778 1432 putabant
2823 1370 2930 1414 eos
2979 1369 3126 1413 mox
3175 1350 3537 1426 morituroS‚
3588 1350 3702 1432 qui
3751 1350 3950 1412 Deum

2467 1457 2576 1511 aut
2603 1449 2900 1530 angelum
2939 1449 3418 1532 conspexissent
3459 1450 3525 1511 in
3565 1448 3771 1512 forma
3809 1467 3954 1510 sen-

2466 1548 2662 1611 sibili.
2693 1551 2815 1610 Cui
2843 1551 3173 1627 respondit
3206 1551 3463 1622 mulier,
3492 1567 3636 1630 quae
3665 1547 3804 1610 viro
3833 1563 3952 1609 suo

2467 1647 2816 1729 sapientior
2843 1656 3034 1728 atque
3063 1646 3314 1710 virilior
3345 1646 3502 1710 suit:
3529 1649 3608 1709 Si
3633 1649 3954 1708 Dominus

2466 1767 2578 1807 nos
2623 1750 2806 1806 veltet
2847 1749 3154 1816 occidere,
3194 1754 3496 1827 tanquam
3537 1745 3814 1826 iniquoS,
3848 1744 3953 1808 vel

2395 1849 2438 1910 Β
2469 1864 2584 1927 per
2625 1844 3092 1926 apparitionem
3147 1844 3329 1907 istam
3381 1843 3763 1921 mirabilem,
3816 1851 3956 1906 tan-

2467 1962 2660 2025 quam
2692 1961 2767 2005 ea
2797 1943 3120 2024 indignoS‚
3143 1947 3223 2004 de
3253 1945 3552 2004 manibus
3583 1946 3818 2004 nostris
3847 1947 3958 2004 ho-

2469 2047 2824 2103 locaustum
2853 2051 2914 2102 et
2945 2044 3294 2102 libamenta
3325 2063 3449 2103 non
3480 2043 3868 2120 suscepisset,
3889 2041 3955 2103 id

2469 2149 2566 2203 est
2611 2149 2869 2223 acc-epta
2919 2159 3044 2203 non
3095 2139 3446 2216 habuisset,
3489 2159 3690 2222 quum
3741 2148 3954 2202 tamen

2469 2239 2890 2321 acceptaverit
2921 2258 3016 2316 ea,
3050 2239 3216 2302 sicut
3257 2258 3370 2321 per
3409 2238 3574 2320 ignis
3616 2238 3810 2319 hujus
3837 2238 3959 2300 mi—

2470 2337 2736 2400 rabilem
2766 2337 3249 2418 productionem
3282 2345 3344 2400 et
3383 2336 3735 2400 holocausti
3765 2337 3960 2400 devo-

2470 2435 2783 2498 rationem
2842 2435 3252 2510 monstravit,
3307 2435 3843 2516 quemadmodum
3889 2444 3959 2497 et

2469 2535 2836 2597 holocausta
2863 2534 3042 2610 Abel,
3061 2535 3292 2610 Aaron,
3325 2533 3677 2596 Salomonis
3709 2541 3774 2596 et
3803 2533 3958 2596 Eliae

2469 2632 2845 2696 monstravit
2875 2632 2999 2695 sibi
3031 2633 3304 2715 placere.
3339 2637 3469 2695 Sed
3507 2653 3621 2693 nec
3649 2636 3958 2694 ostendis-

2466 2743 2556 2793 set
2587 2735 2768 2792 nobis
2797 2735 2932 2792 koec
2971 2734 3217 2804 omnia,
3253 2751 3366 2792 nec
3392 2751 3466 2792 ea
3505 2752 3650 2811 quw
3681 2742 3958 2792 ventura

2467 2841 2642 2904 sunt,
2669 2831 2734 2892 id
2763 2838 2860 2892 est
2891 2829 3102 2892 futura
3131 2838 3195 2892 et
3225 2832 3962 2910 secreta,dixisset,qua-

2470 2928 2557 2990 lia
2589 2947 2715 2990 non
2750 2928 2910 2991 solet
2941 2927 3064 2990 nisi
3096 2929 3229 2989 suis
3259 2928 3422 2990 caris
3453 2936 3830 3004 monstrare,
3855 2947 3962 2990 ne-

873 3023 1139 3086 l'lamma
1167 3023 1281 3086 illa
1310 3027 1593 3089 ascendit
1626 3027 1691 3089 in
1722 3027 1955 3091 eoelum
1989 3047 2268 3104 aereum,
2295 3029 2360 3090 id
2395 3034 2440 3098 C
2473 3047 2600 3110 quc
2631 3047 2704 3089 ea
2734 3046 2878 3108 quae
2910 3035 3059 3089 sunt
3089 3035 3354 3089 ventura
3389 3028 3505 3109 per
3537 3045 3674 3101 nOS,
3715 3026 3962 3089 seilicet

874 3132 972 3188 est
1001 3144 1205 3206 usque
1236 3126 1311 3187 ad
1344 3126 1691 3190 notabilem
1730 3128 1895 3191 aeris
1925 3128 2356 3191 altitudinem.

872 3223 1050 3287 Unde
1080 3231 1144 3287 et
1175 3224 1363 3286 amici
1392 3225 1508 3289 Job
1541 3226 1842 3305 leguntur
1872 3228 2184 3308 sparsisse
2225 3227 2363 3309 pul-

874 3342 1087 3385 verem
1119 3342 1311 3404 super
1330 3323 1541 3405 capita
1566 3344 1682 3387 sua
1711 3325 1779 3387 in
1802 3326 2059 3389 coelum.
2077 3329 2363 3403 Anqelus

871 3422 1142 3482 Domini
1185 3423 1257 3482 in
1300 3425 1569 3497 flamma
1606 3426 1861 3501 pariter
1904 3426 2215 3496 ascendit,
2251 3443 2364 3505 per

872 3518 993 3582 hoc
1023 3521 1363 3583 ostendens
1396 3540 1462 3583 se
1486 3521 1784 3601 angelum
1816 3541 1978 3597 esse,
1998 3522 2110 3604 qui
2132 3540 2363 3603 eorpus

876 3618 1223 3699 assumpsit
1251 3638 1533 3696 aereum,
1556 3628 1619 3682 et
1645 3620 1828 3697 illud,
1852 3639 2054 3701 quum
2086 3619 2360 3696 volebat,

872 3716 1187 3798 deposuit.
1300 3722 1303 3725 ’

888 3858 894 3865 ·
982 3820 1166 3885 Quod
1216 3838 1423 3896 quum
1474 3819 1739 3878 vidisset
1790 3820 2033 3879 Manae
2080 3828 2164 3878 et·
2200 3838 2367 3878 uoeor

871 3914 1035 3991 ejus,
1058 3916 1259 3990 proni
1286 3916 1656 3975 ceciderunt
1696 3917 1767 3975 in
1804 3926 2065 3985 terram,
2098 3927 2156 3976 et
2189 3921 2365 3976 ultra

873 4014 964 4071 eis
994 4032 1123 4073 non
1154 4014 1467 4089 apparuit
1496 4017 1763 4090 anqelus
1798 4016 2084 4076 Domini.
2104 4017 2368 4077 Statim-

875 4130 996 4189 que
1025 4112 1347 4171 intellexit
1380 4112 1647 4180 Manae,
1680 4119 1742 4173 et
1770 4111 1963 4173 etiam
2004 4131 2161 4175 uxor
2200 4112 2362 4192 ejuS,

2471 3127 2641 3209 quod
2663 3124 2692 3187 f
2696 3126 2878 3188 ilium
2899 3126 3277 3188 salvatorem
3297 3125 3542 3188 Israelis
3565 3125 3959 3189 habebimus.

2551 3226 2812 3301 Peperit
2843 3226 3060 3303 itaque
3087 3226 3329 3302 filium,
3363 3235 3422 3285 et
3455 3227 3704 3285 vocavit
3733 3244 3964 3285 nomen

2470 3324 2611 3400 ejus
2631 3326 2931 3393 Samson,
2951 3322 3062 3403 qui
3097 3322 3222 3383 suit
3255 3322 3478 3385 tertius
3511 3322 3576 3385 in
3607 3322 3834 3385 ordine
3865 3339 3968 3385 eo-

2474 3438 2927 3502 rum,quorum
2959 3439 3190 3483 nomen
3217 3420 3374 3483 Deus
3410 3420 3640 3501 legitur
3667 3439 3968 3503 praenun-

2473 3518 2685 3581 tiasse.
2728 3518 2978 3580 Primus
3027 3518 3324 3600 equidem
3379 3517 3502 3581 suit
3545 3518 3765 3581 Ismael
3805 3542 3820 3592 ;
3875 3539 3968 3581 se-

2473 3618 2743 3692 cunduS,
2779 3618 2980 3692 lsaae;
3014 3618 3265 3693 tertius,
3301 3616 3590 3679 Samson.
3629 3620 3968 3697 Creuitque

2465 3736 2631 3793 puer
2677 3723 2881 3792 aetate,
2933 3716 3158 3795 gratia,
3210 3722 3273 3777 et
3325 3715 3701 3777 fortitudine
3749 3732 3765 3777 :
3821 3716 3968 3779 ideo

2475 3812 2791 3889 subditur,
2824 3824 2884 3874 et
2929 3816 3256 3875 benedioeit
3295 3817 3358 3873 ei
3395 3816 3712 3876 Dominus
3756 3814 3968 3876 dando

2475 3921 2539 3974 et
2569 3911 3057 3993 multiplicando
3099 3912 3163 3973 in
3196 3931 3272 3975 eo
3314 3930 3592 3994 superna
3621 3912 3970 3975 charisma-

2477 4021 2560 4087 ta,
2596 4021 2658 4074 et
2701 4012 3062 4094 specialiter
3105 4010 3549 4075 fortitudinem
3591 4011 3784 4074 etiam
3829 4030 3972 4074 cor-

2478 4112 2756 4193 poralem
2789 4119 2974 4173 antea
3005 4130 3320 4192 nusquam
3354 4110 3968 4173 visam.Fuitaut-e1n

876 4212 1181 4285 anyelum
1200 4211 1469 4270 Domini
1486 4230 1634 4281 esse,
1654 4230 1729 4272 ex
1752 4218 1877 4272 tam
1911 4210 2121 4273 subita
2149 4232 2367 4274 ascen—
2401 4212 2448 4273 D
2480 4209 2645 4271 inter
2673 4210 2944 4289 gentiles
2977 4218 3040 4271 et
3071 4208 3392 4285 HerculeS,
3429 4208 3610 4271 silius
3639 4209 3836 4284 sevis,
3871 4209 3972 4270 vir

878 4306 1057 4369 sione
1104 4315 1168 4369 et
1215 4306 1632 4388 disparitione
1671 4332 1685 4382 3
1740 4317 1802 4371 ct
1852 4310 2003 4372 item
2054 4330 2129 4372 ex
2177 4310 2367 4372 mira—

876 4404 1097 4467 culosa
1140 4406 1559 4487 productione
1600 4407 1758 4468 tanti
1805 4408 1993 4486 igniS‚
2030 4408 2362 4489 praefat-um

878 4503 1321 4567 holocaustum
1354 4512 1616 4586 repente
1646 4504 1951 4568 vorantiS.
1972 4510 2051 4568 Ει
2071 4509 2248 4568 dioeit
2279 4510 2366 4567 ad

880 4622 1148 4664 uxorem
1189 4623 1428 4663 suam:
1462 4606 1667 4665 Morte
1714 4606 2090 4677 moriemur,
2135 4604 2198 4667 id
2245 4614 2362 4683 est,

880 4701 1094 4763 statim
1126 4701 1613 4783 exspirabimuS,
1646 4705 1803 4782 quia
1838 4704 2125 4764 vidimus
2148 4707 2368 4765 Domi-

880 4820 1063 4861 num.
1104 4799 1465 4863 Secundum
1495 4800 1945 4881 Augustinum‚
1985 4821 2061 4863 ex
2090 4802 2366 4883 quadam

882 4916 1113 4978 magna
1148 4896 1507 4961 turbatione
1538 4906 1601 4960 et
1640 4898 2085 4980 perterritione
2125 4899 2248 4962 hoc
2274 4901 2369 4962 di—

883 4996 1013 5071 xit3
1066 5016 1142 5059 ex
1189 5016 1317 5079 qua
1364 4997 1557 5059 etiam
1608 5004 1735 5057 tam
1788 4996 1923 5077 ipse
1970 5016 2163 5077 quam
2211 5018 2371 5061 uxor

884 5094 1086 5176 ipsius
1122 5103 1499 5158 corruerunt
1546 5093 1611 5155 in
1650 5100 1905 5170 terram,
1941 5104 2129 5175 prout
2172 5098 2368 5158 moris

882 5202 977 5257 est
1010 5192 1337 5275 fragilitati
1371 5193 1687 5267 humanae‚
1714 5190 1869 5253 visis
1900 5193 2266 5257 coelestibus
2297 5214 2370 5258 ac

880 5290 1141 5367 divinis,
1178 5290 1587 5355 vehementer
1628 5290 1871 5365 terreri,
1910 5298 1973 5353 et
2020 5293 2367 5373 corporali-

2481 4306 2865 4370 fortissimus
2897 4316 3042 4370 ante
3075 4308 3468 4371 Samsonem.
3493 4306 3672 4369 Unde
3704 4307 3773 4368 in
3805 4305 3974 4370 libro

2479 4407 2558 4468 dc
2607 4406 2872 4469 Civitate
2921 4405 3032 4468 Dei
3085 4405 3308 4468 recitat
3349 4405 3762 4485 AugustinuS,
3797 4406 3972 4487 quod

2481 4505 2744 4569 Samson
2785 4513 3043 4587 putatus
3075 4504 3200 4567 tuit
3231 4524 3372 4567 esse
3401 4504 3701 4568 Hercules
3744 4505 3810 4567 in
3839 4504 3972 4567 alio

2480 4623 2766 4686 corpore.
2819 4606 3142 4684 Coepitque
3191 4623 3339 4664 cum
3387 4624 3454 4664 eo
3501 4624 3627 4664 esse
3679 4606 3975 4681 Spiritus

2480 4706 2769 4765 Domini.
2818 4703 2869 4764 A
2897 4702 3390 4766 circumcisione
3437 4722 3554 4764 sua
3603 4701 3729 4763 tuit
3777 4702 3844 4764 in
3895 4722 3974 4766 eo

2480 4802 2684 4880 gratia
2711 4810 2958 4880 gratum
2995 4801 3262 4878 faciem,
3303 4801 3571 4865 virtutes
3609 4820 3869 4883 quoque
3907 4810 3973 4863 et

2483 4901 2649 4962 dona
2677 4900 2736 4962 ei
2756 4919 3024 4976 annexa,
3059 4919 3202 4983 quae
3233 4908 3384 4963 tune
3407 4900 3721 4962 dabantur
3753 4900 3821 4961 in
3851 4900 3976 4963 cir-

2482 4998 2895 5075 cumcisione,
2929 4999 3470 5079 quemadmodum
3522 5017 3694 5061 nunc
3745 4998 3812 5060 in
3865 4999 3978 5061 na-

2483 5098 2718 5177 ptismo
2746 5114 2760 5158 :
2785 5116 2902 5160 nec
2933 5098 3072 5159 sine
3104 5098 3362 5160 illorum
3400 5096 3728 5162 infusione
3757 5099 3978 5162 remit-

2483 5194 2731 5257 tebatur
2762 5204 3093 5276 peecatum
3135 5196 3465 5275 originale,
3506 5214 3624 5259 nec
3667 5195 3974 5259 infantuli

2483 5294 2559 5355 ad
2592 5293 2858 5354 limbum
2893 5302 3143 5375 patrum
3165 5294 3696 5375 perducebantur.
3713 5295 3978 5358 Verum-

3979 1256 4124 1292 xum.

4183 789 4234 816 121.

2463 856 2624 919 dies.
2659 857 2736 918 Et
2783 876 3002 918 rursus
3036 874 3051 917 :
3087 856 3377 932 Domine,
3430 855 3494 917 in
3543 855 3792 918 visione
3837 862 3952 916 tua
3977 840 4002 879 ²
4079 851 4106 879 ¹
4147 840 4206 879 ¹⁶·

4007 2556 4238 2600 Cam&
4296 2551 4297 2596 ἶ

3985 2620 4235 2665 Lauinii:
4296 2643 4297 2646 ¹

3987 2683 4238 2736 ΙΙΙΒες-ηι
4296 2695 4297 2702 ’

3990 2747 4240 2794 10,Η;τι1ι,
4296 2757 4297 2760 ’

3989 2811 4057 2850 38.

4039 3545 4148 3588 Gen-
4171 3556 4244 3586 xvi.
4296 3546 4297 3599 ᾗ

3999 3612 4066 3657 Ης
4081 3620 4174 3651 nu.
4189 3609 4242 3646 19.
