4359 6250
1294 515 1640 562 mantum-10
1683 515 1746 560 m
1787 503 1938 561 mr:
1971 513 1992 560 1
2031 513 2233 560 ¹nosue.
2280 531 2359 542 —
2400 513 2543 558 Ait-r.
2590 511 2611 558 1
3450 484 3493 552 9

397 707 514 772 per
561 709 726 772 quas
775 688 1156 752 transibant.
1182 687 1361 751 Unde
1411 687 1476 750 in
1517 687 1896 751 Deuterono-
1924 684 1975 747 A
2008 684 2072 747 in
2117 702 2267 762 uno,
2311 683 2475 766 perit
2522 691 2655 746 tota
2704 681 3045 746 auctoritas
3094 701 3287 744 sacrae
3336 679 3495 744 Scri·

97 805 364 856 hmanas.
396 787 532 852 mio
563 789 872 852 Dominus
911 789 1001 851 ait
1043 788 1122 852 ad
1166 805 1274 852 eos
1307 808 1322 852 :
1359 785 1739 849 Transibitis
1783 804 1895 867 per

399 887 711 951 terminos
733 887 1004 950 fratrum
1025 897 1383 950 vestrorum
1407 885 1690 950 filiorum
1714 885 1894 948 Esau.

397 987 590 1050 Cibos
640 987 870 1050 emetis
923 986 1003 1050 ab
1052 985 1168 1064 eiS,
1223 995 1287 1050 et
1336 1005 1568 1069 aquam
1619 992 1896 1066 emptam

400 1085 713 1150 haurietis
762 1095 826 1149 et
873 1086 1128 1149 bibetis.
1176 1085 1353 1160 Quod
1403 1092 1613 1148 autem
1664 1102 1898 1146 manna

99 1199 229 1243 mue
243 1203 364 1252 uz.
401 1187 688 1250 nondum
722 1183 979 1262 defecit,
999 1192 1172 1268 patet
1201 1183 1395 1247 infra.

478 1286 790 1349 Praeterea
841 1284 1169 1366 quaeritur,
1218 1283 1494 1366 qualiter
1542 1301 1766 1346 verum
1813 1281 1897 1344 sit

397 1385 572 1466 quod
602 1385 794 1448 Josue
824 1383 1004 1456 dixit,
1030 1385 1174 1446 Post
1207 1382 1377 1446 diem
1410 1382 1667 1446 tertium
1699 1390 1898 1443 tr-ans-

399 1485 578 1546 ibitis
598 1484 962 1547 Jordanem.
987 1483 1122 1546 Non
1145 1481 1318 1545 enim
1351 1481 1742 1546 transierunt
1769 1481 1898 1544 Jor-

398 1584 634 1645 danem
694 1589 840 1664 post
899 1581 1097 1646 verba
1153 1581 1288 1644 haec
1343 1589 1493 1643 ante
1553 1579 1894 1662 septimum

105 1689 362 1778 Jbid-nd.
397 1682 573 1745 diem
609 1699 624 1742 :
667 1681 822 1763 quia
871 1687 1017 1762 post
1062 1680 1198 1743 haec
1245 1679 1440 1742 verba
1489 1677 1666 1741 misit
1707 1678 1897 1740 Josue

105 1756 165 1795 ‘²‘
395 1780 832 1862 exploratores
878 1777 946 1840 in
976 1778 1249 1854 seriano,
1283 1777 1396 1859 qui
1443 1777 1590 1840 inde
1633 1775 1893 1856 egressi,

2005 793 2227 866 pturae.
2264 783 2627 846 immediate
2660 801 2917 864 quoque
2956 790 3102 844 ante
3139 782 3273 844 haec
3302 779 3495 843 verba

2006 885 2311 966 Dominus
2343 885 2504 948 dixit
2533 885 2612 947 ad
2640 884 2865 947 Josue:
2902 883 3133 944 Tecum
3168 889 3263 944 est
3292 879 3497 944 Domi-

2008 1004 2126 1047 nus
2160 985 2321 1047 Deus
2355 994 2500 1048 tuus
2532 985 2597 1048 in
2630 983 2952 1059 omnibuS,
2977 991 3095 1045 etc.
3117 1005 3131 1056 ς
3157 990 3220 1044 et
3250 999 3490 1056 rursuS,

2010 1083 2187 1146 Sicut
2221 1083 2313 1147 fui
2346 1105 2490 1148 cum
2523 1085 2752 1166 Moyse,
2790 1081 2877 1144 ita
2920 1099 3028 1145 ero
3063 1089 3125 1144 et
3160 1089 3399 1154 tecum3
3434 1086 3497 1140 et

2009 1183 2213 1246 multa
2262 1183 2519 1247 similia.
2555 1185 2716 1247 Hinc
2763 1181 3021 1263 quidam
3072 1181 3360 1244 doctores
3395 1196 3497 1240 ca-

2009 1283 2231 1346 tholici
2275 1291 2586 1360 asserunt,
2624 1283 2817 1346 verba
2862 1282 2983 1344 ista
3025 1281 3145 1344 hoc
3185 1280 3325 1342 loco
3358 1296 3497 1340 esse

2011 1381 2371 1466 conscripta
2425 1402 2538 1466 per
2586 1381 3133 1464 anticipationem,
3191 1379 3276 1440 ita
3324 1379 3495 1460 quod

2011 1483 2205 1546 verba
2236 1483 2369 1546 haec
2410 1480 2676 1566 protulit
2702 1481 2888 1544 Josuc
2919 1487 3063 1562 post
3094 1478 3367 1542 reditum
3398 1497 3498 1540 ex-

2008 1583 2397 1666 ploratorum
2444 1603 2457 1648 :
2503 1582 2673 1663 quod
2720 1580 2911 1644 etiam
2962 1580 3185 1643 dicunt
3224 1576 3491 1641 Hebraei.

2007 1682 2076 1744 In
2125 1679 2470 1762 Scripturis
2520 1699 2817 1762 namque,
2854 1688 2997 1762 post
3042 1677 3208 1742 facta
3250 1685 3359 1741 aut
3406 1675 3498 1740 di·-

2008 1789 2124 1857 cta,
2149 1779 2493 1860 aliquando
2523 1787 2670 1842 ante
2701 1788 3057 1842 narrantur.
3076 1769 3340 1862 Insuper
3368 1775 3495 1841 dici

395 1879 727 1941 latuerunt
755 1895 872 1959 per
904 1884 1032 1939 tres
1065 1875 1200 1938 dies
1233 1876 1299 1938 in
1333 1875 1700 1950 montibus;
1755 1883 1898 1956 post
1925 1879 1971 1941 B
2010 1887 2238 1962 potest,
2274 1879 2445 1960 quod
2486 1879 2673 1941 Josue
2719 1897 2845 1941 non
2892 1878 3052 1940 dixit
3099 1879 3233 1940 haec
3278 1877 3492 1954 verba,

393 1995 675 2058 quorum
710 1975 1010 2050 reditum,
1042 1975 1232 2038 Josue
1262 1982 1326 2036 et
1370 1972 1496 2036 filii
1529 1974 1716 2037 lsrael
1757 1993 1898 2056 per-

119 2085 224 2130 1⁶id
241 2101 298 2136 m.
323 2090 360 2130 ¹-
393 2085 700 2140 rexerunt
729 2093 934 2156 usque
957 2075 1037 2137 ad
1059 2074 1419 2149 Iordanem,
1438 2081 1629 2155 atque
1660 2072 1895 2136 ibidem

395 2177 613 2239 triduo
645 2180 1520 2256 permanserunt,antequam
1553 2173 1900 2236 transirent

390 2275 739 2338 Jordanem
767 2291 782 2335 ε
809 2293 952 2354 quae
981 2272 1198 2336 omnia
1229 2271 1402 2336 infra
1431 2271 1766 2335 habentur.
1802 2272 1895 2336 Ad

2006 1980 2151 2044 Post
2199 1979 2369 2042 diem
2422 1977 2677 2041 tertium
2735 1975 3086 2040 transibitis
3133 1978 3491 2052 Jordanem,

2008 2098 2152 2142 cum
2187 2077 2595 2162 praecisione3
2641 2096 2758 2140 nec
2804 2094 3106 2139 numerus
3146 2075 3355 2138 minor
3388 2095 3495 2138 ex-

2009 2177 2212 2242 cludit
2260 2178 2587 2259 majorem,
2640 2176 2791 2238 dum
2843 2175 3101 2258 ponitur
3150 2174 3437 2237 absolute
3477 2190 3490 2235 :

2008 2277 2229 2358 sicque
2260 2276 2519 2358 ponitur
2550 2275 2656 2338 hic
2702 2293 3005 2337 numerus
3037 2271 3493 2336 determinatus

103 2385 362 2440 Aue-Quasi.
395 2375 569 2438 istud
615 2372 1012 2455 Augustinus
1063 2373 1426 2454 respondet,
1479 2372 1653 2453 quod
1709 2371 1896 2436 Josue

111 2451 120 2458 ‚
2007 2394 2123 2459 pro
2156 2374 2669 2450 indeterminat0‚
2704 2373 3239 2455 quemadmodum
3273 2371 3337 2433 in
3377 2372 3493 2435 Job

109 2463 148 2492 ¹¹¹
167 2453 307 2498 ’ω’
393 2473 560 2537 dixit
589 2473 726 2536 haec
750 2471 948 2535 verba
978 2489 1168 2534 scnsu
1201 2471 1504 2548 humano,
1531 2489 1793 2553 sperans
1826 2478 1895 2532 ut

2005 2475 2275 2538 habetur
2308 2491 2323 2537 ε
2358 2474 2500 2536 Haec
2530 2472 2747 2537 omnia
2776 2482 3072 2556 operatur
3093 2473 3257 2535 Deus
3290 2470 3493 2535 tribus
3541 2493 3623 2536 101>
3643 2505 3786 2542 mm,

2005 2573 2254 2636 vicibus
2306 2591 2420 2655 per
2469 2570 2776 2652 singulm,
2830 2579 2899 2633 ut
2950 2581 3199 2636 revocet
3246 2569 3493 2635 animas
3522 2558 3678 2608 ²⁹³⁰·

2003 2691 2226 2736 eorum
2277 2692 2314 2736 a
2353 2671 2783 2753 corruptione.
2838 2669 2940 2734 Sic
2990 2679 3051 2734 et
3088 2671 3373 2734 Christus
3424 2671 3489 2733 in

2005 2773 2349 2854 Evangelio
2412 2771 2591 2849 dixit,
2645 2770 2855 2834 Tertio
2907 2771 3011 2834 die
3060 2789 3487 2848 consummor,
3564 2792 3786 2843 Luam,

389 2888 462 2931 re
495 2865 744 2943 volunt,
779 2866 848 2928 in
880 2885 1007 2947 qua
1037 2865 1235 2928 Deum
1267 2864 1390 2926 sibi
1421 2884 1560 2930 esse
1583 2873 1890 2928 rectorem
2005 2891 2205 2955 quum
2239 2871 2481 2935 dictum
2516 2871 2746 2934 fuisset
2788 2872 2867 2934 ad
2908 2891 3078 2949 eum,
3112 2871 3285 2934 Vade
3316 2871 3488 2950 hinc,
3522 2859 3589 2908 ³²·
3610 2859 3678 2899 ³¹·

388 2965 738 3030 confidunt
775 2987 790 3040 3
845 2964 956 3027 sed
1007 2982 1229 3027 eorum
1280 2963 1551 3026 consilia
1597 2983 1767 3047 saepe
1812 2965 1894 3028 ab
2006 2971 2158 3054 quia
2187 2971 2464 3035 Herodes
2496 2970 2632 3032 vult
2676 2979 2737 3033 tc
2781 2971 3089 3035 occidere.
3125 2971 3256 3033 Imo
3302 2970 3495 3034 inter-

390 3066 536 3149 ipso
587 3071 938 3141 mutantur,
983 3063 1168 3145 cujus
1221 3061 1625 3145 providentia
1666 3063 1895 3144 guber·
1923 3065 1968 3130 C
2005 3073 2156 3135 dum
2190 3071 2563 3149 crastinum,
2600 3089 2714 3153 pro
2748 3069 2961 3134 futuro
2994 3071 3059 3133 in
3092 3069 3293 3148 brevi,
3337 3069 3495 3134 acci-

2005 3171 2201 3255 pitur,
2234 3171 2413 3253 juxta
2458 3169 2628 3252 quod
2658 3170 2849 3233 Jacob
2883 3170 3131 3232 locutus
3163 3179 3259 3232 est
3294 3190 3309 3234 τ
3344 3170 3492 3233 Cras
3560 3188 3785 3239 cmm,

2003 3270 2415 3353 respondebit
2460 3268 2618 3330 mihi
2661 3268 2910 3351 justitia
2952 3288 3113 3331 mea.
3151 3268 3253 3331 Sic
3298 3268 3493 3349 igitur
3522 3254 3590 3294 ²³·

393 2570 718 2662 bomo-sic
751 2569 900 2634 fieri
948 2588 1154 2651 posse,
1192 2570 1247 2632 si
1293 2569 1722 2652 exploratores
1767 2569 1894 2632 cito

393 2668 880 2735 redirent.Nam
909 2675 972 2732 et
1005 2668 1100 2751 illi
1121 2668 1355 2750 quibus
1387 2667 1672 2749 loquitur
1703 2668 1888 2745 DeuS,

391 2770 722 2833 interdum
745 2768 1026 2829 humana
1047 2766 1469 2848 dispositione
1488 2767 1734 2848 aliquid
1755 2786 1894 2848 age-

389 3174 653 3227 nantur.
689 3163 850 3226 Hinc
895 3161 1188 3242 Magister
1237 3161 1304 3223 in
1357 3161 1640 3225 historiis
1691 3171 1894 3244 prote-

389 3272 601 3327 statur
635 3284 649 3328 :
686 3263 881 3339 Istud,
917 3261 1217 3325 videlicet
1247 3262 1418 3343 quod
1462 3271 1604 3343 post
1635 3262 1892 3325 tertium

388 3363 562 3425 diem
602 3362 952 3425 transirent
986 3359 1346 3438 Jordanem,
1382 3360 1543 3422 dixit
1581 3361 1771 3423 Josue
1814 3360 1893 3424 de

391 3462 680 3524 humano
739 3459 1043 3537 consilio,
1105 3459 1528 3542 permisitque
1587 3459 1891 3524 Dominus

388 3562 494 3639 (ut
513 3558 786 3622 adstruit
817 3558 1238 3639 Augustinus)
1268 3557 1480 3641 ipsum
1511 3558 1699 3621 Josue
1730 3577 1894 3621 erra-

391 3678 488 3735 re,
523 3678 606 3720 ne
636 3657 941 3739 deinceps
971 3656 1185 3720 simile
1215 3656 1458 3739 aliquid
1501 3657 1641 3721 sine
1671 3657 1892 3721 divino

391 3755 671 3821 consilio
701 3756 1170 3837 aggrederetur,
1205 3755 1556 3837 praesertim
1587 3756 1889 3838 quoniam

2004 3389 2227 3432 sensus
2268 3368 2390 3431 erit
2430 3387 2444 3431 :
2480 3369 2621 3430 Post
2660 3368 2829 3430 diem
2865 3366 3143 3446 tertium,
3182 3367 3247 3431 id
3288 3376 3385 3431 est
3426 3368 3492 3430 in

2004 3468 2208 3543 brevi,
2244 3466 2599 3531 transibitis
2628 3467 2985 3529 Jordanem.

2083 3562 2557 3643 consequenter
2590 3560 2655 3621 in
2704 3568 2872 3623 textu
2904 3560 3308 3637 describitur,
3345 3579 3495 3643 qua-

2005 3659 2150 3723 liter
2198 3660 2386 3723 Josue
2439 3659 2737 3741 praecepit
2779 3657 3027 3721 duabus
3078 3657 3373 3722 tribubus
3418 3678 3491 3723 ac

2004 3758 2309 3835 dimidiae,
2364 3758 2612 3821 scilicet
2662 3756 2855 3818 tribui
2906 3757 3128 3820 Ruben
3180 3768 3244 3821 ct
3295 3757 3488 3823 tribui

125 3868 364 3957 ‘xm-‚um
391 3856 562 3918 dixit
594 3856 674 3917 ad
703 3855 956 3937 Moysen
988 3855 1068 3917 de
1096 3853 1283 3917 Josue
1319 3870 1334 3916 ε
1367 3854 1484 3919 Pro
1516 3873 1612 3931 00,
1648 3854 1702 3917 si
1734 3855 1890 3937 quid
2001 3858 2131 3921 Gad
2160 3876 2236 3921 ac
2266 3856 2489 3919 mediae
2513 3855 2703 3918 tribui
2725 3855 3026 3933 Manasse,
3054 3864 3123 3918 ut
3152 3857 3493 3939 implerent

125 3934 184 3973 '¹‘
391 3955 716 4037 agendum
749 3961 868 4030 est,
903 3952 1157 4015 Eleazar
1201 3953 1493 4015 consulet
1524 3953 1887 4016 Dominum.
2002 3958 2174 4039 quod
2207 3956 2444 4038 Moyses
2475 3954 2565 4017 cis
2596 3955 2919 4037 praecepit,
2947 3963 3135 4037 prout
3167 3956 3233 4017 in
3266 3956 3492 4019 Numc-
3528 3974 3783 4025 Numam,

390 4052 576 4129 Quod
610 4058 820 4114 autem
852 4050 1040 4113 Josuc
1069 4050 1137 4111 in
1170 4049 1294 4113 isto
1325 4051 1652 4127 erraverit,
1674 4059 1886 4133 patet:
2004 4072 2217 4117 rorum
2249 4053 2417 4116 libro
2441 4053 2732 4117 habetur.
2757 4053 2880 4115 Nec
2912 4062 3007 4117 est
3035 4052 3390 4117 difficultas
3424 4054 3488 4116 in
3519 4040 3571 4080 ²⁰
3595 4042 3638 4080 θ’
3664 4050 3756 4092 ⁸⁶⁹·

391 4150 707 4235 quoniam
741 4148 1060 4230 ignoravit
1083 4167 1164 4211 an
1197 4149 1399 4211 nubes
1430 4149 1618 4212 tertio
1642 4150 1746 4213 dic
1771 4150 1893 4213 ele-
2003 4160 2202 4229 textu,
2240 4151 2364 4214 nisi
2395 4151 2569 4233 quod·
2600 4151 2665 4213 in
2700 4149 2831 4214 fine
2852 4150 3117 4233 capituli
3144 4150 3266 4213 filii
3300 4153 3487 4215 Israel

144 4265 360 4316 amm
393 4258 657 4317 varetur
697 4249 776 4310 dc
809 4247 1238 4324 tabernacu10,
1277 4247 1415 4310 sinc
1459 4248 1644 4330 cujus
1688 4249 1893 4312 eleva·
1923 4246 1971 4307 D
2001 4252 2264 4316 dicunt:
2297 4253 2391 4312 Tu
2424 4260 2675 4311 cantum
2706 4251 3092 4327 confortare,
3124 4261 3184 4312 ec
3205 4254 3492 4313 viriliter

122 4333 262 4383 ‘⁸⁸⁶⁹'
393 4352 576 4416 tione
623 4357 832 4414 castra
875 4347 1189 4411 movenda
1230 4365 1358 4410 non
1401 4355 1602 4410 erant.
1638 4348 1778 4412 Haec
1824 4347 1891 4411 in
2001 4370 2138 4428 aye.
2163 4350 2231 4411 ln
2263 4348 2497 4430 quibus
2521 4346 2731 4410 verbis
2754 4349 3146 4430 superiorem
3172 4369 3354 4411 suum
3379 4351 3491 4413 hu-

389 4448 717 4513 Historiis.
2001 4448 2241 4510 militer
2270 4447 2643 4519 admonent3
2676 4454 2738 4508 et
2763 4448 2931 4528 quod
2962 4447 3163 4523 aiunt,
3192 4449 3483 4526 Tantum,

473 4548 668 4611 Porro
697 4546 844 4609 aliis
867 4546 1120 4611 videtur
1151 4546 1320 4610 istud
1352 4564 1480 4609 non
1513 4547 1677 4610 bene
1707 4564 1891 4609 sona·
2002 4564 2131 4609 non
2184 4543 2457 4607 sumitur
2506 4544 2846 4622 exclusive,
2895 4546 3005 4609 sed
3057 4566 3280 4610 sensus
3326 4555 3423 4609 est
3471 4564 3484 4608 :

389 4665 482 4709 re.
520 4644 586 4708 Si
617 4644 791 4707 enim
820 4646 920 4725 (ut
949 4644 1103 4708 alibi
1153 4645 1440 4728 loquitur
1469 4645 1891 4727 Augustinus)
1998 4645 2127 4708 Hoc
2168 4642 2489 4725 praecipue
2522 4644 2933 4707 exhortamur
2962 4653 3024 4707 et
3065 4645 3383 4727 cupimuS,
3420 4654 3486 4707 ut

383 4753 682 4808 auctores
733 4743 1076 4825 Scripturae
1130 4744 1456 4807 eanonicae
1514 4752 1889 4807 erraverunt
1997 4741 2379 4806 conforteris
2402 4742 2468 4803 in
2494 4742 2781 4817 Domino,
2806 4751 2997 4824 atque
3018 4742 3291 4807 viriliter
3310 4760 3481 4825 agaS.
