4359 6250
1120 511 1467 558 manuario
1510 513 1572 558 IN
1614 513 1749 559 CAP-
1798 513 1883 560 XX
1922 513 2197 562 sumnum.
2243 535 2323 548 -
2363 519 2520 565 Arm
2553 519 2748 566 xxxin

3352 505 3474 573 215

366 691 546 758 runt,
575 693 637 744 et
658 685 975 760 pacificas
1006 685 1327 754 victimas,
1360 701 1475 764 pro
1497 683 1871 746 remissione
1898 680 1950 744 A
1981 687 2279 748 inierunt
2310 691 2678 761 consilium,
2703 701 2776 750 ut
2805 693 3244 752 abstraherent
3267 713 3366 752 eos
3389 697 3470 754 de

366 801 637 844 suarum
670 781 1009 864 culparum
1040 782 1119 844 ad
1150 781 1626 863 pacificandum
1657 803 1725 845 se
1757 783 1871 846 Do-

364 880 573 956 mino,
599 889 664 944 et
706 890 775 942 ut
804 878 1139 945 victoriam
1178 879 1565 944 obtinerent.
1600 881 1871 963 Fuitque

364 997 699 1058 magnum,
733 978 905 1060 quod
936 977 1035 1040 bis
1066 987 1193 1040 tam
1234 979 1726 1042 lamentabiliter
1756 999 1871 1062 pro

364 1096 565 1140 causa
593 1077 769 1159 justa
796 1077 1262 1159 prostrati‚imo
1293 1085 1357 1139 et
1386 1078 1582 1140 semel
1614 1079 1692 1142 ad
1715 1098 1872 1160 prae-

366 1174 531 1237 lium
558 1175 651 1238 ire
670 1174 1269 1256 jussi,nequaquam
1293 1184 1514 1238 contra
1532 1176 1869 1239 Dominum

366 1282 961 1350 murmuraverunt,
1008 1273 1135 1336 imo
1187 1293 1305 1337 nec
1347 1283 1569 1338 contra
1604 1275 1871 1338 Phinees

365 1373 792 1447 sacerdotem,
808 1372 1193 1454 suspicando
1223 1373 1395 1454 quod
1416 1391 1525 1436 eos
1552 1374 1873 1455 deceperit

367 1469 717 1536 referendo
750 1470 971 1533 divina
1000 1489 1327 1554 responsa,
1359 1481 1467 1534 aut
1497 1472 1873 1552 confingen-

366 1569 497 1642 d03
552 1569 664 1632 sed
706 1568 1039 1633 humiliter
1069 1567 1502 1649 confugerunt
1539 1571 1617 1634 ad
1652 1571 1867 1646 Deum,

366 1685 661 1747 eumque
681 1666 947 1742 orand0,
972 1666 1303 1748 plorando,
1339 1666 1783 1745 sacrificandO,
1810 1676 1873 1730 et

364 1764 753 1845 jejunando,
789 1765 920 1827 imo
970 1774 1033 1826 et
1084 1765 1454 1829 cordialiter
1502 1766 1872 1848 poenitendo

1978 786 2266 854 civitate,
2286 795 2345 846 et
2365 789 2556 866 quasi
2583 789 2929 866 fuyientes,
2951 793 3039 850 ad
3061 792 3470 869 supradictas

1978 885 2237 943 semitas
2259 887 2706 962 perducerent.
2727 890 2950 948 Omnes
2981 889 3199 968 itaque
3225 890 3470 965 filiiIs·

1980 984 2117 1040 rael
2132 993 2458 1058 suryentes
2477 987 2557 1044 de
2573 987 2827 1045 sedibus
2844 987 3002 1058 suis,
3027 993 3173 1062 etc„
3197 985 3316 1048 hoc
3347 994 3463 1061 est,

1980 1077 2185 1158 major
2223 1098 2373 1160 pars
2410 1081 2724 1144 exercitus
2762 1101 2906 1164 quae
2943 1103 3010 1145 se
3044 1091 3282 1146 remote
3311 1103 3350 1144 a
3380 1082 3468 1146 ci-

1980 1176 2175 1239 vitate
2207 1178 2642 1256 absconderat,
2673 1199 2939 1261 surgens
2967 1182 3046 1244 de
3075 1181 3209 1244 suis
3241 1181 3468 1244 latibu-

1982 1274 2082 1350 lis,
2104 1276 2300 1358 coepit
2320 1277 2690 1358 Benjamitis
2723 1280 3035 1343 resistere.
3051 1281 3200 1342 Erat
3227 1280 3468 1362 quippe

1981 1374 2296 1436 exercitus
2337 1374 2626 1439 filiorum
2657 1377 2844 1440 lsrael
2879 1377 2944 1439 in
2977 1387 3102 1441 tres
3134 1387 3343 1460 partes
3374 1377 3470 1440 di-

1981 1471 2155 1534 visus
2210 1491 2223 1534 :
2276 1493 2547 1555 quarum
2602 1494 2730 1537 una
2779 1484 2842 1538 ct
2893 1476 3102 1539 minor
3150 1476 3349 1558 jacuit
3400 1475 3467 1538 in

1980 1568 2235 1632 insidiis
2278 1571 2448 1635 circa
2491 1573 2751 1648 urbem3
2785 1573 2913 1636 alia
2955 1594 3100 1656 pars
3138 1584 3203 1638 et
3237 1574 3463 1655 maj0r,

1980 1669 2250 1732 accessit
2289 1670 2508 1733 urbem
2552 1672 2630 1734 ad
2671 1673 3144 1754 provocandum
3175 1682 3238 1735 et
3267 1681 3470 1736 extra-

1980 1766 2262 1830 hendum
2295 1768 2469 1832 filios
2498 1770 2860 1850 Benjamin3
2890 1771 3076 1833 tertia
3103 1777 3167 1833 ct
3195 1769 3472 1833 maxima

366 1863 631 1946 placare
680 1863 891 1926 conati
942 1873 1111 1926 sunt.
1162 1869 1247 1927 Et
1294 1885 1487 1942 super
1532 1875 1709 1926 statu
1756 1887 1871 1926 suo
1906 1871 1953 1932 B
1981 1884 2127 1946 pars
2167 1865 2293 1928 fuit
2339 1876 2580 1931 remote
2629 1866 2852 1942 latenS,
2885 1878 2947 1931 ct
2985 1869 3062 1930 ad
3104 1868 3280 1930 illam
3327 1887 3470 1950 pro—

367 1965 974 2040 interroqaverunt,
1015 1962 1137 2026 hoc
1176 1971 1291 2040 est,
1328 1983 1441 2045 per
1481 1963 1868 2027 sacerdotem

367 2058 703 2142 petierunt
742 2058 866 2120 sibi
905 2059 1217 2122 divinitus
1261 2060 1550 2138 revelari,
1585 2061 1740 2143 quid
1780 2060 1871 2124 eis

366 2166 543 2222 esset
583 2157 900 2239 agendum
942 2157 1006 2219 in
1046 2158 1159 2221 tali
1200 2158 1469 2222 articulo
1506 2169 1569 2222 et
1613 2169 1869 2223 eventu.

369 2262 465 2320 E'o
500 2268 781 2334 tempore
812 2259 906 2317 ibi
932 2267 1072 2319 erat
1100 2279 1255 2320 arca
1284 2261 1549 2336 foederis
1580 2261 1873 2329 Domini,

363 2367 427 2418 et
458 2357 749 2418 Phinees
775 2358 961 2432 filius
979 2359 1291 2418 Eleazar-i
1318 2360 1453 2434 filii
1472 2361 1697 2419 Aaron
1713 2377 1875 2434 prce-

358 2457 623 2533 positus
652 2457 907 2524 domus,
939 2454 1005 2516 id
1036 2461 1133 2516 est
1163 2455 1460 2538 princeps
1492 2464 1556 2519 et
1585 2454 1873 2538 pontifex

368 2552 779 2616 tabernaculi
823 2552 951 2616 Dei.
990 2557 1467 2616 Consuluerunt
1510 2557 1721 2631 ἐρίδων
1750 2559 1873 2616 Do-

368 2654 637 2713 minum
682 2670 797 2732 per
832 2650 1123 2727 PhineeS,
1171 2671 1283 2733 per
1322 2653 1505 2733 cujus
1546 2672 1771 2716 manus
1812 2661 1872 2716 et

366 2748 703 2812 sacrificia
729 2748 1123 2826 obtulerunt,
1150 2760 1345 2830 atque
1371 2753 1687 2812 dioeerunt
1703 2772 1725 2812 .-
1744 2755 1874 2814 Ea:—

366 2851 467 2908 ire
496 2852 682 2908 ultra
701 2850 1002 2908 debemus
1032 2851 1120 2908 ad
1132 2868 1429 2926 puynam
1457 2859 1683 2910 contra
1700 2853 1874 2928 filios

366 2947 735 3024 Benjamin
775 2948 1019 3023 fratres
1066 2957 1333 3020 nostros,
1366 2969 1455 3010 an
1494 2951 1813 3027 quiescere
1844 2954 1875 3010 ?

1979 1971 2306 2026 traxerunt
2351 1965 2526 2030 filios
2571 1966 2924 2047 Benjamin,
2969 1966 3094 2028 filii
3127 1967 3314 2029 Israel
3355 1966 3467 2048 qui

1980 2061 2446 2126 simulaverunt
2495 2062 2734 2144 sugam.
2778 2069 3336 2144 Inqravatumque
3380 2075 3470 2126 est

1982 2163 2217 2222 bellum
2246 2172 2470 2224 contra
2500 2165 2672 2240 filios
2705 2165 3083 2242 Benjamin,
3116 2175 3178 2224 et
3211 2185 3341 2224 non
3373 2165 3471 2224 in-

1985 2263 2368 2322 tetleoeerunt
2395 2265 2568 2340 quod
2587 2281 2666 2321 ea·
2695 2264 2877 2322 omni
2895 2272 3088 2339 parte
3108 2263 3245 2322 illis
3274 2263 3472 2324 insta·-

1981 2369 2076 2418 ret
2106 2360 2434 2420 interitus.

2062 2459 2514 2537 Percussitque
2542 2479 2641 2518 eos
2672 2459 3019 2529 Dominus,
3049 2459 3170 2522 hoc
3205 2468 3301 2522 est
3330 2478 3472 2541 per-

1984 2554 2265 2620 cussioni
2310 2557 2622 2637 exposuit,
2673 2559 2743 2617 in
2796 2567 3132 2635 conspectu
3177 2559 3464 2635 filiorum

1983 2657 2212 2726 Israel,
2246 2653 2482 2735 quibus
2521 2653 2697 2716 dedit
2733 2653 3032 2716 virtutem
3073 2654 3471 2736 percutiendi

1984 2751 2389 2832 Benjamitas.
2413 2755 2501 2814 Et
2529 2754 2994 2829 interfecerunt
3023 2774 3104 2814 em
3131 2755 3223 2814 eis
3253 2756 3326 2814 in
3357 2755 3473 2814 illo

1982 2853 2090 2911 die
2129 2853 2372 2928 viyinti
2400 2853 2687 2931 quinque
2726 2853 2970 2920 millia,
2999 2861 3059 2912 et
3094 2862 3354 2912 centum
3383 2854 3474 2912 vi·

1985 2971 2108 3022 ros,
2122 2969 2338 3009 omnes
2359 2951 2686 3011 bellatores
2705 2961 2766 3010 et
2793 2953 3125 3011 educentes
3140 2953 3472 3028 yladium,

370 3047 627 3115 Quibus
658 3047 759 3107 ait
788 3047 1110 3107 Dominus
1126 3065 1150 3106 .·
1164 3048 1527 3108 Ascendite.
1562 3046 1739 3109 Unde
1768 3067 1875 3130 ap·
1909 3043 1953 3108 C
1985 3057 2103 3110 etc.
2134 3051 2612 3109 Remanserunt
2641 3049 2862 3127 itaque
2889 3051 2968 3108 de
2997 3051 3178 3110 omni
3206 3069 3472 3111 numero

370 3154 581 3227 paret,
636 3145 809 3225 quod
859 3144 1013 3207 urbs
1060 3143 1272 3207 Gabaa
1322 3145 1447 3207 fuit
1493 3145 1685 3208 altius
1728 3147 1870 3224 sita,

370 3262 575 3324 quam
605 3262 873 3325 campus
895 3243 961 3305 in
992 3261 1123 3324 quo
1144 3242 1270 3305 filii
1293 3244 1480 3307 lsrael
1502 3253 1704 3307 erant.
1724 3248 1877 3307 Cras

370 3344 556 3413 enim
594 3344 859 3402 tradam
886 3362 985 3401 eos
1015 3343 1087 3403 in
1124 3362 1359 3405 manus
1392 3353 1652 3404 vestras.
1709 3394 1715 3403 .

452 3443 955 3518 Posueruntque
1000 3441 1137 3516 filii
1185 3444 1391 3501 Israel
1438 3442 1718 3501 insidias
1756 3460 1877 3519 per

370 3540 735 3599 circuitum
764 3540 945 3598 urbis
979 3540 1198 3601 Gabaa
1230 3560 1253 3600 .·
1284 3546 1597 3621 quatenus
1629 3538 1750 3603 viri
1780 3538 1875 3601 illi

374 3636 443 3698 in
476 3635 735 3699 insidiis
766 3636 983 3718 positi,
1021 3638 1333 3701 intrarent
1361 3646 1551 3720 atque
1584 3638 1879 3702 incende-

374 3742 523 3797 rent
562 3734 814 3811 urbem‚
860 3734 1233 3815 Benjamitis
1283 3735 1433 3799 inde
1480 3736 1751 3816 egressis
1800 3738 1877 3799 ad

376 3852 665 3915 pugnam
694 3842 919 3896 contra
948 3832 1229 3913 reliquos
1248 3833 1577 3897 israelitas.
1598 3834 1879 3909 Qualiter

116 3940 345 3991 laneum&
374 3940 595 3995 autem
633 3931 825 3994 liceat
865 3930 961 3993 uti
998 3930 1252 3993 insidiis
1285 3930 1351 3993 in
1390 3933 1625 4013 praeliis
1660 3933 1873 4015 justis,

374 4030 623 4094 dictum
666 4038 765 4093 est
803 4049 995 4111 super
1032 4030 1221 4093 Josue
1270 4038 1515 4094 octavo.
1550 4034 1637 4093 Et
1688 4034 1877 4093 tertia

376 4131 540 4200 vice,
576 4130 748 4189 sicut
786 4132 979 4189 semel
1006 4138 1067 4189 et
1108 4130 1225 4199 bis,
1257 4139 1482 4191 contra
1514 4128 1543 4190 f
1545 4129 1689 4192 ilios
1720 4135 1881 4191 Ben-

1986 3148 2367 3224 Benjamin,
2397 3148 2514 3225 qui
2535 3149 2802 3207 evadere
2823 3157 3179 3223 potuerunt
3208 3157 3268 3209 et
3295 3149 3475 3224 faye-

1984 3266 2053 3305 re
2083 3246 2155 3305 in
2185 3246 2626 3317 solitudinem,
2643 3248 2925 3306 sexcenti
2955 3246 3088 3304 viri
3095 3248 3475 3307 ‚Sederunt-

1986 3366 2106 3425 que
2155 3346 2228 3404 in
2273 3354 2462 3421 petra
2511 3347 2846 3415 Remmon,
2901 3343 3024 3406 hoc
3070 3352 3166 3405 est
3213 3344 3281 3406 in
3329 3344 3475 3407 loco

1986 3451 2263 3524 petroso,
2317 3440 2568 3505 munito
2618 3442 2682 3503 in
2733 3441 3100 3519 solitudine,
3154 3444 3474 3504 mensibus

1985 3550 2285 3621 quatuor.
2317 3540 2393 3602 Et
2421 3540 2803 3622 planxerunt
2827 3538 2916 3602 ibi
2947 3559 3128 3603 suam
3156 3540 3476 3603 calamita-

1988 3648 2115 3702 tem
2164 3656 2394 3719 magno
2434 3638 2708 3719 ploratu.
2751 3640 3044 3716 Reyressi
3085 3648 3299 3700 autem
3340 3642 3476 3716 filii
3501 3660 3515 3673 ·

1986 3741 2218 3808 Israel,
2254 3758 2468 3799 omnes
2505 3736 2822 3816 reliquias
2853 3738 3140 3798 civitatis
3167 3735 3398 3815 Gabaa,
3431 3758 3475 3798 a

1987 3838 2151 3897 viris
2202 3856 2401 3915 usque
2435 3838 2522 3895 ad
2548 3834 2862 3912 jumenta
2899 3838 3125 3913 qladio
3157 3854 3476 3913 percusse-

1988 3945 2167 3996 runt.
2193 3934 2288 3996 An
2314 3951 2465 3997 vero
2485 3934 2656 4014 quod
2689 3932 2798 4009 ait,
2816 3933 3028 4014 Usque
3055 3933 3133 3995 ad
3161 3932 3469 4014 jumenta,

1990 4032 2476 4113 intelligendum
2517 4031 2600 4092 sit
2641 4028 2975 4108 inclusive,
3011 4049 3091 4093 an
3128 4030 3341 4113 potius
3372 4051 3476 4094 ex·-

1987 4131 2252 4208 clusive,
2298 4130 2566 4192 dubium
2615 4149 2754 4193 esse
2801 4137 3028 4212 potest.
3080 4132 3476 4210 Cuncta-sque

359 4229 595 4307 jamin
626 4228 983 4287 exercitum
1008 4230 1490 4303 produ-rerunt.
1519 4231 1649 4289 Sed
1666 4238 1725 4289 et
1744 4231 1879 4305 filii
1904 4224 1956 4289 D
1989 4232 2172 4291 urbes
2209 4239 2269 4290 et
2299 4231 2544 4288 viculos
2574 4230 2928 4306 Benjamin
2971 4248 3176 4289 voraoe
3204 4230 3478 4303 flamma

372 4326 740 4405 Benjamin
770 4328 1081 4385 audacte-r
1100 4336 1461 4404 eruperunt
1478 4330 1558 4386 de
1588 4328 1873 4399 civitate,

372 4436 429 4486 et
458 4425 793 4506 fugientes
836 4426 1244 4485 adversarios
1286 4426 1539 4501 lonyius
1560 4428 1879 4502 persecuti

368 4532 556 4596 sunt,
590 4522 717 4585 hoc
748 4529 845 4584 est
865 4520 1040 4583 filios
1072 4520 1285 4599 lsrael,
1317 4522 1430 4604 qui
1461 4542 1537 4586 ex
1568 4523 1880 4586 industria

375 4630 439 4685 et
486 4619 793 4689 condicto
839 4617 1167 4699 sugerunt,
1212 4629 1281 4683 ut
1331 4620 1505 4684 filios
1548 4620 1876 4702 Benjamin

374 4721 457 4783 ab
484 4718 651 4783 urbe
679 4736 799 4795 sua
830 4718 1316 4799 protraherent3
1352 4721 1449 4781 ita
1480 4730 1552 4780 ut
1584 4724 1879 4780 vulnera-

378 4828 525 4881 rent
554 4840 637 4879 ea>
665 4820 797 4891 eis„
818 4818 989 4877 sicut
1025 4819 1243 4895 primo
1271 4819 1379 4879 die
1405 4827 1463 4878 et
1490 4820 1786 4890 secunde,
1820 4829 1877 4879 et

380 4921 700 4981 coederent
719 4936 843 4993 per
861 4918 1030 4976 duas
1058 4917 1316 4977 semitas
1336 4926 1643 4977 vertentes
1676 4926 1878 4994 terqa,

384 5035 673 5097 quarum
714 5034 853 5074 una
889 5016 1219 5093 ferebatur
1248 5015 1322 5073 in
1350 5017 1594 5086 Betkel,
1628 5025 1688 5075 et
1725 5019 1881 5076 alte-

384 5136 463 5175 ra
498 5116 571 5175 in
606 5114 856 5181 Gabaa,
882 5122 1077 5191 atque
1105 5121 1576 5195 prosternerent
1608 5115 1881 5191 triginta

378 5212 651 5273 circiter
681 5210 875 5281 viros.
908 5212 1325 5271 Putaverunt
1358 5212 1534 5272 enim
1566 5231 1666 5271 eos
1698 5212 1883 5273 solito

390 5330 563 5374 more
602 5312 843 5371 cedere.
882 5309 1011 5379 Qui
1044 5309 1277 5387 fuya'm
1310 5320 1449 5371 arte
1480 5312 1886 5383 simulantes,

1984 4327 2400 4403 consumpsit.
2435 4324 2819 4389 Occiderunt
2859 4334 3070 4389 autem
3119 4324 3244 4387 filii
3288 4325 3474 4391 lsrael

1986 4427 2179 4489 etiam
2210 4423 2512 4487 mulieres
2544 4432 2607 4485 et
2636 4423 2936 4505 parvulos
2977 4443 3049 4488 ac
3081 4423 3378 4505 parvulas
3409 4423 3474 4485 in

1988 4533 2119 4587 tota
2144 4522 2479 4604 Benjamin
2513 4522 2705 4585 tribu.
3331 4572 3339 4579 .
3381 4572 3386 4577 .

1990 4666 1993 4669 -
2067 4621 2286 4683 Refert
2315 4620 2478 4703 Lyra
2508 4619 2573 4682 in
2595 4620 2854 4683 Hebraeo
2882 4620 3128 4697 haberi,
3146 4621 3317 4703 quod
3351 4619 3474 4683 filii

1986 4719 2319 4801 Benjamin
2352 4726 2580 4801 praeter
2608 4718 2995 4781 habitatores
3023 4718 3254 4795 Gabaa,
3295 4729 3478 4782 erant

1986 4816 2216 4899 viginti
2246 4837 2356 4880 sex
2385 4816 2612 4893 millia,
2647 4824 2712 4879 et
2739 4817 2909 4898 quod
2936 4816 3115 4880 mille
3145 4838 3220 4880 ex
3251 4816 3344 4880 eis
3378 4816 3478 4878 su-

1986 4925 2218 4999 gerunt
2246 4915 2323 4978 ad
2353 4914 2590 4998 oppida
2629 4934 2764 4992 sua,
2792 4934 2868 4976 ex
2896 4915 3132 4996 quibus
3164 4915 3341 4998 prius
3370 4936 3476 4979 ve-

1992 5024 2224 5079 nerunt
2266 5016 2334 5076 in
2362 5013 2592 5091 Gabaa,
2629 5021 2822 5096 atque
2867 5012 2933 5075 in
2977 5014 3230 5096 oppidis
3274 5013 3402 5077 illis
3440 5034 3479 5077 a

1992 5114 2152 5177 filiis
2189 5112 2376 5176 lsrael
2411 5111 2540 5174 sint
2572 5111 2793 5176 occisi.
2828 5111 2948 5173 Sed
2987 5112 3106 5174 hoc
3145 5129 3274 5175 non
3303 5110 3478 5175 vide-

1993 5221 2098 5275 tur
2130 5211 2328 5274 textui
2360 5229 2730 5287 consonare,
2756 5227 2887 5292 quo
2911 5208 3152 5271 dictum
3184 5218 3280 5272 est
3315 5230 3328 5274 :
3363 5210 3478 5274 Re-

1994 5319 2366 5375 manserunt
2407 5308 2622 5389 itaque
2649 5308 2728 5370 de
2756 5306 2932 5370 omni
2963 5326 3228 5383 numero
3259 5310 3480 5394 Benja-
