4359 6250
886 487 1009 554 ’466

1482 505 1831 552 mannum
1876 504 1937 550 m
1980 504 2115 550 CAR.
2166 504 2224 548 Vl
2267 501 2422 548 unm
2467 503 2717 548 secmml
2759 501 2982 550 amun.
3028 523 3109 533 -—
3150 503 3294 549 ΛΒΤ.
3337 503 3379 549 1

968 682 1057 741 Et
1086 681 1529 756 imposuerunt
1558 698 1779 738 arcam
1809 679 1931 738 Dei
1973 697 2165 755 super
2193 678 2381 750 plau·
2411 673 2462 736 A
2493 673 2814 736 mittamus
2835 675 2910 736 ad
2934 674 2960 735 f
2963 683 3162 736 ratres
3183 683 3431 737 nostros
3453 673 3728 754 reliquos
3743 669 3976 732 inuni-

892 788 1099 839 strum
1144 798 1406 846 novum,
1437 776 1607 858 quod
1656 774 2025 837 trahebatur
2066 793 2103 834 a
2146 771 2376 846 bobuS,

600 892 733 935 Nm
746 893 863 942 who.
895 895 1093 957 quum
1125 886 1332 939 tamen
1364 875 1735 938 debuissent
1764 893 1903 936 eam
1943 881 2230 955 portasse
2267 871 2384 932 hu-

888 975 1089 1037 -meris
1121 973 1397 1056 propriis
1428 973 1553 1056 ipsi
1584 972 1837 1046 Levius,
1858 979 2047 1054 prout
2072 970 2136 1032 in
2159 969 2384 1030 Nume-

898 1091 1113 1135 rorum
1162 1072 1328 1135 libro
1372 1071 1646 1151 jusserat
1702 1069 2028 1132 Dominus,
2084 1068 2159 1129 Et
2220 1065 2384 1129 forte

898 1179 1247 1253 posuerunt
1274 1189 1483 1234 arcam
1518 1187 1708 1251 super
1738 1188 1974 1232 novum
2000 1168 2379 1250 plaustrum,

606 1286 867 1340 lamam.
897 1269 1051 1351 quia
1078 1288 1269 1351 super
1300 1269 1422 1331 tale
1454 1268 1807 1350 plaustrum
1832 1267 1953 1329 l'uit
1980 1286 2017 1328 a
2048 1265 2384 1328 Philistaeis

898 1366 1183 1443 remissa,
1219 1375 1297 1428 ut·
1330 1366 1538 1449 primo
1580 1365 1741 1428 libro
1774 1365 2002 1448 patuit.
2045 1369 2385 1426 Tader-unt-

896 1487 1041 1547 que,
1072 1466 1134 1527 id
1177 1473 1272 1528 est
1301 1473 1701 1548 acceperunt,
1732 1485 1875 1525 eam
1906 1467 1985 1524 de
2018 1467 2205 1524 domo
2235 1464 2384 1524 Abi·

895 1567 1111 1626 nadab
1142 1564 1507 1640 sacerdotiS‚
1544 1564 1893 1626 secundum
1922 1561 2232 1637 Glossam,
2267 1561 2385 1641 qui

896 1663 1246 1741 Abinadab‚
1280 1664 1381 1728 vel
1422 1683 1567 1746 quae
1600 1664 1825 1726 domus
1859 1661 2210 1736 Abinadab,
2243 1668 2383 1720 erat

896 1766 969 1823 in.
1004 1765 1242 1824 Gabaa.
1282 1766 1414 1824 Oza
1444 1773 1659 1824 autem
1688 1772 1748 1822 et
1779 1763 1948 1823 Ateio
1977 1763 2113 1841 filii
2144 1761 2384 1820 Abina-

2496 791 2710 834 versas
2741 771 3029 852 regiones
3061 773 3271 849 lsrael,
3305 781 3369 834 et
3397 772 3474 834 ad
3507 771 3884 844 sacerdotes,
3905 777 3976 830 nt

2493 881 2956 951 congregentur
2998 872 3078 935 ad
3122 890 3258 934 noS.
3292 871 3468 934 Unde
3505 878 3768 952 apparet
3801 867 3974 950 quod

2495 972 2858 1052 congregati
2890 970 3148 1034 fuerunt
3185 971 3265 1032 ad
3305 970 3522 1045 David,
3557 970 3620 1031 in
3667 969 3806 1030 loco
3841 984 3976 1047 quo

2484 1077 2631 1131 -erat
2651 1070 2906 1151 quando
2934 1070 3068 1132 haec
3088 1068 3247 1130 dixit
3275 1087 3350 1131 ac
3381 1066 3638 1130 nuntios
3665 1065 3861 1141 misit,
3881 1073 3976 1126 ut-

2499 1175 2644 1248 pote
2673 1166 2737 1228 in
2759 1169 3144 1244 Jerusalem
3169 1186 3286 1230 nec
3314 1167 3382 1229 in
3413 1165 3628 1248 aliqua
3657 1164 3978 1246 Scriptura

2496 1264 2862 1328 authentica
2893 1265 3156 1347 reperiri
3187 1264 3460 1341 videtur,
3485 1265 3658 1346 quod
3687 1263 3756 1324 in
3775 1261 3980 1325 Catia-

2499 1361 2750 1426 thiarim
2797 1364 2876 1427 ad
2915 1364 3108 1428 David
3149 1363 3398 1428 collecti
3445 1363 3594 1426 sint.
3629 1362 3788 1424 Hinc
3823 1377 3978 1441 quo-

2495 1477 2619 1539 que
2648 1460 2934 1542 Magister
2977 1462 3042 1524 in
3082 1461 3368 1526 historiis
3413 1461 3580 1524 circa
3624 1460 3796 1522 hunc
3839 1478 3980 1540 pas-

2453 1563 2461 1569 ’
2496 1577 2638 1621 sum
2686 1568 2950 1622 testatur
2985 1579 2998 1622 :
3031 1560 3240 1624 Gabaa
3283 1579 3408 1624 non
3455 1569 3552 1622 est
3593 1559 3700 1621 hic
3747 1575 3979 1621 nomen

2495 1657 2674 1720 urbis
2720 1667 2828 1720 aut
2870 1659 3016 1736 loci,
3049 1661 3164 1722 sed
3207 1660 3558 1724 seeundum
3607 1658 3985 1738 interpreta-

2496 1754 2736 1818 tionem
2766 1776 2942 1819 suam
2977 1757 3298 1838 signifieat
3329 1757 3578 1820 collem.
3599 1757 3816 1837 ltaque
3835 1755 3984 1818 duo

894 1864 1021 1922 dab
1072 1863 1408 1922 minabant
1454 1866 1825 1938 plaustrum
1876 1880 2141 1928 novum,
2172 1857 2238 1919 id
2288 1864 2383 1918 est
2417 1856 2468 1916 B
2495 1855 2855 1934 quod¹arca
2899 1855 3092 1918 fuerit
3129 1857 3210 1918 de
3246 1855 3688 1919 Cariathiarim
3731 1855 3816 1917 ad
3853 1853 3984 1915 alia

896 1959 1091 2022 boves
1134 1959 1489 2042 plaustrum
1537 1959 1877 2022 trahentes
1916 1962 2256 2036 Quumque
2293 1966 2386 2016 tu-

896 2061 1117 2119 lissent
1160 2080 1299 2119 eam
1344 2061 1423 2118 de
1464 2062 1650 2119 domo
1690 2059 2060 2126 Abinadab,
2088 2057 2206 2136 qui
2246 2064 2387 2115 erat

896 2159 970 2218 in
1006 2160 1226 2220 Gabaa
1256 2161 1614 2218 custodiens
1650 2177 1875 2218 arcam
1906 2158 2050 2226 Dei,
2083 2164 2385 2235 tanquam

896 2257 1191 2320 sacerdos
1222 2264 1282 2318 et
1313 2255 1411 2318 vir
1444 2265 1570 2318 tam
1606 2255 1864 2318 famosae
1904 2253 2179 2329 virtutiS‚
2216 2253 2387 2334 quod

898 2355 979 2417 ad
1002 2374 1147 2417 eum
1180 2354 1392 2437 potius
1420 2373 1611 2435 quam
1642 2353 1721 2416 ad
1760 2353 1957 2416 alium
1996 2352 2398 2414 sacerdotem·

897 2471 1045 2516 arca
1074 2451 1101 2513 f
1104 2452 1199 2515 uit
1227 2453 1515 2515 deducta.
1543 2455 1710 2514 ΑΙιίο
1736 2453 2130 2529 praecedebat
2160 2470 2386 2510 arcam

899 2554 1041 2623 Dei,
1065 2552 1273 2614 eundo
1305 2570 1529 2632 parum
1562 2559 1709 2613 ante
1730 2549 2107 2632 quadrigam
2142 2549 2220 2610 ad
2253 2566 2391 2630 pro-

900 2650 1243 2714 videndum
1275 2650 1353 2712 de
1382 2648 1890 2712 convenientiori
1924 2647 2173 2710 itinere.

980 2748 1157 2811 Circa
1188 2747 1309 2811 hoc
1336 2748 1540 2810 oritur
1570 2745 2153 2827 quaesti0‚qualiter
2174 2743 2280 2806 hic
2305 2744 2392 2805 di-

902 2855 1103 2922 catur,
1136 2846 1311 2927 quod
1350 2845 1632 2907 tulerunt
1668 2863 1875 2907 arcam
1917 2844 1994 2906 de
2025 2844 2216 2907 domo
2245 2841 2394 2904 Abi-

906 2943 1135 3020 nadab,
1170 2944 1282 3024 qui
1311 2951 1447 3006 erat
1477 2942 1543 3004 in
1573 2942 1803 3016 Gabaa,
1838 2961 2038 3024 quum
2076 2941 2141 3003 in
2182 2941 2392 3023 primo

640 3049 875 3102 mamm,
900 3039 1071 3103 libro
1110 3039 1631 3121 Paralipomenon
1675 3039 1985 3119 scriptum
2030 3038 2132 3114 sit,
2165 3038 2472 3100 Ascen-·C
2501 3037 2906 3100 describitur.

904 3140 997 3202 dit
1040 3140 1237 3203 David
1276 3148 1340 3201 et
1378 3157 1599 3202 omnes
1640 3138 1759 3201 viri
1805 3138 1992 3201 Israel
2039 3137 2117 3199 ad
2162 3137 2392 3201 collem

903 3236 1365 3313 cariathiarim,
1396 3236 1507 3317 qui
1540 3220 1636 3299 est
1668 3234 1733 3297 in
1764 3235 1943 3312 Juda,
1980 3243 2049 3297 ut
2078 3234 2394 3299 afferrent

900 3334 1053 3397 i-nde
1098 3353 1310 3397 arcam
1359 3334 1490 3397 Dei.
1525 3334 1617 3399 Ad
1662 3333 1783 3396 hoc
1824 3333 2085 3413 quidam
2129 3351 2394 3414 respon-

904 3432 1030 3509 det,
1062 3433 1233 3514 quod
1263 3432 1702 3495 Cariathiarim
1734 3440 1797 3494 et
1826 3431 2037 3494 Gabaa
2068 3439 2251 3493 erant
2291 3451 2395 3493 ur—

882 3531 1015 3595 bes
1047 3531 1294 3607 vicinae,
1330 3540 1392 3594 et
1424 3530 1488 3592 in
1520 3530 1961 3593 Cariathiarim
2003 3530 2211 3612 primo
2249 3548 2395 3593 oon-

902 3638 1195 3709 gregatus
1243 3638 1338 3691 est
1391 3628 1664 3710 populus
1715 3628 1793 3689 ad
1854 3628 2072 3704 David,
2126 3636 2190 3690 et
2245 3626 2394 3689 inde

902 3728 1295 3791 ,transierunt
1350 3728 1429 3789 ad
1487 3726 1931 3789 adducendum
1982 3744 2194 3789 arcam
2248 3744 2390 3806 quae

616 3845 874 3900 meysam
906 3834 1041 3890 erat
1072 3826 1135 3888 in
1157 3825 1387 3901 Gabaa‚
1407 3844 1479 3887 ac
1512 3824 1659 3887 inde
1690 3825 1981 3887 ducendo
2012 3844 2175 3899 eam,
2201 3832 2395 3886 trans—

907 3925 1120 3987 ierunt
1150 3943 1262 4007 per
1292 3922 1755 3987 Cariathiarim.
1776 3922 2007 4004 Sicque
2039 3922 2397 4003 intelligen-

644 4027 876 4081 ¹P⁰r·¹···.
904 4024 1047 4085 dum
1072 4032 1166 4087 est
1186 4024 1347 4105 quod
1370 4040 1445 4085 ex
1468 4022 1674 4104 primo
1695 4021 1859 4084 libro
1878 4021 2396 4103 Paralipomenon

911 4122 1240 4202 allegatur.
1276 4121 1509 4183 Verum
1541 4120 1661 4181 ista
1692 4118 2021 4201 responsio
2053 4120 2117 4181 in
2149 4118 2398 4202 exposi-

915 4220 1085 4283 tione
1110 4218 1469 4302 primilibri
1502 4226 1597 4280 est
1629 4218 1988 4299 reprobata3
2012 4218 2311 4281 similiter
2332 4219 2396 4282 in
2429 4222 2478 4285 D
2511 4220 2615 4281 Est
2657 4238 2804 4299 ergo
2848 4220 3036 4283 ludus
3081 4221 3461 4300 devotioniS,
3494 4224 3602 4304 qui
3651 4232 3750 4285 est
3793 4224 3998 4289 latriae

913 4318 1119 4401 primo
1151 4317 1315 4381 libro
1334 4317 1883 4399 Paralipomenom
1910 4336 2025 4379 nec
2051 4336 2400 4382 consonare

905 4416 1163 4481 ¹videtur
1182 4416 1239 4479 ei
1270 4416 1440 4497 quod
1473 4415 1535 4477 in
1570 4414 1972 4497 praeallegato
1997 4416 2206 4497 primo
2233 4416 2400 4481 libro

908 4515 1428 4598 Paralipomenon
1464 4514 1693 4593 legitur
1721 4533 1734 4577 :
1769 4513 2398 4595 CongregavitDavid

908 4612 1275 4676 universum
1328 4612 1514 4675 Israel
1564 4632 1603 4673 a
1652 4611 1837 4674 Sihor
1880 4612 2127 4694 AEgypti
2195 4632 2398 4695 usque

905 4714 1057 4775 dum
1082 4710 1465 4791 ingrediaris
1482 4710 1721 4785 Emath‚
1737 4719 1805 4772 ut
1826 4712 2165 4775 adduceret
2187 4731 2396 4774 arcam

906 4810 1015 4873 Dei
1046 4810 1125 4871 de
1153 4808 1616 4871 cariathiarim.
1642 4808 1901 4890 Insuper
1931 4810 2103 4890 quod
2130 4809 2393 4886 dicitur,

904 4909 1214 4992 populum
1244 4906 1433 4971 lsrael
1465 4907 1671 4989 primo
1702 4917 2152 4988 congregatum
2188 4910 2254 4970 in
2286 4910 2397 4971 Ca-

906 5006 1259 5071 riathiarim
1291 5005 1368 5067 ad
1402 5005 1612 5081 David,
1636 5005 1947 5068 incertum
1980 5014 2096 5082 est,
2118 5006 2249 5069 imo
2279 5026 2396 5070 ncc

905 5124 1256 5171 consonum
1289 5123 1427 5167 esse
1458 5113 1716 5187 apparet
1748 5104 1805 5167 ei
1840 5106 2009 5185 quod
2043 5105 2105 5167 in
2140 5125 2398 5187 praemc-

906 5213 1151 5269 morato
1181 5202 1345 5267 libro
1363 5202 1884 5284 Paralipomenon
1909 5202 2144 5265 fertur:
2163 5203 2268 5265 Ait
2288 5205 2398 5266 Da-

908 5304 1014 5369 vid
1044 5303 1123 5365 ad
1154 5302 1520 5365 universum
1550 5310 1782 5365 coetum
1818 5302 2037 5364 lsrael:
2064 5302 2129 5371 Si
2160 5302 2390 5384 placet,

670 4526 791 4570 lbid.
810 4530 851 4571 5.

690 5322 806 5366 ibid.
832 5326 877 5365 2.

2497 1951 2634 2014 loca
2678 1952 3006 2030 translata.
3033 1963 3374 2037 antequam
3419 1954 3613 2016 David
3660 1951 3986 2016 transtulit

2497 2071 2658 2128 eam,
2696 2052 2896 2132 magis
2943 2062 3150 2116 tamen
3196 2054 3538 2118 tenendum
3586 2061 3776 2127 esset,
3807 2052 3980 2133 quod

2498 2151 2578 2212 ad
2619 2151 3056 2214 Cariathiarim
3103 2151 3226 2215 fuit
3269 2154 3544 2230 reducta,
3578 2171 3770 2234 quam
3811 2151 3986 2232 quod

2499 2249 2693 2311 David
2735 2251 3053 2313 reduxerit
3089 2271 3228 2314 eam
3262 2253 3342 2314 de
3371 2251 3630 2334 oppido,
3663 2251 3834 2333 quod
3863 2249 3982 2314 Ga-

2499 2347 2618 2410 baa
2644 2349 2898 2412 dicitur.
2931 2349 3148 2413 Glossa
3185 2369 3442 2432 quoque
3478 2369 3670 2433 super
3699 2349 3986 2432 praealle-

2497 2455 2712 2525 gatum
2759 2448 3282 2531 Paralipomenon
3334 2449 3568 2512 librum
3617 2449 3842 2512 asserit
3885 2467 3988 2509 ar-

2500 2565 2638 2608 cam
2689 2547 3012 2610 reductam
3063 2567 3178 2629 per
3227 2548 3419 2612 David
3467 2568 3506 2610 a
3545 2547 3988 2611 cariathiarim

2501 2641 2678 2718 urbe,
2728 2644 2806 2706 de
2853 2663 2981 2724 qua
3031 2644 3152 2706 l'uit
3193 2643 3373 2706 Urias
3422 2644 3748 2726 propheta,
3791 2663 3986 2726 quem
4047 2671 4260 2713 1041„

2501 2741 2733 2804 occidit
2750 2741 3034 2806 Joachim
3065 2761 3172 2804 rex
3199 2742 3380 2818 Iuda,
3404 2751 3474 2804 ut
3503 2741 3770 2806 habetur
3803 2743 3870 2804 in
3887 2743 3992 2804 Je-
4017 2736 4088 2777 ᾗ·
4113 2737 4178 2774 ²³·

2503 2839 2722 2902 remia.
2758 2840 3024 2920 Fuitque
3065 2840 3502 2904 cariathiarim
3547 2841 3702 2918 haec,
3738 2861 3868 2904 una
3898 2842 3990 2904 de

2503 2938 2770 3002 urbibus
2812 2939 3436 3018 Gabaonitarum,.ut·
3480 2939 3546 3001 in
3593 2940 3757 3004 libro
3795 2941 3989 3004 Josue
4073 2961 4206 3003 101«
4231 2975 4276 3002 n.

4022 3027 4092 3066 17,

2581 3139 2801 3199 David
2837 3148 3050 3199 autem
3089 3148 3150 3199 et
3187 3142 3396 3201 omnis
3435 3142 3642 3201 Israel
3683 3142 3992 3201 ludebant

2501 3256 2716 3297 coram
2747 3237 3044 3307 Domine,
3079 3236 3144 3298 id
3187 3246 3304 3313 est,
3337 3239 3561 3301 devote
3604 3238 3988 3320 psallebant.

2501 3335 2678 3399 Unde
2699 3335 2782 3396 in
2828 3335 3034 3416 primo
3075 3334 3238 3398 libro
3277 3334 3796 3417 Paralipomenon
3830 3337 3991 3399 dici-

2505 3442 2607 3494 tur
2650 3451 2664 3495 :
2711 3431 2906 3497 David
2955 3442 3018 3495 et
3066 3433 3401 3499 universus
3447 3434 3639 3498 lsrael
3685 3435 3991 3499 ludebant
4047 3454 4276 3495 imm-a.

2503 3550 2713 3594 eoram
2741 3532 3008 3596 Domino
3037 3532 3212 3595 omni
3237 3533 3468 3597 virtute
3497 3534 3564 3596 in
3595 3534 3883 3597 canticis.
3909 3535 3996 3596 Is-
4023 3520 4067 3560 ⁸·

2506 3631 2615 3692 tud
2644 3649 2794 3711 ergo
2821 3640 2920 3694 est
2958 3631 3442 3713 intelligendum
3483 3634 3562 3696 de
3601 3632 3754 3696 ludo
3791 3634 3996 3697 virtu·

2503 3730 2606 3806 tis,
2641 3731 2718 3792 de
2748 3749 2878 3811 quo
2905 3739 2968 3791 et
2999 3730 3168 3793 inl'ra
3200 3729 3433 3794 fatetur
3461 3732 3656 3794 David
3683 3750 3698 3794 :
3723 3732 3990 3807 Ludam‚

2503 3836 2567 3891 ct
2609 3827 2799 3891 vilior
2843 3826 2996 3890 siam
3038 3828 3182 3910 plus
3221 3847 3414 3909 quam
3455 3829 3659 3893 factus
3699 3850 3865 3892 sum.
3905 3832 3996 3893 De

2503 3944 2632 4007 quo
2676 3935 2733 3987 et
2783 3924 2848 3987 in
2893 3926 3246 3989 Proverbiis
3291 3926 3611 4009 Sapientia
3655 3928 3938 4010 loquitur
3974 3948 3990 3991 z

2506 4024 2870 4087 Delectabar
2893 4043 3006 4107 per
3033 4024 3317 4105 singulos
3341 4025 3497 4101 dieS,
3520 4026 3746 4089 ludens
3777 4046 3994 4090 coram
4055 4052 4188 4093 emt.
4205 4066 4260 4091 m·

2505 4140 2582 4184 eo
2610 4122 2784 4185 omni
2807 4130 3106 4204 tempore,
3129 4122 3354 4187 ludens
3373 4124 3451 4185 in
3478 4125 3633 4188 orbe
3655 4134 3990 4188 terrarum.
4027 4120 4098 4164 ³⁰·
4121 4122 4184 4158 ³¹·

2506 4326 2708 4381 actus,
2743 4318 3048 4400 Denique,
3074 4320 3265 4382 etiam
3313 4322 3664 4383 secundum
3715 4322 4000 4386 Philoso-

2501 4417 2729 4498 phum,
2749 4417 3042 4499 specialis
3072 4426 3168 4480 est
3199 4417 3422 4495 virtus,
3445 4438 3559 4501 per
3578 4440 3770 4501 quam
3801 4420 3999 4485 homo
4314 4434 4315 4497 l

2509 4515 2672 4577 bene
2703 4534 2769 4577 se
2800 4514 2989 4578 habet
3021 4514 3086 4577 in
3120 4514 3324 4577 ludis:
3351 4516 3590 4580 idcirco
3620 4536 3750 4582 non
3779 4520 4000 4581 omnis

2510 4614 2720 4689 luduS,
2756 4622 2852 4675 est
2890 4614 3078 4676 ludus
3111 4614 3572 4679 dissolutionis,
3610 4617 3695 4679 De
3725 4617 3852 4681 hoc.
3877 4618 4002 4681 Du-

2507 4713 2742 4775 randus
2763 4712 2827 4774 in
2851 4711 3108 4775 Summa
3131 4732 3245 4775 sua
3269 4713 3522 4795 plenius
3553 4716 3786 4778 scribit.
3800 4716 4000 4779 Lude—

2507 4811 2662 4873 bant
2684 4828 2833 4889 ergo
2856 4812 2925 4870 in
2956 4813 3248 4875 omnibus
3279 4814 3478 4889 liquis
3507 4816 3902 4892 fabrefactis,
3923 4814 3996 4877 id

2506 4916 2602 4970 est
2622 4908 2883 4973 musicis
2909 4908 3347 4971 instrumentis
3368 4910 3446 4972 de
3469 4910 3641 4990 ligno
3663 4909 3990 4976 formatis:

2508 5008 2574 5069 in
2607 5006 2920 5082 omnibuS,
2943 5006 3221 5088 inquam,
3239 5026 3382 5088 quae
3402 5008 3738 5085 habebant,
3753 5017 3818 5073 et
3837 5030 4000 5092 quo-

2509 5125 2648 5167 rum
2670 5125 2822 5168 usus
2850 5106 2928 5167 ad
2961 5106 3080 5169 hoc
3109 5114 3244 5171 erat
3271 5108 3687 5183 conveniens3
3711 5118 3772 5170 et
3791 5111 4000 5173 enha-

2507 5208 2600 5265 rae's
2619 5214 2678 5265 et
2704 5206 2890 5281 lyris,
2913 5204 2974 5265 id
3006 5213 3101 5268 est
3131 5205 3550 5286 symphonii-⁴1,
3573 5218 3632 5267 et
3663 5214 3998 5285 tympanis

2508 5314 2566 5365 et
2595 5304 2805 5363 sistris
2847 5313 2906 5363 et
2945 5305 3278 5380 cymbalis.
3315 5304 3726 5386 Tympauum.
3755 5306 3998 5371 dicitur
