4359 6250
882 503 1001 569 214
1610 521 1958 568 manna-no
2000 521 2061 567 m
2102 521 2242 567 car.
2287 519 2372 566 xx
2411 520 2685 566 summm.
2729 539 2812 550 —
2851 521 2993 566 aar.
3039 519 3236 566 xxxin

886 693 1210 756 firmantis
1240 695 1411 776 quod
1444 694 1567 756 ista
1594 693 1863 756 historia
1898 700 2077 773 gesta
2114 691 2198 753 sit
2227 700 2374 754 ante
2405 690 2455 752 A
2485 692 2776 752 bacchati
2811 701 2990 762 sunt,
3031 701 3105 752 ut
3131 695 3342 752 decem
3373 700 3432 750 et
3470 699 3600 750 octo
3629 690 3848 749 millia
3881 689 3978 748 vi-

886 793 1207 870 Othoniel,
1233 793 1413 856 nullo
1438 792 1653 875 judice
1683 792 2083 876 praesidente.
2110 791 2172 853 Si
2204 791 2376 854 enim
2483 809 2708 850 rorum
2729 792 3972 868 educentiumyladiumprosternerent.

898 891 1191 955 Othoniel
1222 901 1332 955 aut
1369 891 1533 955 alius
1571 893 1765 973 Judex
1802 899 1955 953 tunc
1991 889 2153 973 prael'
2157 889 2374 966 uisset,

890 989 1287 1072 accepissent
1318 989 1501 1052 illum
1544 1009 1661 1072 pro
1690 990 1851 1052 duce
1890 989 2226 1064 exercitus,
2262 1007 2380 1050 nec

890 1107 1086 1171 super
1114 1089 1235 1152 hoc
1254 1088 1593 1152 Dominum
1624 1087 2288 1151 consuluissent.Nam
2318 1095 2380 1148 et

894 1186 959 1249 in
1001 1187 1230 1250 ceteris
1260 1185 1449 1249 bellis
1490 1187 1611 1248 sub
1652 1186 1975 1267 judicibus
2004 1185 2222 1266 gestiS,
2257 1185 2379 1267 ipsi

876 1284 1139 1366 judices
1190 1284 1451 1347 suerunt
1502 1285 1697 1348 duces
1743 1284 2080 1346 exercitus.
2136 1287 2382 1352 Quibus

893 1385 1221 1461 respondit
1262 1385 1583 1444 Dominus
1632 1403 1745 1464 per
1790 1383 2083 1463 angelum
2120 1399 2134 1443 ε
2174 1385 2382 1444 ludas

892 1484 977 1542 sit
1006 1485 1147 1542 dua:
1178 1492 1398 1542 vester.
1436 1482 1563 1544 Hoc
1606 1489 1813 1563 potest
1853 1480 2124 1561 intelligi
2165 1479 2266 1543 vel
2305 1480 2384 1541 dc

896 1578 1065 1640 tribu
1098 1579 1229 1655 illa,
1266 1579 1366 1642 vel
1401 1580 1479 1642 de
1508 1579 1645 1644 viro
1677 1579 1895 1661 aliquo
1936 1577 2276 1661 principali
2317 1577 2382 1639 in

896 1679 990 1752 ea,
1028 1685 1097 1739 ut
1127 1676 1371 1741 scilicet
1412 1678 1616 1740 tribus
1648 1677 1760 1739 illa
1798 1685 1963 1740 esset
1995 1678 2060 1739 in
2101 1676 2382 1739 exercitu

896 1776 1102 1858 prima
1131 1797 1203 1840 ac
1244 1776 1641 1859 principaliS‚
1678 1777 1779 1840 vel
1808 1778 1980 1859 quod
2020 1776 2254 1858 aliquis
2285 1775 2384 1839 vir

894 1891 971 1936 ex
1009 1892 1085 1936 ea
1119 1882 1286 1937 esset
1317 1875 1614 1957 princeps
1645 1874 1980 1938 exercitus,

974 1975 1341 2052 Statimque
1377 1975 1513 2050 filii
1554 1976 1763 2034 Israel
1802 1983 2129 2050 suryentes
2168 1993 2381 2043 mane,

893 2073 1333 2131 castrametati
1379 2082 1533 2132 sunt
1566 2073 1773 2148 juxta
1825 2073 2064 2132 Gabaa.
2102 2074 2188 2132 Ec
2230 2073 2384 2131 inde

884 2172 1293 2246 procedentes
1322 2173 1409 2229 ad
1435 2189 1727 2248 puynam
1747 2179 1969 2230 contra.
2000 2171 2381 2248 Benjamin,

896 2269 1117 2328 urbem
1144 2265 1355 2330 Gabaa
1387 2288 1761 2346 eoepuynare
1789 2278 2133 2347 coeperunt.
2156 2270 2384 2344 Eqres-

894 2367 1076 2444 sique
1103 2368 1239 2444 filii
1266 2369 1619 2445 Benjamin
1648 2371 1728 2426 de
1756 2368 2382 2436 Gabaa,oceiderunt

893 2467 973 2524 de
990 2466 1153 2541 filiis
1173 2467 1382 2526 Israel
1402 2467 1645 2542 viginti
1664 2469 1793 2526 duo
1823 2467 2042 2525 millia
2064 2467 2378 2525 virorum.

894 2566 1185 2625 Rursum
1225 2567 1362 2640 filii
1390 2568 1598 2625 Israel
1637 2574 1697 2624 et
1736 2566 2127 2643 fortitudine
2164 2573 2225 2623 et
2265 2584 2384 2624 nu—

896 2665 1069 2722 mero
1115 2666 1522 2741 confidente-5.
1571 2662 1660 2723 Ex
1706 2662 1828 2725 hoc
1878 2661 2169 2738 habetur,
2213 2661 2384 2743 quod

898 2768 1027 2822 tam
1066 2760 1132 2823 in
1164 2759 1371 2842 primo
1400 2778 1743 2840 congressu
1772 2780 1964 2842 quam
2007 2759 2073 2821 in
2106 2760 2228 2823 isto
2261 2759 2383 2821 filii

897 2857 1085 2920 Israel
1117 2877 1262 2920 cum
1294 2857 1709 2920 immoderata
1736 2857 2001 2921 audacia
2019 2866 2080 2920 et
2110 2857 2385 2939 quadam

898 2955 1196 3032 elatione,
1231 2956 1531 3020 videlicet
1575 2955 1640 3018 in
1678 2957 1777 3019 sui
1812 2957 2127 3019 exercitus
2170 2955 2390 3018 multi-

2486 887 2794 962 Quocirca
2837 889 3070 950 mirum
3117 889 3369 952 videtur
3409 888 3582 970 quod
3623 885 3977 949 succubue-

2489 995 2658 1061 runt,
2711 1005 2912 1068 quum
2964 995 3198 1064 tamen,
3223 987 3350 1050 Deo
3398 986 3682 1068 jubente,
3703 983 3980 1046 inissent

2488 1091 2832 1148 certamen.
2885 1086 2962 1147 Et
3011 1105 3126 1148 cur
3173 1085 3477 1148 Dominus
3532 1084 3692 1146 dixit
3737 1083 3854 1159 eis,
3911 1091 3980 1144 ut

2489 1184 3050 1263 congrederentur,
3083 1203 3284 1266 quum
3315 1203 3424 1246 eos
3453 1191 3820 1263 agnosceret
3849 1181 3982 1242 rui-

2491 1286 2710 1344 turos?
2742 1282 2817 1343 Et
2847 1283 3388 1364 respondendum,
3423 1281 3594 1364 quod
3625 1281 3790 1354 ideo,
3823 1279 3984 1360 quia

2489 1382 2726 1463 justam
2758 1401 3014 1445 causam
3049 1380 3391 1445 habebant.
3415 1380 3802 1463 Expediebat
3820 1397 3982 1461 quo-

2490 1499 2616 1561 que
2655 1497 2876 1542 eorum
2925 1481 3138 1556 saluti,
3175 1481 3241 1543 in
3285 1480 3506 1563 praelio
3549 1479 3792 1556 cadere,
3825 1477 3984 1559 quia

2491 1586 2554 1638 et
2586 1579 2724 1660 ipsa
2759 1579 3124 1659 congressio
3158 1598 3456 1660 morsque
3488 1578 3684 1654 illata,
3717 1575 3746 1637 s
3749 1585 3981 1640 uerunt

2491 1693 2712 1739 eorum
2745 1676 3060 1758 purgatio.
3087 1677 3304 1740 Voluit
3337 1678 3488 1740 item
3519 1695 3738 1740 eorum
3778 1675 3978 1737 fidem

2493 1775 2790 1857 probare,
2843 1785 2907 1839 et
2953 1775 3384 1838 obedientiam
3443 1793 3744 1839 coronare
3779 1799 3796 1844 ς
3849 1773 3980 1836 imo

2413 1866 2458 1927 B
2495 1891 2608 1934 nos
2646 1892 2868 1937 omnes
2899 1875 3234 1950 instrucre,
3273 1883 3344 1936 ut
3377 1891 3778 1955 nequaquam
3807 1871 3980 1934 sran-

2490 1981 2677 2053 gatur
2695 1992 2840 2055 spes
2863 1982 3080 2036 nostra
3099 1983 3162 2035 et
3185 1973 3212 2034 f
3215 1973 3350 2036 ides
3373 1974 3437 2035 in
3459 1971 3746 2047 Domino,
3761 1971 3981 2034 etiam-

2493 2071 2546 2132 s‘i
2579 2071 2844 2134 adversa
2863 2071 3806 2153 contingant‚quemadmodum
3835 2089 3980 2132 san-

2493 2176 2634 2232 ctus
2661 2169 2776 2233 Job
2809 2170 3124 2252 loquitur:
3147 2169 3407 2233 Etiamsi
3439 2168 3744 2234 occiderit
3771 2167 3978 2244 me‚in
4007 2187 4276 2233 seems-z.

2497 2266 2636 2347 ipso
2675 2267 2967 2349 sperabo.
3010 2267 3166 2330 Hinc
3210 2267 3355 2330 elici
3402 2276 3627 2350 potest,
3663 2267 3838 2348 quod
3887 2265 3982 2327 in-

2497 2364 2746 2427 terdum
2779 2365 2844 2426 in
2867 2365 3054 2428 bellis
3075 2366 3500 2429 succumbunt
3524 2366 3589 2427 hi
3609 2365 3724 2447 qui
3743 2366 3980 2446 justam

2499 2462 2700 2543 praelii
2742 2462 2980 2526 habent
3020 2482 3275 2526 causam
3313 2483 3326 2527 :
3361 2463 3532 2545 quod
3576 2471 3837 2545 propter
3877 2480 3982 2524 eo-

2501 2580 2639 2623 rum
2679 2560 2928 2644 aliquas
2967 2561 3190 2644 culpas
3227 2561 3390 2624 solet
3427 2561 3732 2638 accidere,
3767 2570 3832 2624 et
3867 2579 3984 2643 pro

2499 2679 2717 2723 eorum
2767 2661 2990 2724 salute.
3043 2661 3234 2723 Porro
3281 2659 3503 2742 injusti
3552 2660 3628 2723 ad
3675 2660 3984 2742 majorem

2501 2778 2682 2821 suam
2725 2759 3219 2836 damnationem,
3255 2759 3667 2841 temporalem
3711 2759 3988 2822 sortiun-

2501 2867 2605 2919 tur
2653 2859 3160 2940 prosperitatem,
3212 2858 3369 2941 quia
3414 2867 3476 2921 et
3523 2857 3645 2940 ipsi
3697 2857 3986 2920 fortassis

2503 2956 2744 3039 aliquid
2768 2957 3005 3019 habent
3025 2957 3194 3034 boni,
3210 2958 3382 3040 quod
3403 2955 3837 3040 temporaliter
3855 2975 3988 3018 mu-

800 3136 821 3159 ο
901 3053 1145 3132 tudine,
1171 3073 1243 3117 ac
1264 3054 1541 3138 propriis
1562 3055 1808 3120 viribus
1840 3055 2062 3137 magiS‚
2095 3075 2287 3138 quam
2321 3055 2386 3116 in
2421 3061 2465 3125 C
2503 3064 2784 3118 neretur.
2839 3055 3124 3138 Denique
3173 3065 3402 3138 praeter
3457 3075 3712 3119 causam
3763 3063 3986 3137 praeta-

899 3152 1168 3216 Domino
1210 3153 1635 3231 confidenteS‚
1670 3164 2119 3237 processerunt
2157 3155 2235 3217 ad
2276 3174 2391 3237 pu-

898 3268 1089 3331 gnam
1117 3272 1131 3316 :
1160 3252 1300 3316 ideo
1321 3253 1631 3316 Dominus
1661 3253 1953 3335 permisit
1983 3273 2091 3317 eos
2122 3254 2222 3315 bis
2253 3272 2391 3335 pro-

902 3350 1208 3426 sterni,ut
1236 3352 1673 3431 humiliati‚ad
1706 3352 1913 3435 ipsum
1946 3352 2385 3433 confugerent.

901 3452 985 3510 In
1013 3453 1229 3511 eodem
1259 3455 1389 3513 loco
1420 3456 1491 3513 in
1522 3474 1649 3533 quo
1669 3454 1863 3529 prius
1892 3462 2244 3523 certarunt,
2267 3453 2391 3512 aci-

900 3570 998 3611 em
1026 3550 1431 3622 direxerunt,
1466 3554 1561 3613 ita
1595 3562 1833 3621 tamen,
1866 3560 1937 3611 ut
1958 3553 2151 3628 prius
2181 3571 2390 3613 ascen-

900 3650 1121 3708 derent
1170 3646 1235 3708 in
1286 3647 1417 3709 Silo
1464 3649 1541 3710 ad
1589 3649 1849 3710 domum
1898 3648 2029 3725 Dei,
2064 3659 2123 3710 et
2160 3652 2390 3726 flerent

882 3766 1117 3807 ⁴coram
1148 3748 1424 3807 Domino
1466 3767 1664 3826 usque
1702 3750 1790 3808 ad
1828 3759 2091 3809 noctem.
2126 3746 2392 3811 Verum-

902 3852 1112 3907 tamen
1165 3842 1357 3906 fletus
1408 3843 1517 3906 ille
1576 3854 1715 3907 non'
1763 3844 2070 3927 processit
2116 3866 2194 3909 ex
2242 3866 2393 3909 vera

902 3941 1285 4005 contritione
1304 3950 1367 4003 et
1386 3941 1765 4020 humilitate,
1780 3944 1889 4005 sed
1910 3944 2110 4024 magis
2132 3965 2207 4007 ex
2229 3946 2392 4008 dam-

904 4041 969 4103 ni
1020 4040 1120 4102 sui
1164 4040 1403 4118 dolore,
1440 4048 1503 4103 ct
1547 4060 1677 4103 suae
1715 4042 2093 4123 dejectionis
2134 4045 2386 4109 rubore.

906 4142 1443 4219 Consuierentque
1490 4161 1663 4211 eum,
1700 4151 1759 4202 et
1808 4144 2094 4204 dicerent
2125 4165 2148 4204 .·
2189 4148 2390 4206 Debeo

2500 3164 2688 3232 ctam,
2723 3156 3083 3236 assignatur
3121 3165 3183 3218 et
3212 3156 3338 3218 alia
3369 3154 3764 3218 rationabilis
3796 3173 3988 3217 causa

2499 3273 2536 3315 a
2563 3252 2906 3317 Catholicis
2937 3263 2996 3317 et
3029 3254 3328 3331 HebraeiS‚
3363 3274 3476 3317 cur
3511 3253 3634 3315 filii
3665 3253 3856 3316 lsrael
3885 3252 3984 3315 bis

2499 3361 2648 3414 sunt
2681 3352 2834 3416 victi
2871 3374 2884 3417 :
2919 3352 3073 3435 quia
3101 3353 3400 3417 videlicet
3437 3352 3606 3416 circa
3633 3352 3984 3415 vindictam

2501 3449 2753 3531 injuriae
2781 3451 2892 3513 Dei
2936 3450 3188 3515 fuerant
3228 3452 3616 3531 negligentes
3653 3451 3836 3533 (quia
3871 3452 3986 3513 Da-

2499 3549 2686 3625 nitaS‚
2739 3549 2850 3631 qui
2899 3550 3150 3613 modico
3201 3559 3484 3632 tempore
3531 3558 3676 3613 ante
3727 3550 3846 3613 hoc
3897 3548 3986 3613 fa-

2500 3656 2670 3709 ctum
2706 3647 2784 3710 ad
2825 3648 3244 3712 idololatriam
3278 3656 3673 3724 corruerunt,
3708 3666 3835 3711 non
3867 3647 3986 3710 im·
4009 3677 4288 3720 namn-,2

2502 3755 2967 3827 pugnaverunt,
3013 3747 3178 3810 sicut
3218 3748 3283 3809 in
3323 3746 3812 3810 Deuteronomio
3859 3744 3986 3810 ruit
4013 3742 4284 3846 ‘'m'‘jm

2501 3855 2888 3927 praeceptum
2915 3872 2929 3921 3
2975 3854 3038 3907 et
3069 3846 3236 3908 sicut
3275 3850 3558 3928 tempore
3585 3845 3772 3908 Josue
3805 3845 3984 3908 volu·
4009 3870 4138 3911 ωε.

4015 3932 4283 4043 'spui-⁴:11³·-

2501 3953 2687 4006 erunt
2727 3962 2952 4007 novem
2993 3943 3197 4006 tribus
3246 3948 3522 4026 pugnam
3563 3943 3725 4006 inire
3761 3953 3984 4007 contra

2502 4042 2738 4104 tribum
2773 4042 2992 4104 Ruben
3033 4051 3096 4105 et
3131 4041 3284 4119 Gad,
3321 4062 3393 4106 ac
3432 4042 3704 4105 mediam
3745 4041 3982 4105 tribum

2500 4142 2800 4213 Manasse‚
2836 4160 3036 4223 quum
3085 4149 3416 4223 putassent
3463 4140 3607 4205 illos
3653 4141 3854 4204 altare
3893 4161 3986 4204 sa—

904 4256 1019 4318 ego
1048 4237 1326 4320 populus
1347 4247 1409 4300 et
1440 4238 1753 4302 exercitus
1784 4248 1951 4318 tuuS,
1974 4246 2150 4304 ultra
2179 4263 2392 4321 proce·
2420 4238 2470 4301 D
2500 4238 2807 4319 crilegum
2836 4238 3306 4319 construxisse),
3325 4258 3526 4321 quum
3554 4248 3762 4302 tamen
3789 4240 3866 4302 ad
3901 4240 3988 4301 ul-

901 4340 1051 4397 dere
1080 4340 1169 4397 ad
1196 4338 1649 4398 dimicandum
1688 4349 1912 4400 contra
1949 4342 2123 4417 filios
2154 4344 2392 4420 Benja-
2500 4338 2858 4402 ciscendam
2892 4338 3191 4419 injuriam
3233 4337 3427 4419 hujus
3457 4338 3711 4415 Levitae,
3749 4338 3988 4403 fuerint

903 4438 1045 4495 min
1074 4436 1317 4512 fratres
1345 4456 1513 4495 meos
1541 4456 1565 4495 .·
1594 4435 1886 4514 dicendo,
1912 4438 2157 4502 Fratres
2189 4458 2384 4517 mem,
2501 4436 2652 4499 satis
2695 4437 2904 4519 proni.

904 4531 1185 4595 fatentur
1215 4554 1283 4599 se
1303 4551 1429 4597 non
1452 4553 1527 4597 ex
1559 4534 1819 4613 invidia,
1836 4537 1945 4599 sed
1975 4536 2109 4600 zelo
2124 4537 2390 4619 justitiae
2583 4538 3005 4606 Quamobrem
3037 4557 3250 4597 omnes
3278 4537 3413 4613 filii
3441 4538 3669 4607 Israel,
3707 4544 3862 4619 puta
3891 4556 3990 4601 re-

902 4639 1125 4693 contra
1155 4631 1299 4695 illos
1338 4634 1602 4710 moveri,
1638 4633 1823 4716 quasi
1862 4634 2174 4715 justitiam
2213 4637 2387 4698 carni
2500 4634 2667 4696 sidui
2708 4636 2786 4697 de
2829 4652 3047 4697 eorum
3094 4634 3397 4711 exercitu,
3425 4646 3734 4697 venerunt
3767 4636 3840 4695 in
3883 4638 3992 4697 do-

902 4738 965 4791 et
994 4730 1291 4810 sanguini
1324 4731 1736 4814 praeferentes
1762 4755 1777 4805 3
1812 4753 1899 4793 an
1932 4753 2061 4793 non
2084 4736 2113 4794 ‚2
2146 4736 2390 4803 Quibus
2501 4755 2678 4795 mum
2709 4736 2852 4805 Dei,
2877 4743 2937 4793 et
2965 4734 3262 4794 sedebant
3289 4737 3510 4810 flentes
3537 4752 3752 4795 coram
3771 4736 3990 4795 Domi-

902 4827 1014 4886 ilte
1064 4832 1390 4907 respondit
1420 4849 1443 4891 .·
1470 4831 1813 4891 Ascendite
1856 4832 1945 4889 ad
1980 4849 2105 4900 coe,
2137 4841 2199 4891 et
2227 4833 2390 4893 inite
2497 4856 2602 4905 πο,
2628 4854 2704 4896 ex
2735 4853 2885 4896 vera
2913 4833 3292 4896 contritione
3323 4842 3387 4895 et
3416 4832 3796 4910 humilitate,
3829 4834 3988 4897 certi

899 4934 1245 4989 certamen.
2496 4933 2666 5014 quod
2699 4938 2958 5013 propter
2988 4931 3206 5014 aliqua
3227 4950 3344 4994 sua
3373 4940 3633 5013 peccata
3660 4931 3754 4995 sic
3773 4942 3990 4995 essent

982 5032 1317 5108 Quumque
1355 5030 1490 5106 filii
1518 5030 1727 5088 Israel
1770 5030 1975 5087 altera
2020 5030 2125 5088 die
2164 5041 2386 5091 contra
2497 5030 2819 5112 prostrati.
2849 5032 3452 5111 Jejunaveruncque
3495 5034 3614 5091 illo
3651 5032 3760 5091 die
3787 5052 3988 5111 usque

896 5131 1069 5207 filios
1090 5128 1442 5206 Benjamin
1473 5129 1562 5186 ad
1582 5125 1893 5204 praelium
1922 5129 2387 5201 processissent,
2496 5132 2586 5190 ad
2616 5150 2966 5208 vesperam,
3003 5147 3117 5211 pro
3155 5128 3594 5192 satisfactione
3623 5126 3860 5192 divinae
3887 5128 3989 5192 of-

896 5228 1251 5309 eruperunt
1300 5227 1434 5304 filii
1486 5224 1838 5301 Benjamin
1886 5225 1964 5282 'de
2004 5226 2215 5302 portis
2264 5230 2388 5287 Ga—
2498 5226 2714 5303 fensae‚
2745 5237 2802 5288 et
2828 5229 3195 5289 obtulerunt
3217 5229 3280 5287 ei
3306 5230 3698 5298 holocausta,
3715 5228 3794 5290 ad
3824 5226 3986 5290 divi-

898 5328 1040 5401 baa,
1062 5337 1122 5388 et
1152 5334 1545 5403 occurrentes
1574 5326 1687 5393 eis,
1727 5329 1909 5381 tanta
1941 5322 2013 5382 in
2044 5324 2191 5385 illos
2221 5328 2386 5386 coede
2495 5344 2592 5387 nae
2621 5324 3042 5389 reverentiam
3073 5324 3442 5406 majestatis,
3469 5345 3662 5408 quam
3691 5324 3988 5390 offende-
