4359 6250
966 471 1087 534 590
1590 484 1936 531 cumauro
1977 484 2037 529 m
2081 483 2219 530 ωιι».
2266 483 2309 528 ιι
2350 482 2510 529 unm
2548 482 2748 528 ren-ru
2790 483 3014 529 neuun.
3058 502 3139 513 --
3179 483 3321 530 Aur.
3368 484 3433 529 ιιι

959 668 1069 723 tuo
1094 677 1108 721 t
1133 661 1306 742 quod
1335 658 1390 721 si
1421 658 1629 735 fieret,
1648 665 1816 720 esset
1843 657 1923 720 ad
1953 654 2444 720 minorationem
2479 652 2529 715 A
2560 667 2676 733 tor,
2702 658 2791 723 ita
2817 678 2935 723 nec
2964 658 3190 721 Amasa
3220 657 3345 721 suit
3373 657 3693 738 legitimus
3724 653 4026 737 princeps

957 756 1144 821 famae
1183 767 1247 822 et
1286 757 1650 821 eminentiae
1692 764 1836 819 tuae.
1873 755 2102 837 Sicque
2147 752 2439 836 patescit,
2556 756 2802 821 militiae
2836 757 3190 821 AbsaloniS.
3228 756 3403 819 Unde
3433 755 3605 837 quod
3646 772 3813 815 nunc
3854 770 4042 815 voca-

955 858 1124 938 quod
1155 856 1610 939 promissiones
1639 854 1822 918 factae
1843 854 1968 937 ipsi
1997 852 2195 916 David
2226 853 2304 914 de
2339 868 2444 933 po·
2559 862 2660 917 tur
2689 856 2986 937 princeps
3017 854 3262 918 militiae
3290 852 3500 930 lsrael,
3525 860 3729 935 potest
3759 848 4037 927 intelligi

955 964 1270 1019 sterorum
1318 972 1579 1019 suorum
1629 954 2033 1017 successione
2091 952 2158 1014 in
2220 968 2440 1031 regno,
2562 972 2675 1035 pro
2720 974 2816 1032 eo,
2850 955 3021 1037 quod
3060 953 3258 1016 David
3304 950 3616 1036 promisit,
3650 950 3751 1015 vel
3784 952 3891 1030 (ut
3932 946 4047 1009 ali-
4084 968 4266 1021 ιιιιιμι

955 1062 1137 1117 erant
1175 1053 1295 1117 sub
1333 1052 1699 1117 conditione
1740 1051 2191 1133 intelligendae,
2228 1057 2449 1131 utpote
2559 1052 2671 1135 qui
2700 1053 2947 1132 dicunt)
2967 1052 3141 1115 dedit
3168 1052 3227 1115 ei
3258 1050 3681 1135 principatum
3715 1048 3901 1111 illum
3933 1064 4043 1129 pro
4072 1034 4128 1073 ¹³·

959 1153 1081 1215 nisi
1123 1153 1445 1237 peccando
1483 1152 1732 1216 obicem
1774 1160 2084 1234 ponerent
2130 1147 2451 1232 impletio-
2557 1151 2734 1228 Joab,
2768 1159 2839 1213 ut
2874 1150 2997 1213 l'uit
3034 1151 3391 1232 expositum
3430 1149 3496 1211 in
3535 1148 3703 1212 libro
3734 1146 4039 1211 secundo.

2563 1252 2729 1319 Quos
2770 1252 3002 1311 oceidit
3048 1248 3417 1331 proditorie,
3466 1247 3763 1311 ferociter
3807 1254 3873 1308 et
3922 1242 4039 1305 ini·
4078 1270 4266 1313 Imma?

959 1252 1025 1314 ni
1059 1251 1500 1334 promissionis
1531 1251 1786 1315 divinae.
1821 1248 2274 1313 Verumtamen
2321 1265 2448 1309 non

960 1360 1109 1414 sunt
1141 1351 1274 1415 haec
1309 1350 1398 1413 ita
1435 1348 1868 1430 intelligenda,
1902 1347 2086 1430 quasi
2126 1345 2447 1410 successio

961 1449 1070 1513 illa
1129 1449 1496 1533 temporalis
1548 1447 1614 1510 in
1666 1466 1860 1528 regno
1919 1455 2195 1523 terreno,
2250 1444 2447 1509 fuerit

960 1548 1332 1632 principalis
1364 1566 1554 1611 causa
1590 1555 1700 1609 aut
1739 1546 1900 1609 ratio
1941 1544 2253 1628 implendi
2283 1543 2447 1608 divi-

959 1666 1042 1709 na
1085 1654 1446 1729 praecepta:
1489 1644 1798 1727 quoniam
1839 1641 2214 1724 temporalia
2254 1641 2445 1717 bona,

960 1754 1208 1809 terrena
1238 1754 1300 1809 et
1329 1744 1661 1819 exteriora,
1677 1761 2082 1825 nequaquam
2112 1750 2263 1805 sunt
2295 1760 2449 1824 prae-

2561 1367 2707 1430 que,
2739 1367 2901 1431 quos
2940 1366 3069 1413 non
3108 1348 3381 1412 audebat
3413 1345 3754 1410 manifeste
3784 1344 4041 1407 invade·

2562 1467 2665 1523 re;
2698 1458 2758 1509 et
2784 1450 3017 1526 effudit
3044 1450 3431 1525 sanquinem
3460 1448 3609 1507 belli
3640 1448 3713 1505 in
3738 1464 3899 1523 pace
3923 1465 3947 1501 :
3977 1441 4039 1503 id

2560 1554 2677 1623 est,
2722 1547 3095 1628 sanguinem
3144 1546 3509 1629 principum
3560 1545 3841 1621 illorum,
3880 1560 4037 1623 quos

2562 1665 2690 1709 non
2728 1646 2952 1709 debuit
2992 1646 3281 1709 occidere
3318 1646 3444 1707 nisi
3486 1644 3551 1706 in
3596 1643 3815 1726 praelio
3842 1642 4035 1723 justo,

2560 1745 2660 1809 vel
2690 1744 2865 1825 justo
2902 1764 3269 1826 congressu,
3308 1743 3477 1806 fudit
3516 1752 3799 1825 tempore
3839 1740 4035 1823 pacis.

961 1844 1162 1907 mium
1211 1844 1496 1925 dignum,
1553 1842 1817 1926 plenum
1867 1850 2056 1923 atque
2105 1838 2449 1903 sufficiens
2486 1839 2533 1901 B
2561 1845 2816 1925 quando
2860 1843 3155 1907 videlicet
3205 1844 3341 1926 ipse
3388 1843 3585 1906 David
3634 1861 3781 1905 cum
3827 1838 4035 1901 Abner

959 1952 1216 2006 actuum
1265 1944 1712 2018 virtuosorum,
1759 1960 1872 2024 per
1915 1960 2078 2023 quos
2131 1940 2211 2002 fit
2257 1939 2449 2003 homo

960 2051 1144 2126 aptus
1177 2060 1370 2122 regno
1399 2041 1641 2104 eoelesti
1673 2049 1738 2103 et
1766 2039 1958 2103 saluti
1989 2048 2263 2103 aeternae.

1039 2139 1228 2203 Multa
1257 2139 1362 2203 hic
1391 2139 1772 2203 omittuntur
1803 2139 1882 2201 de
1915 2135 2102 2201 factis
2141 2144 2206 2200 et
2235 2134 2447 2199 verbis

961 2258 1034 2303 ac
1065 2238 1571 2302 ordinationibus
1603 2236 1805 2299 sancti
1827 2236 2046 2311 David,
2070 2254 2215 2318 quae
2242 2234 2449 2316 primo

961 2338 1484 2419 Paralipomenon
1536 2354 1646 2418 per
1695 2344 1838 2398 octo
1886 2334 2166 2417 capitula
2216 2332 2452 2396 descri-

963 2435 1222 2511 buntur,
1265 2456 1304 2498 a
1339 2434 1620 2516 capitulo
1659 2433 1964 2497 vicesimo
2005 2433 2213 2515 primo
2246 2450 2449 2513 usque

961 2536 1040 2598 ad
1073 2534 1270 2598 finem
1302 2534 1450 2596 libri
1483 2532 1678 2595 illius,
1713 2532 1889 2595 Unde
1918 2532 2210 2613 Magister
2248 2532 2316 2593 in
2358 2529 2451 2591 hi-

961 2633 1173 2696 storiis
1206 2631 1401 2696 refert
1437 2650 1450 2693 2
1485 2630 1718 2695 Volens
1749 2630 1943 2694 David
1977 2632 2311 2694 ostendere
2342 2647 2451 2711 po-

961 2732 1136 2815 pulo,
1172 2750 1382 2812 regem
1413 2750 1482 2793 se
1511 2728 1738 2793 fecisse
1771 2729 2196 2805 Salomonem,
2220 2746 2451 2792 convo-

959 2832 1128 2895 cavit
1165 2830 1232 2893 in
1267 2829 1614 2893 Jerusalem
1654 2827 1976 2911 principes
2016 2828 2347 2891 universos
2387 2834 2451 2890 et

959 2931 1313 2993 sacerdotes
1361 2948 1434 2992 ac
1483 2928 1753 3003 Levita8‚
1799 2936 1862 2990 et
1911 2927 2174 2992 inuncto
2216 2928 2447 2990 iterum

2562 1942 2791 2005 inierat
2822 1940 3028 2006 foedus
3067 1942 3263 2025 paciS‚
3300 1949 3361 2005 et
3398 1941 3654 2023 quando
3694 1938 4038 2001 indulserat

2560 2041 2803 2104 Amasae
2850 2060 3035 2103 suum
3081 2040 3425 2111 delictum3
3470 2039 3594 2116 vel,
3644 2039 3709 2101 ln
3758 2056 3934 2121 pace,
3978 2035 4037 2097 id

2561 2149 2656 2203 est
2685 2140 2805 2202 sub
2833 2148 3139 2222 apparatu
3171 2148 3235 2203 et
3264 2139 3446 2221 signo
3477 2139 3671 2222 pacis.
3692 2138 3843 2201 Nam
3868 2137 4042 2197 Ama·

2562 2258 2694 2301 sam
2739 2238 3079 2315 interfecit,
3115 2239 3459 2301 osculando
3500 2238 3793 2302 eumdem
3834 2242 3902 2298 et
3948 2254 4039 2295 sa-

2562 2337 2823 2402 lutando
2866 2337 3077 2402 verbis
3122 2336 3435 2419 pacificiS,
3480 2337 3799 2401 dicendo:
3834 2334 4035 2398 Salve.

2560 2436 2649 2497 mi
2708 2435 2923 2499 frater.
2976 2436 3283 2499 Similiter
3342 2435 3555 2518 ipsum
3603 2434 3815 2497 Abner
3860 2432 4038 2494 duxit

2560 2553 2870 2612 seorsum,
2902 2533 3084 2616 quasi
3128 2534 3517 2596 allocuturus
3560 2552 3703 2595 eum
3746 2552 3818 2595 ex
3870 2540 4039 2613 parte

2560 2634 2726 2713 regis
2776 2632 3069 2715 pacifice.
3118 2637 3201 2696 Ec
3235 2636 3455 2711 posuit
3494 2654 3783 2693 eruorem
3815 2632 4039 2709 praelii

2560 2734 2632 2791 in
2673 2734 2873 2793 balteo
2912 2752 3026 2793 suo
3056 2734 3173 2813 qui
3207 2743 3345 2792 erac
3384 2734 3557 2792 eirea
3599 2733 3831 2792 lumbos
3878 2732 4037 2807 ejus,

2558 2840 2617 2891 et
2657 2833 2730 2891 in
2761 2834 3183 2892 calceamento
3222 2852 3336 2891 suo
3370 2833 3541 2911 quod
3580 2840 3719 2890 erat
3758 2832 3825 2889 in
3856 2830 4039 2907 pedi-

2560 2931 2696 3001 buS,
2738 2928 2799 2991 id
2840 2938 2956 3006 est,
2992 2928 3129 2992 sine
3168 2926 3399 2992 bellico
3440 2928 3656 2992 labore
3698 2927 3836 2991 illos
3882 2926 4039 2990 occi-

958 3028 1314 3113 Salomonc,
1356 3048 1428 3091 ac
1467 3027 1848 3091 confirmato
1887 3026 1968 3089 ab
2009 3027 2308 3090 omnibus
2354 3045 2449 3089 re-
2483 3023 2527 3086 C
2556 3027 2671 3105 dit,
2706 3028 2793 3091 ita
2829 3029 3001 3110 quod
3041 3036 3298 3111 propter
3328 3028 3451 3091 tale
3481 3027 3637 3111 quid
3680 3036 4037 3110 perpetran-

955 3147 1082 3210 gno
1113 3128 1338 3211 ipsiuS,
1374 3128 1675 3211 praecepit
1705 3146 1918 3190 coram
1951 3127 2248 3190 omnibus
2281 3127 2449 3191 Salo-

957 3227 1132 3292 moni
1162 3229 1240 3290 de
1271 3225 1428 3306 legis
1459 3226 1766 3302 custodia,
1800 3226 2072 3308 justitia,
2107 3225 2343 3309 pictate
2372 3245 2445 3290 ac

959 3326 1180 3409 templi
1222 3325 1672 3390 aedificatione.
1707 3325 1882 3388 Tunc
1921 3343 2180 3407 quoque
2221 3325 2449 3388 distin-

958 3425 1050 3487 xit
1089 3424 1337 3488 Levitas
1381 3433 1446 3488 et
1487 3424 1868 3500 sacerdotes,
1904 3431 1966 3487 et
2011 3432 2221 3488 cetera
2267 3422 2441 3502 fecit,

955 3543 1100 3606 quae
1142 3523 1208 3587 in
1255 3523 1533 3606 praefatis
1571 3522 2098 3604 Paralipomenon
2143 3523 2443 3606 capitulis

957 3631 1108 3685 sunt
1133 3622 1516 3704 conscripta.

1053 3725 1148 3784 Tu
1189 3742 1436 3802 quoque
1477 3722 1646 3783 nosci
1683 3741 1826 3800 qaoe
1867 3722 2094 3798 fecerit
2142 3722 2332 3792 mihi,
2376 3720 2441 3783 id

957 3829 1054 3884 est
1093 3820 1171 3883 ad
1214 3839 1422 3882 meam
1463 3817 2032 3896 contristationem,
2067 3822 2226 3880 Joab
2262 3821 2445 3896 filius

955 3923 1231 3982 Sarvioe.
1253 3919 1483 3981 Dicunt
1511 3916 1926 3999 aliqui‚quod
1955 3917 2108 3980 Joab
2143 3925 2447 3982 monstra-

958 4016 1052 4080 vit
1071 4016 1214 4078 aliis
1230 4015 1566 4099 epistolam
1598 4014 1720 4077 sibi
1752 4035 1788 4077 a
1807 4015 2006 4078 David
2035 4024 2278 4079 secrete
2300 4015 2445 4078 mis-

957 4134 1092 4178 sam
1121 4115 1200 4178 de
1231 4124 1434 4179 morte
1462 4113 1646 4192 Uriae,
1673 4133 1786 4196 per
1815 4114 1987 4195 quod
2019 4133 2233 4196 regem
2264 4133 2438 4178 scan-

2557 3128 2709 3191 dum
2748 3145 2876 3192 non
2916 3128 3193 3209 indiguit
3232 3147 3301 3192 se
3330 3147 3599 3204 armare,
3632 3129 3745 3191 sed
3778 3125 4035 3191 suffecit

2557 3227 2639 3304 ei,
2682 3226 2892 3290 balteo
2940 3246 3077 3290 esse
3128 3227 3537 3309 praecinctum
3588 3235 3651 3291 et
3696 3227 3871 3291 corio
3918 3225 4037 3289 cal-

2555 3333 2828 3389 ceatum.
2852 3325 3116 3400 Quidam
3138 3335 3465 3409 exponunt
3494 3325 3625 3389 sic:
3660 3325 3875 3389 Posuit
3902 3344 4035 3388 cru-

2558 3443 2731 3488 orem
2761 3423 2916 3488 belli
2948 3425 3014 3487 in
3047 3424 3277 3502 balteo,
3304 3425 3369 3488 id
3398 3433 3513 3501 cst,
3542 3423 3823 3488 balteum
3854 3443 4031 3486 suum

2556 3542 2629 3586 ac
2681 3531 2887 3586 vestes
2933 3532 2998 3586 et
3044 3524 3289 3587 calceos
3342 3522 3496 3587 fecit
3545 3523 3854 3604 sanguine
3905 3522 4035 3584 illo—

2560 3641 2701 3684 rum
2732 3620 3055 3703 perfundi,
3080 3639 3207 3686 non
3230 3640 3405 3684 arma
3433 3641 3568 3698 sua,
3590 3621 3745 3703 quia
3774 3641 3918 3684 cum
3948 3620 4035 3682 cis

2558 3738 2684 3783 non
2714 3720 3077 3795 dimicavit3
3114 3720 3213 3784 vel
3247 3721 3389 3784 ideo
3428 3720 3667 3784 dictum
3710 3729 3809 3784 est
3846 3719 4031 3794 istud,

2555 3818 2709 3900 quia
2741 3818 3053 3900 percussit
3095 3818 3239 3882 illos
3276 3819 3343 3881 in
3383 3819 3669 3900 inguine,
3710 3818 4029 3882 brachium

2556 3935 2745 3978 suum
2774 3925 2994 3980 contra
3021 3917 3195 3998 ipsos
3227 3935 3355 3980 non
3388 3916 3679 3993 levando,
3706 3917 3819 3980 sed
3847 3917 3927 3979 ab
3958 3916 4037 3977 in-

2559 4015 2658 4079 fra
2695 4017 3057 4099 pungendo,
3092 4016 3310 4098 sicque
3354 4016 3611 4098 sanguis
3651 4016 3907 4080 illorum
3944 4036 4037 4077 su-

2560 4135 2673 4198 per
2702 4115 2983 4179 balteum
3010 4115 3069 4197 ej
3079 4135 3151 4178 us
3174 4135 3249 4178 ac
3272 4115 3772 4179 calceamentum
3804 4121 4039 4197 poterat

953 4214 1270 4292 dalizavit,
1311 4223 1375 4278 et
1411 4215 1532 4278 hoc
1577 4213 1786 4296 ipsum
1833 4212 2029 4276 David
2081 4223 2335 4278 notasse
2380 4213 2445 4277 in
2481 4219 2528 4280 D
2562 4215 2875 4296 prosilire,
2910 4232 3037 4278 non
3072 4233 3265 4296 super
3300 4213 3577 4279 vestium
3617 4233 3877 4278 suarum
3914 4231 4038 4296 par·

953 4312 1166 4378 verbis
1199 4313 1359 4376 istis.
1394 4313 1514 4377 Sed
1544 4331 1624 4375 an
1658 4312 1812 4375 Joab
1853 4312 1974 4375 hoc
2016 4311 2192 4390 fecit,
2238 4313 2442 4377 incer-

958 4420 1092 4475 tum
1131 4421 1228 4477 est
1261 4431 1275 4475 ε
1311 4421 1517 4476 textus
1554 4430 1814 4494 quoque
1854 4411 2107 4475 videtur
2146 4412 2328 4495 loqui
2370 4412 2450 4476 de

960 4511 1155 4592 gestis
1213 4510 1649 4594 sequentibus,
1706 4513 1860 4580 Quae
1916 4512 2142 4588 fecerit
2199 4515 2447 4572 duobus

963 4611 1370 4690 principibus
1413 4609 1730 4670 exercitu-s
1782 4610 2009 4679 Israel,
2051 4611 2273 4670 Abner
2308 4610 2449 4686 filio

702 4729 936 4787 meam,
967 4711 1126 4780 Ner,
1157 4707 1221 4771 id
1260 4715 1376 4785 est,
1421 4725 1613 4788 quem
1653 4703 1800 4768 Saul
1841 4705 2174 4769 constituit
2211 4706 2451 4790 princi-

675 4797 743 4838 50.

967 4826 1114 4891 pem
1145 4804 1392 4869 militiae
1431 4805 1624 4868 totius
1665 4804 1977 4868 exercitus
2007 4805 2358 4882 Israelitici,
2392 4816 2453 4867 et

965 4910 1222 4970 Amasoe
1249 4907 1390 4984 filio
1417 4907 1658 4974 lether,
1687 4921 1880 4984 quem
1919 4902 2197 4966 Absalon
2236 4903 2453 4986 posuit

674 5025 710 5069 11
723 5027 937 5082 ιιεμνιι,
966 5003 1322 5087 principem
1353 5002 1600 5065 militiae
1637 5021 1828 5084 super
1869 5010 2072 5066 totum
2103 5003 2451 5066 exercitum

675 5089 745 5134 25.

968 5123 1154 5167 suum
1185 5121 1300 5185 pro
1329 5100 1504 5164 Joab.
1539 5101 1776 5164 Tamen
1817 5100 1982 5163 sicut
2013 5101 2291 5165 Absalon
2325 5121 2453 5166 non

969 5202 1095 5265 suit
1135 5221 1324 5266 verus
1372 5219 1480 5264 rex
1529 5199 1744 5276 lsrael,
1778 5218 1894 5263 neo
1941 5198 2225 5281 legitime
2273 5199 2457 5263 insti-

968 5308 1165 5379 tutuS,
1211 5301 1320 5364 sed
1361 5297 1700 5366 ambitiose
1745 5297 2050 5379 intrusuS,
2087 5306 2152 5362 et
2192 5319 2458 5383 usurpa-

2564 4321 2654 4375 tes
2694 4313 3073 4396 superiores
3108 4311 3321 4394 Aliqui
3356 4321 3703 4395 exponunt,
3738 4313 4031 4384 dicentes,

2562 4410 2783 4494 [quod]
2822 4419 3209 4494 pugnatores
3246 4411 3537 4475 solebant
3576 4411 3641 4473 in
3680 4411 3876 4474 armis
3912 4409 4034 4472 suis

2563 4511 2841 4590 insignia
2876 4529 3070 4592 opera
3111 4530 3225 4574 sua
3272 4511 3353 4573 ad
3398 4509 3889 4574 ostentationem
3936 4510 4037 4572 de-

2563 4608 2869 4683 scribere3
2904 4609 3014 4672 sed
3043 4628 3245 4691 quum
3269 4608 3424 4673 Joab
3460 4608 3819 4673 facinorosa
3846 4607 4035 4672 homi-

2562 4706 2729 4771 cidia
2772 4706 2884 4769 illa
2926 4726 3055 4771 non
3097 4708 3356 4772 auderet
3398 4707 3465 4770 in
3508 4708 3642 4770 suis
3685 4707 4033 4772 describere

2563 4807 2755 4869 armis
2794 4816 2859 4870 et
2891 4806 3145 4889 publice
3177 4815 3515 4884 ostentare,
3550 4807 3776 4871 saltem
3813 4807 3881 4870 in
3918 4805 4037 4869 bal-

2566 4913 2667 4970 teo
2694 4915 2759 4970 et
2787 4906 3215 4970 calceamento
3246 4925 3363 4970 suo
3392 4925 3467 4969 ea
3496 4906 3760 4970 notavit.

2644 5007 2865 5068 Phe-ies
2906 5026 3052 5083 erqo
3094 5006 3154 5070 ei
3173 5007 3383 5085 juxta
3421 5008 3811 5084 sapientiam
3846 5017 4035 5076 tuam,

2567 5103 2777 5186 ipsum
2828 5103 3041 5168 debite
3103 5104 3449 5187 puniendo,
3497 5114 3557 5166 et
3605 5125 3733 5166 non
3780 5109 4037 5167 deduces

2566 5204 2875 5266 canitiem
2918 5205 3058 5281 ejus
3089 5205 3358 5281 pacifice
3394 5207 3482 5265 ad
3521 5205 3787 5284 infero&
3824 5204 3891 5266 id
3932 5211 4033 5276 est,

2566 5319 2713 5364 eum
2743 5302 2873 5383 jam
2906 5321 3158 5380 canum,
3184 5300 3385 5366 facias
3414 5301 3695 5368 violenta
3722 5311 3927 5367 morte
3954 5321 4039 5366 oc·

4066 1346 4127 1376 xx.
4140 1337 4172 1375 9,
4190 1340 4236 1373 tr.
