4359 6250
631 2160 798 2204 Masta.
810 2173 882 2211 vu,

616 2226 683 2267 22.

615 3256 668 3364 ἑξ
679 3258 784 3313 1209.
796 3269 877 3307 xiv,

641 3952 873 4003 Laenas,

614 4016 683 4058 2⁶.

904 477 1022 542 702

1453 495 1803 544 ENARRATIO
1843 494 1903 540 IN
1927 493 2084 543 .GA.P.
2132 491 2260 540 xvu
2303 491 2463 540 unm
2500 493 2700 538 TnnTn
2740 493 2965 540 Rssomt.
3010 513 3091 524 --
3130 494 3274 540 ΛΒΤ.
3316 493 3440 540 XXV

903 665 1071 728 Elias
1092 684 1353 729 mensus
1383 673 1480 729 est
1499 684 1691 748 super
1721 682 2014 747 puerum,
2039 663 2397 746 coaptando
2425 662 2476 724 A
2504 684 2617 747 pes
2645 667 3003 729 Judaeorum
3042 665 3122 729 de
3164 683 3385 728 eorum
3424 661 3989 747 superstitionibus

903 782 971 827 se
1001 763 1141 846 ejus
1162 764 1563 846 corpuscu10‚
1581 782 1706 826 non
1731 782 1846 846 per
1860 761 2391 844 adaequationem,

903 862 1012 925 sed
1041 863 1530 929 convenientem
1563 861 1998 926 extensionem
2026 869 2221 943 atque
2252 878 2396 941 pos-

902 960 1157 1024 sibilem
1189 961 1706 1044 applicationem.

985 1063 1069 1121 Et
1097 1081 1351 1122 reversa
1387 1072 1477 1123 est
1515 1063 1743 1121 anima
1777 1061 1976 1137 pueri
2014 1061 2195 1120 intra
2221 1076 2396 1125 eum,
2503 1059 2840 1140 passion-iS,
2875 1060 2941 1122 in
2973 1079 3099 1142 qua
3128 1058 3497 1122 abscondita
3526 1057 3652 1120 fuit
3680 1055 3986 1119 fortitudo
4040 1072 4237 1115 uma.

903 1167 962 1219 et
999 1161 1262 1220 revixit.
1304 1161 1605 1239 Tulitque
1635 1160 1822 1221 Elias
1853 1177 2159 1236 puerum,
2192 1164 2252 1216 et
2293 1157 2397 1215 de-
2502 1165 2565 1219 et
2613 1159 3284 1241 omnipotentiaejuS,
3328 1157 3505 1240 juxta
3554 1155 3712 1218 illud
3762 1155 3933 1218 lsaiae
3966 1172 3980 1216 :
4014 1137 4061 1176 ⁴·

895 1259 1120 1334 posuit
1144 1278 1292 1319 eum
1321 1261 1400 1318 de
1419 1261 1744 1320 coenaculo
1765 1259 1838 1317 in
1871 1257 2253 1333 inferiorem
2280 1255 2393 1313 do·
2502 1254 2689 1329 Quasi
2737 1256 3145 1322 absconditus
3194 1256 3408 1322 vultus
3454 1256 3617 1338 ejuS,
3659 1264 3720 1318 et
3766 1255 3987 1336 despe-
4032 1273 4221 1319 num.
4275 1279 4276 1282 ¹

907 1377 1107 1429 mum,
1139 1366 1199 1418 et
1235 1358 1514 1418 tradidit
1545 1357 1747 1418 matri
1783 1376 1939 1418 suoe.
1974 1357 2060 1416 Et
2103 1357 2201 1415 ait
2232 1353 2341 1412 illi
2370 1367 2394 1411 .·

901 1457 1012 1516 En
1042 1457 1208 1516 vivit
1244 1458 1428 1533 filiu-s
1467 1464 1638 1516 tuus,
1670 1456 1985 1534 Dixitque
2028 1453 2270 1514 mulier
2308 1453 2397 1512 ad

905 1555 1128 1615 Eliam
1170 1575 1192 1613 .·
1223 1557 1418 1618 Nunc
1463 1556 1536 1614 in
1585 1556 1704 1614 isto
1749 1561 1876 1614 tam
1925 1547 2393 1634 supernaturali

905 1651 1146 1716 ellectu
1175 1655 1440 1730 coqnovi
1469 1652 1704 1716 certius
1734 1671 1928 1735 quam
1959 1669 2261 1716 noveram
2289 1667 2395 1712 an·

907 1758 990 1828 te,
1037 1754 1350 1831 quoniam
1398 1754 1504 1812 vir
1544 1754 1692 1822 Dei,
1737 1751 1801 1813 id
1841 1758 1938 1813 est
1980 1750 2106 1814 Deo
2151 1747 2395 1812 veraci-

2503 772 2695 846 atque
2725 763 3102 834 criminibus
3132 763 3361 826 acriter
3402 761 3813 843 increpasset,
3847 759 3989 822 abs-

2502 862 2797 926 conditus
2839 871 2937 926 est
2977 865 3051 922 in
3084 873 3359 924 torrente
3394 863 3643 931 Caritlz,
3673 860 3735 921 id
3786 865 3881 922 est
3920 857 3986 918 in

2502 959 2893 1024 abundantia
2936 969 2998 1024 et
3042 959 3349 1024 fluctibus
3390 979 3519 1022 suae
3565 957 3987 1021 acerbissima

2502 1364 2665 1433 ctuS‚
2701 1359 2870 1420 unde
2914 1376 3029 1420 nec
3072 1355 3506 1438 reputavimus
3554 1373 3726 1417 eum.
3767 1353 3847 1415 Et
3897 1352 3985 1414 ibi

2502 1456 2676 1521 corvi
2707 1457 2847 1539 ejus
2876 1475 3021 1520 eum
3044 1454 3408 1538 pascebant,
3431 1453 3586 1536 quia
3614 1453 3683 1515 in
3704 1471 3820 1514 sua
3848 1471 3987 1534 pas-

2504 1551 2684 1616 sione
2712 1554 2791 1616 de
2834 1573 2965 1617 suae
3007 1553 3323 1636 passionis
3364 1550 3811 1633 copiosissimo
3860 1548 3989 1611 fru-

2504 1661 2632 1730 ctu,
2667 1655 2785 1717 hoc
2814 1663 2913 1716 θεῖ
2938 1653 3275 1734 gentilium
3305 1653 3481 1716 vitiis
3510 1651 3987 1733 denigratur-um

2504 1755 2942 1831 conversione,
2960 1774 3143 1818 mens
3172 1754 3312 1836 ejus
3338 1753 3652 1816 delectata
3680 1759 3869 1815 estet
3900 1769 3989 1813 re-

906 1857 1003 1913 ter
1032 1849 1540 1932 excellenterque
1571 1849 1851 1931 placens,
1873 1871 1938 1910 es
1971 1859 2062 1911 tu.
2096 1846 2396 1922 Quamvis
2433 1849 2478 1910 B
2508 1851 2694 1917 fecta.
2714 1853 2789 1916 Et
2818 1854 2983 1918 sicut
3004 1853 3179 1918 corvi
3211 1852 3559 1916 attulerunt
3585 1850 3739 1914 Eliae
3766 1868 3991 1914 carnes

909 1950 1080 2012 enim
1112 1949 1418 2013 miracula
1446 1949 1830 2031 quandoque
1862 1947 2024 2011 fiant
2052 1966 2166 2030 per
2196 1946 2397 2009 malos

909 2067 982 2111 ac
1015 2047 1337 2130 reprobos,
1381 2048 1547 2110 sicut
1585 2047 1650 2109 in
1682 2047 2029 2129 Evangelio
2059 2045 2150 2108 ait
2179 2045 2396 2108 Salva-

911 2156 1032 2225 tor,
1065 2147 1238 2210 Multi
1269 2148 1484 2211 dicent
1513 2147 1673 2210 mihi
1709 2148 1775 2210 in
1805 2147 1910 2210 die
1940 2146 2072 2223 illa,
2110 2143 2394 2221 Domine,

908 2247 1194 2325 Domine,
1230 2265 1442 2310 nonne
1471 2247 1538 2309 in
1568 2246 1826 2314 nomine
1856 2255 1966 2310 tuo
1996 2243 2401 2328 prophetavi·

907 2352 1097 2410 mus?
1125 2365 1267 2409 raro
1299 2355 1531 2423 tamen,
1567 2346 1696 2410 imo
1729 2345 2050 2408 rarissime
2081 2343 2251 2408 fiunt
2281 2361 2397 2425 per

909 2443 1076 2522 illos,
1098 2445 1450 2527 praesertim
1480 2445 1786 2508 miracula
1817 2451 1946 2507 tam
1976 2443 2303 2527 praeclara,
2322 2449 2393 2504 ut

907 2551 1004 2606 est
1033 2543 1361 2607 suscitatio
1390 2545 1648 2621 mortui,
1681 2562 1824 2626 quae
1855 2562 1969 2626 per
1999 2543 2252 2607 nullum
2284 2540 2398 2604 ini-

907 2661 1105 2724 quum
1136 2643 1368 2724 legitur
1399 2641 1586 2706 facta.
1619 2647 1698 2704 Et
1729 2645 1988 2704 verbum
2020 2643 2291 2705 Domini
2320 2641 2395 2702 in

905 2762 1012 2803 ore
1045 2752 1151 2804 tuo
1182 2763 1406 2804 verum
1435 2752 1550 2812 est,
1567 2741 1632 2804 id
1661 2749 1779 2820 est,
1803 2760 1952 2804 vere
1982 2759 2058 2803 ex
2087 2749 2266 2823 parte
2290 2739 2397 2802 Dei

907 2840 1211 2922 loqueriS,
1245 2849 1306 2903 et
1351 2859 1538 2904 verus
1568 2840 1678 2902 Dei
1721 2839 2030 2922 propheta
2061 2857 2152 2916 θε,
2190 2857 2264 2902 ac
2296 2857 2399 2902 ve-

908 2958 977 3001 ra
1007 2947 1154 3002 sunt
1191 2938 1496 3004 vaticinia
1537 2947 1668 3002 tua.
1703 2938 1918 3002 Refert
1947 2937 2393 3020 HieronymuS‚

2505 1961 2567 2016 et
2596 1972 2815 2035 paneS,
2842 1953 2933 2016 sic
2962 1951 3255 2017 conversi
3294 1950 3565 2031 gentiles
3606 1949 3857 2012 Christo
3886 1948 3995 2012 ob-

2510 2052 2792 2115 tulerunt
2830 2069 3094 2134 corpora
3124 2071 3237 2114 sua
3266 2059 3330 2114 et
3358 2068 3533 2132 opes.
3563 2049 3863 2112 Cessante
3890 2067 3995 2110 au-

2508 2159 2636 2213 tem
2664 2159 2729 2215 et
2770 2151 3079 2214 exstincta
3122 2148 3355 2213 Christi
3404 2147 3727 2230 passione,
3762 2147 3993 2209 missus

2506 2258 2603 2313 est
2651 2251 2788 2332 ipse
2834 2269 2949 2333 per
2987 2248 3435 2331 Apostolorum
3481 2245 3991 2330 praedicationcm

2508 2351 2583 2412 ad
2606 2349 2857 2413 viduam
2878 2350 2951 2410 in
2972 2351 3259 2426 Sarepta,
3281 2347 3344 2409 id
3364 2346 3558 2410 estad
3576 2343 3995 2424 gentilitatem

2507 2447 2747 2529 ubique
2778 2455 3085 2509 terrarum
3112 2463 3126 2507 :
3158 2464 3302 2525 quae
3338 2444 3467 2507 duo
3496 2443 3670 2524 ligna
3706 2442 3989 2522 collegit,

2506 2547 2659 2608 dum
2705 2545 2912 2609 crucis
2968 2544 3341 2627 mysterium
3386 2541 3635 2618 didicit,
3672 2561 3751 2604 ex
3808 2542 3987 2622 cujus

2506 2646 3013 2711 consideratione
3048 2645 3113 2706 in
3146 2663 3213 2706 se
3252 2643 3463 2723 ignem
3500 2639 3737 2703 amoris
3774 2659 3991 2703 accen-

2508 2742 2621 2822 dit,
2646 2762 2774 2827 quo
2804 2742 2929 2806 sibi
2949 2750 3013 2806 et
3032 2741 3191 2803 filiis
3212 2741 3343 2802 suis
3364 2738 3723 2822 spiritualia
3750 2737 3990 2801 fercula

2507 2841 2884 2925 praeparavit
2907 2859 2922 2904 :
2947 2841 3131 2922 cujus
3154 2839 3359 2902 farina
3388 2845 3453 2900 et
3470 2837 3631 2914 oleo,
3658 2837 3722 2898 id
3752 2845 3852 2898 est
3880 2855 3988 2917 pu-

2508 2940 2691 3004 ritate
2722 2949 2784 3003 et
2814 2939 3114 3003 unctione
3142 2956 3441 3021 superna,
3460 2956 3535 3000 ac
3565 2935 3987 2999 subcinericio

905 3039 1078 3119 quod
1127 3057 1394 3120 puerum
1445 3038 1636 3100 istum
1685 3037 1767 3100 ab
1809 3037 1947 3100 Elia
1995 3037 2392 3113 suscitatum,
2432 3036 2477 3101 C
2507 3057 2693 3121 pane,
2720 3039 2783 3101 id
2812 3046 2909 3101 est
2937 3037 3166 3099 humili
3197 3035 3471 3119 propriae
3504 3031 3874 3114 fragilitatis
3902 3051 3989 3094 re-

907 3136 1132 3200 dicunt
1159 3138 1403 3201 Hebraei
1438 3138 1660 3202 Jonam
1701 3156 1840 3201 esse
1873 3137 2270 3220 prophetam,
2318 3137 2397 3198 de

908 3255 1035 3319 quo
1066 3234 1238 3299 infra
1265 3237 1428 3301 libro
1448 3246 1674 3320 quarto
1710 3256 1723 3300 :
1759 3238 1872 3319 qui
1903 3244 2162 3301 vocatus
2194 3245 2291 3301 est
2320 3236 2397 3299 ri-

910 3336 1034 3398 lius
1061 3336 1339 3413 Amathi,
1374 3335 1440 3399 id
1472 3344 1570 3398 est
1609 3336 1788 3398 filius
1833 3335 2144 3414 veritatiS,
2181 3344 2253 3398 ut
2300 3355 2397 3398 su-

908 3454 1022 3519 per
1047 3434 1268 3499 Jonam
1299 3435 1558 3518 exponit
1587 3435 2026 3517 Hieronymus,
2060 3435 2215 3517 quia
2242 3435 2395 3497 dum

909 3534 1075 3597 Elias
1133 3534 1468 3599 suscitavit
1517 3554 1686 3613 eum,
1736 3542 1937 3598 mater
1987 3534 2126 3616 ejus
2186 3533 2397 3598 locuta

907 3641 1036 3695 est:
1060 3632 1236 3697 Nunc
1268 3634 1333 3695 in
1364 3634 1486 3698 isto
1505 3634 1796 3715 cognovi,
1816 3634 2119 3715 quoniam
2149 3633 2249 3695 vir
2278 3632 2393 3695 Dei

907 3750 974 3793 es
1009 3738 1100 3809 tu,
1125 3740 1189 3795 et
1219 3733 1483 3796 verbum
1501 3733 1756 3797 Domini
1790 3733 1858 3795 in
1887 3751 1997 3796 ore
2029 3741 2139 3796 tuo
2164 3750 2387 3795 verum

907 3838 1024 3893 est.
1070 3830 1214 3894 Haec
1255 3841 1351 3894 est
1391 3831 1604 3909 vidua,
1647 3832 1726 3895 de
1768 3851 1894 3913 qua
1941 3832 2107 3913 apud
2156 3831 2393 3894 Lucam

905 3929 1153 3992 Veritas
1203 3938 1586 4011 protestatur
1635 3948 1649 3992 ε
1701 3930 1906 3993 Multae
1954 3929 2164 3994 viduae
2212 3937 2394 3993 erant

2506 3137 2891 3217 cognitione,
2925 3136 3272 3200 delectatus
3300 3144 3399 3197 est
3426 3133 3752 3198 Dominus
3777 3132 3983 3207 Porro,

2506 3255 2621 3317 per
2651 3235 3025 3299 defunctum
3054 3234 3262 3301 viduae
3292 3232 3527 3309 filium,
3552 3232 3869 3314 accipitur
3896 3250 3990 3311 ge-

2506 3352 2629 3395 nus
2660 3333 3011 3396 humanum
3050 3330 3327 3414 peccatis
3360 3328 3637 3412 sopitum
3680 3336 3743 3391 et
3792 3336 3988 3392 morte

2504 3431 2709 3513 culpae
2730 3430 3073 3495 infectum:
3098 3448 3291 3512 super
3310 3428 3481 3512 quod
3498 3426 3695 3490 Filius
3718 3426 3829 3489 Dei
3848 3425 3989 3507 piis-

2506 3530 2667 3592 sima
2708 3526 3248 3592 condescensione
3286 3526 3353 3588 in
3395 3544 3511 3588 sua
3556 3523 3986 3587 incarnatione

2506 3628 2819 3704 incubuit,
2838 3635 2903 3691 et
2920 3628 2979 3709 ej
2988 3645 3062 3689 us
3082 3634 3369 3689 naturam
3390 3622 3755 3705 assumpsit,
3780 3641 3856 3685 ac
3876 3640 3984 3704 pro

2503 3726 2643 3810 ejus
2678 3727 2881 3789 salute
2916 3726 2980 3788 in
3020 3725 3227 3788 crucis
3266 3722 3554 3807 patibulo
3595 3741 3854 3785 mensus
3892 3728 3982 3784 θεῖ

2502 3835 2566 3891 θῖ
2595 3835 2908 3903 extentuS,
2940 3833 3131 3907 atque
3159 3842 3276 3906 pro
3314 3821 3630 3905 spirituali
3661 3822 3865 3903 ipsius
3894 3839 3979 3882 re-

2502 3924 2941 3992 vivificatione
2965 3925 3337 4005 deprecatus
3362 3930 3459 3985 est
3486 3922 3768 3983 Patrem:
3791 3937 3975 4002 quem

2500 4024 2679 4088 Pater
2697 4042 2812 4106 pro
2832 4042 2947 4086 sua
2968 4021 3323 4087 reverentia
3340 4018 3675 4084 exaudivit.
3693 4019 3814 4081 Ter
3832 4034 3978 4100 quo-
4002 4036 4133 4080 aar.
4147 4050 4179 4079 ι.
4196 4038 4225 4075 τ,

907 4145 1048 4187 rum
1093 4126 1326 4190 missus
1369 4135 1464 4190 est
1499 4126 1690 4206 Elias,
1726 4127 1852 4190 nisi
1891 4127 1956 4190 in
2002 4127 2262 4209 Sarepta
2300 4126 2394 4189 Si—
2500 4144 2627 4207 que
2672 4122 2983 4199 incubuit,
3014 4120 3167 4202 quia
3210 4128 3306 4183 ter
3342 4119 3585 4181 Patrem
3627 4116 3857 4193 oravit,
3896 4125 3979 4179 at·
4002 4139 4227 4183 nassum

907 4225 1134 4288 doniae.
2424 4226 2475 4289 D
2501 4242 2626 4305 que
2664 4222 2731 4284 in
2770 4240 2887 4284 sua
2923 4218 3380 4295 incarnatione,
3421 4215 3875 4299 praedicatione
3919 4222 3979 4277 et
4002 4204 4139 4251 ”⁸⁴²
4153 4204 4205 4241 ⁴⁴·

987 4321 1260 4404 Mystice,
1305 4343 1418 4406 per
1446 4325 1648 4387 Eliam
1690 4326 2069 4408 exprimitur
2104 4323 2393 4387 Christus
2500 4321 2818 4404 passione,
2854 4320 3133 4383 humano
3172 4337 3239 4381 se
3266 4316 3485 4397 generi
3516 4314 3977 4378 misericordis-

906 4438 1190 4483 summus
1227 4422 1462 4485 zelator
1487 4423 1772 4505 justitias,
1806 4424 1920 4505 qui
1961 4424 2114 4486 dum
2158 4423 2394 4505 princi·
2504 4422 2665 4484 sime
2700 4418 3044 4501 coaptavit.

907 4028 972 4090 in
1007 4028 1231 4091 diebus
1260 4028 1412 4092 Eliae
1443 4029 1510 4091 in
1539 4029 1748 4106 Israel,
1777 4037 1841 4092 et
1867 4030 1944 4091 ad
1979 4027 2223 4091 nullam
2258 4026 2395 4089 illa-

667 4336 830 4381 Scnsus
901 4360 904 4363 ·

631 4402 854 4458 mysticus.
