4359 6250
659 4318 797 4362 Jocue
806 4330 917 4370 xvm,

653 4382 721 4424 25.

949 482 1069 546 455

1530 503 1878 550 manuario
1919 504 1979 549 IN
2022 504 2159 550 CAP.
2209 505 2268 549 lv
2311 504 2468 550 unm
2511 503 2762 550 saeuum
2803 501 3028 549 REGUM.
3073 522 3154 532 —
3195 503 3336 548 Am.
3383 503 3468 549 vn

1974 885 1983 892 ’
2050 911 2695 998 ARTICULUS
2771 914 2932 997 v11

1348 1187 1661 1234 Exposrno
1706 1187 1979 1234 cAPl‘ruu
2022 1185 2247 1241 Quam!
2289 1185 2302 1230 :
2351 1184 2599 1231 Annivm
2642 1186 2847 1232 Auum
2889 1186 3178 1232 lsBosssTu
3219 1189 3413 1235 muns
3455 1189 3628 1234 sam„

1090 1440 1430 1504 ECITATA
1460 1439 1779 1504 occisione
1809 1439 2011 1522 ipsius
2033 1439 2244 1502 Abner
2275 1437 2440 1521 prin·
2467 1438 2516 1499 A
2546 1439 2708 1516 seth,
2757 1448 2823 1501 et
2867 1449 3163 1522 patruum
3209 1460 3394 1503 suum
3436 1442 3716 1506 isboseth
3763 1462 4006 1526 praemo-

1110 1539 1271 1622 cipis
1323 1538 1567 1602 militiae
1626 1538 1939 1616 Isboseth,
1994 1539 2098 1601 hic
2148 1546 2439 1601 narratur

947 1638 1223 1721 qualiter
1254 1637 1536 1700 Isboseth
1582 1637 1664 1700 sit
1693 1637 1963 1700 occisus.
1998 1639 2280 1698 Audiuit
2321 1658 2438 1696 au-

950 1747 1073 1798 tem
1122 1738 1395 1798 Isboseth
1442 1739 1625 1812 filius
1673 1740 1865 1806 Saul,
1905 1739 2075 1816 quod
2115 1737 2438 1795 cecidisset

948 1838 1167 1897 Abner
1206 1837 1278 1896 in
1318 1837 1600 1904 Hebron,
1637 1845 1695 1896 et
1735 1837 2061 1896 dissolutae
2098 1844 2252 1894 sunt
2303 1855 2438 1894 ma-

948 1954 1097 2004 nus,
1130 1932 1195 1994 id
1244 1941 1339 1995 est
1386 1932 1555 1998 vires
1595 1935 1737 2010 ejus
1768 1952 1791 1994 .·
1822 1931 1973 2013 quia
2020 1950 2275 1995 rumore
2324 1931 2436 1993 illo

946 2031 1162 2096 audito
1210 2030 1486 2114 expavit,
1533 2050 1652 2094 nec
1702 2031 1925 2095 habuit
1974 2029 2433 2094 confidentiam

947 2129 1334 2212 praevalendi
1375 2131 1679 2193 adversus
1720 2128 1940 2206 David,
1978 2128 2317 2210 timuitque
2357 2128 2436 2190 dc

947 2227 1229 2311 periculo
1274 2228 1553 2310 proprio,
1602 2237 1666 2291 et
1716 2227 1932 2292 forsan
1974 2227 2223 2310 putavit
2264 2227 2435 2309 quod

945 2327 1026 2390 de
1056 2344 1370 2389 consensu
1404 2326 1571 2408 regis
1603 2326 1799 2389 David
1832 2334 1999 2389 esset
2028 2326 2241 2389 Abner
2271 2326 2438 2389 occi-

947 2445 1097 2500 sus;
1140 2428 1473 2507 omnisque
1514 2429 1720 2488 Israel
1759 2429 2179 2505 perturbatus
2223 2436 2335 2498 est,
2372 2425 2434 2487 id

944 2532 1061 2602 est,
1102 2524 1305 2588 tribus
1348 2543 1490 2606 quae
1534 2525 1863 2606 hucusque
1902 2523 2280 2588 obedierunt
2311 2523 2434 2606 ipsi

2547 1538 2686 1600 nuit
2738 1538 2814 1600 (10
2863 1539 3004 1601 hoc.
3049 1537 3182 1613 Quo
3230 1541 3507 1620 cognito,
3555 1541 3867 1625 principes
3911 1543 4004 1604 isti

2546 1635 2850 1717 fugerunt
2902 1638 2967 1698 in
3014 1637 3326 1720 oppidum
3367 1638 3678 1714 Gethaim,
3727 1642 4004 1718 fuerunt-

2544 1756 2666 1814 que
2705 1736 2799 1794 ibi
2847 1741 3112 1798 advenae
3163 1759 3360 1818 usque
3403 1741 3492 1800 ad
3541 1749 3780 1817 tempus
3823 1741 4002 1810 illud,

2543 1851 2671 1913 quo
2721 1833 2966 1896 scilicet
3005 1835 3332 1898 redierunt
3373 1844 3611 1900 secrete
3659 1839 3736 1900 ad
3782 1837 4004 1900 interfi-

2544 1929 2839 1993 ciendum
2874 1931 3176 1996 isboseth.
3200 1934 3328 1995 Alii
3359 1934 3451 1997 sic
3479 1945 3816 2018 exponunt,
3847 1936 4004 2017 quod

2543 2029 2768 2091 Beroth
2793 2029 2820 2090 f
2825 2029 2918 2091 uit
2939 2030 3089 2093 urbs
3108 2031 3444 2095 Philistaeis
3467 2033 3816 2116 propinqua
3837 2051 3852 2096 :
3874 2032 4004 2097 idco

2545 2127 2689 2190 Saul
2735 2129 2968 2204 occiso,
3017 2130 3353 2194 Berothitae
3404 2131 3700 2213 sugerunt
3743 2133 3818 2196 ab
3863 2132 4002 2194 urbe

2545 2245 2658 2288 sua
2697 2226 2762 2289 in
2799 2226 3113 2291 Gethaim.
3303 2277 3308 2284 .

2624 2329 2789 2386 Erat
2819 2337 3035 2388 autem
3053 2331 3350 2390 Jonackae
3376 2331 3517 2405 filio
3539 2333 3717 2399 Saul,
3731 2333 3904 2410 filius
3918 2335 4004 2392 de·

2543 2425 2692 2484 bilis
2715 2426 3008 2501 pedibus,
3043 2425 3108 2487 id
3131 2433 3226 2488 est
3255 2425 3546 2506 clauduS,
3583 2447 3706 2492 non
3737 2449 3774 2492 a
3803 2429 4004 2492 nativi-

2545 2529 2694 2598 tate,
2713 2523 2823 2584 sed
2845 2541 2922 2585 ex
2952 2523 3050 2586 dit'
3053 2523 3338 2587 fortunio
3359 2544 3564 2588 casus.
3589 2528 4003 2606 Quinquennis

946 2622 1225 2686 isboseth
1260 2631 1323 2685 et
1353 2622 1561 2686 Abner
1588 2623 1867 2706 principi
1899 2623 2058 2704 eju8‚
2092 2623 2437 2706 obstupue-
2473 2617 2518 2677 B
2542 2623 2716 2681 enim
2745 2622 2904 2698 fuit,
2938 2627 3198 2702 quando
3231 2627 3406 2686 venit
3445 2625 3715 2687 nuntius
3752 2627 3828 2686 de
3853 2628 4004 2686 Saul

946 2731 1096 2785 runt
1127 2723 1205 2786 de
1234 2731 1437 2786 morte
1469 2722 1701 2785 Abner.

1012 2823 1156 2884 Duo
1178 2831 1391 2882 autem
1413 2823 1545 2882 viri
1554 2823 1887 2900 principes
1904 2827 2232 2884 latronum
2251 2813 2438 2885 erant

943 2921 1085 2998 filio
1114 2923 1281 2981 Saul
1309 2937 1332 2980 .·
1367 2918 1430 2981 1(1
1463 2928 1579 2996 est,
1608 2919 1745 3002 ipse
1775 2919 2057 2984 Isboseth
2090 2920 2269 2983 filius
2293 2921 2439 2984 Sau-

945 3017 1025 3080 lis
1056 3016 1281 3079 habuit
1311 3017 1633 3100 principes
1664 3019 1843 3097 duOS,
1862 3038 2025 3101 quos
2043 3020 2143 3100 (ut
2175 3020 2240 3082 in
2275 3019 2439 3082 libro

944 3116 1023 3180 de
1065 3114 1388 3180 Hebraicis
1426 3117 1887 3199 quaestionibus
1936 3117 2164 3199 fertur)
2207 3121 2442 3186 consti-

945 3214 1069 3277 tuit
1098 3214 1422 3298 principes
1466 3236 1579 3281 seu
1610 3218 1925 3281 exercitus
1956 3238 2066 3282 seu
2110 3220 2437 3283 turbarum

945 3312 1071 3376 sibi
1102 3313 1311 3377 adbuc
1351 3314 1785 3379 obedient-ium
1821 3334 1834 3377 :
1871 3319 2041 3380 unde
2081 3316 2147 3379 in
2178 3318 2438 3381 Hebraeo

946 3412 1237 3489 habetur,
1286 3420 1356 3475 ut
1396 3413 1652 3492 dicitur,
1687 3413 2013 3496 Principes
2054 3424 2433 3478 turmarum.

945 3511 1159 3574 Potius
1194 3519 1403 3575 tamen
1436 3530 1598 3589 reor,
1624 3512 1889 3576 verbum
1924 3513 2081 3577 illud
2102 3514 2438 3578 Hebraeum

946 3628 1085 3672 esse
1114 3609 1513 3691 aequivocum
1534 3611 1610 3673 ad
1635 3618 1996 3693 utrumque.
2016 3612 2206 3676 Porro
2237 3612 2436 3694 aliqui

945 3707 1187 3785 dicunt,
1221 3709 1394 3790 quod
1440 3717 1621 3772 erant
1660 3709 1984 3793 principes
2016 3712 2434 3791 quorumdam

2543 2729 2601 2779 et
2628 2723 3020 2782 Jonaclzaeoe
3045 2725 3320 2784 Jezraet.
3365 2727 3610 2785 Tollen-s·
3642 2726 3847 2804 itaque
3871 2743 4002 2783 eum

2545 2819 2781 2877 nutrioe
2809 2839 2955 2889 sua,
2984 2820 3162 2898 suffit
3181 2845 3210 2892 ,·
3237 2842 3567 2903 quumque
3593 2824 3914 2900 festinaret
3943 2831 4004 2882 ut

2545 2916 2816 2993 fuyeret,
2841 2920 3096 2990 cecidit,
3116 2930 3175 2980 et
3203 2924 3481 2982 claudus
3503 2927 3752 2999 effectus
3767 2932 3888 2994 est;
3905 2923 4004 2980 lca-

2546 3016 2807 3093 buitque
2837 3020 3218 3079 vocabulum
3249 3020 3699 3098 Mipleibosetk.

2644 3116 2972 3177 Venientes
2999 3136 3144 3195 erqo
3174 3119 3310 3195 filii
3328 3121 3637 3181 Remmon
3661 3120 4002 3185 Ber-othim,

2548 3221 2766 3295 utpote
2795 3214 2920 3277 duo
2956 3214 3280 3298 principes
3321 3216 3441 3293 illi,
3487 3221 3736 3281 Reckab
3775 3229 3832 3279 et
3861 3222 4003 3281 Baa-

2547 3332 2661 3381 na,
2692 3315 2966 3390 inyressi
2992 3326 3144 3376 sunt
3185 3317 3474 3393 fervente
3509 3318 3617 3377 die
3647 3320 3900 3377 domum
3929 3320 4004 3377 Is·

2547 3413 2772 3473 boseth.
2803 3416 2930 3482 Qui
2957 3416 3315 3476 dormiebat
3333 3434 3527 3493 super
3545 3426 3813 3478 stratum
3831 3435 4003 3477 suum

2549 3512 2842 3580 meridie,
2870 3520 2931 3571 et
2968 3514 3240 3573 ostiaria
3276 3516 3504 3574 domus
3523 3533 3816 3592 purgans
3853 3514 4004 3575 triti-

2545 3628 2720 3677 cum,
2749 3611 3156 3671 obdormivit.
3194 3614 3475 3687 Inyressi
3499 3623 3652 3673 sunt
3679 3622 3882 3673 autem
3909 3614 4004 3672 do-

2550 3727 2726 3766 mum
2776 3710 3067 3781 latenter,
3113 3720 3500 3771 assumentes
3543 3714 3750 3787 spicas
3797 3711 4004 3777 tritici,

947 3805 1366 3889 praedantium
1398 3808 1579 3885 alios,
1616 3808 1681 3869 in
1711 3827 1986 3890 quorum
2025 3810 2438 3891 depraedatio-
2472 3804 2515 3866 C
2545 3804 2623 3865 ad
2674 3806 3183 3885 praesentandum
3229 3825 3335 3869 cas
3384 3808 3665 3871 Isboseth
3713 3808 3862 3889 regi,
3895 3816 4003 3869 tan·

946 3924 1025 3969 nc
1053 3906 1438 3989 quandoque
1469 3906 1801 3971 latrocinia
1831 3908 2147 3986 accidunt,
2178 3918 2438 3992 propter

943 4004 1117 4088 quod
1148 4004 1423 4068 latrones
1458 4014 1787 4069 vocantur.
1824 4010 2071 4069 Nomen.
2114 4009 2238 4068 uni
2269 4012 2437 4069 Baa—

946 4125 1061 4174 na,
1094 4114 1153 4164 et
1184 4124 1410 4166 nomen
1443 4108 1637 4167 alteri
1670 4109 1942 4179 Rechab,
1973 4108 2108 4187 filii
2126 4110 2436 4169 Remmon

946 4206 1294 4267 Berothitoe
1331 4208 1409 4265 de
1451 4208 1614 4285 filiis
1650 4208 2031 4284 Benjamin,
2064 4206 2126 4267 id
2174 4215 2271 4268 est
2315 4207 2435 4269 viri

950 4301 1041 4365 sic
1071 4300 1245 4378 dicti,
1279 4302 1392 4384 qui
1432 4312 1565 4366 erat
1606 4304 1685 4365 (10
1717 4303 1873 4367 urbe
1918 4304 2178 4367 nomine
2209 4306 2435 4369 Beroth

947 4400 1025 4463 ad
1057 4400 1293 4463 tribum
1325 4400 1654 4483 Benjamin
1692 4402 2070 4484 pertinente.
2106 4404 2249 4467 Ideo
2291 4402 2438 4466 sub-

946 4497 1118 4561 ditur
1167 4516 1180 4561 :
1228 4502 1567 4581 Siquidem
1604 4504 1803 4561 etiam
1854 4504 2086 4562 Beroth
2135 4513 2434 4579 reputata

942 4608 1032 4659 est
1082 4599 1154 4659 in
1185 4600 1561 4677 Benjamin.
1597 4602 1683 4661 Et
1723 4601 2041 4677 sufferunt
2090 4604 2435 4663 Berotln'tae

944 4700 1017 4759 in
1071 4699 1387 4759 Gethaim.
1442 4698 1570 4761 Hoc
1618 4697 1878 4779 quidam
1930 4708 2258 4781 exponunt
2305 4699 2428 4777 sic,

940 4796 1113 4878 quod
1134 4794 1419 4877 praedicti
1441 4797 1568 4859 duo
1590 4795 1910 4879 principes
1934 4797 2062 4859 nati
2086 4817 2161 4860 ex
2187 4798 2426 4873 Beroth,

942 4895 1282 4960 voluerunt
1311 4894 1601 4958 occidere
1622 4895 1903 4958 Isboseth
1936 4914 2170 4975 regem,
2195 4906 2258 4959 et
2291 4914 2434 4979 pro-

2543 3922 2732 3984 quam
2756 3903 3092 3986 primitiaS,
3118 3905 3302 3986 quasi
3322 3906 3400 3967 ad
3423 3906 3853 3970 honorandum
3875 3924 4002 3969 eum

2545 4008 2612 4062 ut
2658 4020 2891 4082 regem,
2943 4022 3022 4065 ne
3063 4003 3246 4066 dolus
3285 4022 3505 4067 corum
3555 4006 4000 4087 perciperetur;

2543 4099 2668 4172 vel,
2704 4108 2770 4161 ut
2801 4100 2910 4162 alii
2955 4102 3198 4177 dicunt,
3236 4102 3636 4166 intraverunt
3669 4104 3786 4166 sub
3815 4100 4004 4186 specie

2544 4206 2988 4277 mercatorum,
3037 4200 3212 4263 velut
3264 4201 3550 4264 volentes
3601 4220 3809 4265 emere
3857 4200 3999 4263 triti-

2543 4315 2726 4367 cumz
2757 4308 2817 4359 et
2838 4309 3292 4375 percusserunt
3329 4320 3479 4361 eum
3508 4303 3580 4361 in
3610 4302 3876 4379 inquine
3900 4302 4003 4361 Re-

2543 4400 2701 4457 chab
2719 4406 2779 4457 et
2800 4402 3032 4459 Baana
3060 4399 3273 4475 frater
3289 4400 3456 4477 ejus,
3489 4400 3698 4481 ipsum
3728 4399 4003 4462 videlicet

2545 4495 2849 4573 isboseth,
2885 4496 3304 4560 dormientem
3351 4516 3543 4579 super
3577 4498 3806 4561 lectum
3835 4514 4000 4560 suum

2541 4594 2829 4672 meridie,
2860 4602 2930 4658 ut
2973 4595 3134 4658 solet
3180 4594 3322 4658 fieri
3371 4596 3434 4658 in
3483 4604 3716 4673 aestate,
3759 4608 3818 4658 et
3845 4598 4003 4675 faye-

2541 4704 2718 4755 runt.
2757 4698 2967 4764 Quum
3017 4705 3234 4755 autem
3281 4698 3557 4772 ingressi
3601 4698 3872 4774 fuissent
3913 4698 4004 4755 do-

2541 4812 2743 4863 mum,
2776 4794 2888 4852 ille
2930 4795 3286 4854 dormiebat
3325 4814 3519 4871 super
3561 4798 3786 4855 lectum
3825 4812 4001 4853 suum

2541 4893 2612 4949 in
2662 4892 2976 4961 conclavi,
3009 4900 3070 4951 et
3097 4894 3528 4967 percutientes
3567 4894 4002 4970 interfecerunt

942 4993 1217 5077 positum
1260 5012 1447 5055 suum
1494 4992 1979 5056 insinuaverunt
2010 4994 2430 5075 Miphiboseth
2464 4991 2513 5053 D
2538 5011 2707 5051 eum.
2743 4993 3134 5068 Sublatoque
3162 4993 3373 5067 capite
3409 4994 3576 5069 ejus,
3605 4992 3772 5072 quod
3803 4988 4002 5073 praeci-

942 5091 1085 5155 filio
1140 5092 1453 5169 Ionathae‚
1506 5100 1857 5155 asserentes
1917 5092 2087 5173 quod
2148 5091 2432 5155 facerent

942 5208 1087 5253 eum
1119 5208 1353 5271 regem,
1388 5208 1464 5254 eo
1493 5190 1667 5272 quod
1697 5199 1863 5253 esset
1910 5190 2087 5253 filius
2118 5190 2432 5273 primoge-

943 5288 1061 5351 niti
1094 5288 1299 5353 Saulis
1323 5289 1591 5371 :quibus
1622 5290 1751 5352 'non
1782 5288 2101 5371 acquievit
2124 5288 2430 5371 Mipbibo-

2539 5089 2768 5151 derunt
2797 5105 2872 5150 co
2901 5089 3032 5169 Jam
3066 5098 3337 5165 mortuo,
3370 5092 3666 5151 abierunt
3695 5111 3814 5168 per
3843 5092 3999 5149 viam

2537 5190 2770 5247 deserti
2803 5197 2927 5247 tota
2975 5198 3150 5247 nocte
3180 5187 3310 5265 illa,
3343 5196 3405 5248 et
3441 5192 3798 5249 attulerunt
3823 5194 4000 5264 eaput

2539 5286 2810 5346 Isboseth
2840 5288 2928 5345 ad
2956 5287 3174 5346 David
3205 5287 3275 5346 in
3307 5286 3588 5357 Hebron,
3618 5286 3695 5348 ad
3739 5284 4000 5367 compla-
