4359 6250
965 511 1312 558 ENARRATIO
1355 512 1416 557 m
1459 512 1596 558 GAP.
1643 512 1752 557 vm
1791 512 1951 557 LIBRI
1990 512 2190 557 TERTu
2230 512 2454 559 REGUH.
2499 532 2581 543 —
2622 513 2763 557 ΛΒΤ.
2808 512 2920 558 xm

3365 496 3487 560 649

383 680 630 743 coelum
663 682 1106 763 crystallinum
1137 702 1249 747 seu
1279 701 1552 764 aqueum
1583 690 1647 747 et
1677 682 1892 747 firma·
1918 683 1970 745 A
2003 682 2213 746 sibilis
2252 691 2316 746 et
2349 683 2687 766 persectuS,
2726 684 2809 747 sit
2845 685 3181 766 (quantum
3234 686 3298 747 in
3349 686 3489 769 ipso

385 789 708 858 mentum,
746 781 868 844 sub
895 782 1133 864 quibus
1164 783 1574 846 continentur
1612 782 1799 847 orbes
1830 792 1892 846 et

385 887 643 961 septem
691 880 842 944 coeli
894 881 1317 964 planetarum,
1351 882 1586 944 coelum
1635 900 1892 964 quoque

385 978 764 1055 aethereum,
820 980 1200 1062 olympium,
1233 999 1487 1043 aereum
1517 1005 1532 1055 ς
1573 981 1698 1057 vel,
1733 980 1890 1043 Coeli

385 1076 730 1155 coelorum,
765 1078 831 1140 id
872 1088 969 1141 est
1005 1078 1194 1142 orbes
1235 1079 1548 1156 coelesteS,
1591 1079 1713 1141 sub
1750 1079 1890 1161 qui-

386 1175 518 1237 bus
569 1177 1204 1257 comprehenduntur
1261 1186 1324 1240 et
1372 1177 1692 1241 situantur
1741 1178 1885 1241 coeli

385 1274 855 1350 elementares3
893 1287 948 1338 te
976 1297 1225 1354 capere,
1259 1276 1324 1339 id
1363 1285 1459 1339 est
1494 1276 1894 1341 circumscri-

383 1374 550 1436 bere
589 1381 654 1436 et
699 1373 1049 1451 includere,
1086 1396 1218 1437 non
1251 1386 1545 1455 possunt,
1576 1376 1726 1457 quia
1775 1396 1892 1441 nec

383 1472 952 1554 circumscriptive
981 1493 1098 1537 nec
1131 1473 1470 1538 definitive
1503 1475 1570 1536 in
1606 1476 1745 1539 loco
1779 1495 1888 1551 es;

383 1581 638 1651 quanto
659 1574 869 1649 magis
899 1576 1127 1633 domus
1147 1577 1282 1635 hoec
1299 1594 1496 1653 quam
1516 1577 1844 1652 oedifi'cavi
1863 1578 1893 1636 ?

385 1669 456 1731 id
491 1678 612 1747 est,
646 1670 958 1753 templum
993 1670 1163 1734 istud
1195 1671 1522 1735 materiale
1553 1672 1642 1734 ita
1669 1673 1894 1754 nequit

384 1776 454 1831 te
473 1788 728 1851 capere,
751 1788 951 1850 quum
983 1770 1067 1832 sit
1105 1770 1287 1851 quasi
1310 1770 1893 1854 incomparabiliter

2001 785 2124 863 est)
2161 784 2419 867 penitus
2463 784 3011 862 indeterminatuS,
3054 786 3493 869 intemporalis

2003 891 2066 947 et
2096 883 2389 961 illocaliS‚
2426 903 2553 947 non
2586 884 2844 967 proprie
2874 884 3109 947 dicitur
3136 905 3275 949 esse
3305 886 3369 948 in
3406 886 3497 949 lo-

2005 1001 2102 1059 c0,
2120 982 2245 1045 nisi
2270 1002 2382 1064 per
2402 983 2979 1047 transcendentiam
3000 1004 3127 1066 qua
3148 984 3363 1048 omnia
3383 986 3496 1049 im-

2002 1082 2156 1165 plet,
2206 1102 2324 1146 nec
2368 1083 2732 1147 continetur
2772 1084 3032 1161 alicubi,
3076 1087 3187 1149 sed
3236 1084 3497 1149 infinite

2003 1182 2305 1244 universa
2334 1183 2621 1257 excedit3
2656 1182 2861 1246 nihilo
2895 1184 3109 1246 minus
3141 1183 3229 1246 ibi
3262 1184 3497 1248 dicitur

2002 1298 2142 1343 esse
2171 1299 2282 1343 seu
2316 1280 2625 1357 habitare,
2662 1281 2769 1343 ubi
2802 1291 3123 1364 operatur,
3156 1283 3257 1347 vel
3299 1302 3367 1345 se
3405 1283 3495 1365 ip-

2003 1399 2143 1441 sum
2193 1380 2471 1443 ostendit
2514 1388 2623 1442 aut
2662 1380 2833 1443 clare
2882 1400 2996 1463 per
3038 1381 3339 1463 speciem,
3383 1391 3494 1444 aut

2004 1496 2118 1560 per
2147 1477 2479 1541 effectum.
2504 1477 2839 1559 Quumque
2865 1480 2929 1541 in
2954 1480 3251 1543 omnibus
3277 1499 3493 1562 opere-

2003 1584 2128 1652 tur,
2162 1576 2317 1657 quia
2345 1574 2562 1639 omnia
2593 1585 2929 1639 conservat
2958 1578 3024 1639 in
3062 1597 3223 1655 esse,
3259 1579 3493 1641 dicitur

2001 1693 2140 1737 esse
2168 1674 2236 1735 in
2261 1673 2557 1737 omnibus
2582 1694 2689 1757 per
2714 1676 3068 1753 essentiam,
3087 1678 3487 1759 praesentiam

2000 1782 2193 1854 atque
2239 1773 2609 1855 potentiam.
2646 1773 2837 1837 Porro
2886 1774 2952 1837 in
2995 1775 3185 1856 justis
3234 1784 3329 1839 est
3380 1796 3494 1860 per

383 1867 728 1947 angustius
769 1867 1112 1949 minusque
1143 1868 1328 1945 coelo,
1360 1888 1560 1951 quum
1603 1878 1667 1933 et
1709 1869 1893 1932 mini·
1926 1872 1973 1935 B
2001 1871 2291 1951 gratiam,
2332 1870 2398 1933 in
2428 1871 2633 1934 Beatis
2662 1890 2780 1954 per
2820 1872 3111 1952 gloriam,
3146 1874 3214 1936 in
3245 1874 3493 1939 Christo

385 1984 498 2027 ma
533 1966 719 2028 stella
747 1965 1046 2044 visibilis,
1069 1986 1213 2049 quae
1243 1976 1339 2031 est
1368 1968 1548 2050 quasi
1581 1978 1890 2051 punctum

385 2072 692 2145 respectu
742 2064 910 2141 coeli,
955 2065 1040 2127 sit
1085 2066 1292 2146 major
1341 2085 1468 2130 non
1520 2068 1725 2131 solum
1771 2068 1892 2131 hoc

387 2162 662 2244 templo,
697 2163 808 2226 sed
839 2172 904 2226 et
931 2171 1063 2227 tota
1095 2163 1429 2228 habitabili
1475 2174 1662 2229 terra.

471 2264 609 2324 Sed
637 2264 878 2341 respice
904 2266 994 2323 ad
1021 2266 1376 2324 orationem
1407 2268 1579 2325 servi
1601 2267 1700 2326 tui
1725 2269 1894 2326 etad

375 2380 606 2438 preces
635 2361 798 2439 ejus,
821 2364 1096 2422 Domine
1128 2365 1300 2423 Deus
1337 2384 1514 2423 meus
1543 2384 1565 2423 .·
1589 2363 1652 2425 id
1673 2372 1789 2440 est,
1813 2364 1890 2425 ad

387 2458 514 2521 hoc
546 2460 810 2522 domum
857 2459 1041 2521 istam
1073 2459 1414 2537 aedificavi,
1449 2468 1519 2522 ut
1549 2461 1616 2522 in
1647 2480 1720 2525 ea
1763 2470 1894 2524 tan-

389 2566 590 2639 q'ua'm
629 2557 694 2620 in
730 2558 870 2622 loco
893 2558 1020 2620 tuis
1042 2558 1372 2640 obsequiis
1405 2558 1727 2641 deputato,
1753 2579 1894 2642 spe-

389 2656 648 2719 cialiter
690 2655 1033 2719 exorabilis
1072 2656 1183 2734 εἰε,
1219 2666 1284 2721 θῖ
1319 2676 1465 2720 cum
1507 2658 1767 2739 speciali
1799 2658 1894 2720 di-

122 2770 136 2789 ·
154 2770 364 2827 agnano-
387 2756 674 2835 gnitate*
697 2755 1060 2837 adimpleas
1077 2757 1249 2837 quod
1273 2756 1404 2837 jam
1431 2756 1607 2821 oravi
1631 2775 1747 2839 pro
1771 2776 1893 2835 me,

384 2862 458 2917 et
507 2873 585 2917 ea
628 2872 772 2935 quae
813 2864 1279 2935 consequenter
1319 2855 1514 2919 orabo
1551 2874 1668 2938 pro
1705 2856 1886 2933 aliis;

387 2952 822 3016 consimiliter
865 2961 929 3015 et
971 2953 1288 3017 orationes
1327 2954 1620 3031 aliorum,
1659 2954 1770 3036 qui
1819 2955 1888 3017 in

2002 1970 2263 2033 homine
2296 1988 2408 2052 per
2439 1969 2901 2052 hypostaticam
2935 1972 3262 2050 unionem,
3296 1972 3362 2035 in
3400 1993 3495 2037 re-

2004 2070 2223 2152 probis
2264 2078 2327 2133 et
2367 2069 2683 2133 damnatis
2721 2089 2836 2153 per
2875 2069 3139 2152 justitiae
3182 2072 3495 2154 operatio-

2005 2188 2174 2246 nem,
2227 2168 2757 2251 impietatumque
2812 2170 3149 2233 ultionem.
3198 2170 3492 2233 Attamen

2005 2268 2141 2349 ipse
2169 2268 2825 2349 supermundissimus
2852 2278 2917 2333 et
2958 2269 3495 2352 supersimplicis-
3552 2320 3557 2327 .

2003 2365 2205 2427 simus
2238 2365 2423 2442 DcuS‚
2458 2365 2523 2427 in
2567 2383 2695 2447 quo
2729 2386 2844 2430 nec
2876 2376 2971 2431 θεῖ
3018 2368 3284 2430 materia
3327 2367 3494 2430 limi-

2003 2471 2165 2540 tanS,
2202 2483 2320 2527 nec
2368 2464 2740 2527 differentia
2779 2467 3183 2543 contrahenS,
3220 2484 3337 2529 nec
3380 2485 3494 2549 po·-

2002 2562 2347 2625 tentialitas
2386 2572 2737 2640 coarctanS,
2771 2572 2869 2627 est
2899 2564 3065 2627 intra
3102 2564 3319 2628 omnia
3364 2584 3490 2629 non

2002 2660 2311 2737 inclusuS‚
2331 2670 2393 2724 et
2414 2670 2590 2725 extra
2609 2663 2824 2725 omnia
2843 2682 2971 2725 non
2992 2662 3307 2727 exclusus,
3331 2663 3489 2726 Hinc

2001 2761 2169 2841 apud
2200 2760 2423 2823 isaiam
2462 2768 2852 2824 contestatur
2885 2780 2900 2823 ε
2934 2762 3175 2825 Caelum
3208 2762 3366 2825 mihi
3396 2782 3489 2826 se-

2002 2859 2112 2921 des
2157 2867 2274 2935 est,
2311 2867 2375 2922 et
2422 2868 2588 2923 terra
2635 2860 2983 2923 scabellum
3035 2862 3267 2943 pedum
3318 2880 3487 2925 meo-

2003 2978 2166 3021 rum.
2204 2957 2351 3032 Quae
2394 2966 2491 3021 cst
2530 2958 2652 3021 ista
2688 2960 2938 3037 domuS,
2974 2978 3167 3041 quam
3208 2959 3489 3024 aedifica-

387 3052 536 3115 loco
591 3050 716 3114 isto
769 3059 832 3114 te
883 3052 1294 3115 invocabunt.
1347 3052 1888 3127 Quemadmodum
1926 3056 1970 3119 C
2001 3058 2152 3121 bitis
2204 3058 2409 3121 mihi‘l
2447 3066 2510 3122 et
2548 3058 2695 3141 quis
2734 3067 2830 3121 est
2868 3058 2989 3122 iste
3034 3059 3213 3122 locus
3251 3060 3486 3142 quietis

385 3151 568 3215 enim
620 3151 855 3214 coelum
905 3169 1276 3234 empyreum
1323 3153 1558 3215 dicitur
1603 3153 1780 3216 locus
1826 3161 1888 3216 et

385 3249 648 3313 mansio
677 3250 1112 3330 angelicorum
1159 3251 1523 3332 spirituum,
1559 3270 1686 3314 non
1717 3254 1888 3333 quod

387 3350 852 3413 immateriales
883 3350 980 3412 illi
1020 3351 1282 3432 spiritus
1324 3351 1454 3412 sint
1491 3351 1891 3415 circumscri-

385 3449 570 3532 ptive
602 3449 670 3510 in
706 3449 866 3525 loco,
903 3458 1012 3512 aut
1042 3467 1417 3531 corporeum
1452 3449 1887 3513 habitaculum

385 3547 488 3610 eis
520 3548 606 3609 sit
645 3547 1099 3624 necessarium,
1134 3549 1245 3610 sed
1275 3567 1388 3630 per
1417 3548 1885 3629 adaptationem

385 3654 454 3708 et
495 3646 978 3724 congruentiam
1026 3635 1368 3727 quamdam
1416 3646 1623 3710 factus
1663 3655 1760 3710 est
1795 3647 1888 3710 eis

385 3742 570 3807 orbis
607 3743 719 3806 ille
751 3762 1109 3825 supremuS‚
1145 3744 1449 3825 quoniam
1488 3745 1670 3808 decet
1709 3745 1889 3808 nobi-

387 3841 674 3903 lissimas
712 3849 1034 3904 creaturas
1079 3841 1145 3903 in
1187 3842 1588 3906 nobilissimo
1626 3863 1766 3906 csse
1803 3844 1889 3907 lo-

385 3959 498 4014 c03
525 3939 620 4002 sic
643 3940 952 4022 templum
985 3959 1097 4002 seu
1128 3941 1475 4004 materialis
1501 3940 1771 4004 ecclesia
1792 3950 1888 4005 est

387 4037 572 4100 locus
617 4037 927 4100 orationis
961 4045 1026 4100 et
1052 4039 1262 4100 cultus
1295 4039 1520 4116 divini,
1558 4058 1685 4103 non
1717 4041 1886 4120 quod

385 4136 546 4199 alibi
591 4136 836 4199 exorari
885 4154 1011 4199 non
1056 4137 1263 4218 possit
1290 4138 1454 4200 Deus
1494 4146 1556 4201 et
1595 4139 1742 4216 coli,
1777 4140 1886 4202 sed

1998 3161 2200 3222 meae?
2232 3157 2457 3222 Omnia
2487 3159 2619 3222 haec
2649 3179 2877 3221 manus
2908 3179 3051 3222 mea
3080 3159 3255 3222 fecit.

2079 3259 2263 3320 Audi
2310 3261 2655 3336 hymnum,
2688 3258 2754 3320 id
2799 3265 2913 3333 est,
2958 3258 3208 3322 laudem
3250 3276 3379 3340 qua
3430 3267 3488 3322 te

2000 3357 2209 3432 laudo,
2236 3356 2343 3438 pie
2372 3365 2664 3438 accepta3
2699 3355 2798 3420 vel
2832 3356 3139 3438 hymnum
3170 3363 3354 3421 vocat
3383 3358 3489 3419 de-

1999 3454 2452 3536 precationem,
2488 3453 2783 3517 laudibus
2831 3453 2941 3517 Dei
2992 3454 3276 3517 mixtam.
3310 3455 3488 3517 Unde

1999 3552 2088 3615 ait
2141 3553 2454 3634 Propheta
2499 3570 2513 3614 :
2560 3553 2850 3615 Laudans
2910 3552 3220 3616 invocabo
3278 3553 3488 3617 Domi-

2001 3669 2174 3712 num.
2202 3654 2286 3712 Et
2314 3653 2669 3711 orationem
2688 3671 2885 3730 quam
2912 3671 3133 3711 servus
3166 3661 3315 3712 tuus
3341 3662 3486 3713 orat

1995 3769 2215 3810 coram
2259 3758 2337 3820 te,
2371 3759 2443 3808 uc
2488 3751 2623 3810 sint
2669 3751 2841 3809 oculi
2890 3752 2991 3810 tui
3036 3753 3250 3828 aperti
3294 3771 3487 3827 super

1996 3851 2261 3908 domum
2304 3849 2473 3907 hanc
2511 3857 2689 3908 nocte
2714 3867 2791 3908 ac
2828 3850 2961 3918 die,
2989 3867 3184 3926 super
3224 3853 3488 3910 domum

1995 3949 2076 4006 de
2103 3966 2236 4026 qua
2262 3947 2521 4019 dimisti,
2555 3947 2710 4008 Eric
2750 3967 2981 4008 nomen
3010 3969 3225 4008 meum
3256 3951 3389 4022 iba,
3416 3958 3489 4009 ut

1994 4047 2315 4106 exaudias
2344 4046 2704 4105 orationem
2734 4067 2931 4124 quam
2974 4056 3116 4106 orat
3146 4049 3219 4106 in
3250 4051 3379 4108 loco
3411 4050 3491 4108 is-

2000 4153 2057 4203 to
2087 4147 2176 4204 ad
2209 4153 2265 4203 te
2291 4163 2511 4203 servus
2534 4153 2683 4204 tuus
2698 4168 2725 4214 ,·
2755 4154 2828 4205 ut
2847 4146 3168 4206 eat-audias
3197 4148 3493 4222 depreca-

383 4234 698 4316 quoniam
747 4235 928 4298 decet
966 4235 1041 4297 ad
1087 4235 1522 4298 nobilissimos
1561 4245 1738 4298 actus
1776 4236 1888 4299 ho·
1915 4237 1966 4300 D
1999 4243 2235 4302 cionem
2254 4244 2426 4302 servi
2448 4244 2569 4312 tui,
2593 4251 2653 4302 et
2666 4244 2901 4319 populi
2924 4245 3024 4303 tui
3044 4246 3271 4314 Israel,
3295 4248 3495 4323 quod-

387 4332 824 4397 norisicentiae
870 4333 1003 4411 Dei,
1054 4333 1396 4415 specialem
1451 4335 1659 4398 locum
1712 4334 1881 4413 fieri,

387 4451 532 4495 esse
561 4440 625 4494 et
655 4432 1038 4495 consecrari.
1073 4431 1230 4494 Hinc
1259 4434 1539 4496 secundo
1576 4433 1888 4515 Paralipo-

127 4543 355 4594 11Par.v1.
385 4548 628 4593 menon
656 4529 890 4611 legitur
910 4530 1206 4593 Salomon
1236 4531 1614 4613 protulisse:
1640 4532 1734 4595 Ad
1765 4533 1887 4596 hoc

111 4610 166 4658 19.
185 4615 250 4655 21.

389 4639 643 4691 tantum
678 4629 773 4707 (id
809 4638 906 4692 est
939 4629 1410 4713 principaliter)
1440 4630 1606 4695 facta
1639 4642 1735 4695 est
1777 4635 1886 4697 do-

385 4747 534 4790 mus
562 4727 720 4804 haec,
744 4736 817 4789 ut
847 4728 1151 4810 respicias
1183 4728 1535 4792 orationem
1566 4731 1731 4793 servi
1763 4733 1879 4810 tui,

383 4834 452 4888 et
501 4824 802 4888 exaudias
855 4825 919 4887 in
973 4825 1112 4888 loco
1162 4825 1508 4890 habitaculi
1565 4829 1679 4906 tui,
1731 4838 1885 4912 puta

387 4924 460 4985 in
509 4923 697 5000 coele,
733 4924 1088 5005 praesertim
1142 4944 1443 5006 empyreo
1481 4943 1495 4988 τ
1529 4928 1698 5008 quod
1743 4948 1886 5010 spe-

383 5021 639 5085 cialiter
694 5022 1053 5103 appellatur
1104 5024 1280 5085 locus
1331 5032 1393 5086 et
1448 5023 1880 5088 habitaculum

385 5121 520 5198 Dei,
547 5120 856 5202 quoniam
889 5120 979 5184 ibi
1012 5121 1427 5185 excellentius
1451 5132 1513 5186 ct
1541 5123 1880 5204 gloriosius

379 5227 708 5301 operatur,
744 5227 808 5282 et
848 5238 918 5281 se
958 5219 1169 5300 ipsum
1221 5221 1456 5284 clarius
1500 5221 1881 5305 feliciusque

377 5317 685 5381 ostendit.
709 5317 948 5399 Nempe
976 5337 1178 5398 quum
1202 5319 1366 5382 Deus
1398 5319 1881 5403 incomprehen-

1995 4359 2267 4419 cumque
2296 4343 2580 4402 oraverit
2621 4343 2694 4402 in
2740 4345 2868 4401 loco
2903 4343 3067 4414 isco;
3094 4351 3153 4402 et
3182 4345 3493 4403 exaudies

1995 4439 2065 4498 in
2116 4441 2244 4497 loco
2290 4440 2654 4499 habitaculi
2703 4440 2803 4499 tui
2851 4440 2923 4499 in
2974 4443 3149 4510 coelo,
3182 4449 3241 4500 ec
3290 4461 3493 4520 quum

1993 4538 2389 4606 ent-audieris,
2428 4537 2757 4614 propitius
2800 4539 2929 4596 eris
2960 4558 2983 4596 .·
3025 4537 3087 4599 id
3138 4547 3254 4614 est,
3309 4538 3495 4601 intel-

1995 4634 2197 4696 lectus
2240 4642 2303 4697 et
2352 4634 2667 4716 sapientia
2714 4643 2843 4711 tua,
2898 4653 3025 4716 qua
3074 4636 3375 4700 universa
3419 4657 3492 4702 ac

1993 4732 2247 4812 singula
2292 4732 2777 4796 distinctissime
2805 4752 2879 4795 ac
2909 4733 3377 4815 perfectissime
3400 4737 3493 4798 in-

1993 4831 2191 4893 tueris
2250 4849 2323 4893 ac
2369 4831 2603 4906 nosciS,
2652 4831 2997 4894 clementer
3043 4834 3381 4896 ostendant
3422 4853 3491 4897 se

1993 4929 2325 5010 adspicere
2354 4948 2483 5006 θοε,
2512 4929 2623 5010 qui
2654 4938 2840 4992 orant
2878 4929 2943 4992 in
2978 4931 3167 4993 domo
3197 4931 3338 5009 hac,
3374 4933 3491 4995 im-

1991 5027 2229 5109 plendo
2281 5047 2425 5109 quae
2471 5036 2677 5090 orant.
2727 5027 3015 5109 Denique
3064 5028 3183 5091 ista
3243 5029 3489 5093 locutus

1993 5135 2090 5188 est
2119 5126 2417 5190 Salomon
2450 5127 2527 5188 ad
2560 5126 3025 5189 excludendum
3066 5145 3287 5190 eorum
3318 5147 3491 5192 erro-

1991 5243 2148 5300 rem,
2168 5224 2281 5305 qui
2315 5224 2624 5306 putabant
2643 5225 2841 5287 Deum
2874 5224 2940 5286 in
2973 5224 3227 5288 deitatis
3262 5236 3487 5290 natura

1987 5341 2126 5385 esse
2157 5340 2559 5404 corporeum,
2596 5331 2661 5386 et
2700 5322 3105 5387 lineamentis
3144 5325 3484 5408 corporali-

3544 2792 3603 2836 Ῑε.
3616 2805 3724 2843 uvi,
3739 2794 3778 2843 1,

3530 3581 3607 3626 Ps.
3622 3595 3721 3633 πει,
3736 3583 3779 3626 4.
