4359 6250
99 3470 216 3513 letae
227 3486 328 3521 xm,

997 519 1350 565 mannum
1395 519 1455 564 IN
1499 519 1634 564 cn.

1685 519 1744 564 vl
1789 519 1944 565 unm
1987 518 2154 565 Pnnn
2198 520 2421 568 amum.
2467 541 2549 552 —-
2591 523 2731 568 ΛΒΤ.
2778 521 2865 568 111

3348 503 3462 566 291

359 688 516 770 quis
560 691 726 754 scire
767 699 1039 767 tenetur,
1075 698 1230 773 puta
1269 689 1488 753 divina
1528 696 1864 772 praecepta,
1899 687 1950 750 A
1980 692 2149 771 quod
2181 701 2403 774 postea
2434 692 2587 756 illuc
2607 693 3467 760 deduceretur.Descendite,

359 798 654 851 excusat.

457 885 724 968 Insuper
771 887 934 968 Lyra
983 885 1227 962 scribit,
1277 886 1450 967 quod
1501 904 1628 947 una
1679 903 1870 947 causa

361 983 805 1064 percussionis
837 984 1057 1068 populi
1091 983 1399 1066 fuit‚quia
1429 983 1866 1047 holocaustum

361 1081 658 1164 indebite
707 1081 1091 1161 offerebant,
1135 1082 1476 1146 offerendo
1525 1101 1749 1146 vaccas
1802 1080 1867 1142 in

361 1181 1056 1264 holocaustum‚quum
1091 1190 1303 1246 tamen
1336 1181 1404 1243 in
1435 1180 1716 1245 Levitico
1739 1181 1870 1261 jus-

226 1303 254 1340 ι.
303 1323 316 1334 ·
361 1281 526 1342 serit
553 1281 974 1358 DominuS,ut
1005 1299 1134 1344 non
1168 1281 1291 1342 nisi
1325 1280 1646 1343 masculus
1676 1277 1869 1341 offer-

359 1386 548 1441 retur
577 1379 646 1440 in
689 1379 1152 1443 holocaustum.
1189 1378 1253 1441 Si
1299 1387 1510 1442 autem
1557 1377 1666 1439 illa
1713 1376 1868 1438 fuis-

355 1485 464 1540 set
511 1496 706 1541 causa
756 1477 1192 1561 percussionis
1243 1485 1580 1560 praetactae,
1616 1475 1868 1538 videtur

355 1576 847 1659 omnino‚quod
876 1578 1234 1642 sacerdotes
1258 1575 1368 1658 qui
1399 1576 1521 1639 hoc
1549 1574 1860 1650 fecerunt,

357 1674 648 1740 fuissent
697 1678 1006 1759 percussi.
1051 1676 1288 1740 Idcirco
1337 1675 1518 1756 juxta
1567 1681 1867 1756 praetacta

355 1774 572 1855 magis
599 1783 888 1859 apparet,
923 1777 1096 1858 quod
1125 1795 1203 1839 ex
1233 1772 1712 1857 dispensatione
1755 1791 1866 1833 seu

1976 799 2036 849 et
2065 794 2352 852 reducite
2378 812 2520 852 eam
2550 795 2638 852 ad
2666 813 2791 853 vos.

2075 887 2387 961 Quaeritur
2445 890 2613 953 circa
2672 890 3002 972 praedicta,
3054 907 3183 971 quo
3240 888 3469 970 spiritu

1979 986 2335 1050 sacerdotes
2380 996 2443 1050 et
2483 986 2684 1050 divini
2733 987 3215 1050 Philistinorum
3264 987 3469 1050 dedc-

1981 1091 2128 1145 runt
2159 1092 2287 1146 tam
2319 1104 2545 1148 sanum
2576 1087 2918 1150 consilium
2944 1088 3023 1150 dc
3047 1087 3233 1150 modo
3260 1085 3471 1148 remit-

1981 1181 2153 1244 tendi
2197 1202 2408 1246 arcam
2452 1185 2533 1247 ad
2579 1185 2886 1267 populum
2925 1185 3136 1248 Israel.
3173 1184 3265 1246 Ad
3296 1184 3467 1265 quod

1976 1279 2235 1360 quidam
2285 1283 2691 1364 respondent,
2728 1285 2896 1365 quod
2940 1303 3017 1346 ex
3058 1282 3468 1363 instigatione

1978 1378 2491 1462 revelationeque
2533 1383 2920 1459 daemonum,
2953 1400 3113 1463 quos
3147 1381 3341 1444 etiam
3372 1380 3468 1443 di-

1975 1485 2130 1538 cunt
2176 1478 2489 1543 divinitus
2534 1481 2897 1562 compulsos
2940 1481 3017 1542 ad
3057 1481 3338 1543 dandum
3378 1478 3468 1541 di-

1978 1573 2143 1636 vinis
2186 1576 2309 1640 tale
2350 1597 2749 1660 responsum,
2787 1579 3323 1661 quemadmodum
3358 1597 3467 1640 sae-

1976 1690 2054 1753 pe
2097 1673 2393 1754 leguntur
2431 1678 2749 1741 daemones
2791 1678 3159 1761 propalasse
3194 1677 3463 1740 virtutes

1976 1769 2371 1836 Sanctorum.
2407 1775 2598 1838 Porro
2636 1786 2891 1838 sanctus
2934 1776 3354 1857 Hieronymus
3396 1773 3463 1835 in

357 1873 792 1956 inspiratione
823 1874 1042 1938 divina
1072 1874 1446 1938 obtulerunt
1475 1890 1700 1936 vaccas
1724 1869 1865 1932 illas
1903 1873 1948 1936 B
1974 1869 2357 1950 quibusdam
2390 1873 2546 1936 locis
2578 1875 2829 1938 videtur
2860 1875 3118 1951 sentire,
3144 1875 3313 1955 quod
3348 1873 3464 1935 sic-

353 1972 430 2034 in
479 1973 951 2050 holocaustum,
987 1972 1155 2036 sicut
1190 1980 1254 2036 et
1293 1969 1745 2035 sacrificabant
1777 1967 1865 2029 ibi

357 2072 432 2133 in
464 2090 622 2153 agro
651 2081 831 2136 extra
860 2071 1344 2136 tabernaculum
1377 2079 1440 2134 et
1468 2069 1688 2133 altare.
1709 2068 1862 2130 Nam

351 2190 576 2235 vaccua
619 2171 746 2236 illae
787 2191 901 2254 per
942 2171 1264 2235 mirabilia
1297 2169 1403 2233 Dei
1436 2170 1504 2232 in
1537 2168 1630 2231 eis
1660 2175 1868 2231 osten-

357 2290 456 2347 sa,
489 2279 680 2334 erant
709 2271 834 2334 Deo
865 2271 1335 2352 quodammodo
1366 2274 1769 2342 consecratae,
1805 2272 1868 2328 et

355 2370 418 2432 ei
485 2369 933 2433 tantummodo
989 2367 1362 2446 offerendae,
1421 2386 1539 2430 nec
1596 2372 1866 2447 sumptae

351 2477 550 2532 erant
579 2487 658 2531 ex
689 2467 1029 2550 pecoribus
1062 2467 1422 2530 Israeliticae
1452 2464 1686 2548 plebis,

429 2571 769 2648 Lux-itque
791 2572 1072 2645 populus
1105 2566 1418 2642 residuuS,
1437 2585 1505 2626 eo
1523 2567 1698 2645 quod
1722 2583 1868 2640 per-

353 2669 566 2728 cus-sic
582 2668 906 2728 Dominus
925 2668 1174 2744 plebem
1199 2669 1398 2743 playa
1433 2683 1692 2740 mayna.
1719 2660 1866 2734 Quae

353 2773 580 2828 autem
614 2764 810 2827 fuerit
841 2764 1028 2846 plaga
1055 2762 1189 2839 illa,
1227 2761 1530 2825 nescitur.
1567 2764 1654 2823 Et
1683 2762 1866 2821 dixe-

351 2874 524 2925 runt
555 2866 694 2924 viri
722 2865 1138 2924 Beth-samiam
1169 2883 1192 2921 :
1226 2863 1384 2931 Quis
1415 2861 1657 2938 poterit
1696 2869 1867 2920 stare

357 2965 434 3023 in
484 2972 826 3040 conspectu
870 2963 1139 3022 Domini
1188 2962 1310 3022 Dei
1355 2961 1569 3020 sancti
1618 2959 1816 3035 hujus·
1837 2959 1866 3016 ?

1975 1976 2045 2030 ut
2081 1969 2355 2049 Balaam,
2390 1972 2478 2035 ita
2512 1980 2575 2036 et
2607 1973 2710 2035 isti
2752 1993 2827 2036 ex
2868 1973 3097 2057 spiritu
3142 1972 3248 2036 Dei
3285 1972 3455 2035 bono

1978 2065 2239 2130 fuerunt
2269 2069 2559 2152 inspirati
2590 2073 2667 2134 ad
2700 2073 2821 2134 ista
2847 2072 3128 2135 dicenda.
3146 2071 3298 2134 Nam
3327 2086 3464 2151 pro-

1979 2165 2196 2246 phetia
2234 2174 2297 2230 et
2336 2176 2719 2233 secretorum
2761 2170 3085 2248 revelatio,
3122 2177 3270 2231 sunt
3298 2169 3467 2232 dona

1975 2264 2195 2343 gratiae
2238 2267 2437 2346 gratis
2488 2269 2669 2346 datae,
2723 2288 2865 2350 quae
2924 2269 3112 2333 bonis
3160 2277 3221 2331 et
3273 2267 3462 2329 malis

1977 2365 2340 2428 communia
2372 2374 2540 2429 sunt.

2058 2462 2285 2525 lterum
2332 2465 2657 2546 quaeritur,
2689 2486 2889 2548 quum
2935 2485 3081 2530 arca
3124 2464 3317 2529 fuerit
3366 2485 3466 2528 res

1977 2578 2237 2641 prorsus
2270 2563 2641 2642 inanimata,
2666 2585 2781 2629 cur
2810 2574 3070 2648 propter
3102 2566 3243 2647 ejus
3274 2564 3468 2627 intui-

1979 2666 2111 2721 tum
2162 2669 2292 2723 tam
2338 2663 2617 2744 graviter
2665 2683 2864 2728 caesus
2913 2672 3009 2727 est
3057 2663 3355 2747 populuS.
3391 2663 3467 2723 Et

1976 2761 2514 2840 respondendum,
2533 2763 2703 2843 quod
2734 2764 2899 2825 Deus
2931 2763 3049 2824 sub
3080 2780 3271 2844 poena
3300 2779 3466 2825 mor·
3492 2775 3745 2826 Numano

1979 2856 2058 2918 tis
2102 2859 2435 2939 prohibuit
2476 2879 2605 2924 non
2644 2861 2849 2924 solum
2890 2861 3264 2944 adspectum
3300 2879 3463 2924 arcae

1974 2957 2185 3033 nudae‚
2221 2959 2330 3020 sed
2361 2968 2423 3022 et
2453 2959 2725 3023 aliorum
2755 2980 2900 3042 quae
2940 2960 3007 3021 in
3053 2959 3464 3023 tabernaculo

355 3060 552 3143 quasi
597 3060 814 3125 dicant
849 3077 863 3122 ε
900 3060 1098 3122 Tanta
1136 3067 1233 3122 est
1272 3058 1587 3121 districtio
1633 3055 1864 3120 divinae
1896 3052 1939 3115 C
1975 3063 2176 3132 erant,
2214 3057 2291 3118 ad
2336 3059 2912 3122 commendandum
2956 3059 3329 3140 dignitatem
3371 3077 3469 3121 sa-

349 3160 848 3242 justitiae‚quod
873 3160 1288 3222 metuendum
1321 3166 1417 3221 est
1446 3158 1514 3219 in
1539 3156 1681 3238 ejus
1714 3174 1868 3238 prae-

355 3260 576 3323 sentia
605 3277 938 3342 apparere,
961 3266 1152 3340 atque
1182 3255 1458 3320 difficile
1490 3256 1549 3318 ei
1590 3255 1861 3338 placere,

357 3366 426 3421 et
455 3358 605 3439 ejus
638 3357 1116 3440 percussionem
1146 3357 1438 3419 evadere.
1462 3356 1647 3417 Juxta
1672 3372 1864 3435 quem

359 3476 630 3521 sensum
671 3456 982 3539 scriptum
1013 3464 1111 3519 est
1149 3454 1216 3517 in
1256 3455 1445 3518 Josue
1482 3453 1647 3516 libro
1683 3470 1696 3513 :
1730 3452 1864 3515 Non

359 3555 665 3639 poteritis
709 3555 951 3618 servire
986 3553 1276 3631 Domino,
1315 3555 1476 3617 Deus
1516 3552 1688 3615 enim
1730 3570 1868 3613 san-

357 3664 508 3718 ctus
539 3663 606 3717 et
635 3654 820 3717 fortis
841 3653 1172 3719 aemulator
1192 3660 1308 3730 cst,
1329 3660 1392 3716 et
1421 3671 1548 3715 non
1581 3650 1866 3732 ignoscet

357 3754 720 3819 sceleribus
763 3752 1016 3816 vestriS.
1053 3756 1138 3814 Et
1166 3754 1255 3813 ad
1277 3772 1470 3832 quem
1501 3753 1794 3811 ascendet
1824 3771 1863 3810 a

355 3856 546 3917 nobis
567 3857 598 3915 ἒ
629 3851 694 3915 id
723 3859 841 3929 est,
875 3851 1024 3933 quis
1057 3858 1246 3913 tantae
1277 3849 1531 3912 virtutis
1576 3847 1861 3914 invenie-

359 3960 488 4029 tur,
525 3950 643 4034 qui
674 3951 908 4031 dignus
939 3950 1022 4012 sit
1061 3969 1202 4013 eam
1221 3949 1243 3971 '¹
1271 3948 1645 4030 suscipere?
1675 3950 1866 4008 Mise-

355 4062 652 4131 rumque
679 4052 948 4112 nuntios
979 4052 1067 4110 ad
1095 4050 1480 4109 habitatores
1506 4048 1866 4107 Cariathia-

356 4152 509 4217 rim,
532 4168 676 4230 quae
695 4156 832 4211 erat
850 4149 998 4211 urbs
1022 4146 1256 4209 famosa
1275 4153 1338 4208 et
1362 4143 1550 4219 fortiS,
1563 4146 1866 4205 dicentes:

1977 3155 2314 3218 cerdotalis
2335 3156 2647 3234 officii,et
2676 3159 3027 3240 proesertim
3061 3166 3320 3241 propter
3340 3177 3471 3239 my·

1977 3253 2166 3317 sticas
2209 3254 2717 3335 significationes
2758 3257 3250 3339 spiritualesque
3281 3256 3469 3319 ratio-

1977 3370 2091 3414 nes
2133 3371 2326 3435 super
2368 3354 2602 3418 librum
2644 3354 3060 3420 Numerorum
3104 3374 3457 3437 expressas.

1976 3449 2135 3513 Arca
2163 3460 2375 3515 autem
2400 3454 2523 3515 fuit
2554 3453 2767 3535 figura
2794 3454 3211 3518 humanitatis
3232 3453 3465 3517 Christi

1975 3558 2038 3614 et
2076 3550 2465 3615 Sacramenti
2500 3553 2740 3627 altariS‚
2774 3572 2918 3635 quae
2965 3572 3093 3618 non
3140 3562 3288 3615 sunt
3334 3552 3460 3615 nisi

1976 3669 2120 3712 cum
2151 3650 2367 3714 debita
2398 3651 2750 3716 reverentia
2781 3652 3218 3733 adspicienda.

2057 3748 2295 3811 Rursus
2325 3749 2521 3830 quaeri
2562 3758 2790 3832 potest,
2826 3769 2940 3813 cur
2978 3750 3281 3813 Philistaei
3325 3768 3467 3831 per—

1976 3846 2146 3909 cussi
2193 3866 2321 3910 non
2366 3857 2535 3924 sunt,
2569 3849 2721 3929 quia
2762 3868 2971 3912 arcam
3012 3849 3313 3911 viderunt
3351 3867 3466 3910 nu-

1975 3946 2144 4007 dam.
2180 3946 2639 4028 Respondetur,
2675 3948 2825 4029 quia
2865 3966 2993 4012 non
3027 3946 3149 4010 fuit
3186 3948 3279 4011 eis
3321 3964 3466 4029 pro-

1974 4043 2274 4116 hibitum,
2308 4046 2613 4127 quoniam
2664 4047 2762 4110 lex
2806 4047 2897 4111 eis
2941 4048 3087 4109 data
3134 4066 3261 4110 non
3316 4045 3459 4109 fuit.

1973 4141 2150 4205 Unde
2192 4144 2270 4205 ad
2308 4142 2623 4207 Romanos
2660 4146 2749 4207 ait
2786 4146 3123 4229 Apostolus
3159 4164 3173 4209 :
3210 4144 3459 4209 Scimus
3494 4150 3754 4201 Rom-uum-

355 4250 800 4309 Reduxerunc
817 4247 1184 4308 philistiim
1205 4264 1426 4305 arcam
1442 4245 1724 4304 Domini.
1745 4242 1862 4305 Sed
1893 4243 1944 4304 D
1974 4238 2124 4321 quia
2161 4260 2581 4324 quaecumque
2625 4243 2725 4307 lex
2769 4244 3075 4326 loquitur,
3111 4244 3211 4307 his
3242 4244 3353 4327 qui
3398 4243 3463 4305 in

359 4364 478 4409 cur
519 4363 652 4408 uon
692 4344 1078 4407 remiserunt
1117 4359 1258 4404 eam
1288 4341 1356 4402 in
1389 4340 1519 4403 Silo
1547 4341 1626 4402 ad
1662 4340 1865 4403 taber-

361 4444 672 4508 naculum
727 4441 980 4505 Domini
1022 4444 1046 4502 2
1095 4438 1384 4502 Forsitan
1445 4438 1862 4501 intendebant

1977 4338 2114 4419 lege
2158 4350 2330 4419 sunt,
2365 4342 2667 4423 loquitur.
2704 4343 2953 4406 Etenim
2985 4344 3053 4406 hi
3084 4344 3321 4426 quibus
3365 4342 3463 4405 lex

1976 4440 2121 4501 data
2151 4447 2268 4518 est,
2305 4460 2417 4522 per
2449 4440 2652 4521 legem
2682 4441 3071 4522 judicantur.
