4359 6250
99 2092 128 2134 ll
139 2093 238 2134 Par.
254 2106 292 2143 n,
307 2096 348 2135 8.

115 2193 134 2210 ·
145 2192 352 2233 arceuthi-

123 3969 168 4012 ιιι
181 3970 283 4024 1209.
297 3983 350 4018 w,

1002 519 1351 566 numano
1395 520 1454 563 IN
1499 519 1635 564 cn.
1684 519 1720 561 V
1763 518 1922 564 unm
1961 519 2159 565 'rimu
2202 521 2425 567 amun.
2471 542 2552 553 —·
2593 524 2733 569 ΛΒΤ.
2784 525 2889 571 vul

3368 508 3479 571 611

493 694 714 759 Quum
759 712 905 768 erqo
949 693 1237 753 audisset
1266 693 1508 751 Hiram
1549 692 1739 751 verba
1774 693 1889 751 Sa-
1913 688 1968 751 A
1999 692 2240 753 Hiram
2256 702 2316 753 et
2336 696 2767 767 Salomonem,
2790 706 2850 756 et
2871 706 3331 775 percusserunt
3351 716 3482 756 am-

381 791 694 858 lomonis,
739 792 992 850 laetatus
1030 800 1120 850 est
1165 792 1354 851 valde
1398 810 1420 849 .·
1462 788 1617 869 quia
1664 806 1742 850 ex
1794 788 1888 849 di-

380 886 670 951 lectione
719 907 834 951 sua
882 890 959 951 ad
1005 889 1404 952 Salomonem
1457 886 1770 967 gaudebat
1808 886 1888 948 de

379 986 534 1067 ejus
582 987 1005 1069 prosperitate
1051 1008 1124 1052 ac
1174 987 1538 1063 devotione,
1584 994 1648 1049 et
1693 986 1886 1047 etiam

377 1094 655 1168 propter
698 1087 957 1169 propria
1001 1088 1369 1162 commoda3
1413 1098 1473 1148 et
1512 1089 1608 1147 ait
1639 1106 1661 1144 .·
1691 1089 1888 1145 Bene-

375 1188 607 1246 dictus
634 1187 954 1247 Dominus
981 1190 1155 1247 Deus
1185 1188 1394 1259 hodie,
1418 1187 1535 1265 qui
1563 1185 1742 1244 dedit
1762 1186 1888 1243 Da-

383 1286 506 1344 vid
523 1286 748 1361 filium
767 1286 1556 1363 sapientissimum,super
1569 1286 1886 1360 populum

381 1386 570 1445 hunc
594 1387 989 1463 plurimum.
1017 1389 1100 1447 Et
1125 1386 1304 1446 misit
1331 1386 1570 1445 Hiram
1595 1385 1683 1442 ad
1712 1384 1889 1442 Salo-

382 1504 673 1553 monem,
693 1484 915 1543 dicens
939 1504 962 1542 .·
981 1485 1166 1544 Audi
1176 1485 1237 1543 vi
1266 1501 1678 1562 quaecumque
1711 1499 1886 1539 man-

377 1582 566 1641 dasti
588 1582 929 1659 miki.Eyo
948 1582 1196 1659 faciam
1218 1601 1470 1641 omnem
1493 1582 1886 1639 voluntatem

383 1690 576 1739 tuam
607 1682 680 1740 in
713 1682 913 1757 liynis
943 1682 1228 1741 cedrinis
1257 1689 1315 1739 et
1354 1680 1660 1755 abieynis,
1695 1676 1757 1737 id
1788 1682 1884 1737 est

379 1777 454 1839 in
489 1778 699 1840 cedris
730 1786 794 1840 et
823 1777 1164 1840 abietibus,
1199 1777 1310 1839 Est
1340 1784 1552 1839 autern
1585 1774 1761 1837 abies
1792 1793 1886 1836 ar-

1997 791 2068 847 bo
2098 790 2332 866 foedus.

2077 890 2417 969 Eleyitque
2435 912 2553 951 γεω
2572 894 2879 953 Salomon
2900 896 3227 972 operarios
3253 896 3333 953 de
3356 913 3483 953 om-

1995 989 2071 1045 ni
2110 991 2336 1058 Israel,
2380 988 2445 1049 id
2489 997 2585 1051 est
2629 990 2979 1073 proselytos
3026 1009 3365 1054 conversos
3404 990 3483 1052 ad

1997 1083 2193 1147 fidem
2238 1095 2301 1149 et
2342 1087 2533 1149 ritum
2579 1089 2825 1151 Israelis
2862 1107 2876 1151 :
2920 1089 3235 1170 siquidem
3278 1090 3357 1152 de
3401 1089 3485 1151 ls-

1996 1182 2282 1246 raelitica
2325 1186 2581 1249 natione
2627 1187 2875 1250 nullum
2922 1185 3074 1251 fecit
3118 1186 3376 1263 servire,
3415 1195 3484 1248 ut

1997 1279 2168 1343 infra
2200 1282 2489 1347 habetur.
2511 1288 2595 1347 Et
2623 1297 2762 1348 erat
2792 1288 3092 1357 indictio,
3109 1286 3172 1349 id
3196 1295 3292 1349 est
3317 1306 3483 1347 sum-

1996 1397 2098 1441 ma
2145 1382 2581 1461 operariorum
2631 1384 2911 1461 illorum,
2948 1388 3222 1461 triyinta
3266 1386 3483 1445 millia

1933 1478 1940 1483 ’
1997 1479 2312 1549 virorum,
2344 1480 2456 1561 qui
2502 1481 2678 1544 ibant
2723 1482 2800 1544 ad
2843 1483 3238 1565 operandum
3279 1482 3345 1544 in
3389 1481 3483 1542 Li-

1996 1574 2161 1638 bano
2202 1596 2347 1639 cum
2390 1576 2645 1641 famulis
2681 1581 2911 1642 Hiram.
2945 1581 3121 1644 Unde
3152 1579 3484 1661 subjungi-

1999 1682 2099 1735 tur
2135 1692 2148 1735 :
2186 1679 2601 1758 Alittebatque
2637 1700 2738 1739 eos
2774 1681 2847 1740 in
2886 1682 3237 1751 Libanum,
3270 1682 3481 1739 decem

1997 1774 2212 1833 millia
2244 1773 2436 1836 simul
2458 1796 2577 1853 per
2604 1779 2892 1853 sinyulos
2914 1798 3154 1838 menses
3174 1779 3483 1848 vicissim,

383 1874 508 1939 bor
537 1874 691 1938 boni
723 1876 960 1953 odoriS‚
985 1884 1177 1953 recta,
1203 1874 1520 1951 sublimiS,
1555 1882 1617 1937 ct
1648 1891 1884 1955 nocens
1921 1872 1969 1935 B
1999 1869 2296 1934 videlicet
2326 1891 2454 1936 uno
2486 1893 2705 1937 mense
2736 1894 2935 1937 unum
2970 1875 3317 1939 ternarium
3350 1873 3485 1936 illo-

383 1972 616 2037 bestiis
647 1974 1008 2050 venenosiS‚
1044 1982 1115 2036 ut
1146 1972 1342 2036 refert
1370 1974 1668 2036 Isidorus,
1694 1971 1883 2034 Porro

381 2073 674 2135 secundo
705 2072 1229 2154 Paralipomenon
1261 2072 1551 2149 babetur,
1577 2071 1747 2152 quod
1781 2069 1886 2132 Sa-

381 2172 610 2235 lomon
643 2170 824 2248 dixit,
841 2171 959 2234 Sed
981 2179 1044 2233 et
1064 2170 1237 2251 ligna
1257 2171 1516 2235 cedrina
1539 2178 1602 2234 et
1628 2170 1884 2251 thyina*

381 2279 450 2335 et
491 2271 684 2353 pinea
722 2270 906 2332 mitte
946 2270 1106 2332 mihi
1147 2272 1227 2334 de
1258 2270 1496 2333 Libano
1533 2287 1546 2331 :
1581 2269 1751 2350 quod
1794 2268 1883 2330 ibi

381 2369 754 2453 expositum
798 2378 916 2432 est.
951 2372 1144 2431 Servi
1186 2371 1315 2430 mei
1353 2372 1665 2446 deponent
1703 2390 1776 2429 ea
1807 2370 1886 2427 cle

379 2471 644 2530 Libano
673 2471 764 2528 ad
803 2490 1002 2538 mare,
1031 2478 1090 2529 et
1135 2489 1245 2546 eqo
1287 2488 1660 2545 componam
1696 2488 1772 2527 ea
1809 2468 1882 2527 in

380 2570 647 2629 ratibus
687 2569 761 2626 in
802 2570 996 2640 mari,
1031 2566 1093 2629 id
1137 2576 1253 2643 est,
1289 2567 1626 2648 disponam
1661 2574 1732 2628 ut
1772 2585 1885 2647 per

380 2684 584 2729 naves
616 2665 951 2729 mittantur
984 2665 1123 2743 tibi,
1145 2687 1345 2746 usque
1363 2670 1451 2726 ad
1472 2669 1677 2725 locum
1697 2686 1886 2744 quem

249 2797 262 2825 ι
299 2784 314 2825 ι·
377 2766 866 2843 significaveris
887 2766 1078 2837 mihi,
1093 2776 1151 2825 et
1171 2767 1507 2844 applicabo
1526 2785 1600 2824 ea
1627 2766 1745 2825 tibi
1757 2766 1805 2833 *,
1826 2773 1886 2823 et

382 2873 458 2924 tu
493 2867 675 2924 tolles
701 2884 775 2924 ea
791 2887 818 2936 ,·
838 2866 1272 2943 praebebisque
1303 2864 1662 2923 necessaria
1691 2863 1883 2931 milti,

378 2971 458 3023 ut
486 2964 684 3022 detur
712 2964 891 3021 cibus
917 2963 1143 3022 domui
1173 2982 1351 3030 meoe,
1383 2960 1682 3024 videlicet
1721 2959 1884 3021 triti-

1997 1986 2136 2029 rum
2169 1970 2427 2049 triginta
2457 1972 2754 2050 millium,
2776 1982 2839 2036 et
2868 1974 2995 2035 alio
3026 1991 3243 2035 mense
3263 1991 3483 2035 secun-

1994 2066 2146 2129 dum
2171 2070 2540 2148 ternarium,
2560 2090 2907 2153 menseque
2929 2071 3112 2135 tertio
3134 2070 3481 2133 ternarium

1996 2168 2278 2245 tertium,
2312 2178 2375 2232 et
2404 2170 2495 2232 sic
2526 2179 2753 2252 quarto
2784 2190 3001 2233 mense
3031 2189 3249 2233 rursus
3278 2170 3485 2232 mitte-

1993 2264 2180 2329 batur
2224 2268 2537 2331 ternarius
2584 2270 2854 2351 primuS,
2887 2289 2960 2333 ac
3003 2270 3091 2331 ita
3134 2268 3477 2351 deinceps3

1995 2368 2092 2425 ita
2120 2376 2193 2426 ut
2222 2370 2467 2427 duobus
2498 2371 2819 2429 mensibus
2847 2368 3169 2431 continuis
3188 2378 3387 2429 essent
3408 2370 3481 2427 in

1993 2466 2289 2525 domibus
2330 2468 2467 2526 suis
2516 2467 2593 2528 ad
2643 2467 3099 2549 quiescendum
3152 2486 3297 2529 cum
3348 2466 3480 2529 suis

1996 2563 2299 2625 uxoribus
2345 2573 2537 2645 atque
2583 2565 2970 2643 domesticiS,
3020 2574 3083 2629 et
3127 2566 3207 2628 ad
3256 2584 3483 2628 vacan-

1996 2660 2148 2722 dum
2181 2663 2458 2744 propriis
2502 2663 2687 2725 rebus
2724 2681 2738 2725 t
2774 2671 2839 2727 et
2877 2663 2942 2724 in
2984 2664 3104 2727 hoc
3143 2664 3347 2745 patuit
3386 2683 3482 2725 sa-

1995 2758 2259 2840 pientia,
2292 2760 2423 2823 imo
2453 2769 2516 2823 et
2545 2760 2747 2843 pietas
2777 2780 2850 2823 ac
2878 2762 3179 2826 discretio
3210 2762 3483 2825 Salomo-

1997 2857 2116 2919 nis.
2142 2858 2295 2921 Nam
2329 2868 2391 2921 et
2423 2860 2476 2921 si
2510 2860 2861 2943 proselytos
2894 2860 3040 2923 illos
3070 2861 3482 2924 immoderate

1994 2965 2335 3034 gravasset,
2390 2956 2555 3021 forte
2613 2958 3024 3022 recessissent
3082 2979 3119 3021 a
3180 2959 3319 3041 lege
3372 2959 3481 3022 Dei

376 3078 534 3122 cum
581 3068 647 3124 et
693 3059 932 3136 oleum,
984 3078 1128 3142 quae
1179 3059 1380 3140 magis
1438 3058 1766 3150 abundant
1816 3059 1882 3120 in
1915 3059 1961 3124 C
1993 3073 2187 3137 quam
2231 3066 2633 3140 acceperunt.
2672 3062 2755 3120 Et
2794 3061 3159 3120 Adoniram
3200 3069 3341 3120 erat
3377 3080 3483 3120 su-

377 3167 555 3222 terra
587 3167 718 3236 tua,
753 3178 946 3241 quam
979 3178 1141 3222 mea.

465 3262 698 3338 Itaque
737 3260 976 3319 Hiram
1014 3260 1232 3329 dabat,
1268 3257 1332 3319 id
1377 3266 1473 3320 est
1516 3256 1878 3334 exhibebat,

377 3375 514 3419 non
549 3355 775 3437 utique
803 3355 1021 3435 gratiS,
1057 3356 1165 3418 sed
1198 3375 1312 3437 per
1349 3356 1883 3438 recompensatio-

381 3475 536 3518 nem
579 3454 982 3532 victualium,
1017 3457 1357 3517 Salomoni
1399 3459 1584 3533 liqna
1613 3457 1882 3516 cedrina

378 3565 441 3614 et
476 3556 664 3631 liqna
695 3555 995 3630 abieyna,
1028 3553 1249 3635 thyina
1286 3572 1545 3636 quoque
1575 3563 1638 3617 et
1667 3553 1878 3636 pinea,

364 3653 584 3729 juxta
631 3671 884 3713 omnem
933 3656 1332 3712 voluntatem
1369 3654 1531 3729 ejus.
1571 3656 1878 3714 Salomon

381 3759 608 3811 autem
623 3752 944 3826 praebebat
967 3753 1206 3812 Hiram
1241 3750 1371 3828 regi
1405 3752 1645 3826 viqinti
1666 3753 1884 3811 millia

381 3870 568 3911 coros
588 3850 798 3910 tritici
805 3849 1027 3912 ‚Corus
1056 3857 1268 3912 autem
1302 3867 1599 3912 mensura
1619 3859 1714 3912 est
1742 3869 1884 3912 con-

385 3950 609 4012 tinens
655 3946 917 4030 triginta
964 3947 1234 4024 modiOS,
1287 3956 1356 4010 ut
1405 3947 1610 4029 patuit
1655 3967 1886 4030 praece—

107 4035 172 4082 ²²³
190 4032 356 4076 ³³³⁶·
384 4047 570 4111 denti
601 4045 895 4108 articulo.
921 4049 1002 4107 In
1021 4048 1237 4107 cibum
1266 4049 1493 4108 domui
1520 4047 1688 4123 ejus,
1714 4057 1773 4108 et
1797 4049 1886 4108 vi-

107 4109 188 4145 xtv,
219 4098 281 4138 Η.

374 4148 566 4224 yinti
589 4146 632 4226 †
656 4145 874 4206 millia
903 4164 1074 4204 coros
1097 4147 1448 4221 purissimi
1476 4149 1618 4214 olei,
1641 4146 1886 4210 scilicet

382 4243 516 4308 olei
546 4243 866 4307 olivarum
887 4265 903 4316 3
927 4242 1061 4303 hoec
1093 4244 1408 4304 tribuebat
1426 4247 1737 4306 Salomon
1767 4249 1884 4307 Hi·
1915 4247 1965 4308 D
1994 4264 2144 4304 rum
2184 4245 2303 4323 qui
2339 4263 2535 4304 onera
2564 4246 2934 4319 portabant,
2968 4243 3268 4308 videlicet
3310 4243 3486 4326 ligna

381 4364 536 4404 ram
566 4340 702 4421 regi
723 4360 846 4418 per
871 4343 1165 4417 sinqulos
1195 4361 1424 4412 annm,
1454 4342 1762 4423 quamdiu
1795 4363 1884 4406 re-

381 4439 563 4522 cepit
590 4439 673 4502 ab
702 4439 918 4502 Hiram
951 4437 1146 4518 ligna,
1181 4439 1616 4520 obsequiaque
1659 4440 1884 4522 prael'a-

383 4547 473 4602 ta.
510 4537 803 4601 Secundo
833 4537 1360 4617 Paralipomenon
1388 4535 1678 4613 habetur,
1712 4539 1882 4619 quod

385 4637 588 4699 etiam
637 4635 866 4698 tribuit
921 4635 1046 4718 ipsi
1093 4635 1308 4698 Hiram
1366 4633 1638 4715 singulis
1696 4636 1884 4698 annis

391 4735 687 4810 totidem,
712 4734 777 4796 id
807 4743 904 4797 est
936 4734 1161 4814 viginti
1192 4734 1397 4797 millia
1426 4752 1608 4797 coros
1636 4734 1880 4814 hordei,

389 4843 490 4898 tot
521 4851 782 4916 quoque
812 4832 994 4895 batos
1028 4832 1161 4894 vini
1191 4842 1349 4914 quot
1378 4833 1525 4896 olei.
1563 4832 1886 4917 Scriptum

1983 3175 2105 3231 per
2131 3157 2578 3233 nujuscemodi
2610 3160 3053 3220 indictionem.
3089 3159 3179 3220 Ex
3209 3177 3339 3240 quo
3375 3178 3484 3242 pa·

1995 3261 2102 3330 tet,
2122 3256 2293 3335 quod
2317 3254 2613 3317 Salomon
2644 3275 2759 3336 per
2787 3275 2855 3318 se
2886 3257 3094 3340 ipsum
3130 3277 3257 3321 non
3288 3257 3482 3338 elegit

1993 3352 2255 3432 triginta
2282 3352 2487 3416 millia
2516 3354 2648 3430 illa,
2686 3373 2802 3417 nec
2833 3374 2941 3418 eos
2970 3355 3062 3419 sic
3094 3357 3265 3418 misit
3296 3356 3485 3420 vicis-

1992 3451 2135 3527 sim,
2173 3451 2284 3513 sed
2314 3452 2634 3514 commisit
2663 3452 2785 3515 hoc
2818 3460 3019 3515 totum
3050 3453 3137 3515 ita
3167 3453 3483 3532 agendum

1992 3548 2142 3611 huic
2184 3549 2549 3626 Adoniram,
2592 3550 2702 3632 qui
2754 3551 2882 3613 alio
2933 3551 3071 3614 loco
3122 3551 3481 3633 appellatur

1991 3648 2289 3710 Aduram.
2329 3650 2423 3711 An
2469 3668 2621 3713 vero
2664 3649 2861 3712 fuerit
2905 3650 3070 3713 idem
3111 3650 3477 3727 Adoniram,

1991 3748 2104 3829 qui
2148 3748 2543 3830 praecedente
2582 3748 2863 3831 capitulo
2909 3747 3110 3812 fertur
3150 3748 3482 3830 praefuisse

1997 3845 2273 3922 tributiS,
2307 3845 2419 3928 qui
2450 3854 2514 3908 et
2545 3847 2682 3928 ipse
2713 3847 3035 3910 interdum
3065 3845 3343 3909 Aduram
3378 3865 3483 3911 vo-

1991 3952 2192 4020 catur,
2247 3952 2456 4026 potest
2509 3945 2575 4008 in
2624 3945 2891 4007 dubium
2940 3944 3125 4008 verti.
3178 3949 3477 4008 Fuerunt

1993 4045 2213 4124 itaque
2259 4046 2623 4114 Salomoni,
2667 4053 2895 4127 praeter
2938 4052 3002 4107 et
3044 4043 3210 4107 ultra
3254 4043 3481 4126 prael'a·

1994 4150 2057 4204 ta
2097 4141 2355 4222 triginta
2395 4141 2619 4220 millia,
2666 4145 3077 4220 septuaginta
3128 4145 3343 4204 millia
3385 4164 3483 4204 eo-

1993 4350 2057 4405 et
2093 4361 2263 4418 saxa,
2296 4351 2356 4401 et
2382 4342 2703 4418 octoqinta
2736 4343 2950 4403 millia
2982 4347 3368 4405 latomorum
3406 4347 3481 4405 in

1994 4451 2222 4502 monte.
2257 4439 2501 4503 Latomi
2532 4440 2835 4503 dicuntur
2864 4459 3126 4504 caesores
3155 4460 3477 4520 saxorum,

1994 4547 2058 4602 et
2101 4547 2483 4602 extractores
2533 4558 2755 4602 eorum
2810 4539 2889 4603 de
2938 4538 3306 4622 lapidicina.
3359 4541 3482 4604 Per

1995 4647 2274 4700 montem
2306 4645 2517 4699 autem
2548 4636 2995 4718 intelliguntur
3023 4637 3362 4719 pluraliter
3395 4641 3482 4704 lo—

1996 4757 2069 4802 ca
2097 4755 2319 4799 saxosa
2346 4755 2419 4798 ac
2449 4745 2805 4813 montuosa,
2842 4738 2921 4799 de
2960 4737 3192 4818 quibus
3232 4738 3475 4820 lapides

1998 4835 2091 4898 illi
2133 4833 2662 4918 praecidebantur.
2696 4838 2949 4915 Absque
2968 4838 3335 4914 praepositis
3363 4839 3481 4917 qai

147 4945 178 4988 11
195 4946 298 4989 Par.
313 4957 358 4996 n,
388 4943 492 4997 est
523 4933 698 4995 enim
731 4930 997 5014 praefato
1037 4930 1202 4994 libro
1236 4948 1249 4991 :
1287 4932 1592 4995 Triticum
1633 4952 1784 5014 ergo
1825 4944 1887 4997 et
1989 4943 2317 5014 proeerant
2344 4935 2624 5011 sinyulis
2652 4935 3251 5010 operibus-,numero
3276 4937 3481 4996 trium

114 5008 174 5050 1⁵.

389 5031 708 5094 hordeum
737 5038 802 5093 et
832 5029 1054 5092 vinum
1093 5037 1158 5092 et
1200 5029 1434 5107 oleum,
1467 5049 1610 5112 quae
1643 5031 1888 5113 pollici-

1997 5036 2283 5094 millium
2300 5043 2359 5094 et
2380 5042 2818 5101 trecentorum,
2827 5035 3355 5110 proecipientium
3366 5053 3475 5111 po-

389 5140 496 5192 tus
537 5149 630 5205 eS,
663 5129 922 5192 domine
961 5129 1070 5205 mi,
1113 5129 1297 5191 mitte
1337 5128 1538 5192 servis
1583 5130 1729 5191 tuis,
1767 5135 1890 5192 De·-
1989 5137 2147 5209 pulo
2179 5129 2490 5193 laboranti
2519 5129 2675 5211 quid
2705 5130 2979 5212 quisque
3009 5139 3237 5210 ageret,
3261 5141 3341 5204 et,
3364 5151 3482 5214 pro

387 5230 494 5291 dit
533 5249 782 5308 quoque
813 5230 1130 5289 Dominus
1165 5230 1559 5306 sapientiam
1595 5231 1888 5290 Salomo-

1999 5229 2064 5290 id
2101 5236 2218 5304 est,
2261 5230 2363 5289 Itis
2399 5229 2517 5308 qui
2554 5231 2883 5308 faciebant
2924 5249 3103 5307 opus.
3147 5228 3221 5290 Hi
3263 5238 3481 5292 autem

387 5329 494 5398 ni,
522 5329 690 5388 sicut
724 5331 970 5388 locutus
1002 5337 1093 5388 est
1120 5329 1203 5389 ei.
1239 5329 1325 5388 Et
1370 5337 1510 5387 erat
1541 5345 1685 5404 pam
1714 5328 1888 5388 inter
1998 5324 2319 5409 praepositi
2348 5342 2636 5408 operum,
2658 5334 2841 5389 erant
2870 5325 3131 5390 natione
3158 5326 3480 5392 Israelitae.

3512 3767 3583 3874 ⁸111
3596 3769 3705 3824 Rev.
3720 3783 3775 3820 w,
