4359 6250
1659 473 1845 522 mnssx
1885 473 2221 520 eminus

389 642 692 700 Articulus
719 645 933 702 XXXII.
965 643 1309 718 Explanatio
1337 644 1576 718 capituli
1610 643 1754 702 vice-

465 732 605 789 simi
632 734 874 791 secundi
905 752 918 790 ε
948 735 1198 792 Locutus
1226 738 1316 792 est
1343 738 1538 791 autem
1571 733 1751 790 David

468 821 721 878 Domino
782 867 1747 880 ...........
1789 824 1896 880 559

391 911 694 969 Articulus
726 915 964 971 XXXIII.
996 914 1346 987 Explanatio
1385 914 1622 986 capituli
1670 913 1752 969 vi-

466 1002 672 1060 cesimi
719 1004 876 1061 tertii
921 1021 934 1060 :
972 1006 1106 1062 Haec
1151 1008 1350 1062 autem
1400 1005 1574 1060 verba
1617 1006 1755 1061 sunt

469 1093 790 1152 novissima
796 1135 1752 1150 ...........
1791 1093 1894 1148 561

397 1184 696 1242 Articulus
724 1185 958 1240 XXXIV.
1000 1185 1077 1241 De
1114 1183 1402 1257 spirituali
1449 1182 1625 1257 hujus
1661 1199 1754 1239 ca-

470 1272 641 1346 pituli
673 1274 973 1331 intellectu
981 1315 1750 1330 .........
1791 1272 1898 1328 569

395 1363 695 1420 Articulus
725 1363 932 1420 XXXV.
982 1325 1277 1436 Expositio
1319 1361 1558 1435 capituli
1605 1359 1753 1419 vicc-

471 1451 610 1509 simi
658 1453 896 1526 quarti:
935 1454 1005 1508 Et
1035 1452 1264 1509 addidit
1301 1451 1463 1510 furor
1501 1451 1752 1508 Domini.
1791 1452 1900 1509 572

494 1693 850 1741 mumulo
892 1693 957 1739 IN
996 1694 1261 1741 ‘ramum
1303 1693 1529 1740 Limum
1575 1693 1800 1740 REGUH.

401 1898 762 1956 Prooemium
791 1939 1752 1954 ...........
1792 1899 1900 1954 579

401 1988 702 2044 Articulus
743 1988 784 2043 I.
821 1988 1166 2060 Explanatio
1215 1988 1480 2046 litteralis
1516 1986 1754 2060 capituli

476 2075 700 2148 primi.
732 2078 800 2132 Et
827 2092 929 2134 rex
961 2076 1141 2132 David
1178 2079 1563 2134 senuerat..
1739 2076 1896 2133 ,581

402 2165 701 2223 Articulus
731 2167 798 2222 11.
841 2167 922 2224 De
963 2166 1251 2240 spitituali
1297 2166 1474 2241 hujus
1521 2118 1756 2239 capituli

477 2272 657 2313 sensu
698 2297 1754 2314 ............
1795 2257 1901 2313 587

403 2343 702 2402 Articulus
731 2345 824 2401 III.
855 2345 1152 2418 Expositio
1182 2344 1420 2418 capituli
1460 2343 1700 2402 secundi
1742 2363 1755 2402 ι

476 2435 1107 2508 Appropinquaverunt
1161 2439 1358 2492 autem
1409 2433 1534 2492 dies
1577 2433 1756 2491 David

479 2526 546 2580 ul.
575 2529 903 2583 moreretur
979 2563 1757 2581 .........
1795 2524 1904 2579 589

405 2613 704 2671 Articulus
741 2615 831 2670 IV.
865 2616 942 2672 De
981 2613 1267 2689 spirituali
1299 2613 1482 2688 'hujus
1519 2612 1757 2686 capituli

480 2721 657 2761 sensu
700 2742 1757 2759 ............
1796 2703 1904 2759 596

407 2793 706 2850 Articulus
731 2793 796 2848 V.
823 2791 1120 2864 Expositio
1148 2791 1388 2864 capituli
1408 2790 1562 2849 tertii
1586 2807 1599 2848 :
1623 2792 1764 2848 Con-

482 2881 785 2940 firmatum
833 2885 920 2940 est
957 2880 1137 2954 igitur
1173 2897 1423 2954 regnum
1469 2881 1528 2937 in
1579 2897 1763 2938 manu

483 2971 814 3028 Salomonis
904 3010 1760 3029 ..........
1797 2972 1906 3029 598

405 3061 703 3121 Articulus
731 3062 821 3117 VI.
855 3061 933 3118 De
971 3059 1261 3134 spirituali
1305 3060 1484 3134 hujus
1520 3059 1759 3133 capituli

481 3152 780 3210 intellectu
803 3191 1756 3207 ...........
1797 3151 1907 3209 605

407 3242 705 3299 Articulus
732 3243 850 3298 VII.
882 3240 1176 3314 Expositio
1216 3240 1455 3313 capituli
1502 3241 1696 3313 quarti
1746 3258 1760 3297 :

480 3333 618 3388 Erat
642 3334 843 3388 autem
862 3347 964 3387 rex
984 3329 1258 3386 Salomon
1291 3346 1566 3403 regnans,
1650 3374 1662 3386 .
1743 3370 1758 3385 .
1799 3330 1908 3387 606

408 3421 705 3479 Articulus
735 3420 875 3475 VIII.
906 3417 1230 3475 Elucidatio
1259 3418 1496 3491 capituli
1527 3418 1718 3492 quinti
1742 3436 1757 3476 ε

481 3510 636 3567 Misit
663 3526 894 3583 quoque
918 3508 1117 3567 Hiram
1143 3524 1245 3565 rex
1264 3507 1394 3580 Tyri
1414 3525 1608 3565 servos
1627 3526 1763 3567 suos

377 3604 384 3616 '
485 3601 562 3657 ad
591 3599 965 3657 Salomonem
991 3639 1760 3655 .........
1799 3600 1907 3655 610

413 3690 708 3747 Articulus
758 3690 845 3745 IX.
894 3686 1216 3745 Elucidatio
1265 3686 1501 3761 capituli
1550 3687 1696 3745 sexti
1747 3706 1760 3746 t

485 3780 726 3835 Factum
774 3782 860 3835 est
905 3794 1043 3851 ergo
1085 3776 1667 3851 quadringentesimo
1705 3781 1762 3835 et

485 3868 840 3942 octogesimo
869 3884 1026 3924 anno
1087 3908 1762 3923 ........
1801 3868 1908 3924 613

414 3958 709 4016 Articulus
737 3959 802 4013 X.
841 3958 918 4015 De
957 3956 1244 4030 spirituali
1283 3959 1342 4013 et
1386 3957 1630 4031 mystica
1667 3975 1764 4015 ex-

487 4049 772 4122 posItione
799 4048 974 4122 hujus
1004 4046 1242 4119 capituli
1277 4090 1762 4104 ......
1803 4050 1909 4103 622

415 4139 710 4196 Articulus
742 4139 830 4194 XI.
879 4136 1200 4194 Declaratio
1231 4135 1496 4194 litteralis
1526 4138 1766 4211 capituli

486 4228 721 4302 septimi
753 4244 767 4283 ε
801 4228 1052 4283 Domum
1082 4229 1280 4283 autem
1311 4243 1482 4283 suam
1513 4227 1763 4285 oedifica-

485 4318 570 4374 vit
597 4317 872 4375 Salomon
899 4356 1764 4373 ..........
1805 4318 1912 4373 626

417 4409 712 4465 Articulus
739 4406 854 4463 XII.
898 4406 976 4463 De
1005 4405 1291 4478 spirltuali
1321 4404 1587 4481 ejusdem
1614 4406 1768 4478 capi-

489 4498 597 4557 tuli
625 4496 924 4554 intellectu
995 4535 1765 4552 .........
1805 4497 1912 4554 639

417 4588 712 4647 Articulus
737 4586 880 4642 XIII.
912 4584 1202 4657 Expositio
1231 4584 1498 4641 litteralis
1528 4585 1767 4657 capituli

489 4678 674 4736 octavi
725 4695 738 4733 :
784 4678 945 4732 Tunc
993 4674 1324 4747 congregati
1373 4679 1512 4732 sunt
1566 4692 1770 4734 omnes

491 4770 747 4842 majores
775 4769 918 4823 natu
947 4762 1122 4823 lsrael
1185 4804 1764 4822 .......
1804 4766 1910 4822 643

3378 454 3496 518 783

2005 637 2299 700 Articulus
2326 642 2463 699 XIV.
2502 640 2831 715 Spiritualis
2876 641 3158 715 expositio
3201 641 3353 714 ejus-

2075 734 2211 790 dem
2240 732 2477 805 capituli
2489 774 3353 789 ..........
3392 732 3499 787 655

2005 821 2298 879 Articulus
2346 823 2455 877 XV.
2506 821 2827 878 Elucidatio
2874 820 3112 894 capituli
3160 820 3300 902 poni
3339 837 3352 876 :

2075 912 2318 968 Factum
2348 915 2435 969 est
2463 915 2659 968 autem
2692 928 2875 984 quum
2907 909 3237 983 perfecisset
3262 911 3359 966 Sa-

2077 1000 2277 1057 lomon
2306 1001 2619 1058 aedificium
2679 1042 3353 1058 ........
3393 1000 3501 1056 656

2007 1089 2303 1148 Articulus
2322 1092 2458 1147 XVI.
2488 1091 2811 1148 Declaratio
2836 1090 3072 1163 capituli
3105 1089 3318 1147 decimi
3342 1107 3355 1145 ε

2077 1181 2189 1236 Sed
2220 1183 2277 1237 et
2304 1179 2507 1253 regina
2539 1181 2691 1236 Saba
2768 1220 3353 1237 .......
3394 1177 3501 1234 660

2006 1268 2302 1327 Articulus
2376 1270 2541 1326 XVII.
2620 1269 2951 1342 Spiritualis
3026 1268 3358 1342 explanatio

2078 1359 2342 1432 ejusdem
2374 1358 2612 1432 capituli
2681 1401 3356 1416 ........
3396 1357 3503 1414 665

2007 1449 2300 1506 Articulus
2330 1450 2518 1506 XVIII.
2551 1450 2874 1507 Declaratio
2906 1449 3144 1523 capituli
3175 1450 3360 1506 unde-

2079 1538 2219 1594 cimi
2271 1556 2283 1594 ε
2324 1541 2442 1596 Rex
2489 1543 2687 1596 autem
2736 1539 3013 1596 Salomon
3066 1536 3362 1596 adamavit

2081 1630 2357 1688 mulieres
2385 1630 2744 1704 alienigenas
2775 1670 3357 1688 .......
3398 1627 3504 1684 668

2008 1718 2304 1776 Articulus
2340 1720 2477 1775 XIX.
2520 1721 2598 1778 De
2641 1719 2929 1793 spirituali
2968 1720 3231 1793 ejusdem
3272 1734 3365 1774 ca-

2081 1807 2250 1880 pituli
2281 1826 2455 1867 sensu
2498 1850 3359 1866 ..........
3398 1807 3506 1863 676

2008 1897 2305 1954 Articulus
2333 1899 2446 1955 XX.
2477 1899 2773 1971 Expositio
2812 1898 3049 1972 capituli
3089 1897 3362 1954 duodeci·

2082 1987 2162 2042 mi
2196 2004 2210 2043 ε
2243 1987 2412 2044 Venit
2438 1991 2637 2044 autem
2669 1989 2923 2044 Roboam
2959 1988 3018 2044 in
3048 1987 3277 2044 Sichem
3349 2029 3360 2041 .
3400 1987 3507 2043 677

2008 2076 2302 2133 Articulus
2332 2077 2468 2133 XXI.
2500 2077 2796 2151 Expositio
2826 2076 3065 2150 capituli
3106 2077 3362 2134 tertiide·

2081 2166 2219 2223 cimi
2248 2185 2261 2222 :
2294 2169 2361 2224 Et
2389 2183 2519 2224 ecce
2549 2167 2639 2224 vir
2668 2167 2766 2225 Dei
2796 2167 2955 2224 venit
2983 2169 3053 2224 de
3083 2168 3247 2224 Iuda.
3345 2207 3357 2221 .
3397 2166 3506 2222 683

2010 2256 2305 2313 Articulus
2334 2257 2496 2312 XXII.
2526 2255 2823 2331 Expositio
2861 2255 3100 2328 capituli
3145 2255 3364 2329 quarti-

2082 2344 2298 2402 decimi
2322 2362 2335 2400 :
2358 2346 2421 2402 In
2450 2349 2711 2418 tempore
2743 2345 2842 2402 illo
2872 2345 3171 2420 aegrotavit
3192 2345 3359 2402 Abia.
3400 2343 3507 2400 687

2013 2435 2306 2492 Articulus
2334 2436 2523 2492 XXIII.
2555 2435 2897 2507 Explanatio
2926 2434 3165 2508 capituli
3196 2434 3365 2508 quin-

2078 2525 2341 2582 tidecimi
2374 2544 2387 2582 :
2421 2525 2604 2599 Igitur
2645 2526 2705 2583 in
2744 2525 3180 2583 octavodecimo
3210 2541 3365 2583 anno

2081 2614 2249 2686 regni
2276 2614 2602 2673 Jerohoam.
2700 2657 3363 2670 ........
3402 2613 3510 2670 690

2011 2702 2307 2761 Articulus
2330 2704 2515 2760 XXIV.
2542 2703 2836 2776 Expositio
2856 2703 3095 2777 capituli
3119 2703 3367 2762 sextide-

2085 2793 2225 2849 cimi
2258 2810 2271 2848 :
2300 2794 2507 2850 Factus
2537 2796 2624 2850 est
2650 2796 2847 2850 autem
2885 2810 3078 2851 sermo
3107 2792 3360 2850 Domini.
3400 2793 3509 2850 693

2012 2883 2307 2940 Articulus
2336 2883 2493 2939 XXV.
2515 2882 2809 2956 Expositio
2839 2883 3077 2956 capituli
3110 2883 3366 2956 septimi-

2085 2973 2299 3030 decimi
2332 2990 2345 3030 ε
2376 2975 2442 3028 Et
2468 2973 2619 3030 dixit
2647 2973 2801 3029 Elias
2827 2972 3123 3030 Thesbites
3164 3015 3175 3028 .
3256 3017 3269 3028 .
3350 3015 3362 3028 .
3401 2974 3509 3028 697

2013 3062 2308 3120 Articulus
2335 3063 2519 3119 XXVI.
2550 3062 2843 3135 Expositio
2874 3061 3110 3136 capituli
3154 3061 3366 3119 octavi-

2087 3154 2299 3211 decimi
2333 3172 2347 3211 z
2388 3155 2523 3211 Post
2559 3154 2683 3211 dies
2722 3154 2938 3212 multos
2974 3154 3219 3211 verbum
3258 3154 3367 3209 Do-

2087 3244 2235 3300 mini
2266 3244 2485 3301 factum
2514 3248 2601 3302 est
2628 3243 2703 3301 ad
2731 3243 2919 3300 Eliam
2983 3286 3365 3300 .....
3404 3244 3511 3301 703

2015 3334 2309 3391 Articulus
2337 3335 2547 3390 XXVII.
2580 3336 2657 3393 De
2677 3332 2965 3407 spirituali
2994 3332 3258 3409 ejusdem
3282 3350 3371 3391 ca·

2086 3424 2255 3496 pituli
2285 3440 2461 3481 sensu
2518 3466 3366 3481 ..........
3408 3425 3514 3482 708

2015 3512 2310 3570 Articulus
2336 3513 2571 3569 XXVIII.
2600 3514 2902 3571 Enarratio
2930 3513 3169 3586 capituli
3200 3514 3369 3572 noni·

2086 3601 2300 3659 decimi
2324 3620 2336 3658 :
2364 3602 2661 3659 Nuntiavit
2688 3606 2886 3661 autem
2914 3604 3113 3659 Achab
3142 3604 3366 3661 Iezabel

2087 3690 2290 3748 omnia
2317 3708 2448 3764 quae
2478 3690 2690 3748 iecerat
2716 3690 2869 3748 Elias
2888 3733 3368 3749 ......
3409 3694 3516 3750 710

2015 3780 2309 3838 Articulus
2354 3780 2539 3836 XXIX.
2596 3782 2673 3838 De
2724 3780 3130 3853 spiritualibus
3190 3782 3370 3857 hujus

2089 3869 2327 3943 capituli
2366 3870 2632 3929 sensibus
2704 3912 3369 3927 ........
3410 3873 3516 3929 715

2017 3960 2313 4018 Articulus
2349 3962 2508 4016 XXX.
2547 3959 2839 4032 Expositio
2885 3960 3123 4034 capItuli
3171 3960 3371 4018 vicesi-

2091 4048 2172 4105 mi
2206 4050 2424 4107 :Porro
2462 4050 2737 4107 Benadad
2780 4065 2881 4107 rex
2908 4049 3089 4123 Syriae
3126 4066 3371 4123 congre-

2091 4140 2247 4213 gavit
2274 4155 2512 4196 omnem
2538 4138 2858 4196 exercitum
2888 4156 3063 4197 suum
3166 4182 3178 4195 .
3261 4184 3273 4196 .
3356 4184 3369 4197 .
3410 4140 3515 4197 717

2019 4229 2313 4286 Articulus
2341 4228 2525 4284 XXXI.
2551 4227 2850 4300 Expositio
2890 4228 3129 4300 capituli
3166 4228 3372 4287 vicesi-

2095 4319 2176 4375 mi
2207 4318 2381 4392 primi
2414 4318 2584 4374 :Post
2610 4318 2736 4375 haec
2762 4320 2959 4377 autem
2988 4319 3179 4384 verba,
3204 4318 3375 4376 vinea

2091 4412 2219 4466 erat
2246 4408 2473 4465 Naboth
2526 4447 3380 4463 ..........
3413 4408 3519 4465 722

2022 4497 2317 4555 Articulus
2346 4497 2558 4554 XXXII.
2580 4496 2875 4569 Expositio
2906 4496 3145 4569 capituli
3174 4496 3373 4555 vicesi-

2096 4588 2177 4644 mi
2200 4586 2441 4646 sccundi
2461 4604 2473 4642 :
2490 4585 2867 4643 Transierunt
2881 4586 3062 4659 igitur
3076 4588 3193 4645 tres
3212 4587 3372 4644 anni.
3413 4589 3519 4645 726

2026 4678 2205 4735 Index
2234 4678 2497 4733 locorum
2526 4678 2581 4732 S.
2616 4674 2932 4748 Scripturas
2988 4719 3372 4733 .....
3412 4678 3519 4735 735

2025 4767 2207 4824 Index
2236 4765 2563 4839 analyticus
2622 4805 3375 4824 .........
3414 4768 3521 4825 743

515 5084 890 5135 EusnnAnnA.
924 5080 1061 5143 Pag.
1091 5080 1140 5137 4,
1173 5078 1267 5130 lin.
1297 5080 1394 5131 28:
1421 5078 1853 5155 Heptateucum,
1877 5078 1991 5145 lege
2019 5078 2497 5146 Heptateuchum;
2519 5078 2772 5138 -127Β,
2801 5077 2897 5129 lin.
2924 5078 3020 5132 22:
3046 5078 3495 5133 Ecclesiastica..

421 5146 802 5206 Scholastica;
827 5172 892 5183 —-
921 5144 1090 5202 642Α,
1123 5118 1218 5193 Iin.
1249 5145 1315 5194 9:
1348 5143 1621 5195 ordines..
1631 5119 1932 5195 .Ordines.

517 5240 720 5288 Duum.
766 5234 1111 5299 Pag.174c'‚
1143 5233 1239 5284 lin.
1270 5234 1370 5285 25:
1401 5233 1518 5294 filii,
1557 5232 1707 5285 alias
1735 5233 1890 5296 fllioe5
1913 5261 1980 5272 -
2007 5235 2178 5295 354Α,
2224 5234 2318 5285 lin.
2365 5236 2479 5285 10:
2525 5234 2831 5295 actionum,
2874 5235 3073 5299 sot-san
3115 5235 3422 5299 actionem;
3452 5262 3520 5273 —

425 5299 733 5362 554021111.
765 5300 871 5351 33:
905 5296 1404 5365 praedicatorum...
1437 5272 1894 5349 Proedicatorum.
