4359 6250
602 1650 732 1694 Dent.
745 1663 839 1700 nn,

581 1715 646 1757 10.

577 2439 608 2544 41
620 2439 755 2482 Pam
761 2453 840 2484 vm.

620 2928 806 2973 Ibidem.

619 3226 685 3271 1⁸.
701 3239 774 3277 vn,
793 3229 832 3269 8.

605 3630 618 3673 l
632 3630 850 3681 Pas-,xviia

587 3696 611 3735 5

615 3723 628 3736 ι
639 3754 705 3799 Cf.
729 3756 784 3812 Ly
789 3770 854 3799 ra-

587 3833 690 3863 num
697 3852 708 3863 .

607 4327 622 4371 l
637 4328 854 4379 Panum,

624 5112 644 5133 ·
669 5110 830 5156 detulit

871 477 990 540 488

1419 496 1763 542 malumno
1806 497 1868 542 IN
1911 495 2047 542 CAP.
2095 492 2202 540 vm
2244 493 2400 538 unm
2444 494 2694 540 8201]an
2735 495 2960 542 REGUI.
3003 513 3083 524 —
3124 495 3265 540 ΛΒΤ.
3310 494 3415 540 xlv

871 671 933 726 et
963 615 1226 740 Libano,
1261 675 1324 728 et
1353 685 1558 747 usque
1592 666 1672 728 ad
1713 664 1956 728 flumen
1987 663 2356 744 Euphraten
2386 660 2435 724 A
2466 664 2686 724 nimis.
2738 663 2807 725 In
2853 662 3019 728 libro
3066 663 3587 746 Paralipomenon
3638 660 3947 744 scriptum

2466 771 2581 838 est,
2618 764 2703 824 De
2734 762 3019 824 Thebath
3049 771 3111 825 et
3140 763 3357 835 Chun;
3392 763 3503 824 sed
3539 761 3791 824 diversa
3828 761 3951 822 ista
3992 775 4244 820 ipsum.

870 772 1060 826 erunt
1105 764 1362 828 termini
1404 765 1622 828 vestri.
1656 767 1742 826 Et
1785 766 1991 842 captis
2019 764 2241 825 David
2276 783 2359 820 ew

862 873 1053 940 parte
1081 865 1221 940 ejus
1254 866 1433 924 mille
1467 864 1885 942 septingentis
1921 864 2271 941 equitibus,
2298 869 2358 920 ct

869 961 1114 1036 viyinti
1145 963 1433 1020 millibus
1455 964 1777 1038 peditum,
1793 963 2209 1020 subnervavit
2233 979 2359 1018 om-

869 1059 1258 1136 uesjuyales
1287 1079 1633 1128 curruum,
1665 1058 1728 1120 id
1765 1066 1860 1120 est
1891 1076 2086 1139 equos
2117 1056 2232 1138 qui
2264 1075 2359 1120 as-

869 1156 1032 1218 sueti
1065 1165 1246 1218 erant
1275 1157 1525 1220 trahere
1554 1156 1820 1220 bellicos
1852 1175 2096 1218 curruS.
2119 1155 2254 1217 Non
2284 1174 2361 1218 ex

870 1253 1246 1318 crudelitate
1278 1255 1398 1317 hoc
1432 1253 1607 1330 fecit,
1642 1254 1751 1316 sed
1785 1272 1864 1316 ne
1905 1252 2055 1334 equi
2087 1251 2180 1314 illi
2224 1271 2357 1314 am-

871 1351 1041 1432 plius
1090 1352 1221 1434 apti
1272 1361 1485 1416 essent
1533 1353 1609 1414 ad
1664 1351 1852 1414 talem
1905 1370 2114 1427 usum,
2167 1359 2231 1413 ct
2280 1369 2359 1412 ne

871 1457 1092 1512 contra
1129 1449 1333 1531 legem
1376 1450 1696 1512 videretur
1739 1449 1862 1511 sibi
1903 1468 2104 1532 equos
2145 1447 2361 1511 multi-

872 1546 1112 1629 plicare
1141 1547 1492 1630 superflue,
1528 1548 1831 1630 quoniam
1875 1549 1940 1610 in
1981 1549 2361 1610 Deuterono-

871 1645 1003 1708 mio
1061 1646 1366 1709 Dominus
1423 1646 1611 1727 jussit
1667 1663 1681 1707 ε
1733 1646 1936 1720 Quum
1998 1645 2195 1709 fucrit
2254 1665 2361 1706 rex

871 1744 1276 1821 constitutuS,
1313 1763 1440 1807 non
1473 1744 1930 1826 multiplicabit
1971 1743 2092 1806 sibi
2133 1761 2354 1825 equOS.

2466 860 2778 924 vocabula
2816 859 3189 941 significant
3216 861 3437 924 eadem
3468 859 3727 942 oppida.
3758 860 3949 924 Porro
3978 841 4003 880 ε

2464 959 2637 1040 quod
2669 959 2987 1034 subditur,
3022 959 3107 1021 De
3140 977 3268 1040 quo
3306 977 3430 1022 aere
3473 957 3623 1021 fecit
3654 957 3947 1020 Salomon

2466 1057 2683 1120 omnia
2703 1076 2855 1120 vasa
2874 1075 3035 1120 aerea
3058 1056 3123 1119 in
3146 1057 3404 1139 temple,
3420 1065 3483 1120 et
3500 1075 3675 1120 mare
3692 1074 3942 1130 aereum,

2466 1164 2528 1218 et
2558 1156 2887 1218 columnas
2918 1165 2981 1219 et
3011 1155 3229 1232 altare,
3265 1174 3393 1219 non
3425 1164 3521 1219 est
3552 1156 3671 1218 hoc
3703 1154 3840 1218 loco
3870 1156 3952 1217 de

2469 1262 2640 1316 textu
2676 1271 2690 1315 ε
2726 1254 2855 1318 imo
2872 1255 2973 1334 (ut
3002 1254 3091 1316 ait
3120 1254 3407 1336 quidam)
3434 1253 3795 1336 appositum
3828 1254 3953 1316 fuit

2466 1372 2503 1414 a
2532 1353 2809 1434 quodam
2851 1352 3219 1434 glossatore,
3254 1361 3317 1415 et
3355 1361 3573 1435 postea
3606 1352 3762 1415 vitio
3800 1352 3954 1414 scri-

2468 1459 2720 1532 ptorum
2761 1450 2895 1513 haec
2936 1451 3147 1530 glossa
3178 1451 3415 1514 inserta
3443 1460 3540 1514 est
3570 1451 3792 1514 textui.
3830 1450 3953 1514 Sed

2468 1549 3141 1631 advertendum‚quod
3175 1550 3368 1613 verba
3395 1549 3517 1612 ista
3547 1549 3613 1612 in
3646 1548 3955 1631 Paralipo-

2470 1665 2702 1710 menon
2734 1647 3145 1710 continentur
3174 1648 3573 1730 praeallegato
3606 1647 3792 1725 libre,
3824 1667 3955 1730 quo

2470 1746 2757 1823 habetur,
2773 1748 2861 1809 De
2882 1765 3011 1828 quo
3034 1745 3187 1810 fecit
3205 1747 3491 1811 Salomon
3514 1766 3689 1810 mare
3708 1765 3951 1810 aeneum

870 1845 1231 1924 Der-eliquit
1277 1855 1496 1905 autem
1538 1866 1618 1904 eoe
1659 1848 1750 1904 eis
1797 1854 2054 1905 centum
2099 1864 2355 1916 currus,
2397 1847 2443 1907 B
2470 1854 2534 1907 et
2573 1844 2902 1907 columnas
2946 1854 3011 1908 et
3054 1865 3203 1908 vasa
3243 1865 3417 1910 aenea
3452 1863 3465 1906 ε
3500 1846 3723 1927 sicque
3762 1846 3956 1909 verba

873 1940 934 2002 id
977 1949 1094 2017 cst,
1129 1961 1327 2023 equos
1373 1950 1464 2004 tot
1509 1942 1982 2024 quadrigarum,
2018 1951 2128 2004 aut
2166 1941 2358 2004 etiam

871 2038 1041 2121 ipsas
1093 2039 1433 2121 quadrigas
1484 2040 1832 2104 reservavit
1874 2039 1997 2103 sibi
2040 2040 2118 2102 ad
2169 2038 2359 2103 utiles

871 2157 1024 2198 usus
1061 2155 1074 2198 ε
1110 2145 1173 2200 et
1209 2139 1312 2218 (ut
1339 2137 1542 2219 aliqui
1571 2137 1820 2218 dicunt)
1857 2139 1937 2201 ad
1983 2157 2181 2200 unum
2221 2158 2361 2201 cur-

871 2254 1014 2296 rum
1045 2235 1451 2317 pertinebant
1479 2244 1753 2318 quatuor
1785 2236 1958 2318 equi.
1984 2236 2228 2299 Dicitur
2258 2256 2362 2298 au-

871 2341 998 2396 tem
1021 2333 1228 2414 primo
1249 2334 1414 2398 libro
1431 2334 2142 2418 Paralipomenon,quod
2162 2335 2359 2398 David

873 2431 1042 2513 cepit
1078 2432 1254 2496 mille
1284 2433 1623 2514 quadrigas
1654 2433 1982 2510 Adarezer,
2017 2443 2080 2496 et
2116 2442 2359 2514 septem

874 2530 1076 2592 millia
1105 2531 1395 2612 equitum
1431 2549 1444 2594 :
1478 2533 1650 2613 quod
1681 2533 1956 2614 qualiter
1987 2532 2193 2596 valeat
2223 2551 2363 2595 con-

871 2628 1120 2690 cordari
1150 2647 1295 2691 cum
1336 2629 1458 2706 his,
1493 2649 1638 2712 quae
1677 2631 1798 2694 isto
1837 2631 2152 2694 habentur
2192 2631 2363 2713 capi-

874 2727 1030 2804 tulo,
1081 2727 1148 2790 in
1191 2746 1320 2810 quo
1371 2727 1572 2791 fertur
1621 2730 1788 2810 quod
1839 2729 2012 2811 cepit
2059 2749 2135 2794 ex
2184 2739 2363 2812 parte

875 2825 1048 2888 illius
1079 2825 1259 2889 mille
1289 2827 1724 2909 septingentos
1755 2829 2023 2910 equiteS,
2045 2828 2112 2890 in
2143 2829 2366 2910 praeal-

877 2924 1084 3003 legato
1113 2925 1277 2989 libro
1305 2926 1830 3008 Paralipomenon
1851 2935 1947 2989 est
1967 2945 2359 3009 expressum.

2470 1943 2605 2006 haec
2637 1961 2765 2006 non
2796 1951 2945 2005 sunt
2982 1942 3319 2006 omnifarie
3359 1943 3552 2008 verba
3588 1943 3953 2025 glossantis‚

2471 2041 2764 2123 quamvis
2796 2040 2903 2104 hic
2932 2060 3048 2123 per
3080 2042 3337 2105 modum
3366 2042 3591 2122 glossae
3624 2041 3757 2105 sint
3784 2042 3959 2104 addi-

2474 2149 2556 2216 ta,
2592 2139 2747 2221 quia
2774 2140 2855 2202 de
2887 2148 3061 2202 textu
3102 2141 3362 2203 alterius
3392 2141 3735 2222 Scripturae
3772 2159 3959 2204 cano-

2474 2238 2633 2302 nicae
2662 2247 2811 2300 sunt
2840 2246 3119 2320 accepta.

2552 2339 2834 2399 Audivit
2862 2347 3077 2398 autem
3117 2341 3294 2400 Thou
3322 2359 3441 2398 rem
3471 2341 3735 2410 Emath,
3772 2339 3835 2400 id
3862 2347 3961 2402 est

2474 2434 2845 2512 Antiochum,
2881 2453 3023 2516 quae
3062 2445 3124 2498 et
3162 2435 3517 2517 Epiphania
3558 2445 3963 2518 nuncupatur

2476 2533 2826 2596 secundum
2858 2533 3166 2610 Glossam‚
3200 2537 3373 2614 quod
3394 2538 3803 2612 percussisset
3834 2539 3963 2596 Da-

2476 2634 2592 2692 vid
2630 2653 2813 2692 omne
2842 2635 3061 2704 robur,
3095 2632 3157 2694 id
3199 2640 3295 2696 est
3340 2641 3541 2696 totum
3586 2633 3957 2705 exercitum,

2475 2733 2805 2793 Adarezer
2826 2730 3100 2811 regiS.Et
3117 2732 3297 2792 misit
3318 2733 3493 2792 Thou
3504 2735 3723 2793 Joram
3740 2736 3963 2810 filium

2476 2849 2690 2890 suum.
2707 2829 2774 2890 ln
2807 2827 2970 2891 libro
2989 2829 3511 2910 Paralipomenon
3537 2830 3796 2908 dicitur,
3812 2831 3966 2894 Ado—

2480 2945 2613 2988 ram
2648 2925 2856 2988 filium
2890 2946 3108 3000 suum;
3134 2927 3353 3008 sicque
3376 2927 3555 2989 filius
3584 2927 3695 2991 ille
3716 2929 3967 2992 videtur

961 3025 1145 3084 Venit
1175 3044 1424 3104 quoque
1451 3026 1656 3102 Syria
1686 3027 2014 3098 Damasci,
2035 3025 2096 3086 id
2129 3033 2228 3087 est
2258 3024 2367 3106 Sy-
2404 3030 2448 3092 C
2479 3023 2679 3086 fuisse
2723 3024 3068 3087 binomius,
3102 3028 3210 3087 Ad
3250 3044 3457 3102 reqem
3486 3027 3732 3098 David,
3764 3038 3836 3088 ut
3869 3049 3968 3088 sa-

878 3140 1093 3185 rorum
1147 3121 1483 3200 exercituS‚
1533 3141 1802 3204 quorum
1855 3122 2225 3205 metropolis
2273 3132 2371 3186 est

878 3220 1241 3297 DamascuS,
1259 3220 1437 3303 juxta
1468 3220 1628 3283 illud
1663 3220 1729 3283 in
1760 3221 2156 3303 Isaia,Caput
2176 3221 2370 3303 Syriae

879 3319 1254 3393 Damascus3
1291 3329 1364 3379 uc
1383 3322 1797 3397 praesidium,
1817 3321 1880 3383 id
1907 3329 2003 3384 est
2031 3320 2366 3396 auxilium,

877 3419 1078 3495 ferret
1097 3420 1427 3480 Adarezer
1453 3421 1593 3497 reyi
1613 3421 1780 3481 Soba
1810 3419 2114 3481 adversus
2145 3419 2365 3482 David.

880 3518 966 3577 Ec
998 3519 1315 3594 percussit
1353 3517 1550 3581 David
1599 3520 1678 3578 de
1716 3519 1920 3595 Syria
1963 3519 2205 3593 viyinti
2240 3522 2369 3577 duo

883 3616 1098 3675 millia
1148 3617 1464 3677 virorum.
1513 3616 1580 3677 In
1631 3614 1797 3677 libro
1844 3614 2371 3696 Paralipomenon

883 3712 1390 3793 dicitur‚Viginti
1423 3714 1658 3791 millia3
1683 3714 1794 3777 sed
1825 3713 2036 3777 minor
2068 3732 2372 3776 numerus

883 3829 1011 3876 non
1043 3812 1323 3876 excludit
1354 3812 1686 3894 majorem,
1719 3812 1841 3874 nisi
1875 3812 2131 3892 signum
2161 3812 2373 3875 exclu-

883 3912 1092 3975 sivum
1125 3912 1413 3975 addatur.
1437 3910 1630 3993 Major
1659 3928 1916 3992 quoque
1949 3929 2254 3973 numerus
2286 3910 2374 3973 in·

883 4011 1084 4075 cludit
1131 4011 1468 4074 minorem.
1514 4013 1601 4072 Ει
1637 4013 1857 4089 posuit
1895 4012 2115 4071 David
2143 4012 2375 4088 proesi-

881 4112 1098 4181 dium,
1134 4110 1194 4171 id
1225 4116 1321 4171 est
1351 4108 1704 4172 custodiam
1735 4106 2037 4183 militum,
2065 4110 2136 4169 iu
2167 4111 2373 4185 Syria

2479 3128 2718 3185 luta-rec
2745 3145 2915 3195 eum,
2939 3128 3398 3202 conyratulans
3418 3143 3549 3187 suae
3578 3124 3885 3199 victorius,
3908 3136 3969 3187 el

2471 3224 2725 3299 ,oratius
2753 3232 2987 3299 ageret,
3020 3243 3090 3282 eo
3132 3226 3769 3302 quod.eoepu9nassel
3798 3227 3969 3285 Ada-

2478 3341 2678 3392 rezer,
2721 3330 2779 3380 ec
2812 3323 3221 3396 percussisset
3262 3340 3431 3381 eum.
3468 3323 3687 3381 Hostis
3730 3324 3970 3401 quippe

2479 3428 2618 3478 erat
2644 3421 2819 3479 Thou
2842 3417 3043 3499 ipsius
3062 3421 3430 3479 Adarezer:
3448 3418 3689 3481 idcirco
3716 3420 3797 3481 de
3826 3420 3969 3501 ejus

2481 3516 2667 3578 ruina
2694 3516 3177 3595 gaudebat.Non
3208 3516 3377 3579 enim
3411 3515 3635 3580 didicit
3663 3518 3971 3600 adimple-

4032 1768 4061 1809 1
4062 1768 4089 1810 ὁ
4094 1767 4221 1808 idem.
4317 1790 4318 1794 =

4022 2852 4147 2894 leid.
4172 2855 4235 2893 ¹⁶3.

2481 3634 2571 3690 re,
2607 3615 2778 3695 quod
2812 3614 2876 3675 in
2908 3614 3264 3678 Proverbiis
3288 3615 3549 3697 jubetur
3584 3634 3599 3676 :
3632 3614 3837 3689 Quum
3868 3636 3971 3679 ce-
4012 3643 4265 3687 ρψαὲω,

2481 3713 2707 3775 ciderit
2752 3712 3050 3775 inimicus
3103 3721 3269 3789 tuus,
3320 3731 3399 3775 ne
3448 3714 3745 3794 gaudeaS‚
3790 3723 3853 3777 ct
3898 3714 3967 3777 in
4000 3710 4069 3749 ’7-

2482 3810 2667 3873 ruina
2717 3810 2852 3891 ejus
2903 3828 3030 3873 non
3078 3810 3349 3873 exsultet
3398 3829 3507 3874 cor
3554 3820 3760 3873 tuum.
3794 3812 3971 3886 Quod

2485 3918 2692 3971 tamen
2732 3909 2811 3971 de
2850 3908 3036 3970 ruina
3074 3908 3279 3991 culpae
3316 3916 3525 3990 potest
3553 3909 3851 3991 intelligi.
3884 3911 3973 3973 De

2484 4006 2671 4069 ruina
2698 4014 2909 4069 autem
2941 4013 3007 4068 et
3034 4006 3448 4087 oppressione
3490 4007 3715 4088 injusti
3754 4008 3975 4071 adver-

2484 4104 2633 4166 sarii
2666 4104 2756 4165 rei
2791 4102 3066 4185 publicae
3096 4111 3303 4185 potest
3341 4104 3488 4186 quis
3520 4106 3799 4185 gaudere
3838 4106 3975 4169 zelo

884 4209 1210 4269 Damasci.
1267 4207 1444 4269 Unde
1503 4206 1569 4267 in
1629 4205 1794 4268 libro
1846 4205 2371 4287 Paralipomenon
2405 4207 2454 4268 D
2482 4202 2767 4283 justitiae,
2804 4202 2932 4266 imo
2962 4210 3026 4265 et
3056 4220 3131 4265 ex
3161 4201 3312 4265 boni
3345 4204 3703 4266 communis
3732 4224 3969 4268 amore.

886 4306 1138 4387 legitur,
1171 4306 1388 4369 Posuit
1430 4305 1690 4368 milites.
1726 4305 1851 4367 Hos
1890 4304 2126 4367 etenim
2158 4305 2375 4385 posuit

886 4404 999 4475 ibi,
1033 4413 1104 4466 ut
1135 4412 1424 4468 tenerent
1456 4403 1642 4484 Syros
1674 4403 1793 4466 sub
1823 4402 1976 4483 jugo
2007 4402 2226 4465 David.
2254 4406 2375 4465 Fa-

884 4514 1108 4584 ctaque
1145 4514 1234 4565 est
1273 4504 1479 4580 Syria
1516 4504 1798 4561 serviens
1827 4503 2048 4562 David
2089 4501 2221 4580 regi
2259 4503 2376 4562 sub

889 4602 1149 4663 tribute.
1195 4602 1622 4679 Servavicque
1665 4600 1982 4661 Dominus
2030 4601 2252 4660 David
2300 4602 2374 4660 in

884 4701 1202 4769 omnibus,
1236 4702 1324 4759 ad
1353 4717 1769 4778 quascumque
1796 4698 2126 4774 profectus
2161 4708 2275 4769 est,
2309 4698 2375 4759 id

885 4806 1003 4875 est,
1041 4798 1108 4859 in
1148 4794 1446 4861 omnibus
1483 4794 1672 4859 bellis
1715 4795 2032 4858 concessit
2073 4794 2132 4857 ei
2177 4796 2377 4858 victo-

886 4897 1068 4959 riam.
1103 4898 1189 4957 Et
1223 4897 1374 4956 tulit
1405 4895 1650 4963 David,
1681 4893 1743 4955 id
1785 4901 1902 4969 est,
1939 4912 2154 4955 secum
2201 4912 2376 4955 acce-

885 4994 1000 5078 pit,
1056 5015 1242 5056 arma
1292 5014 1494 5053 aurea
1541 5003 1600 5053 et
1651 5002 1899 5071 torques
1947 5012 2173 5052 aureos
2222 5012 2375 5071 quos

885 5095 1200 5154 habebant
1219 5093 1390 5152 servi
1408 5094 1767 5159 Adarezer‚
1792 5100 1850 5151 et
1885 5091 2036 5151 tulit
2054 5089 2076 5111 *
2095 5110 2169 5149 ea
2193 5092 2265 5149 in
2283 5094 2378 5151 Je-

884 5194 1190 5251 rusalem.
1225 5192 1310 5251 Ec
1338 5192 1416 5249 de
1445 5193 1598 5251 Bete
1623 5199 1683 5250 et
1711 5192 1790 5249 de
1819 5190 2054 5249 Ber-oth
2085 5190 2375 5247 civitati-

884 5291 998 5349 bus
1028 5290 1384 5357 Adarezer,
1408 5289 1562 5348 tulit
1586 5289 1801 5347 David
1831 5307 1948 5347 rex
1975 5307 2059 5347 oes
2089 5290 2373 5347 ‘multum

2483 4301 2871 4383 Frequenter
2915 4308 3127 4363 autem
3172 4301 3506 4381 contingit,
3552 4302 3729 4383 quod
3771 4303 3971 4385 aliqui

2484 4399 3003 4465 confoederantur
3044 4406 3107 4461 et
3156 4399 3438 4463 amicitia
3473 4401 3859 4482 copulantur
3892 4403 3975 4464 ad

2485 4498 2777 4574 invicem,
2832 4498 2984 4579 quia
3031 4498 3463 4561 adversarium
3516 4499 3755 4562 habent
3798 4518 3977 4563 cum-

2484 4599 2651 4661 dem.
2674 4597 2849 4659 Unde
2880 4604 2942 4659 ct
2960 4595 3331 4660 Aristoteles
3362 4596 3425 4659 in
3458 4597 3625 4660 libro
3655 4598 3745 4660 ait
3772 4596 3979 4662 Poste-

2487 4696 2749 4770 riorum‚
2780 4696 2951 4776 quod
3002 4694 3260 4759 solertia
3306 4704 3399 4759 est
3446 4695 3759 4759 industria
3800 4696 3979 4759 inve—

2486 4794 2703 4857 niendi
2734 4813 2991 4858 causam
3024 4794 3112 4857 rei
3156 4814 3267 4857 seu
3308 4794 3587 4857 medium
3630 4796 3864 4871 subito,
3904 4804 3977 4858 ut

2484 4893 2539 4957 si
2588 4900 2909 4974 quaeratur
2954 4910 3068 4954 cur
3118 4892 3223 4954 isti
3277 4892 3426 4955 facti
3466 4900 3616 4954 sunt
3662 4894 3851 4956 amici
3892 4895 3975 4957 ad

2485 4992 2785 5066 invicem,
2833 4999 2897 5052 et
2949 4991 3431 5071 respondeatur,
3478 4990 3631 5071 quia
3676 4992 3977 5055 eumdem

2484 5090 2722 5153 habent
2753 5087 3107 5151 inimicum.
3142 5091 3227 5150 Ει
3260 5091 3331 5149 in
3362 5110 3561 5151 manu
3602 5092 3771 5167 ejus,
3800 5090 3979 5152 vide-

2485 5188 2635 5251 licet
2665 5185 2914 5269 praefati
2957 5184 3082 5247 filii
3113 5185 3313 5263 Thou,
3346 5197 3533 5248 erant
3564 5208 3719 5247 vasa
3748 5207 3977 5265 arqen-

2486 5296 2581 5347 tea
2624 5296 2684 5347 et
2724 5306 2876 5346 vasa
2917 5304 3119 5345 aurea
3157 5293 3217 5345 et
3253 5286 3475 5345 oenea*
3508 5306 3533 5345 .·
3560 5284 3715 5366 quia
3756 5286 3977 5348 omnin
4034 5308 4053 5327 ·

4082 5318 4199 5348 εἴη
