4359 6250
1549 527 1841 574 EPISTOLA
1881 527 2351 574 NuNcurA'romA
3387 532 3500 578 xm

371 702 622 766 reticos
657 702 806 768 sive
842 703 1330 767 tumultuantes
1363 702 1652 766 rusticos
1689 703 2062 784 pugnatum
2092 702 2205 781 sit,
2247 705 2413 784 quot
2441 705 2666 768 tamen
2706 706 2867 768 sunt
2900 706 3018 787 qui
3061 723 3177 787 pro
3208 705 3495 785 Christo,

377 810 498 891 qui
533 826 656 892 pro
704 810 836 874 fide
873 810 1379 890 animarumque
1425 810 1639 872 salute
1675 811 1998 891 pugnent,
2037 809 2104 873 et
2136 827 2273 873 non
2318 811 2545 892 potius
2595 810 2753 892 quia
2797 813 3311 893 praevalentibus
3360 814 3500 876 hae-

377 917 634 995 reticiS‚
691 919 1044 983 senserunt
1098 919 1164 981 et
1215 917 1540 999 populum
1589 933 1628 978 a
1674 903 1747 979 se
1807 916 2082 980 deficere
2137 917 2207 980 et
2256 916 2387 980 sibi
2434 917 2643 982 adimi
2699 918 3147 1001 principatum
3172 919 3203 982 ‘2
3255 921 3383 983 Pro
3428 937 3499 984 se

379 1024 611 1104 igitur,
657 1041 796 1088 non
825 1043 941 1106 pro
979 1025 1119 1087 Deo
1151 1022 1369 1102 major
1399 1040 1631 1086 eorum
1667 1039 1818 1104 pars
1847 1023 2121 1104 pugnat.
2153 1023 2327 1086 Nam
2366 1024 2426 1086 si
2464 1041 2581 1104 pro
2618 1025 2757 1088 Deo
2794 1025 2858 1087 et
2898 1025 3052 1090 odio
3098 1025 3501 1089 detestandae

377 1131 713 1194 haereseos
753 1132 1198 1207 moverentur,
1221 1131 1303 1193 de
1331 1129 1476 1192 suis
1513 1130 1728 1208 terris,
1761 1129 1842 1192 de
1879 1128 2023 1191 suis
2061 1129 2470 1206 civitatibus,
2502 1130 2581 1192 de
2612 1131 2756 1194 suis
2788 1132 2992 1194 curiis
3032 1133 3230 1213 atque
3268 1133 3501 1196 officiis

379 1255 496 1302 eos
530 1255 706 1319 quos
727 1237 1046 1301 Ecclesiae
1076 1237 1306 1300 hostes
1339 1237 1587 1314 sciunt,
1623 1236 2066 1299 deturbarent.
2095 1236 2198 1299 An
2224 1236 2295 1298 hi
2327 1237 2557 1300 contra
2587 1254 2757 1318 quos
2788 1239 3097 1319 quamvis
3124 1238 3501 1318 Justissime

377 1347 744 1427 pugnatur,
795 1345 922 1408 soli
967 1346 1128 1407 sunt
1161 1343 1458 1406 haeretici
1508 1342 1590 1406 de
1641 1342 1861 1406 medio
1913 1342 2312 1405 auferendi?
2364 1342 2543 1416 Quot
2596 1345 2756 1406 sunt
2808 1344 2968 1407 item
3019 1346 3156 1423 alii,
3207 1346 3324 1426 qui
3373 1347 3504 1410 sibi

381 1453 586 1515 modo
616 1451 1060 1531 Evangelium
1096 1451 1406 1532 arrogant
1433 1449 1576 1513 'non
1623 1449 1844 1512 minus
1885 1466 2089 1528 quam
2128 1449 2267 1527 isti,
2300 1451 2629 1530 quatenus
2666 1451 2749 1514 ad
2786 1452 3163 1516 animarum
3204 1451 3508 1516 infectio-

379 1575 538 1622 nem
583 1559 894 1639 pertinet,
933 1557 1230 1638 pestiferi
1269 1572 1671 1638 rapacesque
1711 1555 1878 1636 lupi,
1919 1572 2088 1636 quos
2133 1555 2216 1619 ab
2263 1556 2423 1618 ovili
2464 1555 2713 1619 Christi
2756 1575 2953 1622 nemo
2998 1575 3217 1622 arcere
3260 1560 3504 1622 curat?

377 1665 544 1728 Haec
577 1667 800 1728 tamen
839 1681 992 1726 cum
1033 1663 1360 1728 modestia
1396 1663 1463 1726 et
1497 1678 1656 1744 pace
1689 1662 2010 1724 bonorum
2043 1661 2223 1724 dicta
2249 1662 2408 1741 sint,
2439 1663 2982 1744 quandoquidem
3014 1666 3270 1728 constat
3305 1667 3505 1729 etiam

379 1771 673 1853 probatae
705 1772 860 1834 fidei
895 1787 1036 1832 esse
1069 1770 1424 1852 principeS,
1448 1769 1566 1850 qui
1595 1768 1820 1832 omnia
1851 1768 2317 1831 haereticorum
2352 1786 2591 1849 genera
2629 1770 2711 1832 ad
2751 1788 2960 1833 unum
2997 1775 3500 1852 persequantur.

381 1879 471 1942 Et
501 1859 731 1942 rerera
764 1878 883 1959 qui
909 1877 1242 1956 eJusmodi
1275 1876 1455 1953 sunt,
1489 1876 1793 1938 laborum
1823 1891 2100 1937 suorum
2127 1876 2435 1939 sentiunt
2470 1876 2785 1940 fructum.
2818 1877 2990 1940 Nam
3023 1878 3137 1940 ubi
3173 1879 3297 1941 Dei
3324 1880 3508 1943 zelus

379 1987 583 2066 atque
622 1987 693 2048 in
730 1985 1116 2048 seductores
1161 1999 1440 2046 censura
1477 1982 1717 2062 viguit,
1763 1980 1952 2062 quid,
2002 1998 2256 2060 quaeso,
2308 1983 2479 2062 paci,
2537 1983 2700 2063 quid
2752 1983 3061 2061 fortunae,
3113 1985 3276 2065 quid
3324 1986 3501 2064 fidei,

377 2093 546 2172 quid
595 2092 850 2154 sanctis
905 2091 1223 2154 Ecclesiae
1272 2089 1533 2169 legibus
1580 2089 1951 2151 detractum
2003 2087 2160 2150 est?
2212 2089 2492 2150 Prorsus
2537 2089 2728 2151 nihil.
2772 2089 3024 2152 Verum
3072 2091 3236 2153 dicit
3289 2093 3441 2172 quis
3484 2113 3499 2153 ε

379 2199 685 2261 Ecclesia
735 2197 1006 2265 interim
1054 2197 1324 2277 patitur,
1370 2198 1436 2259 et
1491 2194 1808 2258 Ecclesiae
1865 2192 2185 2256 membra.
2236 2194 2443 2258 Fiunt
2490 2195 2981 2275 persecutiones
3032 2197 3385 2273 bonorum,
3442 2201 3509 2263 et

379 2307 746 2386 impiorum
778 2304 1174 2368 animositas
1203 2303 1564 2383 grassatur.
1597 2303 1758 2364 Haec
1797 2302 2024 2364 omnia
2052 2301 2120 2363 et
2156 2301 2241 2363 ab
2278 2301 2472 2364 initio
2512 2301 2714 2365 fuere.
2749 2302 3030 2376 Quando
3070 2304 3250 2367 enim
3281 2323 3505 2387 perse-

378 2413 590 2492 cutio,
635 2414 754 2475 aut
794 2411 1061 2492 quando
1111 2410 1529 2472 tumultuosa
1581 2409 1878 2488 tempora
1917 2406 2228 2470 fidelibus
2278 2406 2675 2472 defuerunt?
2719 2409 2969 2472 Verum
3011 2409 3174 2474 adeo
3217 2412 3360 2475 haec
3406 2413 3507 2476 illi

381 2537 520 2582 non
551 2518 937 2595 obfuerunt,
971 2519 1045 2579 ut
1077 2517 1284 2580 etiam
1321 2515 1458 2578 illis
1491 2515 1731 2577 clarior
1768 2515 1964 2587 facta,
2000 2514 2401 2594 longiusque
2441 2515 2801 2597 propagata
2839 2516 2930 2578 sit
2963 2516 3282 2581 Ecclesia.
3314 2519 3507 2582 Multi

379 2641 534 2688 sese
571 2625 738 2688 olim
775 2623 1125 2687 erexerunt
1151 2622 1380 2685 contra
1410 2639 1554 2684 eam
1587 2620 1906 2697 haeretici,
1931 2636 2055 2683 nec
2082 2620 2393 2684 homines
2432 2622 2692 2684 tantum
2721 2621 2913 2700 viles,
2944 2622 3061 2686 sed
3092 2640 3281 2704 reges
3307 2628 3507 2706 atque

381 2732 823 2812 imperatores
868 2746 1136 2810 quoque
1183 2745 1255 2792 se
1303 2728 1529 2792 hostes
1577 2727 2168 2809 persecutoresque
2212 2727 2657 2808 praebuerunt.
2700 2728 2949 2792 Verum
2979 2729 3079 2790 illi
3116 2730 3510 2796 interierunt

383 2854 646 2914 omneS,
681 2835 984 2900 Ecclesia
1021 2851 1096 2898 ac
1133 2835 1301 2898 fides
1341 2851 1497 2898 vera
1541 2833 1784 2898 mansit
1818 2853 1832 2894 ε
1875 2835 2076 2916 atque
2112 2833 2277 2897 adeo
2308 2833 2481 2897 inter
2511 2835 2655 2897 haec
2686 2833 3085 2898 inconcussa
3124 2838 3392 2916 mansit,
3433 2840 3509 2902 ut

381 2946 540 3025 post
571 2943 1108 3025 persecutionem
1147 2941 1496 3022 gloriosior
1531 2957 1792 3022 semper
1821 2943 2185 3022 appareret.
2217 2940 2405 3003 Certe
2438 2940 2836 3004 Arianorum
2865 2944 3236 3022 persecutio
3266 2945 3506 3026 viginti

381 3051 539 3133 plus
585 3049 780 3113 annis
817 3049 984 3112 adeo
1035 3048 1482 3130 grassabatur,
1517 3049 1594 3109 ut
1636 3046 1970 3110 fluctuans
2007 3047 2189 3110 Petri
2231 3046 2545 3109 navicula
2594 3063 2727 3109 non
2772 3048 2979 3112 semel
3023 3050 3509 3133 submergenda

381 3159 752 3240 putaretur.
797 3157 930 3221 Sed
975 3172 1395 3237 nequaquam
1434 3156 1646 3236 mergi
1687 3155 1910 3237 potuit
1953 3174 1966 3215 ε
2016 3155 2343 3217 excitatus
2390 3157 2492 3217 est
2541 3156 2719 3218 enim
2768 3154 2834 3218 in
2884 3172 2963 3219 ea
3003 3157 3120 3237 qui
3161 3158 3511 3239 imperavit

381 3266 606 3328 ventis
643 3265 710 3327 et
749 3263 944 3341 mari,
976 3263 1044 3325 et
1072 3262 1246 3327 facta
1273 3263 1375 3326 est
1412 3261 1860 3343 tranquillitas
1893 3278 2156 3342 magna.
2190 3261 2435 3323 Mansit
2471 3262 2636 3325 fides
2674 3262 2931 3343 integra
2970 3265 3053 3326 ad
3091 3265 3263 3328 hanc
3296 3284 3506 3348 usque

381 3372 590 3449 diem,
647 3370 896 3435 mansit
919 3369 1236 3433 Ecclesiae
1275 3369 1528 3445 unitaS,
1564 3368 1992 3447 manebitque
2022 3368 2104 3430 ad
2141 3367 2341 3429 finem
2382 3384 2594 3448 usque
2635 3368 2891 3431 saeculi.
2928 3371 3178 3433 Verum
3224 3372 3293 3435 in
3338 3374 3508 3439 civi-

381 3478 639 3541 tatibus
682 3477 750 3539 et
773 3476 940 3540 locis
968 3475 1201 3538 multis
1229 3474 1604 3538 Germaniae
1635 3474 1822 3551 fideS,
1856 3474 2108 3554 inquis»,
2145 3472 2489 3536 Catholica
2517 3473 2915 3554 infirmatur,
2948 3479 3063 3540 aut
3093 3479 3232 3542 tota
3258 3480 3512 3543 interiit

385 3584 612 3648 hodie.
681 3582 872 3645 Nihil
930 3582 1456 3645 formidandum.
1505 3580 1771 3661 Reliqui
1830 3580 2025 3657 mihi,
2082 3579 2303 3660 inquit
2353 3579 2684 3643 Dominus
2738 3580 2929 3661 Eliae,
2992 3584 3246 3665 septem
3296 3586 3509 3650 millia

385 3690 582 3773 (dum
633 3707 705 3753 se
751 3689 937 3753 Elias
990 3690 1252 3771 putaret
1304 3688 1554 3767 solum)
1613 3688 1731 3767 qui
1787 3704 1923 3750 non
1975 3687 2419 3750 curvaverunt
2479 3703 2697 3769 genua
2753 3689 2905 3751 ante
2948 3689 3133 3753 Baal.
3187 3691 3297 3755 Sic
3346 3694 3511 3772 quot

383 3799 608 3879 putaS,
647 3796 937 3860 Domine
971 3811 1308 3877 generose,
1354 3794 1526 3857 inter
1569 3794 1692 3857 hos
1731 3795 1849 3875 qui
1890 3794 2188 3874 pereunt,
2242 3792 2564 3857 relictos?
2615 3793 2733 3874 qui
2778 3796 3167 3859 necessitate
3216 3799 3506 3878 quadarn

381 3904 632 3980 adacti,
683 3902 846 3966 foris
889 3919 963 3966 se
1007 3902 1244 3965 ceteris
1289 3902 1461 3965 inter
1504 3918 1675 3982 quos
1722 3900 2024 3963 habitant
2079 3899 2377 3981 praebent
2426 3916 2840 3979 communeS,
2894 3902 3063 3965 nihil
3112 3904 3381 3968 interim
3436 3906 3507 3969 in

385 4012 616 4075 animo
663 4009 927 4088 mutati,
973 4008 1144 4071 nihil
1193 4008 1276 4071 ab
1315 4007 1616 4071 Ecclesia
1655 4006 2146 4083 dissentienteS,
2195 4006 2409 4087 parati
2456 4006 2684 4084 etiam,
2726 4008 2786 4069 si
2840 4024 3107 4072 necesse
3152 4010 3265 4088 sit,
3307 4012 3507 4075 fidem

383 4135 586 4181 suam
615 4132 942 4197 exponere
980 4115 1163 4178 omni
1193 4114 1539 4196 poscenti:
1582 4113 1852 4176 tametsi
1894 4112 2011 4175 ubi
2051 4113 2197 4175 haec
2238 4112 2601 4176 necessitas
2640 4131 2775 4203 non
2818 4118 3031 4195 cogat,
3072 4116 3341 4180 interim
3382 4118 3509 4181 sub

381 4222 737 4305 peregrina
769 4222 992 4304 specie
1028 4222 1296 4285 lateant.
1331 4220 1418 4283 Et
1453 4220 1615 4300 quid
1653 4220 1715 4281 si
1753 4218 2111 4282 Germania
2148 4217 2497 4299 Galliaque
2540 4220 2678 4283 tota
2718 4220 2787 4283 in
2819 4220 3129 4285 haeresim
3168 4222 3249 4286 ab
3286 4223 3513 4288 Eccle-
3602 4242 3607 4251 ·

379 4332 504 4395 siae
549 4330 809 4395 unitate
842 4328 1152 4392 deficiat?
1193 4328 1382 4390 Certe
1412 4344 1452 4389 a
1477 4326 1792 4404 Domin0,
1825 4344 1906 4389 ne
1944 4326 2081 4403 fiat,
2113 4326 2613 4407 deprecandum
2654 4328 2773 4389 est.
2816 4327 2890 4391 Si
2926 4329 3151 4392 tamen
3193 4331 3507 4412 eveniret,

379 4437 720 4518 numquid
771 4435 1094 4513 Ecclesia,
1137 4434 1470 4514 numquid
1518 4433 1682 4496 fides
1735 4434 1892 4496 tunc
1938 4432 2265 4495 exstincta
2313 4432 2543 4496 esset?
2588 4432 2717 4495 Hic
2764 4433 3038 4514 quidem
3088 4436 3307 4517 periit,
3349 4438 3509 4501 alibi

379 4546 790 4628 propagatur
824 4556 839 4605 :
873 4542 984 4605 hic
1019 4541 1288 4617 desinit,
1322 4540 1482 4603 alibi
1514 4539 1770 4602 crescit.
1808 4540 1879 4602 Si
1917 4538 2175 4601 Graecia
2204 4538 2409 4601 variis
2446 4538 2577 4601 fuit
2607 4539 2975 4604 haeresibus
3006 4541 3329 4621 involuta,
3353 4546 3505 4608 tan-

383 4652 676 4731 demque
709 4650 1163 4726 schismatica,
1205 4647 1406 4729 atque
1445 4647 1594 4711 ideo
1632 4663 1671 4709 a
1706 4645 1847 4709 Deo
1887 4644 2203 4727 projecta,
2243 4644 2429 4708 venit
2461 4644 2534 4708 in
2577 4663 2818 4709 manus
2856 4647 3501 4730 Mahometanorum,

382 4760 454 4821 et
491 4758 555 4821 si
591 4756 688 4819 ibi
728 4756 989 4819 deserta
1032 4754 1196 4818 adeo
1249 4756 1351 4818 est
1396 4752 1774 4817 Christiana
1813 4752 2072 4832 religio,
2106 4752 2185 4813 ut
2230 4752 2290 4813 si
2330 4751 2448 4832 qui
2485 4753 2826 4833 supersint
2870 4753 3073 4818 etiam
3115 4755 3501 4836 Christiani,

381 4864 502 4927 vix
536 4880 680 4927 suae
717 4862 967 4944 queant
1003 4861 1158 4925 fidei
1190 4861 1519 4925 rationem
1551 4859 1844 4936 reddere,
1884 4859 2022 4922 imo
2061 4858 2226 4939 quid
2266 4858 2559 4936 credant,
2612 4859 2727 4922 vix
2757 4862 3087 4925 noverunt
3116 4882 3131 4922 ε
3174 4864 3503 4945 numquid

379 4974 734 5055 propterea
777 4970 942 5033 fides
987 4968 1368 5031 Ecclesiave
1421 4964 1724 5031 interiit?
1770 4964 2034 5029 Interiit
2077 4982 2241 5028 sane
2282 4965 2353 5027 in
2413 4964 2665 5029 oriente
2712 4967 2891 5049 apud
2933 4968 3111 5046 illoS,
3152 4987 3386 5033 verum
3428 4971 3501 5034 in

381 5080 732 5145 occidente
761 5076 1027 5143 interim
1057 5076 1266 5140 crevit
1300 5078 1366 5139 et
1396 5074 1663 5138 mansit.
1698 5072 1850 5137 Jam
1879 5073 1940 5136 si
1970 5072 2080 5135 hic
2107 5089 2375 5153 quoque
2404 5072 2473 5135 in
2513 5073 2877 5152 occidente,
2918 5076 3165 5139 nostris
3209 5078 3500 5159 peccatis

377 5188 482 5251 sic
519 5184 1042 5268 postulantibuS,
1082 5201 1122 5246 a
1159 5182 1392 5246 multis
1422 5180 1808 5245 civitatibus
1845 5180 2170 5261 terrisque
2206 5180 2426 5243 ablata
2471 5180 2574 5242 est
2614 5179 2804 5259 fid'eS,
2843 5181 3061 5245 ablata
3097 5182 3495 5267 ohedientia,

376 5294 686 5359 ablatum
732 5291 1020 5373 denique
1063 5290 1561 5354 sacrosanctum
1609 5286 2037 5365 sacrificium,
2085 5288 2353 5350 manent
2400 5286 2621 5349 tamen
2671 5287 2817 5351 haec
2862 5288 3040 5370 apud
3093 5290 3263 5355 alios
3314 5292 3498 5357 salva
