4359 6250
1017 514 1366 562 manuario
1409 514 1468 561 m
1513 515 1650 561 car.
1697 515 1780 560 vu
1822 515 1979 561 unm
2019 516 2219 561 'run'rn
2260 517 2484 563 neuun.
2528 536 2609 547 —
2648 506 2792 564 aar.
2836 517 2901 563 xi

3380 500 3499 563 627

411 686 752 763 rationem,
794 708 937 767 quoe
977 689 1423 767 quadrayinta
1471 688 1760 767 quinque
1806 707 1903 747 co-
1930 686 1983 749 A
2012 687 2248 766 dicum,
2283 689 2581 754 cathedra
2609 690 2961 753 doctorum.
2990 690 3377 771 Frequenter
3410 698 3498 751 ta-

408 787 659 845 lumm‘s
684 789 1186 847 sustentabatur.
1210 786 1276 847 ln
1308 784 1596 867 quolibet
1626 803 1902 865 namque

409 881 605 944 trium
644 883 944 947 ordinum
988 884 1454 960 columnarum,
1488 891 1670 946 erant
1715 882 1903 964 quin-

402 981 616 1043 decim
664 982 1000 1059 columnae,
1036 1002 1180 1063 quae
1216 982 1409 1045 simul
1449 990 1596 1044 sunt
1633 982 1902 1063 quadra·-

400 1079 584 1159 ginta
611 1080 923 1162 quinque.
941 1081 1098 1143 Hinc
1129 1081 1454 1144 subditur:
1487 1084 1665 1143 Unus
1685 1090 1900 1141 autem

397 1182 556 1239 ordo
587 1182 853 1241 habebat
891 1184 1226 1241 columnas
1264 1182 1640 1261 quindecim
1679 1189 1902 1239 contra

397 1297 464 1337 se
495 1279 777 1340 invicem
808 1278 1156 1342 lateraliter
1191 1281 1455 1357 positas,
1489 1288 1550 1339 et
1578 1299 1612 1337 e
1646 1279 1902 1354 reqione

398 1396 464 1435 se
492 1378 902 1453 respicientes
932 1396 1008 1440 ex
1045 1377 1260 1453 latere,
1294 1378 1536 1457 aequali
1563 1378 1771 1453 spatio
1803 1376 1902 1435 in-

405 1484 503 1534 ter
520 1479 855 1537 columnas
876 1475 1239 1552 exsistente,
1261 1475 1347 1537 ita
1371 1475 1541 1556 quod
1575 1472 1903 1554 aequaliter

404 1573 688 1636 distabat
715 1594 844 1637 una
873 1576 953 1637 ab
983 1575 1130 1651 alia,
1164 1583 1228 1638 et
1265 1574 1561 1637 similiter
1601 1591 1765 1635 unus
1803 1589 1904 1634 or-

404 1672 490 1733 do
527 1672 973 1735 columnarum
1013 1673 1092 1735 ab
1131 1673 1298 1748 ali03
1337 1684 1398 1733 et
1435 1690 1626 1749 super
1665 1675 1904 1731 colum-

403 1792 528 1832 nas
572 1772 782 1853 posita
822 1780 1004 1835 crant
1041 1775 1573 1853 quadrangulata
1615 1773 1796 1848 liqna
1827 1771 1900 1828 in

2010 805 2156 850 men
2190 807 2388 849 unum
2420 789 2685 851 istorum
2719 807 2833 871 pro
2864 788 2995 851 alio
3026 787 3316 850 sumitur.

2080 886 2400 964 Praeterea,
2421 906 2535 969 pro
2558 887 2811 951 clariori
2832 888 3057 950 horum
3080 886 3501 967 intelligentia

2009 986 2489 1063 advertendum,
2535 988 2707 1068 quod
2756 986 3047 1067 Magister
3094 986 3161 1047 in
3210 984 3495 1047 historiis

2010 1083 2271 1146 scribit:
2296 1086 2552 1163 Domus,
2579 1084 2808 1166 inquit,
2836 1084 3043 1147 Saltus
3073 1084 3308 1165 duplex
3336 1090 3492 1159 erat,

2011 1182 2073 1244 id
2107 1191 2203 1246 est
2227 1183 2295 1245 in
2327 1184 2718 1265 superiorem
2755 1192 2818 1246 et
2852 1182 3222 1246 inferiorem
3252 1190 3497 1264 partem

2010 1281 2234 1358 divisa,
2267 1301 2465 1344 unum
2501 1281 2741 1345 habens
2779 1282 3123 1358 solarium;
3170 1290 3233 1344 et
3270 1300 3347 1344 ex
3384 1281 3499 1342 du-

2010 1380 2161 1461 plici
2216 1389 2349 1443 erat
2394 1380 2677 1443 materia.
2721 1381 2869 1442 Pars
2917 1378 3185 1442 inferior
3230 1388 3365 1443 erat
3411 1379 3500 1441 la-

2011 1478 2218 1560 pidea,
2263 1487 2325 1541 et
2372 1478 2699 1542 dicebatur
2746 1494 3047 1554 Necnon,
3100 1477 3166 1539 id
3215 1486 3312 1543 est
3359 1477 3497 1559 pig-

2010 1577 2341 1653 mentaria,
2374 1578 2439 1639 in
2469 1597 2597 1658 qua
2626 1576 3101 1658 reponebantur
3129 1583 3408 1639 aromata
3438 1583 3501 1637 et

2012 1675 2336 1756 pigmenta
2366 1675 2443 1737 ad
2477 1695 2627 1737 usus
2658 1674 2879 1756 templi
2915 1694 2987 1736 ac
3028 1674 3215 1753 regiae
3245 1674 3496 1749 domuS‚

2012 1783 2082 1835 ut
2109 1792 2187 1836 ex
2212 1772 2533 1837 beneficio
2572 1772 2664 1853 (id
2701 1782 2797 1836 est
2844 1772 3233 1855 proprietate
3275 1780 3339 1834 et
3376 1771 3501 1834 vir-

402 1872 658 1931 cunctis
702 1874 988 1952 aequalia
1034 1870 1100 1933 in
1149 1870 1523 1953 quantitate,
1558 1876 1620 1932 et
1666 1866 1902 1930 similia
1938 1866 1984 1927 B
2016 1872 2172 1951 tute)
2205 1880 2384 1933 terrae
2424 1890 2496 1933 ac
2530 1870 2697 1932 muri
2742 1871 3001 1953 lapidei,
3044 1869 3285 1933 diutius
3326 1868 3500 1949 vige-

403 1967 472 2029 in
513 1968 826 2050 qualitate
866 1969 1092 2050 figurae
1131 1967 1658 2051 quadrangularis
1696 1984 1711 2028 :
1758 1984 1901 2048 quae
2011 1977 2150 2031 rent
2177 1970 2361 2052 quasi
2396 1970 2695 2033 recentia.
2729 1970 2905 2033 Unde
2945 1979 3007 2031 et
3043 1988 3235 2051 super
3272 1968 3496 2031 lsaiam
3527 1978 3787 2030 laxum&
3822 2039 3835 2051 ,

403 2076 588 2130 eraut
629 2066 718 2130 ibi
763 2087 880 2151 pro
919 2068 1204 2131 trabibus
1249 2068 1391 2144 sita,
1427 2068 1505 2129 ad
1546 2073 1902 2129 sustentan-

401 2166 560 2229 dum
587 2166 892 2230 solarium
931 2174 995 2230 et
1033 2167 1226 2229 etiam
1258 2174 1492 2229 tectum
1525 2166 1816 2247 planum.

485 2264 774 2347 Denique
803 2275 950 2329 ante
981 2265 1289 2348 palatium
1320 2273 1500 2328 erant
1539 2272 1665 2327 tres
1706 2261 1902 2345 porti-

402 2381 540 2425 cus.
575 2362 806 2439 Prima,
851 2362 1218 2445 palatioque
1269 2361 1562 2438 vicinior,
1609 2360 1733 2423 fuit
1778 2378 1902 2422 ma-

399 2460 528 2541 jor,
559 2462 642 2523 de
671 2480 799 2543 qua
826 2460 1116 2543 sequitur
1150 2480 1164 2525 :
1201 2465 1285 2523 Et
1306 2462 1632 2539 porticum
1662 2464 1902 2520 colum-

403 2580 674 2633 narum,
721 2561 786 2623 id
836 2570 934 2624 est
980 2560 1298 2624 columnis
1352 2559 1709 2635 subnixam,
1746 2560 1900 2635 fecit

402 2660 892 2740 quinquaqinta
911 2662 1276 2721 cubitorum
1302 2660 1480 2735 Zonyi
1485 2659 1735 2718 tudinis
1751 2678 1773 2716 .·
1792 2664 1901 2718 tot-

403 2777 534 2838 que
562 2757 928 2821 cubitorum
961 2756 1088 2820 fuit
1116 2757 1384 2820 latitudo
1416 2756 1670 2837 palatii3
1697 2765 1757 2816 et
1790 2758 1900 2815 tri-

395 2858 594 2933 ffl'nta
649 2858 1014 2917 cubitorum
1078 2857 1455 2917 latitudinis
1503 2877 1524 2915 .·
1579 2855 1657 2917 de
1712 2853 1895 2933 cujus

402 2953 746 3019 altitudine
777 2954 882 3019 hic
921 2962 1185 3017 tacetur.
1211 2954 1510 3035 Sequitur
1539 2954 1616 3015 de
1647 2951 1893 3033 porticu

2009 2066 2229 2129 scribit
2250 2067 2690 2149 HieronymuS,
2710 2068 2827 2130 Pro
2846 2068 3034 2130 domo
3064 2084 3342 2129 Necnon
3361 2066 3500 2147 qui-

2006 2167 2148 2228 dam
2205 2166 2687 2243 transtulerunt,
2740 2167 2974 2230 Domus
3022 2164 3494 2247 thymiamatis3

2007 2265 2291 2346 quidam,
2342 2266 2577 2328 Domus
2634 2265 2920 2329 storacis,
2972 2265 3163 2328 Porro
3210 2264 3500 2346 superior

2007 2382 2153 2445 pars
2201 2364 2429 2426 domus
2478 2363 2665 2426 istius
2712 2363 2925 2443 lignea
2972 2371 3125 2437 erat,
3180 2362 3261 2424 de
3306 2361 3500 2441 lignis

2007 2461 2231 2524 Libani
2264 2461 2430 2525 facta
2464 2480 2477 2524 :
2512 2470 2772 2544 propter
2807 2462 2978 2544 quod
3007 2468 3230 2524 vocata
3266 2468 3361 2523 est
3392 2461 3503 2523 do—

2006 2579 2148 2621 mus
2197 2560 2405 2622 Saltus
2453 2559 2699 2622 Libani.
2745 2559 2959 2641 Aliqui
3010 2567 3223 2621 tamen
3271 2565 3501 2641 putant

2007 2678 2144 2721 eam
2196 2658 2337 2721 ideo
2386 2659 2477 2722 sic
2525 2665 2833 2734 vocatam,
2876 2658 3179 2740 quoniam
3226 2657 3499 2720 circum-

2005 2776 2259 2839 quaque
2284 2758 2529 2820 consita
2559 2765 2694 2821 erat
2722 2756 3058 2820 arboribus
3085 2766 3148 2819 et
3176 2755 3499 2819 viridariis

2005 2856 2184 2918 mirae
2241 2856 2670 2932 recreationiS,
2718 2856 2899 2937 juxta
2947 2855 3329 2917 densitatem
3386 2872 3499 2916 seu

2005 2954 2439 3017 diversitatem
2472 2964 2535 3018 et
2564 2954 2995 3017 amoenitatem
3026 2954 3224 3016 saltus
3249 2950 3493 3014 Libani.

402 3054 706 3116 secunda.
737 3056 821 3116 Ec
852 3058 1126 3116 alteram
1147 3054 1478 3132 porticum
1514 3049 1668 3113 fecit
1701 3052 1771 3111 in
1797 3052 1898 3128 fa·
1931 3050 1975 3114 C
2007 3052 2323 3135 Scriptum
2375 3062 2471 3116 est
2516 3053 2689 3117 enim
2743 3053 3023 3115 secundo
3068 3051 3496 3133 Paralipome-

401 3156 500 3214 cie
537 3157 830 3232 porticus
877 3155 1174 3228 majoris,
1207 3153 1274 3215 id
1322 3160 1415 3214 est
1464 3152 1702 3214 directe
1750 3159 1896 3213 ante
2007 3173 2134 3217 non
2171 3171 2185 3216 :
2220 3153 2432 3217 Posuit
2463 3173 2557 3231 ea,
2592 3152 2891 3217 videlicet
2920 3159 3119 3228 scuta,
3152 3171 3261 3214 rex
3298 3151 3363 3213 in
3400 3171 3499 3214 ar·
3550 3164 3715 3210 ηραν.
3731 3179 3787 3216 1x,

401 3271 570 3316 eam.
622 3254 690 3315 ln
738 3253 1018 3315 secunda
1073 3252 1192 3315 hac
1240 3251 1489 3333 porticu
1540 3248 1786 3313 fiebant
1833 3258 1897 3311 et

401 3349 898 3433 proferebantur
927 3350 1294 3414 communia
1322 3368 1593 3430 quaeque
1627 3347 1890 3430 judicia.

399 3452 490 3511 Ec
518 3454 852 3512 columnas
882 3459 942 3510 et
969 3451 1302 3527 epistylia,
1324 3467 1465 3529 quae
1495 3446 1896 3529 ponebantur

402 3549 471 3610 in
523 3547 842 3630 capitibus
891 3547 1356 3624 columnarum,
1393 3554 1464 3609 ‚et
1505 3553 1686 3608 erant
1725 3543 1897 3626 capi-

401 3647 560 3710 tella
587 3667 660 3711 ac
689 3654 1063 3710 ornamenta
1093 3665 1334 3722 earum,
1353 3665 1545 3722 super
1565 3648 1895 3704 columnas

401 3749 582 3827 feeit.
616 3748 957 3809 Porticum
998 3765 1246 3825 quoque
1285 3745 1460 3813 solii,
1494 3743 1560 3804 in
1612 3761 1738 3824 qua
1789 3761 1896 3804 rex

403 3844 705 3907 Salomon
758 3842 1020 3906 sedebat
1069 3843 1148 3905 ad
1193 3842 1610 3924 judicandum
1659 3858 1672 3903 :
1727 3840 1896 3902 unde

403 3942 724 4018 subditur,
749 3944 824 4002 in
847 3963 976 4022 qua
1020 3944 1312 4002 tribunal
1338 3950 1452 4011 est,
1481 3941 1682 4017 fecit,·
1724 3949 1783 3999 et
1817 3949 1896 3998 te-

396 4043 532 4110 xit,
555 4040 620 4102 id
651 4049 768 4116 est,
794 4040 967 4102 intus
1001 4038 1275 4121 operuit,
1312 4041 1511 4116 liquis
1538 4039 1824 4098 cedrinis
1853 4057 1894 4096 a

389 4142 774 4218 pavimento
819 4159 1018 4218 usque
1059 4141 1148 4198 ad
1190 4139 1649 4207 summitatem,
1692 4135 1758 4197 id
1798 4143 1894 4198 est

2003 3252 2441 3328 mamentario,
2475 3253 2647 3334 quod
2681 3251 3003 3315 consitum
3044 3258 3179 3313 erat
3210 3269 3491 3314 nemore.

2003 3351 2074 3412 ln
2103 3351 2219 3413 hac
2240 3350 2476 3413 etenim
2506 3358 2687 3432 parte
2720 3349 3192 3432 reponebantur
3213 3368 3410 3425 arma,
3428 3357 3497 3410 ut

2003 3447 2321 3511 beneficio
2366 3449 2545 3528 ligni,
2582 3447 2942 3528 rubiginem
2990 3465 3116 3510 non
3158 3447 3489 3522 sentirent,

2003 3547 2068 3609 id
2100 3557 2353 3610 estnon
2393 3547 2862 3611 contraherent.
2897 3546 3021 3609 Nec
3062 3545 3267 3608 solum
3307 3564 3495 3627 pone-

2001 3645 2234 3708 bantur
2266 3645 2356 3708 ibi
2385 3665 2559 3709 arma
2590 3646 2669 3708 ad
2700 3646 3136 3726 pugnandum,
3158 3646 3269 3706 sed
3297 3645 3489 3707 etiam

2003 3745 2080 3806 ad
2117 3746 2411 3808 decorem
2440 3753 2502 3808 et
2530 3743 3019 3808 ostentationem
3063 3743 3219 3824 regii
3262 3741 3485 3806 fastus,

2000 3842 2174 3906 Fecit
2202 3843 2373 3906 enim
2395 3862 2505 3906 rex
2524 3843 2821 3906 Salomon
2841 3843 3117 3904 ducenta
3140 3860 3334 3904 aurea
3362 3861 3491 3904 scu-

2005 3949 2085 4018 ta,
2123 3941 2190 4003 in
2236 3960 2507 4024 quorum
2557 3959 2947 4023 unoquoque
2985 3948 3167 4004 erant
3208 3940 3489 4004 sexcenti

2003 4040 2143 4103 sicli
2175 4041 2312 4103 auri
2350 4058 2364 4102 :
2398 4040 2525 4103 imo
2556 4048 2619 4102 et
2650 4038 2913 4102 totidem
2949 4038 3201 4102 lanceas
3240 4057 3483 4116 aurem,

2001 4148 2072 4201 ut
2109 4140 2387 4202 secundo
2427 4138 2953 4221 Paralipomenon
2993 4137 3282 4201 habetur.
3316 4137 3489 4201 Fecit

3526 3231 3592 3271 ¹6.

3552 3861 3721 3918 inmo.
3737 3877 3781 3915 x.

3520 3925 3586 3966 ιο.

3544 4056 3707 4101 11Par.
3724 4071 3780 4109 tx,

3518 4122 3584 4163 ¹⁵.

397 4246 678 4315 tectum;
719 4248 780 4298 et
817 4240 1234 4308 domuncula,
1269 4238 1342 4295 iu
1386 4256 1516 4315 qua
1557 4237 1893 4296 sedebatur
1925 4236 1974 4298 D
2000 4257 2258 4320 quoquc
2308 4243 2615 4300 trecentas
2664 4255 2887 4300 aureas
2937 4237 3163 4318 peltaS,
3215 4255 3483 4318 quarum
3544 4249 3780 4306 nuceam,

395 4341 488 4399 ad
515 4338 994 4414 judicandum,
1041 4345 1181 4396 erat
1229 4337 1302 4395 in
1349 4336 1566 4396 media
1601 4335 1891 4412 porticu,

396 4436 464 4498 id
503 4443 604 4498 est
639 4435 706 4498 in
745 4435 958 4498 medio
996 4433 1278 4516 porticus
1319 4433 1529 4514 hujuS,
1567 4451 1677 4501 seu
1722 4431 1892 4494 infra

393 4553 562 4611 eam,
593 4535 806 4596 simili
837 4555 1040 4612 opere.
1073 4531 1337 4606 Quidam
1382 4550 1496 4613 per
1536 4531 1888 4594 domuncu-

395 4633 528 4696 lam
559 4632 770 4709 istam‚
805 4631 1175 4711 intelligunt
1204 4630 1412 4712 ipsum
1456 4628 1754 4692 thronum
1791 4630 1892 4712 ju-

395 4730 696 4795 dicialem
729 4729 1084 4794 Salomonis
1124 4729 1316 4792 situm
1348 4728 1416 4790 in
1458 4727 1705 4809 porticu
1745 4729 1886 4792 ista.

393 4830 524 4894 Alii
568 4829 984 4894 verisimilius
1031 4829 1274 4904 dicunt,
1307 4827 1478 4909 quod
1531 4827 1596 4890 in
1639 4827 1888 4910 porticu

397 4929 524 4992 ista
552 4937 689 4992 erat
717 4927 883 4991 facta
911 4927 1202 5009 quaedam
1232 4926 1640 5002 domuncula,
1667 4927 1732 4988 in
1763 4946 1891 5008 qua

397 5027 750 5092 collocatus
775 5025 900 5088 suit
931 5026 1198 5089 thronus
1229 5025 1394 5105 regis
1423 5023 1726 5107 prael'atus
1763 5042 1776 5086 :
1813 5027 1890 5088 de

131 5135 364 5193 mnes-x,
397 5127 589 5209 cujus
617 5125 1020 5202 formatione,
1053 5123 1473 5206 dispositione
1505 5132 1570 5186 et
1605 5123 1890 5205 pretiosi-

103 5203 236 5244 18-20.

397 5235 528 5289 tate
567 5223 740 5287 infra
781 5223 1071 5287 habetur.
1103 5223 1318 5300 Porro,
1354 5231 1424 5286 ut
1452 5222 1747 5285 Rabanus
1775 5221 1884 5300 ait,

397 5325 636 5389 solium
665 5323 924 5407 proprie
951 5322 1186 5386 dicitur
1215 5340 1457 5403 regum,
1485 5321 1754 5384 thronus
1787 5322 1889 5403 ju-

2000 4339 2289 4420 quaedam
2320 4345 2499 4400 crant
2536 4337 2844 4413 rotundae‚
2880 4336 3021 4398 aliae
3059 4336 3261 4398 instar
3300 4335 3487 4398 semi-

1999 4436 2223 4500 circuli
2268 4435 2470 4499 factae.
2504 4435 2693 4499 Peltae
2730 4454 3006 4516 namque
3043 4433 3344 4497 dicuntur
3381 4434 3487 4497 hic

1999 4535 2209 4598 media
2256 4542 2453 4612 scuta,
2506 4534 2781 4614 figurata
2832 4533 3031 4596 instar
3080 4534 3249 4596 lunae
3298 4533 3487 4596 semi-

2001 4633 2225 4717 plenae.
2269 4633 2377 4695 His
2415 4633 2755 4696 utebantur
2783 4633 3079 4695 custodes
3112 4631 3299 4712 regiS,
3334 4641 3484 4695 ante

2000 4732 2234 4795 ostium
2278 4733 2503 4795 domus
2538 4730 2943 4794 excubantes,
2980 4729 3055 4791 Et
3082 4731 3340 4812 quando
3378 4750 3485 4794 rex

1999 4828 2461 4910 egrediebatur,
2511 4828 2949 4910 praecedebant
2995 4847 3141 4891 eum
3192 4828 3485 4910 equitan-

1998 4936 2093 4991 tes
2135 4936 2200 4990 et
2243 4927 2519 4990 ferentes
2570 4926 2933 5008 hujusmodi
2984 4945 3161 4988 arma
3204 4926 3473 5007 juvenes

2003 5024 2176 5101 flavi,
2217 5043 2491 5106 quorum
2530 5022 2747 5106 capilli
2783 5023 3253 5088 descendebant
3282 5043 3484 5106 usque

1999 5125 2076 5186 ad
2116 5125 2305 5186 dorsa
2339 5142 2671 5205 equorum,
2706 5122 3081 5205 adjicientes
3113 5123 3313 5187 comis
3352 5123 3483 5186 suis

1998 5223 2341 5285 tincturam
2370 5222 2531 5300 auri,
2566 5223 2701 5288 sive
2739 5231 2811 5285 ut
2846 5221 3047 5303 aliqui
3079 5222 3317 5303 legunt,
3352 5222 3487 5285 cin-

1997 5329 2244 5383 eturam
2286 5320 2449 5398 auri,
2484 5318 2549 5382 id
2592 5328 2689 5384 est
2725 5338 2917 5383 aurea
2952 5320 3243 5404 quoedam
3292 5328 3479 5399 serta,

3520 4317 3585 4359 17.
