4359 6250
601 1473 616 1517 Ι
633 1441 858 1524 Conxid'l.

634 4140 872 4193 Promxxv,

610 4206 678 4248 27.

890 479 1012 544 472
1479 496 1828 542 ananan-10
1871 497 1932 541 m
1976 496 2110 541 car.
2160 495 2221 539 v1
2262 494 2420 539 unni
2462 493 2714 539 sacuam
2756 493 2979 540 ascum,
3020 512 3101 522 —
3140 493 3282 539 aar.
3328 493 3393 540 11

888 687 1225 751 percussus
1257 676 1373 746 est,
1409 669 1520 749 qui
1551 668 1719 731 bono
1749 667 1906 742 zelo,
1929 664 2224 748 quamvis
2247 682 2373 726 non
2404 662 2453 722 A
2488 662 2773 726 interiori
2823 681 2895 724 ac
2946 663 3238 726 exteriori
3278 663 3537 726 Deitatis
3586 663 3969 740 laudatione,

885 768 1038 830 satis
1070 767 1368 844 discret0,
1394 787 1605 831 arcam
1629 766 1879 830 Domini
1909 785 2043 828 rem
2065 765 2377 827 inanima·

885 875 1012 928 tam
1040 874 1104 928 et
1133 865 1410 947 ligneam
1439 865 1818 930 sustentavit
1843 883 1858 926 :
1883 873 2182 947 quantam
2208 864 2377 925 dam-

884 965 1208 1028 nationem
1267 974 1590 1027 merentur
1647 985 1721 1028 ac
1781 962 2207 1038 sustinebunt,
2263 960 2373 1042 qui

884 1063 1240 1145 Scripturas
1274 1071 1522 1125 sanctas
1555 1063 1955 1137 subvertunt,
1993 1069 2055 1124 et
2087 1060 2247 1122 false
2276 1079 2375 1122 ex·-

885 1169 1155 1244 ponunt‚
1187 1169 1295 1223 aut
1324 1181 1556 1242 corpus
1586 1170 1649 1225 et
1687 1160 2062 1242 sanguinem
2096 1158 2376 1222 Salvato-

885 1260 974 1321 ris
1015 1259 1331 1323 maculata
1375 1260 1767 1323 conscientia
1815 1277 2209 1336 consecrare,
2253 1267 2378 1319 tra-

889 1366 1060 1421 ctare
1115 1367 1225 1420 aut
1279 1377 1528 1421 sumere
1577 1377 1702 1421 non
1757 1357 2125 1433 formidant,
2177 1374 2376 1437 quum

891 1465 1104 1520 tamen
1155 1457 1324 1522 dicat
1371 1457 1729 1539 ApostoluS,
1772 1456 2166 1538 Quicumque
2209 1474 2379 1517 man-

890 1556 1218 1619 ducaverit
1247 1576 1474 1638 panem
1500 1557 1690 1632 hunc,
1717 1556 1816 1620 vel
1849 1555 2083 1618 biberit
2112 1553 2375 1617 calicem

890 1655 1142 1718 Domini
1174 1655 1454 1736 indigne,
1482 1675 1627 1718 reus
1663 1655 1783 1718 erit
1820 1652 2104 1737 corporis
2136 1662 2201 1716 et
2238 1673 2379 1716 san-

887 1753 1103 1834 guinis
1133 1753 1407 1816 Domini.
1451 1753 1515 1816 Si
1546 1761 1720 1815 tanta
1765 1751 1890 1814 suit
1929 1751 2258 1832 iniquitaS,
2295 1751 2378 1813 ir-

2488 762 2866 845 symphonia
2906 771 2963 824 et
3002 762 3361 840 devotione,
3393 763 3726 826 deducitur
3754 763 3969 826 Sacra·

2486 869 2796 924 mentum.
2832 860 2954 942 Ipsi
2988 878 3243 943 quoque
3275 860 3500 924 fideles
3529 860 3811 924 offerunt
3838 863 3967 926 Deo

2486 978 2751 1040 corpora
2782 979 2897 1021 sua
2926 968 2989 1021 et
3017 960 3207 1023 corda
3237 959 3505 1022 hostiam
3540 969 3840 1038 sanctam,
3874 962 3969 1022 vi·
3997 986 4251 1034 noa-,mu

2486 1078 2652 1136 vam,
2688 1077 2761 1121 ac
2789 1059 2913 1121 Deo
2944 1058 3321 1140 placentem.
3350 1061 3431 1120 Ει
3447 1061 3665 1120 David
3690 1063 3969 1121 saltabat

2490 1158 2634 1219 totis
2666 1159 2915 1218 viribus
2943 1168 3091 1218 ante
3112 1160 3488 1218 Dominum.
3513 1157 3857 1220 Salubriter
3878 1166 3966 1222 to—

2488 1255 2568 1317 tis
2598 1273 2807 1318 coram
2832 1256 2957 1318 Deo
2986 1255 3231 1320 viribus
3262 1255 3467 1332 saltat,
3485 1256 3597 1336 qui
3627 1257 3705 1319 de
3734 1257 3965 1320 virtute
4004 1281 4247 1326 mun-1.

2488 1353 2555 1415 in
2588 1354 2886 1418 virtutem
2938 1353 3360 1436 progreditur,
3399 1354 3642 1431 fervide
3685 1354 3962 1436 proficit,
3996 1347 4039 1386 ⁸·

2488 1461 2677 1532 atque
2716 1452 3008 1516 celeriter
3052 1453 3279 1516 crescit
3318 1452 3382 1514 in
3425 1453 3598 1516 omni
3630 1453 3863 1517 virtute
3898 1466 3963 1518 ct

2487 1552 2711 1632 gratia,
2755 1572 2898 1634 quae
2944 1560 3392 1615 sursumsunt
3430 1572 3723 1636 quaerens
3764 1563 3827 1616 et
3862 1571 3967 1634 gu-
4026 1585 4245 1627 eamn..

2487 1658 2683 1725 stam,
2730 1669 2855 1714 non
2896 1650 3176 1714 carnalia
3212 1671 3284 1714 ac
3324 1660 3593 1715 terrena.
3630 1654 3969 1716 Accinctus
4002 1650 4101 1698 ¹·2·

2486 1753 2690 1828 ephod
2722 1752 2911 1821 lineO,
2946 1751 3009 1812 id
3042 1759 3136 1814 est
3164 1751 3539 1815 castimonia
3567 1752 3873 1833 eorporis,
3904 1761 3967 1816 et

887 1860 1251 1915 reverenter
1281 1871 1348 1914 se
1377 1851 1548 1914 circa
1579 1850 1854 1932 figuram
1885 1851 2118 1914 habere
2145 1867 2376 1932 :quam
2412 1849 2458 1912 B
2486 1848 2747 1929 byssina
2778 1848 2960 1926 stola,
2996 1849 3057 1912 id
3100 1858 3197 1912 est
3222 1850 3629 1914 conscientiae
3668 1850 3965 1932 puritate.

886 1950 1188 2014 vitiosum
1217 1959 1333 2025 est,
1369 1950 1538 2013 circa
1568 1969 1700 2012 rem
1734 1948 2074 2030 figuratam
2123 1957 2252 2011 tam
2283 1949 2377 2010 di-

886 2049 1286 2114 vinissimam
1321 2048 1560 2132 injuste
1595 2069 1662 2112 se
1701 2067 1945 2130 gerere.
1979 2047 2286 2128 Denique,
2322 2047 2374 2108 si

881 2148 1060 2229 juxta
1080 2149 1500 2230 quorumdam
1533 2146 1994 2230 expositionem
2018 2146 2106 2208 ita
2126 2165 2377 2228 percus-

883 2264 990 2307 sus
1033 2252 1129 2307 est
1167 2245 1288 2308 Oza
1330 2245 1411 2308 ob
1451 2264 1612 2308 arcae
1653 2253 2036 2321 contactum,
2071 2244 2375 2326 quoniam

884 2352 1070 2406 nocte
1092 2344 1488 2425 praecedente
1511 2363 1654 2406 cum
1683 2363 1798 2406 sua
1817 2342 2120 2406 dormivit
2142 2360 2371 2405 uxore:

883 2461 1076 2525 quam
1110 2440 1510 2505 intoleranda
1539 2442 1734 2504 instat
1752 2441 2076 2504 damnatio
2106 2441 2377 2504 inconti-

884 2540 1186 2603 nentibus
1229 2559 1300 2603 ac
1341 2539 1596 2604 lascivis
1636 2539 2022 2622 presbyteris
2061 2548 2169 2602 aut
2208 2558 2377 2602 com-

884 2638 1381 2716 municantibuS,
1437 2639 1547 2720 qui
1608 2658 1736 2704 non
1795 2637 2194 2702 obstantibus
2244 2638 2376 2700 suis

884 2736 1386 2801 obscenitatibus
1431 2745 1494 2800 et
1539 2737 2040 2819 inquinamentis
2085 2737 2378 2820 turpissi-

884 2837 1029 2913 miS‚
1063 2836 1143 2898 ad
1175 2835 1692 2918 spiritualissima
1718 2855 1791 2899 ac
1821 2835 2223 2900 divinissima
2254 2835 2379 2898 Sal-

883 2935 1121 2999 vator-is
1171 2934 1491 3016 mysteria,
1545 2935 1996 3012 consecranda,
2054 2935 2378 2999 tractanda

883 3041 994 3095 aut
1023 3032 1428 3115 suscipienda
1457 3034 1693 3096 audent
1722 3033 2086 3116 procedere.

965 3135 1050 3195 Et
1081 3134 1386 3194 extimuit
1412 3135 1631 3195 David
1650 3135 2026 3195 Dominum.
2054 3131 2155 3196 Sic
2188 3152 2381 3195 unus-

883 3230 1163 3312 quisque
1192 3230 1446 3313 sapiens
1477 3230 1895 3309 ChristianuS,
1916 3251 1992 3293 ex
2021 3231 2381 3295 considera-

887 3329 1063 3392 tione
1093 3329 1520 3393 damnationis
1545 3329 1961 3410 reproborum
1983 3330 2379 3393 sacerdotum

889 3428 1242 3492 carnalium
1265 3476 1280 3505 ,
1342 3436 1534 3509 atque
1591 3427 1854 3510 indigne
1909 3429 2385 3491 communican-

894 3528 1076 3605 tium,
1113 3536 1396 3591 metuere
1431 3527 1622 3590 debet
1654 3546 1726 3590 ac
1771 3528 2005 3590 retrahi
2045 3547 2084 3589 a
2113 3527 2385 3590 celebra-

892 3626 1068 3689 tione
1096 3634 1159 3688 et
1187 3626 1658 3703 communione,
1693 3644 2028 3708 quousque
2072 3644 2386 3708 praepara-

896 3724 1062 3788 verit
1093 3743 1160 3787 se
1201 3743 1316 3807 pro
1347 3743 1554 3806 posse,
1590 3733 1653 3787 et
1694 3724 1950 3787 interim
1981 3723 2142 3786 alios
2181 3724 2384 3804 magis

899 3824 1163 3887 devotos
1207 3822 1395 3886 debet
1441 3823 1520 3885 ad
1569 3842 1746 3889 sacra
1789 3822 2089 3903 mysteria
2132 3822 2388 3903 partici-

902 3922 1112 4004 panda
1146 3921 1408 3985 hortari.
1453 3921 1786 3984 Abstinere
1833 3921 2022 3983 etiam
2068 3921 2259 3985 debet
2306 3921 2387 3983 ab

905 4020 1319 4084 immoderata
1366 4021 1869 4103 perscrutatione
1927 4019 2268 4102 Scripturae
2315 4040 2388 4083 ac

902 4118 1292 4181 mirabilium
1323 4118 1435 4181 Dei
1471 4135 1485 4179 τ
1517 4116 1820 4201 quoniam
1868 4117 2033 4179 sicut
2075 4118 2187 4198 qui
2227 4119 2390 4180 mul-

2486 1950 2571 2009 Ec
2602 1949 3045 2024 imposuerunt
3075 1967 3285 2010 aream
3315 1950 3388 2008 in.
3422 1951 3549 2008 loco
3574 1969 3714 2010 suo,
3748 1948 3852 2012 Sic
3880 1968 3974 2011 sa·

2488 2064 2595 2109 cra
2624 2044 2947 2128 Scriptura
2978 2054 3041 2108 et
3070 2045 3302 2108 Christi
3335 2045 3637 2128 mysteria
3672 2046 3977 2110 virtuosis

2489 2143 2778 2227 personis
2811 2153 2958 2206 sunt
2987 2143 3405 2222 infundenda,
3440 2145 3747 2227 purisque
3776 2147 3977 2208 cordi-

2487 2242 2607 2305 bus
2638 2243 3111 2306 committenda.

2580 2341 2656 2403 Et
2695 2344 3021 2401 benedioeic
3070 2341 3263 2404 David
3304 2347 3562 2419 populo.
3610 2341 3713 2406 Sic
3767 2343 3981 2424 praesi-

2487 2440 2710 2502 dentes
2732 2439 3069 2521 imprecari
3094 2439 3329 2502 debent
3360 2439 3629 2503 subditis
3660 2441 3795 2503 suis
3812 2441 3981 2504 bona

2486 2537 2706 2618 gratiae
2746 2538 2811 2600 in
2861 2538 3179 2620 praesenti,
3206 2547 3270 2601 et
3304 2539 3473 2601 dona
3512 2539 3734 2618 gloriae
3764 2539 3830 2601 in
3886 2540 3983 2601 su-

2492 2645 2653 2713 turo,
2686 2656 2758 2699 ac
2804 2644 2934 2700 toto
2978 2637 3185 2699 cordis
3234 2636 3472 2700 affectu
3514 2655 3627 2718 pro
3671 2637 3802 2700 illis
3846 2657 3983 2700 ora-

2491 2755 2597 2809 re3
2644 2735 3000 2817 spiritualia
3056 2753 3310 2816 quoque
3366 2735 3688 2812 alimenta,
3740 2737 3869 2800 imo
3916 2747 3983 2800 et

2488 2834 2844 2916 corporalia
2873 2833 3029 2916 ipsis
3071 2834 3458 2916 impendere,
3481 2837 3797 2916 pascendo
3831 2835 3981 2899 illos

2490 2933 2757 2996 seientia
2787 2941 2849 2996 et
2878 2933 3182 3010 doctrina,
3198 2933 3501 3013 omnique
3516 2933 3873 2996 necessaria
3892 2954 3984 2998 re»

2409 3038 2451 3100 C
2494 3030 2790 3093 sectione.
2810 3035 3241 3110 Reversusque
3269 3041 3359 3092 esc
3379 3033 3623 3101 David,
3638 3041 3710 3091 ut
3732 3034 3984 3093 benedi-

2488 3141 2651 3191 ceret
2670 3132 2898 3191 domui
2914 3150 3062 3192 επακ
3084 3129 3184 3192 Sic
3213 3130 3656 3212 unusquisque
3684 3130 3795 3211 qui
3827 3150 3985 3213 pra}

2490 3237 2602 3305 est,
2639 3228 2983 3310 specialem
3013 3227 3200 3291 debet
3232 3227 3725 3292 sollicitudinem
3758 3248 3983 3311 gerere

2494 3328 2572 3390 de
2604 3328 2737 3391 suis
2768 3328 3157 3404 domesticiS‚
3194 3346 3429 3409 eosque
3460 3326 3825 3405 informare,
3842 3348 3985 3392 cor-

2494 3426 2726 3507 ripere,
2767 3425 3106 3505 corrigere,
3150 3426 3441 3503 educare,
3484 3435 3555 3488 ut
3593 3426 3720 3489 sint
3749 3427 3983 3490 ceteris

2494 3523 2791 3587 omnibus
2824 3524 3235 3605 exemplares
3260 3524 3493 3587 Domus
3523 3543 3795 3607 namque
3824 3545 3985 3607 prae-

2497 3622 2767 3685 latorum
2820 3642 2893 3685 ac
2942 3622 3327 3705 principum,
3379 3622 3563 3704 quasi
3605 3623 3671 3685 in
3718 3625 3985 3705 specula

2497 3720 2718 3804 positae
2750 3728 2929 3795 sunt;
2954 3729 3018 3783 et
3046 3720 3217 3803 quod
3240 3719 3401 3782 inibi
3432 3721 3660 3803 agitur,
3682 3722 3877 3785 ceteri
3902 3724 3987 3786 si-

2496 3820 2562 3882 bi
2595 3819 2840 3883 licitum
2872 3819 3281 3882 arbitrantur.
3317 3819 3545 3902 Sicque
3578 3839 3653 3883 ex
3680 3820 3988 3883 domesti-

2498 3918 2589 3982 cis
2631 3918 3056 4000 superiorum,
3102 3917 3435 3981 inieriores
3474 3918 3791 4002 praecipue
3832 3920 3991 3983 aedi-

2500 4016 2777 4079 ficantur
2804 4024 2915 4079 aut
2944 4016 3469 4079 scandalizantur.

2578 4118 2665 4177 Ec
2692 4135 2938 4193 cyr-essa
2960 4118 3227 4186 Μία-ἠοῖ,
3248 4124 3367 4179 etc.
3394 4114 3495 4178 Sic
3525 4124 3893 4198 arrogantes
3926 4127 3991 4181 et

904 4225 1039 4278 tum
1088 4216 1362 4280 comedit
1399 4215 1548 4293 mel,
1585 4234 1712 4278 non
1754 4223 1849 4279 est
1891 4216 1948 4278 ci
1980 4215 2262 4290 bonum3
2298 4217 2389 4279 sic
2420 4221 2469 4282 D
2500 4213 2722 4275 mundi
2763 4214 3036 4277 honores
3066 4234 3139 4277 ac
3178 4215 3508 4277 commoda
3550 4214 3985 4295 exquirentcS,

903 4322 1330 4397 perscrutator
1359 4313 1710 4395 majestatis
1745 4313 2141 4395 opprimetur
2180 4334 2218 4376 a
2257 4316 2389 4396 glo-

901 4414 1017 4476 ria.
1058 4414 1580 4493 Nuntiatumque
1617 4423 1708 4474 esc
1756 4416 1896 4491 reyi
1933 4416 2177 4483 David,
2218 4419 2389 4493 quod

899 4514 1318 4573 benedixisset
1368 4514 1686 4573 Dominus
1741 4511 1957 4575 domui
2011 4516 2381 4575 obededom.

896 4610 1203 4676 Omnibus
1266 4610 1437 4673 enim
1496 4611 1723 4673 devote
1789 4609 2261 4673 celebrantibus
2326 4619 2390 4674 et

894 4708 1514 4775 communicantibus
1545 4709 1708 4771 Deus
1746 4707 2011 4786 largitur
2039 4709 2387 4787 gratiarum

893 4828 1150 4872 suarum
1180 4808 1563 4871 charismata
1597 4824 1610 4868 :
1646 4825 1775 4888 quo
1806 4806 2080 4888 cognit0,
2105 4807 2390 4889 quicum—

893 4928 1020 4992 que
1044 4907 1342 4990 praelatus
1371 4926 1482 4970 seu
1508 4906 1807 4989 princeps
1838 4907 1914 4969 ad
1955 4925 2198 4970 sacram
2224 4925 2390 4970 com-

897 5006 1268 5070 munionem
1299 5004 1680 5068 accenditur.
1704 5004 1934 5086 Sicque
1965 5023 2077 5086 per
2106 5024 2268 5068 arcae
2300 5024 2390 5068 rc-

897 5105 1264 5169 duetionem
1308 5102 1716 5186 praefigurata
1761 5111 1857 5166 est
1900 5103 2389 5185 processionalis

901 5200 1359 5267 circumductio
1380 5200 1790 5278 sacramenti,
1819 5200 1884 5262 in
1915 5219 2044 5282 qua
2067 5219 2211 5264 cum
2234 5219 2391 5282 prae—

902 5301 1030 5365 lato
1061 5309 1209 5363 sunt
1235 5300 1471 5391 diversi
1503 5300 1679 5363 chori
1710 5300 2223 5382 psallentium,et
2244 5318 2388 5362 cum

2496 4314 2813 4394 justorum
2864 4332 2939 4375 ac
2986 4314 3357 4377 devotorum
3404 4312 3877 4395 simplicitatem
3924 4325 3991 4378 et

2498 4411 2925 4474 humilitatem
2952 4412 3261 4487 derident,
3295 4418 3358 4473 et
3387 4412 3657 4474 stultitia
3684 4412 3776 4475 eis
3806 4412 3993 4477 vide-

2500 4520 2601 4573 tur
2652 4531 2725 4574 ea
2768 4511 3118 4593 despicere,
3164 4529 3307 4591 quae
3356 4510 3478 4592 ipsi
3519 4512 3985 4593 appretiantur.

2496 4610 2757 4693 Propter
2786 4610 2958 4690 quod
2990 4616 3244 4671 sanct-us
3268 4608 3383 4670 Job
3414 4608 3574 4671 dixit
3606 4627 3621 4671 :
3653 4610 3991 4675 Deridetur
4044 4632 4123 4675 :0⁶
4140 4630 4236 4670 ns».
4301 4608 4302 4617 ’

2495 4710 2651 4792 justi
2683 4708 3083 4791 simplicitas,
3117 4706 3314 4783 Unde,
3350 4717 3421 4769 ut
3450 4706 3621 4771 infra
3650 4716 3875 4789 quarto
3912 4710 3991 4773 li-

2497 4808 2613 4871 bro
2665 4808 2952 4883 habetur,
2999 4806 3319 4888 principes
3364 4805 3659 4869 dixerunt
3700 4808 3776 4870 ad
3816 4807 3989 4872 Jehu

2499 4908 2576 4970 de
2614 4906 3015 4969 adolescente
3054 4903 3247 4965 misso
3286 4904 3366 4966 ab
3397 4902 3605 4969 Eliseo
3637 4924 3653 4967 :
3687 4904 3844 4979 Quid
3881 4928 3991 4971 ve·
4044 4930 4235 4981 ψῆφοι

2500 5004 2593 5066 nit
2635 5005 2897 5065 insanus
2943 5002 3063 5064 iste
3102 5002 3178 5064 ad
3222 5004 3327 5064 te?
3356 5002 3433 5063 Et
3476 5001 3553 5064 ad
3592 5002 3989 5068 Ezechielem
4022 4997 4082 5035 ¹⁸·

2498 5103 2802 5165 Dominus
2834 5100 2993 5163 dixit
3028 5118 3041 5163 :
3075 5100 3437 5164 Portentum
3486 5108 3545 5163 te
3574 5101 3720 5164 dedi
3764 5102 3990 5167 domui
4042 5122 4233 5167 emtus.

2498 5201 2707 5263 lsrael.
2751 5199 3089 5283 Apostolus
3128 5216 3385 5282 quoque
3420 5216 3435 5261 :
3468 5198 3793 5280 Tanquam
3836 5220 3993 5283 pur·
4020 5192 4057 5230 ⁶·

2498 5307 2865 5381 gamentum
2894 5298 3163 5379 (inquit)
3193 5297 3384 5379 hujus
3428 5296 3651 5362 mundi
3700 5296 3851 5362 faeti
3890 5320 3993 5365 Su-
4022 5248 4235 5355 1³¹,C⁰'“‘'
