4359 6250
947 507 1295 553 mannum
1337 508 1398 552 IN
1441 508 1578 554 CAP-
1624 508 1728 554 xlv
1773 507 1929 554 LIBRI
1969 507 2168 554 'raum
2211 510 2433 557 REGUH.
2480 531 2560 542 —
2600 513 2743 557 ΛΒΤ.
2790 510 2921 558 xxu
3358 491 3477 556 689

77 687 334 766 ,ὕεια-ιι.
370 675 678 756 agitatur,
713 676 879 740 sicut
912 677 980 740 in
1011 678 1354 760 Evangelio
1399 679 1633 742 dicitur
1667 697 1681 742 :
1716 677 1875 752 Quid
1906 676 1956 737 A
1987 678 2273 743 intuente
2310 698 2323 742 ε
2358 681 2437 742 ad
2466 681 2651 763 cujus
2672 682 3176 759 irreverentiam,
3198 682 3477 765 peceati-

76 751 230 854 ἕψω
252 765 328 803 '¹¹’
370 772 600 835 existis
621 773 686 836 in
707 775 1029 838 desertum
1054 777 1307 840 videre?
1327 777 1707 840 arundinem
1731 795 1878 840 ven·
1985 796 2110 858 que
2145 778 2519 859 gravitatem
2558 789 2821 862 spectat,
2855 780 3026 862 quod
3070 779 3297 843 infelix
3334 799 3477 844 cre-

371 881 442 934 ·to
465 874 916 953 agitatam'tEt
943 881 1164 938 evellet
1183 881 1391 938 Israel
1409 881 1488 937 de
1521 888 1692 938 terra
1713 880 1874 938 bona
1983 886 2164 940 atura
2210 879 2349 961 ipso
2394 887 2705 961 praesente
2748 899 2823 942 ac
2868 879 3250 962 inspiciente
3288 880 3479 942 audet

369 974 520 1044 bac,
544 993 744 1052 quam
771 977 953 1036 dedit
976 979 1278 1052 patribus
1307 996 1554 1046 eorum,
1583 986 1642 1036 et
1673 978 1877 1037 venti·
1985 995 2250 1057 peccare
2274 1001 2289 1052 3
2323 989 2382 1039 et
2412 981 2847 1040 irritaverunt
2876 999 3023 1040 eum
3051 998 3243 1056 super
3272 980 3480 1040 omni-

375 1071 540 1134 tabit
570 1092 670 1132 eos
707 1082 888 1134 trans
925 1077 1194 1150 flumen,
1228 1076 1387 1155 quia
1418 1075 1710 1151 fecerunt
1751 1076 1877 1134 sibi
1985 1077 2098 1135 bus
2127 1097 2271 1156 quoe
2288 1080 2575 1157 fecerant
2596 1088 2820 1154 patres
2848 1097 3069 1139 eorum
3102 1081 3175 1138 in
3200 1079 3478 1156 peccatis

375 1171 575 1240 luco-3,
609 1180 684 1230 ut
714 1173 1058 1232 irritarent
1088 1175 1470 1243 Dominum,
1505 1172 1570 1234 id
1601 1179 1716 1248 est,
1752 1173 1875 1234 dis·
1981 1176 2120 1234 suis
2139 1179 3477 1254 quaepecoaverunt.AEdificaveruntenim

77 1267 172 1372 ΠΝ
196 1269 308 1324 Rea·
375 1274 602 1347 perget
631 1286 742 1331 eos
776 1269 844 1330 in
878 1277 1113 1332 terram
1142 1269 1565 1352 Assyriorum,
1601 1279 1671 1333 ut
1704 1268 1874 1332 infra
1982 1283 2040 1333 et
2072 1275 2202 1350 ipsi
2228 1276 2356 1334 sibi
2385 1295 2535 1334 aras
2564 1283 2623 1334 et
2650 1283 2925 1344 statuas,
2947 1275 3009 1336 id
3041 1282 3139 1337 est
3168 1274 3392 1337 altaria
3414 1282 3477 1337 et

375 1363 616 1445 legitur
655 1364 920 1429 factum.
965 1366 1196 1450 Sicque
1236 1387 1348 1451 per
1383 1367 1627 1432 flumen
1669 1376 1876 1450 potest
1985 1371 2174 1448 idola,
2209 1372 2445 1453 quibus
2476 1391 2676 1453 super,
2704 1373 2927 1434 altaria
2962 1373 3074 1435 illa
3118 1372 3476 1437 immolare-

375 1462 658 1546 intelligi
679 1466 780 1529 vel
805 1467 1121 1545 Iordanis,
1142 1468 1240 1531 vel
1273 1469 1736 1551 Mesopotamiae
1764 1476 1874 1531 aut
1986 1477 2108 1545 tur,
2160 1480 2220 1531 et
2270 1475 2462 1541 lucos,
2496 1469 2562 1531 id
2614 1478 2711 1532 est
2760 1489 3020 1534 nemora
3059 1488 3175 1552 pro
3214 1470 3475 1534 idolola-

81 1575 342 1626 Ιωκεκιιτ,
377 1561 576 1644 Syriae
597 1563 898 1642 fluvium,
925 1566 1004 1629 de
1022 1584 1152 1647 quo
1170 1567 1356 1630 Josue
1378 1567 1466 1629 ait
1491 1567 1722 1630 :Trans
1754 1566 1875 1629 flu-
1983 1568 2122 1630 triis
2153 1577 2217 1632 et
2254 1568 2527 1631 luxuriis
2564 1569 2954 1646 exercendiS,
2987 1589 3183 1648 super
3222 1591 3471 1631 omnem

75 1641 110 1684 ²·
373 1660 552 1723 vium
585 1662 1035 1727 habitaverunt
1066 1673 1276 1747 patres
1307 1666 1524 1730 vestri.
1548 1669 1633 1727 Et
1665 1668 1871 1726 tradet
1981 1671 2203 1728 collem
2227 1672 2571 1737 eoeoelsum,
2592 1678 2651 1728 et
2674 1671 2887 1728 subter
2906 1689 3157 1729 omnem
3184 1672 3475 1730 arborem

370 1764 696 1823 Dominus
733 1766 905 1824 Deus
943 1768 1170 1835 Israel,
1220 1772 1440 1847 utpote
1489 1765 1710 1828 decem
1762 1764 1873 1826 tri-
1980 1766 2359 1842 frondosam
2390 1787 2413 1825 .·
2453 1783 2597 1845 quae
2652 1764 3023 1829 distributio
3066 1767 3478 1830 accommoda

371 1856 519 1935 buS,
545 1859 926 1923 adversariis
960 1861 1115 1938 suiS‚
1130 1873 1396 1940 propter
1416 1874 1680 1942 peccata
1705 1867 1872 1924 Jero-
1907 1858 1954 1922 B
1981 1870 2098 1940 est,
2129 1870 2323 1944 atque
2354 1863 2770 1945 intelligenda
2810 1882 2925 1946 pro
2964 1864 3307 1946 generibus
3348 1865 3479 1926 sin-

373 1959 587 2027 boam,
616 1961 734 2038 qui
755 1962 1048 2038 peccavit
1075 1971 1134 2022 et
1155 1981 1419 2039 peceare
1456 1963 1612 2039 fecit
1640 1964 1866 2032 Israel,
1980 1961 2298 2042 gulorum‚
2333 1979 2461 2024 non
2494 1980 2608 2044 pro
2640 1961 2911 2041 singulis
2942 1980 3271 2042 generum,
3311 1962 3477 2026 sicut

373 2054 440 2117 id
471 2063 570 2118 est
599 2066 862 2140 propter
887 2059 1160 2122 crimina
1190 2060 1356 2140 regis
1383 2061 1505 2136 sui,
1532 2060 1598 2123 in
1629 2059 1866 2141 quibus
1981 2067 2043 2122 ct
2073 2059 2243 2122 infra
2272 2078 2469 2142 saepe3
2490 2063 2599 2120 sed
2626 2070 2685 2120 et
2712 2062 3073 2138 effeminati
3097 2064 3373 2141 fuerunt
3400 2063 3475 2122 in

373 2161 437 2216 et
472 2153 598 2236 ipsi
631 2154 862 2218 imitati
894 2165 1045 2219 sunt
1075 2176 1244 2220 eum.
1985 2169 2156 2220 terra
2197 2159 2376 2235 Juda,
2413 2158 2478 2220 id
2510 2166 2605 2221 est
2636 2158 2861 2222 evirati
2907 2166 3155 2236 natura,
3201 2167 3335 2222 arte
3366 2167 3477 2222 aut

455 2255 768 2316 Surrexit
799 2257 1016 2337 itaque
1042 2277 1212 2318 umor
1228 2259 1586 2326 Jeroboam,
1605 2267 1664 2318 et
1685 2259 1865 2328 abiit,
1982 2265 2148 2334 actu,
2186 2275 2296 2320 seu
2326 2257 2552 2320 molles
2579 2257 2661 2318 ad
2690 2255 3035 2320 femineam
3067 2257 3472 2337 fragilitatem

371 2361 436 2411 et
487 2354 664 2413 venit
712 2356 788 2414 in
824 2357 1080 2416 Thersa.
1121 2358 1456 2436 Quumque
1504 2358 1626 2416 illa
1667 2357 1874 2432 inyre-
1981 2355 2238 2419 deducti
2276 2364 2339 2418 et
2377 2355 2683 2430 enervati,
2719 2375 2831 2418 seu
2870 2356 3103 2438 ephebi
3146 2357 3321 2420 vitiis
3364 2357 3474 2420 So-
3502 2379 3765 2434 unacum,

373 2453 642 2511 deretur
671 2453 872 2513 limen
901 2456 1153 2524 domu-5,
1167 2475 1336 2533 puer
1367 2465 1654 2515 mortuus
1679 2464 1790 2526 est,
1813 2463 1872 2514 et
1981 2451 2301 2518 domiticis
2330 2453 2549 2530 dediti,
2587 2463 2776 2536 prout
2818 2455 3097 2518 secundo
3127 2454 3475 2518 Machahae-
3506 2446 3572 2490 ¹²·

371 2551 767 2626 sepelierunt
813 2573 982 2614 eum.
1030 2555 1119 2614 Et
1157 2555 1428 2631 plauxit
1471 2574 1618 2614 eum
1665 2554 1873 2613 omnis
1981 2571 2163 2616 orum
2205 2561 2535 2627 narratum
2572 2561 2635 2615 et
2676 2552 2742 2614 in
2780 2553 2959 2628 lsaia,
2992 2553 3207 2618 Pueris
3246 2554 3475 2618 alienis
3542 2577 3725 2629 1³.n,e.

369 2649 820 2726 IsraeLjuoeta
837 2654 1474 2713 sermonemDomini
1495 2673 1684 2732 quem
1714 2656 1873 2712 locu·
1980 2652 2427 2725 adhaeserunt3
2479 2653 2893 2731 feceruntque
2936 2671 3188 2714 omnem
3234 2656 3477 2714 abomi-

375 2755 480 2808 tus
507 2756 598 2808 est
628 2749 698 2808 in
733 2770 939 2811 manu
963 2752 1136 2810 servi
1163 2752 1271 2811 sui
1297 2752 1488 2813 Altiae
1512 2753 1866 2828 prophetae.
1979 2751 2309 2812 nationem
2331 2751 2656 2827 yentium,
2678 2770 2839 2830 quas
2870 2752 3133 2812 attrivit
3156 2753 3475 2813 Dominus

441 2849 727 2927 Reliqua
754 2857 972 2908 autem
994 2851 1330 2910 verborum
1347 2851 1702 2918 Jeroboam,
1724 2870 1873 2929 quo-
1979 2858 2128 2908 aute
2153 2849 2393 2925 faciem
2418 2850 2712 2926 filiorum
2744 2850 2969 2909 Israel.

375 2947 562 3006 modo
587 2947 1010 3023 puqnaverit,
1040 2956 1102 3007 et
1128 2951 1440 3026 quomodo
1479 2949 1869 3026 regnaverit,
2047 2947 2520 3027 consequenter
2543 2953 2861 3008 tantorum
2893 2945 3143 3028 punitio
3164 2947 3475 3010 scelerum

371 3064 512 3103 ecce
533 3046 778 3122 scripta
794 3055 948 3106 sunt
971 3047 1044 3106 in
1069 3048 1230 3106 libro
1253 3048 1592 3107 Verborum
1612 3048 1870 3107 dierum
1906 3045 1949 3109 C
1983 3044 2317 3110 recitatur:
2342 3048 2419 3106 In.
2441 3049 2670 3126 quinto
2702 3055 2917 3106 autem
2948 3066 3119 3108 anno
3151 3049 3338 3125 reyni
3356 3051 3477 3108 Ro-

372 3164 606 3221 reyum
635 3147 863 3206 Israel.
890 3147 1041 3206 Dies
1069 3156 1288 3206 autem
1315 3149 1550 3226 quibus
1574 3148 1870 3222 reynavit
1979 3147 2189 3214 boam,
2218 3142 2329 3225 qui
2370 3144 2471 3223 (ut
2500 3144 2781 3207 secundo
2811 3144 3346 3227 Paralipomenon
3387 3146 3475 3209 le—

365 3245 731 3314 Jeroboam,
756 3245 998 3321 viyinti
1025 3248 1154 3305 duo
1197 3246 1364 3306 anni
1403 3256 1578 3305 sunt.
1619 3248 1700 3306 Et
1732 3248 1871 3305 dor·
1976 3243 2176 3323 gitur)
2224 3242 2427 3304 tribus
2466 3242 2653 3304 annis
2704 3261 2849 3305 cum
2897 3242 3137 3325 populo
3188 3263 3304 3307 suo
3346 3263 3475 3306 am-
3534 3274 3756 3326 apaan,

373 3341 569 3401 mivit
596 3344 930 3403 Jeroboam
957 3364 1105 3404 cum
1126 3345 1428 3421 patribus
1454 3345 1617 3413 suis,
1649 3363 1873 3420 reyna-
1978 3340 2222 3403 bulavit
2250 3340 2317 3401 in
2352 3339 2451 3403 via
2491 3340 2765 3416 Domini,
2800 3343 3086 3402 ascendit
3130 3344 3321 3404 Sesac
3357 3362 3474 3403 rex
3507 3340 3569 3381 ¹⁷·

375 3440 600 3519 vitque
627 3442 865 3503 Nadab
891 3442 1076 3519 filius
1103 3443 1244 3518 ejus
1272 3462 1391 3520 pro
1421 3462 1513 3503 eo,
1976 3441 2254 3517 AEyypti
2283 3441 2357 3499 in
2382 3442 2741 3501 Jerusalem
2774 3459 2797 3499 .·
2826 3457 2969 3520 quae
3004 3446 3159 3502 tunc
3207 3437 3333 3502 fuit
3362 3440 3475 3502 tri-

475 3537 786 3620 Expedita
840 3538 1270 3622 descriptione
1327 3540 1474 3603 vitae
1531 3560 1604 3603 ac
1648 3540 1871 3604 mortis
1978 3536 2097 3598 bus
2153 3536 2355 3598 muris
2402 3534 2771 3599 fortissimis
2821 3536 3036 3599 clausa
3087 3545 3151 3599 et
3200 3539 3468 3615 munita,

375 3635 571 3718 primi
601 3637 770 3719 regis
801 3638 1021 3701 decem
1054 3638 1360 3715 tribuum,
1395 3638 1561 3701 redit
1591 3638 1872 3720 Scriptu-
1977 3635 2122 3698 ideo
2150 3654 2290 3698 eam
2326 3642 2451 3697 tam
2482 3634 2609 3697 cito
2648 3654 2722 3697 ac
2754 3633 3032 3697 faciliter
3076 3654 3205 3700 non
3238 3636 3476 3718 potuis·

377 3754 448 3797 ra
478 3735 558 3797 ad
588 3736 1081 3799 describendum
1130 3734 1297 3799 facta
1329 3736 1494 3817 regis
1520 3737 1681 3800 Iuda
1723 3755 1871 3801 con·
1979 3740 2074 3797 set
2103 3734 2360 3810 intrare,
2388 3732 2511 3795 nisi
2544 3732 2949 3796 intromissus
2980 3731 3211 3797 fuisset
3231 3760 3246 3811 ;
3268 3754 3471 3815 quum

377 3833 771 3916 temporanei
805 3834 967 3917 ejus.
1001 3838 1208 3896 Porro
1237 3837 1520 3897 Roboam
1547 3838 1732 3914 filius
1754 3839 1872 3898 Sa·
1979 3840 2042 3897 et
2071 3831 2553 3914 potentissimus
2576 3831 2684 3894 ille
2703 3828 3304 3909 Nabuchodonosor,
3324 3851 3476 3914 qua-

373 3936 650 3993 lomom's
705 3936 1008 4011 regnavit
1056 3936 1130 3994 in
1170 3938 1368 3996 Iuda.
1417 3938 1871 4013 Quadi-aquata
1979 3932 2032 3993 si
2078 3930 2354 3995 triennio
2398 3930 2719 3994 obsederit
2760 3950 2898 3993 eam
2947 3938 3291 4012 antequam
3330 3948 3470 3993 eam
3530 3952 3582 3995 iv
3598 3953 3711 4008 Rea·

371 4042 432 4093 et
461 4034 666 4093 unius
693 4035 859 4094 anni
881 4043 1020 4094 erat
1039 4035 1350 4103 Roboam„
1371 4054 1574 4113 quum
1601 4053 1872 4111 reynare
1980 4030 2189 4113 potuit
2216 4028 2504 4093 obtinere
2538 4046 2553 4091 ε
2586 4048 2777 4111 quam
2819 4048 2935 4093 nee
2978 4036 3129 4092 tunc
3158 4029 3474 4093 obtinuis-
3500 4029 3599 4067 '‘¹''
3626 4018 3708 4060 ¹⁴·

351 4131 678 4207 ‘caepis-set,
711 4140 770 4191 et
800 4133 1013 4191 decem
1041 4141 1100 4192 et
1127 4140 1362 4209 septem
1403 4151 1606 4193 annos
1644 4152 1873 4209 reyna-
1982 4138 2096 4205 set,
2132 4128 2258 4191 nisi
2291 4128 2488 4191 fames
2529 4126 2905 4192 invaluisset
2933 4126 3000 4189 in
3045 4127 3321 4191 civitate.
3356 4128 3473 4191 lta-

375 4230 470 4289 vit
501 4230 576 4289 iu
603 4231 963 4290 Jerusalem
991 4231 1277 4299 civitate,
1300 4251 1498 4310 quam
1527 4234 1716 4308 eteqit
1745 4235 1870 4293 Do·
1904 4233 1952 4295 D
1981 4246 2128 4309 que,
2147 4235 2336 4310 prout
2351 4225 2661 4309 Iosephus
2690 4234 2755 4289 et
2770 4225 3061 4307 Magister
3092 4226 3157 4289 in
3186 4226 3471 4290 historiis

373 4330 621 4399 minus,
673 4337 745 4389 ut
785 4338 1050 4406 poneret
1099 4348 1330 4389 nomen
1389 4348 1583 4390 suum
1633 4332 1751 4400 ibi,
1788 4352 1870 4391 em
1985 4327 2261 4403 tradunt,
2296 4344 2406 4388 rex
2434 4324 2682 4406 AEgypti
2723 4324 3227 4407 praeeedentibus
3268 4325 3471 4407 pactis

373 4428 672 4487 omnibus
730 4428 1021 4487 tribubus
1066 4430 1294 4488 Israel.
1349 4428 1596 4491 Nomen
1648 4438 1864 4491 autem
1980 4423 2107 4487 fuit
2136 4423 2699 4501 intromissuS,sed
2723 4423 2961 4486 foedera
2991 4442 3121 4487 non
3154 4423 3465 4489 servavit:

377 4526 610 4585 matris
639 4526 780 4602 ejus
811 4527 1073 4587 Naama
1103 4527 1522 4587 Ammanitis.
1557 4525 1734 4589 Unde
1761 4546 1872 4610 ap-
1981 4522 2111 4586 imo
2142 4522 2473 4604 templum,
2508 4520 2837 4604 palatium,
2872 4521 3196 4586 civitatem
3237 4522 3473 4604 spolia-

376 4630 572 4704 paret,
589 4623 763 4705 quod
784 4622 1082 4686 Salomon
1101 4624 1180 4686 de
1203 4623 1412 4705 prima
1435 4632 1498 4687 et
1525 4624 1870 4707 principali
1980 4620 2075 4685 vit
2105 4639 2235 4684 non
2264 4619 2617 4698 modice,ut
2645 4629 3108 4703 consequenter
3129 4628 3334 4684 textus
3358 4620 3471 4702 qui

375 4722 654 4803 conjuge
685 4742 802 4785 sua
839 4720 982 4784 filia
1013 4721 1378 4798 PharaoniS,
1413 4740 1542 4785 non
1575 4722 1870 4788 hahuerit
1983 4720 2213 4803 planus
2242 4727 2359 4796 est,
2395 4728 2667 4782 enarrat.
2702 4723 2787 4782 Et
2820 4722 2972 4781 tulit
3004 4721 3332 4781 thesauros
3361 4724 3473 4781 do-

379 4820 594 4884 filium
625 4820 981 4884 masculum
1007 4838 1022 4882 :
1045 4820 1147 4883 vel
1179 4820 1234 4881 si
1266 4820 1510 4898 habuit,
1542 4839 1671 4884 non
1701 4841 1874 4885 man·
1981 4840 2124 4881 mus
2153 4820 2447 4888 Domi-ni,
2476 4828 2535 4879 et
2576 4819 2899 4879 thesauros
2944 4821 3173 4897 reatos,
3217 4828 3279 4879 et
3322 4823 3473 4881 uni-

377 4920 461 4983 sit
490 4928 812 5002 superstes
842 4939 1048 5002 usque
1075 4920 1156 4983 ad
1180 4928 1451 4983 mortem
1477 4918 1862 4999 Salomonis;
1983 4938 2162 4978 versa
2208 4917 2495 4994 diripuit
2512 4939 2540 4987 ,·
2573 4926 2755 4977 scuta
2791 4936 3039 4997 quoque
3086 4938 3289 4979 aurea
3325 4938 3470 4998 quw

376 5018 534 5082 alias
563 5018 975 5082 successisset
1003 5018 1063 5082 ei
1096 5018 1162 5079 in
1196 5035 1412 5098 regne,
1447 5017 1501 5080 si
1539 5025 1748 5082 tamen
1787 5019 1865 5081 ad
1979 5018 2217 5093 fecerat
2246 5017 2581 5083 Salomon,
2602 5034 2725 5093 pro
2753 5016 2988 5095 quibus
3018 5018 3173 5094 fecit
3206 5038 3321 5077 rex
3352 5020 3471 5079 Ro-

380 5118 500 5182 hoc
527 5126 717 5201 aptus
749 5117 999 5181 fuisset.
1981 5118 2162 5177 boam
2191 5124 2373 5175 scuta
2401 5135 2592 5187 oerea,
2613 5123 2675 5174 et
2697 5117 2973 5177 tradidit
3002 5136 3076 5177 ea
3099 5117 3173 5178 in
3192 5136 3469 5178 manum

459 5220 544 5281 Et
569 5218 728 5296 fecit
752 5219 988 5287 Iudas,
1009 5215 1074 5279 id
1103 5224 1199 5279 est
1230 5235 1338 5279 rex
1357 5216 1636 5281 Roboam
1666 5225 1730 5280 et
1759 5234 1871 5299 po-
1979 5218 2221 5276 ducum
2246 5213 2703 5285 scutariorum,
2728 5224 2788 5275 et
2805 5233 3026 5275 eorum
3055 5215 3173 5295 qui
3200 5218 3471 5276 eoecuba-

377 5316 568 5398 pulus
602 5315 765 5398 ejuS,
799 5320 1052 5379 malum
1091 5336 1307 5377 coram
1337 5318 1614 5379 Domino
1653 5316 1872 5381 omnia
1982 5318 2134 5376 bant
2175 5320 2326 5373 ante
2362 5312 2599 5372 ostium
2638 5315 2866 5373 domus
2908 5314 3097 5391 reyis.
3134 5316 3469 5394 Quumque

627 5448 694 5501 T.
729 5450 776 5501 3.
3160 5446 3223 5495 44
