<?xml version="1.0" encoding="UTF-8"?>
<!DOCTYPE html PUBLIC "-//W3C//DTD XHTML 1.0 Transitional//EN"
    "http://www.w3.org/TR/xhtml1/DTD/xhtml1-transitional.dtd">
<html xmlns="http://www.w3.org/1999/xhtml" xml:lang="en" lang="en">
 <head>
  <title>
</title>
<meta http-equiv="Content-Type" content="text/html;charset=utf-8" />
  <meta name='ocr-system' content='tesseract 3.04.00' />
  <meta name='ocr-capabilities' content='ocr_page ocr_carea ocr_par ocr_line ocrx_word'/>
</head>
<body>
  <div class='ocr_page' id='page_1' title='image "./doctorisecstati02denigoog_0589.png"; bbox 0 0 4359 6250; ppageno 0'>
   <div class='ocr_carea' id='block_1_1' title="bbox 895 497 3469 562">
    <p class='ocr_par' dir='ltr' id='par_1_1' title="bbox 895 497 3469 562">
     <span class='ocr_line' id='line_1_1' title="bbox 895 497 3469 562; baseline -0.005 -2"><span class='ocrx_word' id='word_1_1' title='bbox 895 497 1015 561; x_wconf 59' lang='grc'><strong>548</strong></span> <span class='ocrx_word' id='word_1_2' title='bbox 1417 513 1764 562; x_wconf 50' lang='lat' dir='ltr'><strong>&amp;vanniano</strong></span> <span class='ocrx_word' id='word_1_3' title='bbox 1807 513 1866 558; x_wconf 69' lang='lat' dir='ltr'><strong>ix</strong></span> <span class='ocrx_word' id='word_1_4' title='bbox 1911 511 2048 556; x_wconf 70' lang='grc' dir='ltr'><strong>(ΖΑΒ.</strong></span> <span class='ocrx_word' id='word_1_5' title='bbox 2095 509 2203 554; x_wconf 69' lang='lat' dir='ltr'><strong>XIX</strong></span> <span class='ocrx_word' id='word_1_6' title='bbox 2245 507 2403 554; x_wconf 73' lang='lat' dir='ltr'><strong>unm</strong></span> <span class='ocrx_word' id='word_1_7' title='bbox 2446 504 2697 552; x_wconf 71' lang='lat' dir='ltr'><strong>sncuNm</strong></span> <span class='ocrx_word' id='word_1_8' title='bbox 2738 505 2963 550; x_wconf 71' lang='lat' dir='ltr'><strong>amun.</strong></span> <span class='ocrx_word' id='word_1_9' title='bbox 3006 522 3088 533; x_wconf 91' lang='lat'><strong>—</strong></span> <span class='ocrx_word' id='word_1_10' title='bbox 3128 503 3273 550; x_wconf 73' lang='lat' dir='ltr'><strong>ART-</strong></span> <span class='ocrx_word' id='word_1_11' title='bbox 3317 501 3469 549; x_wconf 82' lang='lat' dir='ltr'><strong>mx</strong></span> 
     </span>
    </p>
   </div>
   <div class='ocr_carea' id='block_1_2' title="bbox 893 669 3987 767">
    <p class='ocr_par' dir='ltr' id='par_1_2' title="bbox 893 669 3987 767">
     <span class='ocr_line' id='line_1_2' title="bbox 893 669 3987 767; baseline -0.006 -19"><span class='ocrx_word' id='word_1_12' title='bbox 893 685 1278 748; x_wconf 86' lang='lat' dir='ltr'><strong>contrarium</strong></span> <span class='ocrx_word' id='word_1_13' title='bbox 1311 684 1622 767; x_wconf 88' lang='lat' dir='ltr'><strong>potuisset</strong></span> <span class='ocrx_word' id='word_1_14' title='bbox 1652 681 1907 757; x_wconf 81' lang='lat' dir='ltr'><strong>mutari,</strong></span> <span class='ocrx_word' id='word_1_15' title='bbox 1929 679 2187 760; x_wconf 86' lang='lat' dir='ltr'><strong>cognito</strong></span> <span class='ocrx_word' id='word_1_16' title='bbox 2218 695 2383 740; x_wconf 90' lang='lat' dir='ltr'><strong>erro-</strong></span> <span class='ocrx_word' id='word_1_17' title='bbox 2411 676 2462 739; x_wconf 89' lang='lat' dir='ltr'>A</span> <span class='ocrx_word' id='word_1_18' title='bbox 2490 675 2748 738; x_wconf 86' lang='lat' dir='ltr'><strong>aliunde</strong></span> <span class='ocrx_word' id='word_1_19' title='bbox 2790 674 2944 737; x_wconf 90' lang='lat' dir='ltr'><strong>satis</strong></span> <span class='ocrx_word' id='word_1_20' title='bbox 2984 672 3263 750; x_wconf 88' lang='lat' dir='ltr'><strong>abundo,</strong></span> <span class='ocrx_word' id='word_1_21' title='bbox 3298 691 3555 754; x_wconf 81' lang='lat' dir='ltr'><strong>gravem</strong></span> <span class='ocrx_word' id='word_1_22' title='bbox 3614 669 3783 749; x_wconf 84' lang='lat' dir='ltr'><strong>regis</strong></span> <span class='ocrx_word' id='word_1_23' title='bbox 3829 686 3987 749; x_wconf 66' lang='grc' dir='ltr'><strong>[ιι-ω-</strong></span> 
     </span>
    </p>
   </div>
   <div class='ocr_carea' id='block_1_3' title="bbox 890 775 2390 1844">
    <p class='ocr_par' dir='ltr' id='par_1_3' title="bbox 890 775 2390 1844">
     <span class='ocr_line' id='line_1_3' title="bbox 890 775 2377 866; baseline -0.005 -22"><span class='ocrx_word' id='word_1_24' title='bbox 890 802 960 846; x_wconf 86' lang='lat' dir='ltr'><strong>re</strong></span> <span class='ocrx_word' id='word_1_25' title='bbox 992 784 1270 866; x_wconf 87' lang='lat' dir='ltr'><strong>proprio,</strong></span> <span class='ocrx_word' id='word_1_26' title='bbox 1305 792 1368 845; x_wconf 88' lang='lat' dir='ltr'><strong>et</strong></span> <span class='ocrx_word' id='word_1_27' title='bbox 1398 782 1621 844; x_wconf 87' lang='lat' dir='ltr'><strong>fraude</strong></span> <span class='ocrx_word' id='word_1_28' title='bbox 1661 790 1853 862; x_wconf 88' lang='lat' dir='ltr'><strong>atque</strong></span> <span class='ocrx_word' id='word_1_29' title='bbox 1893 778 2138 842; x_wconf 85' lang='lat' dir='ltr'><strong>malitia</strong></span> <span class='ocrx_word' id='word_1_30' title='bbox 2185 775 2377 838; x_wconf 77' lang='lat' dir='ltr'><strong>Sibae..</strong></span> 
     </span>
     <span class='ocr_line' id='line_1_4' title="bbox 901 873 2384 956; baseline -0.007 -13"><span class='ocrx_word' id='word_1_31' title='bbox 901 884 994 943; x_wconf 87' lang='lat' dir='ltr'><strong>Tu</strong></span> <span class='ocrx_word' id='word_1_32' title='bbox 1042 891 1101 941; x_wconf 91' lang='lat' dir='ltr'><strong>et</strong></span> <span class='ocrx_word' id='word_1_33' title='bbox 1149 884 1310 943; x_wconf 87' lang='lat' dir='ltr'><strong>Siba</strong></span> <span class='ocrx_word' id='word_1_34' title='bbox 1354 882 1634 941; x_wconf 86' lang='lat' dir='ltr'><strong>dividite</strong></span> <span class='ocrx_word' id='word_1_35' title='bbox 1675 880 2088 956; x_wconf 88' lang='lat' dir='ltr'><strong>possessiones</strong></span> <span class='ocrx_word' id='word_1_36' title='bbox 2131 896 2154 934; x_wconf 94' lang='lat'><strong>.·</strong></span> <span class='ocrx_word' id='word_1_37' title='bbox 2198 873 2384 956; x_wconf 84' lang='lat' dir='ltr'><strong>quasi</strong></span> 
     </span>
     <span class='ocr_line' id='line_1_5' title="bbox 893 973 2387 1056; baseline -0.006 -15"><span class='ocrx_word' id='word_1_38' title='bbox 893 979 1082 1056; x_wconf 89' lang='lat' dir='ltr'><strong>dicat,</strong></span> <span class='ocrx_word' id='word_1_39' title='bbox 1118 977 1442 1042; x_wconf 82' lang='lat' dir='ltr'>Ambobus</span> <span class='ocrx_word' id='word_1_40' title='bbox 1483 985 1686 1041; x_wconf 88' lang='lat' dir='ltr'><strong>totum</strong></span> <span class='ocrx_word' id='word_1_41' title='bbox 1728 975 1875 1039; x_wconf 91' lang='lat' dir='ltr'><strong>dedi</strong></span> <span class='ocrx_word' id='word_1_42' title='bbox 1919 973 2191 1036; x_wconf 86' lang='lat' dir='ltr'><strong>diversis</strong></span> <span class='ocrx_word' id='word_1_43' title='bbox 2236 981 2387 1034; x_wconf 83' lang='lat' dir='ltr'><strong>tem-</strong></span> 
     </span>
     <span class='ocr_line' id='line_1_6' title="bbox 895 1070 2387 1160; baseline -0.006 -20"><span class='ocrx_word' id='word_1_44' title='bbox 895 1077 1182 1160; x_wconf 76' lang='lat' dir='ltr'><strong>poribuS‚</strong></span> <span class='ocrx_word' id='word_1_45' title='bbox 1227 1078 1337 1140; x_wconf 90' lang='lat' dir='ltr'><strong>sed</strong></span> <span class='ocrx_word' id='word_1_46' title='bbox 1385 1076 1538 1158; x_wconf 89' lang='lat' dir='ltr'><strong>quia</strong></span> <span class='ocrx_word' id='word_1_47' title='bbox 1583 1085 1849 1155; x_wconf 86' lang='lat' dir='ltr'><strong>uterque</strong></span> <span class='ocrx_word' id='word_1_48' title='bbox 1899 1081 2100 1135; x_wconf 88' lang='lat' dir='ltr'><strong>totum</strong></span> <span class='ocrx_word' id='word_1_49' title='bbox 2150 1070 2387 1133; x_wconf 84' lang='lat' dir='ltr'><strong>habere</strong></span> 
     </span>
     <span class='ocr_line' id='line_1_7' title="bbox 897 1168 2386 1259; baseline -0.007 -20"><span class='ocrx_word' id='word_1_50' title='bbox 897 1194 1024 1239; x_wconf 89' lang='lat' dir='ltr'><strong>non</strong></span> <span class='ocrx_word' id='word_1_51' title='bbox 1053 1183 1282 1259; x_wconf 86' lang='lat' dir='ltr'><strong>potest,</strong></span> <span class='ocrx_word' id='word_1_52' title='bbox 1319 1176 1484 1238; x_wconf 89' lang='lat' dir='ltr'><strong>inter</strong></span> <span class='ocrx_word' id='word_1_53' title='bbox 1515 1193 1628 1238; x_wconf 87' lang='lat' dir='ltr'><strong>vos</strong></span> <span class='ocrx_word' id='word_1_54' title='bbox 1657 1174 2002 1236; x_wconf 85' lang='lat' dir='ltr'><strong>dividatur.</strong></span> <span class='ocrx_word' id='word_1_55' title='bbox 2038 1171 2158 1234; x_wconf 86' lang='lat' dir='ltr'><strong>Sed</strong></span> <span class='ocrx_word' id='word_1_56' title='bbox 2193 1169 2250 1232; x_wconf 92' lang='lat' dir='ltr'><strong>ei</strong></span> <span class='ocrx_word' id='word_1_57' title='bbox 2282 1168 2386 1232; x_wconf 93' lang='lat' dir='ltr'><strong>cui</strong></span> 
     </span>
     <span class='ocr_line' id='line_1_8' title="bbox 897 1268 2387 1356; baseline -0.005 -20"><span class='ocrx_word' id='word_1_58' title='bbox 897 1275 1135 1356; x_wconf 84' lang='lat' dir='ltr'><strong>injuste</strong></span> <span class='ocrx_word' id='word_1_59' title='bbox 1165 1275 1382 1337; x_wconf 89' lang='lat' dir='ltr'><strong>datum</strong></span> <span class='ocrx_word' id='word_1_60' title='bbox 1416 1273 1560 1350; x_wconf 80' lang='lat' dir='ltr'><strong>suit,</strong></span> <span class='ocrx_word' id='word_1_61' title='bbox 1594 1273 1816 1335; x_wconf 83' lang='lat' dir='ltr'><strong>debuit</strong></span> <span class='ocrx_word' id='word_1_62' title='bbox 1845 1269 2108 1346; x_wconf 78' lang='lat' dir='ltr'><strong>auferri,</strong></span> <span class='ocrx_word' id='word_1_63' title='bbox 2132 1276 2198 1331; x_wconf 91' lang='lat' dir='ltr'><strong>et</strong></span> <span class='ocrx_word' id='word_1_64' title='bbox 2214 1268 2387 1349; x_wconf 83' lang='lat' dir='ltr'><strong>justo</strong></span> 
     </span>
     <span class='ocr_line' id='line_1_9' title="bbox 896 1364 2390 1456; baseline -0.007 -20"><span class='ocrx_word' id='word_1_65' title='bbox 896 1373 1246 1455; x_wconf 81' lang='lat' dir='ltr'><strong>possessori</strong></span> <span class='ocrx_word' id='word_1_66' title='bbox 1269 1381 1472 1456; x_wconf 64' lang='lat' dir='ltr'><strong>totum</strong></span> <span class='ocrx_word' id='word_1_67' title='bbox 1503 1371 1774 1434; x_wconf 88' lang='lat' dir='ltr'><strong>restitui.</strong></span> <span class='ocrx_word' id='word_1_68' title='bbox 1800 1371 2062 1450; x_wconf 80' lang='lat' dir='ltr'><strong>&#39;Insuper</strong></span> <span class='ocrx_word' id='word_1_69' title='bbox 2083 1366 2232 1430; x_wconf 91' lang='lat' dir='ltr'><strong>Siba</strong></span> <span class='ocrx_word' id='word_1_70' title='bbox 2265 1364 2291 1426; x_wconf 86' lang='lat' dir='ltr'><strong>l&#39;</strong></span> <span class='ocrx_word' id='word_1_71' title='bbox 2296 1365 2390 1427; x_wconf 90' lang='lat' dir='ltr'><strong>uit</strong></span> 
     </span>
     <span class='ocr_line' id='line_1_10' title="bbox 893 1463 2389 1553; baseline -0.007 -19"><span class='ocrx_word' id='word_1_72' title='bbox 893 1473 1064 1553; x_wconf 84' lang='lat' dir='ltr'><strong>juste</strong></span> <span class='ocrx_word' id='word_1_73' title='bbox 1094 1480 1158 1534; x_wconf 90' lang='lat' dir='ltr'><strong>et</strong></span> <span class='ocrx_word' id='word_1_74' title='bbox 1199 1471 1430 1534; x_wconf 88' lang='lat' dir='ltr'><strong>acriter</strong></span> <span class='ocrx_word' id='word_1_75' title='bbox 1457 1469 1820 1552; x_wconf 89' lang='lat' dir='ltr'><strong>puniendus</strong></span> <span class='ocrx_word' id='word_1_76' title='bbox 1851 1475 2110 1550; x_wconf 88' lang='lat' dir='ltr'><strong>propter</strong></span> <span class='ocrx_word' id='word_1_77' title='bbox 2153 1463 2389 1546; x_wconf 88' lang='lat' dir='ltr'><strong>iniqui-</strong></span> 
     </span>
     <span class='ocr_line' id='line_1_11' title="bbox 897 1562 2389 1633; baseline -0.006 -1"><span class='ocrx_word' id='word_1_78' title='bbox 897 1579 1057 1633; x_wconf 87' lang='lat' dir='ltr'><strong>tates</strong></span> <span class='ocrx_word' id='word_1_79' title='bbox 1087 1590 1232 1633; x_wconf 90' lang='lat' dir='ltr'><strong>suas</strong></span> <span class='ocrx_word' id='word_1_80' title='bbox 1265 1569 1330 1632; x_wconf 91' lang='lat' dir='ltr'><strong>in</strong></span> <span class='ocrx_word' id='word_1_81' title='bbox 1361 1571 1558 1632; x_wconf 91' lang='lat' dir='ltr'><strong>Deum</strong></span> <span class='ocrx_word' id='word_1_82' title='bbox 1595 1587 1668 1631; x_wconf 90' lang='lat' dir='ltr'><strong>ac</strong></span> <span class='ocrx_word' id='word_1_83' title='bbox 1699 1567 2028 1630; x_wconf 88' lang='lat' dir='ltr'><strong>dominum</strong></span> <span class='ocrx_word' id='word_1_84' title='bbox 2063 1583 2249 1626; x_wconf 90' lang='lat' dir='ltr'><strong>suum</strong></span> <span class='ocrx_word' id='word_1_85' title='bbox 2282 1562 2389 1624; x_wconf 78' lang='lat' dir='ltr'><strong>Mi-</strong></span> 
     </span>
     <span class='ocr_line' id='line_1_12' title="bbox 898 1661 2388 1751; baseline -0.006 -20"><span class='ocrx_word' id='word_1_86' title='bbox 898 1669 1260 1751; x_wconf 88' lang='lat' dir='ltr'><strong>phiboseth,</strong></span> <span class='ocrx_word' id='word_1_87' title='bbox 1276 1678 1468 1750; x_wconf 88' lang='lat' dir='ltr'><strong>atque</strong></span> <span class='ocrx_word' id='word_1_88' title='bbox 1489 1668 1566 1729; x_wconf 91' lang='lat' dir='ltr'><strong>ad</strong></span> <span class='ocrx_word' id='word_1_89' title='bbox 1591 1685 1846 1749; x_wconf 86' lang='lat' dir='ltr'><strong>poenam</strong></span> <span class='ocrx_word' id='word_1_90' title='bbox 1870 1663 2126 1726; x_wconf 82' lang='lat' dir='ltr'><strong>talionis</strong></span> <span class='ocrx_word' id='word_1_91' title='bbox 2159 1661 2388 1724; x_wconf 80' lang='lat' dir='ltr'><strong>fuisset</strong></span> 
     </span>
     <span class='ocr_line' id='line_1_13' title="bbox 897 1761 2385 1844; baseline -0.008 -14"><span class='ocrx_word' id='word_1_92' title='bbox 897 1767 1248 1830; x_wconf 90' lang='lat' dir='ltr'><strong>adstrictus.</strong></span> <span class='ocrx_word' id='word_1_93' title='bbox 1267 1769 1564 1844; x_wconf 76' lang='lat' dir='ltr'><strong>Respo—nd</strong></span> <span class='ocrx_word' id='word_1_94' title='bbox 1571 1769 1592 1826; x_wconf 86' lang='lat' dir='ltr'><strong>i</strong></span> <span class='ocrx_word' id='word_1_95' title='bbox 1597 1775 1741 1844; x_wconf 79' lang='lat' dir='ltr'><strong>tque</strong></span> <span class='ocrx_word' id='word_1_96' title='bbox 1761 1763 2191 1842; x_wconf 72' lang='lat' dir='ltr'><strong>Mipltiboseth</strong></span> <span class='ocrx_word' id='word_1_97' title='bbox 2212 1761 2348 1835; x_wconf 70' lang='lat' dir='ltr'><strong>reyi</strong></span> <span class='ocrx_word' id='word_1_98' title='bbox 2363 1780 2385 1818; x_wconf 91' lang='lat'><strong>.·</strong></span> 
     </span>
    </p>
   </div>
   <div class='ocr_carea' id='block_1_4' title="bbox 2493 765 3990 1838">
    <p class='ocr_par' dir='ltr' id='par_1_4' title="bbox 2493 765 3990 1838">
     <span class='ocr_line' id='line_1_14' title="bbox 2493 765 3987 848; baseline -0.005 -12"><span class='ocrx_word' id='word_1_99' title='bbox 2493 773 2785 848; x_wconf 84' lang='lat' dir='ltr'><strong>sentiam,</strong></span> <span class='ocrx_word' id='word_1_100' title='bbox 2832 773 2935 835; x_wconf 90' lang='lat' dir='ltr'><strong>cui</strong></span> <span class='ocrx_word' id='word_1_101' title='bbox 2981 772 3303 835; x_wconf 84' lang='lat' dir='ltr'><strong>deservire</strong></span> <span class='ocrx_word' id='word_1_102' title='bbox 3345 789 3471 833; x_wconf 89' lang='lat' dir='ltr'><strong>non</strong></span> <span class='ocrx_word' id='word_1_103' title='bbox 3516 768 3721 844; x_wconf 88' lang='lat' dir='ltr'><strong>valeo,</strong></span> <span class='ocrx_word' id='word_1_104' title='bbox 3773 765 3987 830; x_wconf 76' lang='lat' dir='ltr'><strong>conse-</strong></span> 
     </span>
     <span class='ocr_line' id='line_1_15' title="bbox 2495 867 3985 952; baseline -0.007 -17"><span class='ocrx_word' id='word_1_105' title='bbox 2495 881 2635 935; x_wconf 89' lang='lat' dir='ltr'><strong>ctus</strong></span> <span class='ocrx_word' id='word_1_106' title='bbox 2674 873 2807 952; x_wconf 86' lang='lat' dir='ltr'><strong>jam</strong></span> <span class='ocrx_word' id='word_1_107' title='bbox 2852 871 3059 934; x_wconf 87' lang='lat' dir='ltr'><strong>senio.</strong></span> <span class='ocrx_word' id='word_1_108' title='bbox 3090 873 3461 932; x_wconf 84' lang='lat' dir='ltr'><strong>Paululum</strong></span> <span class='ocrx_word' id='word_1_109' title='bbox 3492 871 3841 947; x_wconf 86' lang='lat' dir='ltr'><strong>procedam</strong></span> <span class='ocrx_word' id='word_1_110' title='bbox 3882 867 3985 942; x_wconf 80' lang='lat' dir='ltr'><strong>sa-</strong></span> 
     </span>
     <span class='ocr_line' id='line_1_16' title="bbox 2498 968 3985 1042; baseline -0.005 -12"><span class='ocrx_word' id='word_1_111' title='bbox 2498 975 2717 1030; x_wconf 85' lang='lat' dir='ltr'><strong>mulus</strong></span> <span class='ocrx_word' id='word_1_112' title='bbox 2747 981 2896 1031; x_wconf 87' lang='lat' dir='ltr'><strong>tuus</strong></span> <span class='ocrx_word' id='word_1_113' title='bbox 2914 973 2994 1031; x_wconf 87' lang='lat' dir='ltr'><strong>ab</strong></span> <span class='ocrx_word' id='word_1_114' title='bbox 3010 972 3293 1031; x_wconf 81' lang='lat' dir='ltr'><strong><em>Iordane</em></strong></span> <span class='ocrx_word' id='word_1_115' title='bbox 3324 979 3542 1028; x_wconf 86' lang='lat' dir='ltr'><strong>tecum.</strong></span> <span class='ocrx_word' id='word_1_116' title='bbox 3559 969 3705 1030; x_wconf 78' lang='lat' dir='ltr'><strong>Non</strong></span> <span class='ocrx_word' id='word_1_117' title='bbox 3730 968 3985 1042; x_wconf 74' lang='lat' dir='ltr'><strong>indiqeo</strong></span> 
     </span>
     <span class='ocr_line' id='line_1_17' title="bbox 2496 1070 3987 1140; baseline -0.005 -8"><span class='ocrx_word' id='word_1_118' title='bbox 2496 1073 2618 1132; x_wconf 76' lang='lat' dir='ltr'><strong>kae</strong></span> <span class='ocrx_word' id='word_1_119' title='bbox 2646 1071 3122 1140; x_wconf 84' lang='lat' dir='ltr'><strong>vicissitudine,</strong></span> <span class='ocrx_word' id='word_1_120' title='bbox 3154 1071 3265 1128; x_wconf 86' lang='lat' dir='ltr'><strong>sed</strong></span> <span class='ocrx_word' id='word_1_121' title='bbox 3294 1070 3537 1128; x_wconf 83' lang='lat' dir='ltr'><strong>obsecro</strong></span> <span class='ocrx_word' id='word_1_122' title='bbox 3584 1077 3655 1127; x_wconf 88' lang='lat' dir='ltr'><strong>ut</strong></span> <span class='ocrx_word' id='word_1_123' title='bbox 3699 1074 3987 1126; x_wconf 81' lang='lat' dir='ltr'><strong>revertar</strong></span> 
     </span>
     <span class='ocr_line' id='line_1_18' title="bbox 2494 1167 3987 1237; baseline -0.004 -9"><span class='ocrx_word' id='word_1_124' title='bbox 2494 1189 2715 1229; x_wconf 85' lang='lat' dir='ltr'><strong>servus</strong></span> <span class='ocrx_word' id='word_1_125' title='bbox 2747 1179 2925 1237; x_wconf 84' lang='lat' dir='ltr'><strong>tuus,</strong></span> <span class='ocrx_word' id='word_1_126' title='bbox 2952 1178 3012 1228; x_wconf 91' lang='lat' dir='ltr'><strong>et</strong></span> <span class='ocrx_word' id='word_1_127' title='bbox 3050 1170 3299 1228; x_wconf 85' lang='lat' dir='ltr'><strong>moriar</strong></span> <span class='ocrx_word' id='word_1_128' title='bbox 3340 1167 3413 1226; x_wconf 85' lang='lat' dir='ltr'><strong>in</strong></span> <span class='ocrx_word' id='word_1_129' title='bbox 3443 1167 3707 1225; x_wconf 85' lang='lat' dir='ltr'><strong>civitate</strong></span> <span class='ocrx_word' id='word_1_130' title='bbox 3737 1184 3899 1235; x_wconf 85' lang='lat' dir='ltr'><strong>mea,</strong></span> <span class='ocrx_word' id='word_1_131' title='bbox 3928 1172 3987 1222; x_wconf 88' lang='lat' dir='ltr'><strong>et</strong></span> 
     </span>
     <span class='ocr_line' id='line_1_19' title="bbox 2494 1266 3989 1345; baseline -0.004 -19"><span class='ocrx_word' id='word_1_132' title='bbox 2494 1269 2773 1345; x_wconf 85' lang='lat' dir='ltr'><strong>sepeliar</strong></span> <span class='ocrx_word' id='word_1_133' title='bbox 2775 1268 2985 1342; x_wconf 75' lang='lat' dir='ltr'><strong>juxta</strong></span> <span class='ocrx_word' id='word_1_134' title='bbox 3002 1269 3371 1345; x_wconf 84' lang='lat' dir='ltr'><strong>sepulcrum</strong></span> <span class='ocrx_word' id='word_1_135' title='bbox 3384 1266 3601 1342; x_wconf 82' lang='lat' dir='ltr'><strong>patris</strong></span> <span class='ocrx_word' id='word_1_136' title='bbox 3630 1266 3761 1322; x_wconf 85' lang='lat' dir='ltr'><strong>mei</strong></span> <span class='ocrx_word' id='word_1_137' title='bbox 3776 1271 3839 1322; x_wconf 90' lang='lat' dir='ltr'><strong>et</strong></span> <span class='ocrx_word' id='word_1_138' title='bbox 3860 1282 3989 1321; x_wconf 84' lang='lat' dir='ltr'><strong>ma·</strong></span> 
     </span>
     <span class='ocr_line' id='line_1_20' title="bbox 2500 1363 3990 1427; baseline -0.003 -2"><span class='ocrx_word' id='word_1_139' title='bbox 2500 1368 2617 1425; x_wconf 87' lang='lat' dir='ltr'><strong>tris</strong></span> <span class='ocrx_word' id='word_1_140' title='bbox 2638 1385 2811 1426; x_wconf 85' lang='lat' dir='ltr'><strong>meoe.</strong></span> <span class='ocrx_word' id='word_1_141' title='bbox 2826 1368 2946 1426; x_wconf 87' lang='lat' dir='ltr'><strong>Est</strong></span> <span class='ocrx_word' id='word_1_142' title='bbox 2966 1375 3179 1424; x_wconf 88' lang='lat' dir='ltr'><strong>autem</strong></span> <span class='ocrx_word' id='word_1_143' title='bbox 3198 1383 3418 1423; x_wconf 87' lang='lat' dir='ltr'><strong>servus</strong></span> <span class='ocrx_word' id='word_1_144' title='bbox 3450 1373 3597 1422; x_wconf 88' lang='lat' dir='ltr'><strong>tuus</strong></span> <span class='ocrx_word' id='word_1_145' title='bbox 3620 1363 3990 1427; x_wconf 77' lang='lat' dir='ltr'><strong>Chamaam,</strong></span> 
     </span>
     <span class='ocr_line' id='line_1_21' title="bbox 2497 1462 3989 1540; baseline -0.001 -19"><span class='ocrx_word' id='word_1_146' title='bbox 2497 1465 2629 1540; x_wconf 88' lang='lat' dir='ltr'><strong>ipse</strong></span> <span class='ocrx_word' id='word_1_147' title='bbox 2672 1467 2871 1524; x_wconf 83' lang='lat' dir='ltr'><strong>vadat</strong></span> <span class='ocrx_word' id='word_1_148' title='bbox 2922 1474 3145 1531; x_wconf 87' lang='lat' dir='ltr'><strong>tecum,</strong></span> <span class='ocrx_word' id='word_1_149' title='bbox 3172 1463 3434 1522; x_wconf 87' lang='lat' dir='ltr'><strong>domine</strong></span> <span class='ocrx_word' id='word_1_150' title='bbox 3478 1462 3571 1522; x_wconf 89' lang='lat' dir='ltr'><strong>mi</strong></span> <span class='ocrx_word' id='word_1_151' title='bbox 3610 1481 3754 1530; x_wconf 71' lang='lat' dir='ltr'><strong>rese,</strong></span> <span class='ocrx_word' id='word_1_152' title='bbox 3780 1471 3841 1520; x_wconf 86' lang='lat' dir='ltr'><strong>et</strong></span> <span class='ocrx_word' id='word_1_153' title='bbox 3880 1462 3989 1537; x_wconf 85' lang='lat' dir='ltr'><strong>fac</strong></span> 
     </span>
     <span class='ocr_line' id='line_1_22' title="bbox 2496 1560 3983 1641; baseline -0.003 -21"><span class='ocrx_word' id='word_1_154' title='bbox 2496 1563 2605 1621; x_wconf 77' lang='lat' dir='ltr'><strong>itti</strong></span> <span class='ocrx_word' id='word_1_155' title='bbox 2648 1564 2976 1641; x_wconf 81' lang='lat' dir='ltr'><strong>quidquid</strong></span> <span class='ocrx_word' id='word_1_156' title='bbox 3018 1564 3254 1622; x_wconf 86' lang='lat' dir='ltr'><strong>bonum</strong></span> <span class='ocrx_word' id='word_1_157' title='bbox 3304 1563 3423 1622; x_wconf 85' lang='lat' dir='ltr'><strong>tibi</strong></span> <span class='ocrx_word' id='word_1_158' title='bbox 3470 1562 3753 1621; x_wconf 84' lang='lat' dir='ltr'><strong>videtur.</strong></span> <span class='ocrx_word' id='word_1_159' title='bbox 3794 1560 3983 1620; x_wconf 68' lang='lat' dir='ltr'><strong>Dia-it</strong></span> 
     </span>
     <span class='ocr_line' id='line_1_23' title="bbox 2494 1663 3985 1740; baseline -0.001 -21"><span class='ocrx_word' id='word_1_160' title='bbox 2494 1663 2717 1740; x_wconf 82' lang='lat' dir='ltr'><strong>itaque</strong></span> <span class='ocrx_word' id='word_1_161' title='bbox 2762 1681 2880 1720; x_wconf 70' lang='lat' dir='ltr'><strong>rem</strong></span> <span class='ocrx_word' id='word_1_162' title='bbox 2919 1679 2943 1721; x_wconf 91' lang='lat'><strong>.·</strong></span> <span class='ocrx_word' id='word_1_163' title='bbox 2982 1663 3236 1722; x_wconf 73' lang='lat' dir='ltr'><strong>Mecum</strong></span> <span class='ocrx_word' id='word_1_164' title='bbox 3287 1669 3567 1720; x_wconf 87' lang='lat' dir='ltr'><strong>transeat</strong></span> <span class='ocrx_word' id='word_1_165' title='bbox 3608 1663 3985 1726; x_wconf 77' lang='lat' dir='ltr'><strong>Chamaam,</strong></span> 
     </span>
     <span class='ocr_line' id='line_1_24' title="bbox 2494 1759 3985 1838; baseline -0.002 -20"><span class='ocrx_word' id='word_1_166' title='bbox 2494 1769 2554 1819; x_wconf 89' lang='lat' dir='ltr'><strong>et</strong></span> <span class='ocrx_word' id='word_1_167' title='bbox 2590 1779 2700 1836; x_wconf 72' lang='lat' dir='ltr'><strong>eqo</strong></span> <span class='ocrx_word' id='word_1_168' title='bbox 2740 1762 2989 1837; x_wconf 84' lang='lat' dir='ltr'><strong>faciam</strong></span> <span class='ocrx_word' id='word_1_169' title='bbox 3028 1761 3091 1818; x_wconf 91' lang='lat' dir='ltr'><strong>ei</strong></span> <span class='ocrx_word' id='word_1_170' title='bbox 3118 1760 3444 1838; x_wconf 80' lang='lat' dir='ltr'><strong>quidquid</strong></span> <span class='ocrx_word' id='word_1_171' title='bbox 3488 1760 3608 1818; x_wconf 87' lang='lat' dir='ltr'><strong>tibi</strong></span> <span class='ocrx_word' id='word_1_172' title='bbox 3633 1759 3985 1834; x_wconf 77' lang='lat' dir='ltr'><strong>placuerit,</strong></span> 
     </span>
    </p>
   </div>
   <div class='ocr_carea' id='block_1_5' title="bbox 898 1857 3983 1940">
    <p class='ocr_par' dir='ltr' id='par_1_5' title="bbox 898 1857 3983 1940">
     <span class='ocr_line' id='line_1_25' title="bbox 898 1857 3983 1940; baseline -0.003 -14"><span class='ocrx_word' id='word_1_173' title='bbox 898 1867 1121 1926; x_wconf 86' lang='lat' dir='ltr'><strong>Etiam</strong></span> <span class='ocrx_word' id='word_1_174' title='bbox 1149 1874 1377 1925; x_wconf 85' lang='lat' dir='ltr'><strong>cuncta</strong></span> <span class='ocrx_word' id='word_1_175' title='bbox 1403 1865 1704 1940; x_wconf 83' lang='lat' dir='ltr'><strong>accipiat,</strong></span> <span class='ocrx_word' id='word_1_176' title='bbox 1721 1871 2063 1940; x_wconf 78' lang='lat' dir='ltr'><strong>postquam</strong></span> <span class='ocrx_word' id='word_1_177' title='bbox 2094 1878 2384 1918; x_wconf 81' lang='lat' dir='ltr'><strong>reversus</strong></span> <span class='ocrx_word' id='word_1_178' title='bbox 2424 1861 2470 1924; x_wconf 88' lang='lat' dir='ltr'><strong>B</strong></span> <span class='ocrx_word' id='word_1_179' title='bbox 2496 1866 2555 1916; x_wconf 89' lang='lat' dir='ltr'><strong>et</strong></span> <span class='ocrx_word' id='word_1_180' title='bbox 2590 1877 2775 1917; x_wconf 87' lang='lat' dir='ltr'><strong>omne</strong></span> <span class='ocrx_word' id='word_1_181' title='bbox 2822 1861 2992 1936; x_wconf 81' lang='lat' dir='ltr'><strong>quod</strong></span> <span class='ocrx_word' id='word_1_182' title='bbox 3024 1858 3291 1935; x_wconf 80' lang='lat' dir='ltr'><strong>petieris</strong></span> <span class='ocrx_word' id='word_1_183' title='bbox 3338 1878 3381 1916; x_wconf 91' lang='lat' dir='ltr'><strong>a</strong></span> <span class='ocrx_word' id='word_1_184' title='bbox 3430 1876 3549 1927; x_wconf 88' lang='lat' dir='ltr'><strong>me,</strong></span> <span class='ocrx_word' id='word_1_185' title='bbox 3584 1857 3983 1932; x_wconf 46' lang='lat' dir='ltr'><strong>impetrabis</strong></span> 
     </span>
    </p>
   </div>
   <div class='ocr_carea' id='block_1_6' title="bbox 892 1961 2392 2828">
    <p class='ocr_par' dir='ltr' id='par_1_6' title="bbox 897 1961 2383 2124">
     <span class='ocr_line' id='line_1_26' title="bbox 897 1961 2383 2038; baseline -0.005 -14"><span class='ocrx_word' id='word_1_186' title='bbox 897 1974 986 2024; x_wconf 85' lang='lat' dir='ltr'><strong>est</strong></span> <span class='ocrx_word' id='word_1_187' title='bbox 1013 1967 1318 2025; x_wconf 86' lang='lat' dir='ltr'><strong>dominus</strong></span> <span class='ocrx_word' id='word_1_188' title='bbox 1351 1983 1527 2024; x_wconf 84' lang='lat' dir='ltr'><strong>meus</strong></span> <span class='ocrx_word' id='word_1_189' title='bbox 1560 1982 1676 2022; x_wconf 74' lang='lat' dir='ltr'><strong>rex</strong></span> <span class='ocrx_word' id='word_1_190' title='bbox 1701 1961 1976 2038; x_wconf 84' lang='lat' dir='ltr'><strong>pacifice</strong></span> <span class='ocrx_word' id='word_1_191' title='bbox 2012 1961 2085 2019; x_wconf 88' lang='lat' dir='ltr'><strong>in</strong></span> <span class='ocrx_word' id='word_1_192' title='bbox 2116 1961 2383 2018; x_wconf 89' lang='lat' dir='ltr'><strong>domum</strong></span> 
     </span>
     <span class='ocr_line' id='line_1_27' title="bbox 897 2083 1108 2124; baseline 0.009 -2"><span class='ocrx_word' id='word_1_193' title='bbox 897 2083 1108 2124; x_wconf 86' lang='lat' dir='ltr'><strong>suam.</strong></span> 
     </span>
    </p>

    <p class='ocr_par' dir='ltr' id='par_1_7' title="bbox 892 2157 2392 2828">
     <span class='ocr_line' id='line_1_28' title="bbox 979 2157 2390 2239; baseline -0.008 -17"><span class='ocrx_word' id='word_1_194' title='bbox 979 2162 1304 2222; x_wconf 64' lang='lat' dir='ltr'><strong>Bersellai</strong></span> <span class='ocrx_word' id='word_1_195' title='bbox 1333 2179 1581 2239; x_wconf 81' lang='lat' dir='ltr'><strong>quoque</strong></span> <span class='ocrx_word' id='word_1_196' title='bbox 1615 2158 1986 2219; x_wconf 80' lang='lat' dir='ltr'><strong>Galaadites</strong></span> <span class='ocrx_word' id='word_1_197' title='bbox 2027 2175 2221 2216; x_wconf 68' lang='lat' dir='ltr'><strong>senex</strong></span> <span class='ocrx_word' id='word_1_198' title='bbox 2251 2157 2390 2212; x_wconf 81' lang='lat' dir='ltr'><strong>vat-</strong></span> 
     </span>
     <span class='ocr_line' id='line_1_29' title="bbox 897 2254 2391 2332; baseline -0.007 -12"><span class='ocrx_word' id='word_1_199' title='bbox 897 2263 1002 2329; x_wconf 88' lang='lat' dir='ltr'><strong>de,</strong></span> <span class='ocrx_word' id='word_1_200' title='bbox 1047 2261 1430 2319; x_wconf 88' lang='lat' dir='ltr'><strong>descendens</strong></span> <span class='ocrx_word' id='word_1_201' title='bbox 1475 2259 1554 2316; x_wconf 86' lang='lat' dir='ltr'><strong>de</strong></span> <span class='ocrx_word' id='word_1_202' title='bbox 1589 2257 1909 2332; x_wconf 71' lang='lat' dir='ltr'><strong>Royelim,</strong></span> <span class='ocrx_word' id='word_1_203' title='bbox 1953 2254 2253 2315; x_wconf 72' lang='lat' dir='ltr'><strong>tradamit</strong></span> <span class='ocrx_word' id='word_1_204' title='bbox 2298 2271 2391 2311; x_wconf 89' lang='lat' dir='ltr'><strong>re-</strong></span> 
     </span>
     <span class='ocr_line' id='line_1_30' title="bbox 892 2353 2391 2435; baseline -0.005 -19"><span class='ocrx_word' id='word_1_205' title='bbox 892 2378 1038 2435; x_wconf 75' lang='lat' dir='ltr'><strong>yem</strong></span> <span class='ocrx_word' id='word_1_206' title='bbox 1077 2359 1454 2425; x_wconf 74' lang='lat' dir='ltr'><strong><em>Iordanem,</em></strong></span> <span class='ocrx_word' id='word_1_207' title='bbox 1475 2364 1754 2432; x_wconf 83' lang='lat' dir='ltr'><strong>paratus</strong></span> <span class='ocrx_word' id='word_1_208' title='bbox 1795 2355 1994 2413; x_wconf 89' lang='lat' dir='ltr'><strong>etiam</strong></span> <span class='ocrx_word' id='word_1_209' title='bbox 2035 2355 2214 2411; x_wconf 86' lang='lat' dir='ltr'><strong>ultra</strong></span> <span class='ocrx_word' id='word_1_210' title='bbox 2263 2353 2391 2426; x_wconf 80' lang='lat' dir='ltr'><strong>flu-</strong></span> 
     </span>
     <span class='ocr_line' id='line_1_31' title="bbox 903 2451 2392 2534; baseline -0.007 -18"><span class='ocrx_word' id='word_1_211' title='bbox 903 2459 1084 2516; x_wconf 85' lang='lat' dir='ltr'><strong>vium</strong></span> <span class='ocrx_word' id='word_1_212' title='bbox 1105 2457 1410 2534; x_wconf 78' lang='lat' dir='ltr'><strong>prosequi</strong></span> <span class='ocrx_word' id='word_1_213' title='bbox 1436 2474 1606 2514; x_wconf 85' lang='lat' dir='ltr'><strong>eum.</strong></span> <span class='ocrx_word' id='word_1_214' title='bbox 1635 2455 1798 2514; x_wconf 79' lang='lat' dir='ltr'><strong>Erat</strong></span> <span class='ocrx_word' id='word_1_215' title='bbox 1827 2460 2044 2512; x_wconf 89' lang='lat' dir='ltr'><strong>aute-m</strong></span> <span class='ocrx_word' id='word_1_216' title='bbox 2065 2451 2392 2511; x_wconf 79' lang='lat' dir='ltr'><strong>Berzellai</strong></span> 
     </span>
     <span class='ocr_line' id='line_1_32' title="bbox 905 2552 2391 2624; baseline -0.005 -8"><span class='ocrx_word' id='word_1_217' title='bbox 905 2557 1274 2616; x_wconf 84' lang='lat' dir='ltr'><strong>Galaadites</strong></span> <span class='ocrx_word' id='word_1_218' title='bbox 1313 2573 1504 2614; x_wconf 56' lang='lat' dir='ltr'><strong>senes:</strong></span> <span class='ocrx_word' id='word_1_219' title='bbox 1549 2554 1758 2622; x_wconf 85' lang='lat' dir='ltr'><strong>valde,</strong></span> <span class='ocrx_word' id='word_1_220' title='bbox 1807 2552 1880 2609; x_wconf 88' lang='lat' dir='ltr'><strong>id</strong></span> <span class='ocrx_word' id='word_1_221' title='bbox 1926 2559 2016 2610; x_wconf 91' lang='lat' dir='ltr'><strong>est</strong></span> <span class='ocrx_word' id='word_1_222' title='bbox 2063 2559 2391 2624; x_wconf 71' lang='lat' dir='ltr'><strong>octoyena-</strong></span> 
     </span>
     <span class='ocr_line' id='line_1_33' title="bbox 899 2643 2389 2731; baseline -0.005 -19"><span class='ocrx_word' id='word_1_223' title='bbox 899 2653 1081 2712; x_wconf 83' lang='lat' dir='ltr'><strong>rius:</strong></span> <span class='ocrx_word' id='word_1_224' title='bbox 1097 2669 1173 2713; x_wconf 85' lang='lat' dir='ltr'><strong>ex</strong></span> <span class='ocrx_word' id='word_1_225' title='bbox 1201 2667 1330 2731; x_wconf 92' lang='lat' dir='ltr'><strong>quo</strong></span> <span class='ocrx_word' id='word_1_226' title='bbox 1353 2657 1545 2730; x_wconf 86' lang='lat' dir='ltr'><strong>patet,</strong></span> <span class='ocrx_word' id='word_1_227' title='bbox 1565 2647 1736 2729; x_wconf 92' lang='lat' dir='ltr'><strong>quod</strong></span> <span class='ocrx_word' id='word_1_228' title='bbox 1758 2655 1822 2709; x_wconf 93' lang='lat' dir='ltr'><strong>et</strong></span> <span class='ocrx_word' id='word_1_229' title='bbox 1841 2645 1970 2708; x_wconf 88' lang='lat' dir='ltr'><strong>illis</strong></span> <span class='ocrx_word' id='word_1_230' title='bbox 1995 2643 2389 2727; x_wconf 81' lang='lat' dir='ltr'><strong>temporibus</strong></span> 
     </span>
     <span class='ocr_line' id='line_1_34' title="bbox 902 2743 2391 2828; baseline -0.006 -16"><span class='ocrx_word' id='word_1_231' title='bbox 902 2758 1052 2814; x_wconf 81' lang='lat' dir='ltr'><strong>aetas</strong></span> <span class='ocrx_word' id='word_1_232' title='bbox 1082 2748 1192 2811; x_wconf 85' lang='lat' dir='ltr'><strong>illa</strong></span> <span class='ocrx_word' id='word_1_233' title='bbox 1219 2748 1404 2810; x_wconf 79' lang='lat' dir='ltr'><strong>valde</strong></span> <span class='ocrx_word' id='word_1_234' title='bbox 1434 2765 1664 2828; x_wconf 87' lang='lat' dir='ltr'><strong>magna</strong></span> <span class='ocrx_word' id='word_1_235' title='bbox 1683 2744 2114 2827; x_wconf 89' lang='lat' dir='ltr'><strong>reputabatur.</strong></span> <span class='ocrx_word' id='word_1_236' title='bbox 2144 2743 2301 2805; x_wconf 91' lang='lat' dir='ltr'><strong>Nam</strong></span> <span class='ocrx_word' id='word_1_237' title='bbox 2329 2749 2391 2805; x_wconf 92' lang='lat' dir='ltr'><strong>et</strong></span> 
     </span>
    </p>
   </div>
   <div class='ocr_carea' id='block_1_7' title="bbox 623 2844 2393 2918">
    <p class='ocr_par' dir='ltr' id='par_1_8' title="bbox 623 2844 2393 2918">
     <span class='ocr_line' id='line_1_35' title="bbox 623 2844 2393 2918; baseline -0.003 -10"><span class='ocrx_word' id='word_1_238' title='bbox 623 2865 872 2918; x_wconf 65' lang='lat' dir='ltr'>mexxnx,</span> <span class='ocrx_word' id='word_1_239' title='bbox 903 2847 1099 2912; x_wconf 89' lang='lat' dir='ltr'><strong>David</strong></span> <span class='ocrx_word' id='word_1_240' title='bbox 1129 2855 1278 2909; x_wconf 89' lang='lat' dir='ltr'><strong>tunc</strong></span> <span class='ocrx_word' id='word_1_241' title='bbox 1307 2845 1550 2908; x_wconf 84' lang='lat' dir='ltr'><strong>dixerat</strong></span> <span class='ocrx_word' id='word_1_242' title='bbox 1585 2863 1598 2906; x_wconf 76' lang='grc' dir='ltr'>ε</span> <span class='ocrx_word' id='word_1_243' title='bbox 1635 2844 1776 2906; x_wconf 87' lang='lat' dir='ltr'><strong>Dies</strong></span> <span class='ocrx_word' id='word_1_244' title='bbox 1807 2861 2120 2906; x_wconf 89' lang='lat' dir='ltr'><strong>annorum</strong></span> <span class='ocrx_word' id='word_1_245' title='bbox 2155 2849 2393 2905; x_wconf 86' lang='lat' dir='ltr'><strong>nostro-</strong></span> 
     </span>
    </p>
   </div>
   <div class='ocr_carea' id='block_1_8' title="bbox 613 2931 677 2971">
    <p class='ocr_par' dir='ltr' id='par_1_9' title="bbox 613 2931 677 2971">
     <span class='ocr_line' id='line_1_36' title="bbox 613 2931 677 2971; baseline 0.016 -1"><span class='ocrx_word' id='word_1_246' title='bbox 613 2931 677 2971; x_wconf 83' lang='lat'><strong>1⁰.</strong></span> 
     </span>
    </p>
   </div>
   <div class='ocr_carea' id='block_1_9' title="bbox 906 2940 2421 3028">
    <p class='ocr_par' dir='ltr' id='par_1_10' title="bbox 906 2940 2421 3028">
     <span class='ocr_line' id='line_1_37' title="bbox 906 2940 2421 3028; baseline -0.005 -19"><span class='ocrx_word' id='word_1_247' title='bbox 906 2966 1044 3009; x_wconf 88' lang='lat' dir='ltr'><strong>rum</strong></span> <span class='ocrx_word' id='word_1_248' title='bbox 1078 2946 1141 3009; x_wconf 90' lang='lat' dir='ltr'><strong>in</strong></span> <span class='ocrx_word' id='word_1_249' title='bbox 1184 2945 1340 3028; x_wconf 89' lang='lat' dir='ltr'><strong>ipsis</strong></span> <span class='ocrx_word' id='word_1_250' title='bbox 1381 2943 1784 3027; x_wconf 80' lang='lat' dir='ltr'><strong>septuaginta</strong></span> <span class='ocrx_word' id='word_1_251' title='bbox 1825 2941 1999 3004; x_wconf 88' lang='lat' dir='ltr'><strong>anni.</strong></span> <span class='ocrx_word' id='word_1_252' title='bbox 2043 2941 2221 3004; x_wconf 89' lang='lat' dir='ltr'><strong>Unde</strong></span> <span class='ocrx_word' id='word_1_253' title='bbox 2251 2940 2421 3022; x_wconf 83' lang='lat' dir='ltr'><strong>qui--</strong></span> 
     </span>
    </p>
   </div>
   <div class='ocr_carea' id='block_1_10' title="bbox 2496 1956 3995 3018">
    <p class='ocr_par' dir='ltr' id='par_1_11' title="bbox 2496 1956 3995 3018">
     <span class='ocr_line' id='line_1_38' title="bbox 2501 1956 3989 2035; baseline -0.002 -19"><span class='ocrx_word' id='word_1_254' title='bbox 2501 1959 2835 2035; x_wconf 81' lang='lat' dir='ltr'><strong>Quumque</strong></span> <span class='ocrx_word' id='word_1_255' title='bbox 2874 1957 3201 2017; x_wconf 75' lang='lat' dir='ltr'><strong>transisset</strong></span> <span class='ocrx_word' id='word_1_256' title='bbox 3240 1956 3581 2014; x_wconf 81' lang='lat' dir='ltr'><strong>universus</strong></span> <span class='ocrx_word' id='word_1_257' title='bbox 3604 1957 3892 2031; x_wconf 82' lang='lat' dir='ltr'><strong>populus</strong></span> <span class='ocrx_word' id='word_1_258' title='bbox 3926 1963 3989 2013; x_wconf 84' lang='lat' dir='ltr'><strong>et</strong></span> 
     </span>
     <span class='ocr_line' id='line_1_39' title="bbox 2496 2055 3985 2125; baseline -0.001 -12"><span class='ocrx_word' id='word_1_259' title='bbox 2496 2075 2612 2113; x_wconf 72' lang='lat' dir='ltr'><strong>rem</strong></span> <span class='ocrx_word' id='word_1_260' title='bbox 2639 2057 3010 2125; x_wconf 86' lang='lat' dir='ltr'><strong>Jordanem,</strong></span> <span class='ocrx_word' id='word_1_261' title='bbox 3044 2055 3281 2113; x_wconf 79' lang='lat' dir='ltr'><strong>restitit</strong></span> <span class='ocrx_word' id='word_1_262' title='bbox 3310 2063 3371 2114; x_wconf 87' lang='lat' dir='ltr'><strong>et</strong></span> <span class='ocrx_word' id='word_1_263' title='bbox 3396 2057 3719 2113; x_wconf 84' lang='lat' dir='ltr'><strong>osculatus</strong></span> <span class='ocrx_word' id='word_1_264' title='bbox 3746 2063 3839 2112; x_wconf 85' lang='lat' dir='ltr'><strong>cst</strong></span> <span class='ocrx_word' id='word_1_265' title='bbox 3866 2073 3985 2111; x_wconf 72' lang='lat' dir='ltr'><strong>rex</strong></span> 
     </span>
     <span class='ocr_line' id='line_1_40' title="bbox 2497 2150 3989 2233; baseline -0.001 -21"><span class='ocrx_word' id='word_1_266' title='bbox 2497 2151 2708 2233; x_wconf 89' lang='lat' dir='ltr'><strong>ipsum</strong></span> <span class='ocrx_word' id='word_1_267' title='bbox 2737 2154 3087 2222; x_wconf 78' lang='lat' dir='ltr'><strong>Berzeltai,</strong></span> <span class='ocrx_word' id='word_1_268' title='bbox 3122 2151 3533 2214; x_wconf 82' lang='lat' dir='ltr'><strong>valedicendo</strong></span> <span class='ocrx_word' id='word_1_269' title='bbox 3568 2150 3629 2213; x_wconf 92' lang='lat' dir='ltr'><strong>ei</strong></span> <span class='ocrx_word' id='word_1_270' title='bbox 3660 2169 3741 2213; x_wconf 85' lang='lat' dir='ltr'><strong>ex</strong></span> <span class='ocrx_word' id='word_1_271' title='bbox 3770 2168 3989 2214; x_wconf 81' lang='lat' dir='ltr'><strong>amore</strong></span> 
     </span>
     <span class='ocr_line' id='line_1_41' title="bbox 2498 2249 3989 2332; baseline -0.002 -21"><span class='ocrx_word' id='word_1_272' title='bbox 2498 2250 2921 2332; x_wconf 83' lang='lat' dir='ltr'><strong>praecipu0‚et</strong></span> <span class='ocrx_word' id='word_1_273' title='bbox 2942 2269 3056 2332; x_wconf 92' lang='lat' dir='ltr'><strong>pro</strong></span> <span class='ocrx_word' id='word_1_274' title='bbox 3088 2249 3263 2331; x_wconf 83' lang='lat' dir='ltr'><strong>pacis</strong></span> <span class='ocrx_word' id='word_1_275' title='bbox 3296 2249 3633 2326; x_wconf 88' lang='lat' dir='ltr'><strong>indicio,et</strong></span> <span class='ocrx_word' id='word_1_276' title='bbox 3654 2250 3989 2310; x_wconf 71' lang='lat' dir='ltr'><strong>benedixit</strong></span> 
     </span>
     <span class='ocr_line' id='line_1_42' title="bbox 2496 2351 3861 2422; baseline 0 -14"><span class='ocrx_word' id='word_1_277' title='bbox 2496 2352 2560 2408; x_wconf 89' lang='lat' dir='ltr'><strong>ei</strong></span> <span class='ocrx_word' id='word_1_278' title='bbox 2578 2373 2606 2422; x_wconf 86' lang='lat'><strong>,·</strong></span> <span class='ocrx_word' id='word_1_279' title='bbox 2633 2359 2693 2410; x_wconf 88' lang='lat' dir='ltr'><strong>et</strong></span> <span class='ocrx_word' id='word_1_280' title='bbox 2724 2352 2839 2410; x_wconf 84' lang='lat' dir='ltr'><strong>ille</strong></span> <span class='ocrx_word' id='word_1_281' title='bbox 2867 2370 3153 2409; x_wconf 85' lang='lat' dir='ltr'><strong>reversus</strong></span> <span class='ocrx_word' id='word_1_282' title='bbox 3184 2358 3273 2409; x_wconf 87' lang='lat' dir='ltr'><strong>est</strong></span> <span class='ocrx_word' id='word_1_283' title='bbox 3304 2351 3377 2410; x_wconf 88' lang='lat' dir='ltr'><strong>in</strong></span> <span class='ocrx_word' id='word_1_284' title='bbox 3408 2353 3617 2409; x_wconf 82' lang='lat' dir='ltr'><strong>locum</strong></span> <span class='ocrx_word' id='word_1_285' title='bbox 3644 2369 3861 2408; x_wconf 83' lang='lat' dir='ltr'><strong>suum.</strong></span> 
     </span>
     <span class='ocr_line' id='line_1_43' title="bbox 2584 2447 3990 2524; baseline -0.002 -15"><span class='ocrx_word' id='word_1_286' title='bbox 2584 2449 2915 2509; x_wconf 81' lang='lat' dir='ltr'><strong>Transivit</strong></span> <span class='ocrx_word' id='word_1_287' title='bbox 2941 2467 3088 2524; x_wconf 73' lang='lat' dir='ltr'><strong>erqo</strong></span> <span class='ocrx_word' id='word_1_288' title='bbox 3130 2467 3248 2507; x_wconf 76' lang='lat' dir='ltr'><strong>rem</strong></span> <span class='ocrx_word' id='word_1_289' title='bbox 3282 2449 3355 2508; x_wconf 88' lang='lat' dir='ltr'><strong>in</strong></span> <span class='ocrx_word' id='word_1_290' title='bbox 3390 2451 3760 2524; x_wconf 71' lang='lat' dir='ltr'><strong>Galyalam,</strong></span> <span class='ocrx_word' id='word_1_291' title='bbox 3790 2447 3859 2508; x_wconf 88' lang='lat' dir='ltr'><strong>id</strong></span> <span class='ocrx_word' id='word_1_292' title='bbox 3892 2454 3990 2508; x_wconf 87' lang='lat' dir='ltr'><strong>est</strong></span> 
     </span>
     <span class='ocr_line' id='line_1_44' title="bbox 2500 2544 3990 2628; baseline -0.002 -20"><span class='ocrx_word' id='word_1_293' title='bbox 2500 2546 2713 2609; x_wconf 91' lang='lat' dir='ltr'><strong>locum</strong></span> <span class='ocrx_word' id='word_1_294' title='bbox 2763 2544 3080 2608; x_wconf 84' lang='lat' dir='ltr'><strong>famosum</strong></span> <span class='ocrx_word' id='word_1_295' title='bbox 3128 2545 3219 2607; x_wconf 93' lang='lat' dir='ltr'><strong>sic</strong></span> <span class='ocrx_word' id='word_1_296' title='bbox 3264 2545 3678 2628; x_wconf 87' lang='lat' dir='ltr'><strong>appellatum,</strong></span> <span class='ocrx_word' id='word_1_297' title='bbox 3726 2557 3787 2605; x_wconf 85' lang='lat' dir='ltr'><strong>et</strong></span> <span class='ocrx_word' id='word_1_298' title='bbox 3830 2548 3990 2606; x_wconf 74' lang='lat' dir='ltr'><strong>Cha-</strong></span> 
     </span>
     <span class='ocr_line' id='line_1_45' title="bbox 2504 2643 3985 2724; baseline -0.001 -18"><span class='ocrx_word' id='word_1_299' title='bbox 2504 2665 2721 2706; x_wconf 85' lang='lat' dir='ltr'><strong>maam</strong></span> <span class='ocrx_word' id='word_1_300' title='bbox 2766 2643 2944 2706; x_wconf 79' lang='lat' dir='ltr'><strong>filius</strong></span> <span class='ocrx_word' id='word_1_301' title='bbox 2992 2643 3293 2706; x_wconf 85' lang='lat' dir='ltr'><strong>Berzellai</strong></span> <span class='ocrx_word' id='word_1_302' title='bbox 3342 2665 3489 2706; x_wconf 87' lang='lat' dir='ltr'><strong>cum</strong></span> <span class='ocrx_word' id='word_1_303' title='bbox 3534 2664 3628 2714; x_wconf 86' lang='lat' dir='ltr'><strong>eo,</strong></span> <span class='ocrx_word' id='word_1_304' title='bbox 3677 2643 3985 2724; x_wconf 86' lang='lat' dir='ltr'><strong>quoniam</strong></span> 
     </span>
     <span class='ocr_line' id='line_1_46' title="bbox 2500 2741 3987 2824; baseline -0.001 -18"><span class='ocrx_word' id='word_1_305' title='bbox 2500 2743 2695 2806; x_wconf 84' lang='lat' dir='ltr'><strong>David</strong></span> <span class='ocrx_word' id='word_1_306' title='bbox 2731 2741 2941 2805; x_wconf 80' lang='lat' dir='ltr'><strong>filium</strong></span> <span class='ocrx_word' id='word_1_307' title='bbox 2988 2741 3173 2805; x_wconf 87' lang='lat' dir='ltr'><strong>illum</strong></span> <span class='ocrx_word' id='word_1_308' title='bbox 3219 2742 3358 2806; x_wconf 88' lang='lat' dir='ltr'><strong>loco</strong></span> <span class='ocrx_word' id='word_1_309' title='bbox 3388 2742 3585 2824; x_wconf 88' lang='lat' dir='ltr'><strong>patris</strong></span> <span class='ocrx_word' id='word_1_310' title='bbox 3628 2742 3729 2804; x_wconf 90' lang='lat' dir='ltr'><strong>sui</strong></span> <span class='ocrx_word' id='word_1_311' title='bbox 3770 2761 3987 2805; x_wconf 87' lang='lat' dir='ltr'><strong>seeum</strong></span> 
     </span>
     <span class='ocr_line' id='line_1_47' title="bbox 2501 2841 3995 2923; baseline -0.002 -20"><span class='ocrx_word' id='word_1_312' title='bbox 2501 2841 2767 2923; x_wconf 88' lang='lat' dir='ltr'><strong>accepit.</strong></span> <span class='ocrx_word' id='word_1_313' title='bbox 2817 2842 3039 2903; x_wconf 86' lang='lat' dir='ltr'><strong>Omnis</strong></span> <span class='ocrx_word' id='word_1_314' title='bbox 3083 2851 3297 2901; x_wconf 90' lang='lat' dir='ltr'><strong>autem</strong></span> <span class='ocrx_word' id='word_1_315' title='bbox 3338 2845 3615 2918; x_wconf 83' lang='lat' dir='ltr'><strong>populus</strong></span> <span class='ocrx_word' id='word_1_316' title='bbox 3640 2844 3821 2902; x_wconf 79' lang='lat' dir='ltr'><strong>Iuda</strong></span> <span class='ocrx_word' id='word_1_317' title='bbox 3864 2851 3995 2902; x_wconf 86' lang='lat' dir='ltr'><strong>tra-</strong></span> 
     </span>
     <span class='ocr_line' id='line_1_48' title="bbox 2500 2943 3995 3018; baseline -0.001 -16"><span class='ocrx_word' id='word_1_318' title='bbox 2500 2946 2783 3002; x_wconf 70' lang='lat' dir='ltr'><strong>duoeerat</strong></span> <span class='ocrx_word' id='word_1_319' title='bbox 2812 2960 3048 3018; x_wconf 72' lang='lat' dir='ltr'><strong>reyem,</strong></span> <span class='ocrx_word' id='word_1_320' title='bbox 3077 2950 3137 3000; x_wconf 89' lang='lat' dir='ltr'><strong>et</strong></span> <span class='ocrx_word' id='word_1_321' title='bbox 3168 2943 3382 3001; x_wconf 89' lang='lat' dir='ltr'><strong>media</strong></span> <span class='ocrx_word' id='word_1_322' title='bbox 3417 2949 3671 3000; x_wconf 83' lang='lat' dir='ltr'><strong>tantum</strong></span> <span class='ocrx_word' id='word_1_323' title='bbox 3694 2959 3859 3018; x_wconf 81' lang='lat' dir='ltr'><strong>pars</strong></span> <span class='ocrx_word' id='word_1_324' title='bbox 3884 2943 3995 3000; x_wconf 82' lang='lat' dir='ltr'><strong>ad-</strong></span> 
     </span>
    </p>
   </div>
   <div class='ocr_carea' id='block_1_11' title="bbox 904 3038 3995 3124">
    <p class='ocr_par' dir='ltr' id='par_1_12' title="bbox 904 3038 3995 3124">
     <span class='ocr_line' id='line_1_49' title="bbox 904 3038 3995 3124; baseline -0.004 -16"><span class='ocrx_word' id='word_1_325' title='bbox 904 3046 1048 3108; x_wconf 92' lang='lat' dir='ltr'><strong>dam</strong></span> <span class='ocrx_word' id='word_1_326' title='bbox 1074 3043 1478 3118; x_wconf 89' lang='lat' dir='ltr'><strong>concludunt,</strong></span> <span class='ocrx_word' id='word_1_327' title='bbox 1491 3039 1974 3124; x_wconf 85' lang='lat' dir='ltr'><strong>supernaturale</strong></span> <span class='ocrx_word' id='word_1_328' title='bbox 1999 3038 2200 3102; x_wconf 88' lang='lat' dir='ltr'><strong>fuisse</strong></span> <span class='ocrx_word' id='word_1_329' title='bbox 2222 3038 2392 3121; x_wconf 89' lang='lat' dir='ltr'><strong>quod</strong></span> <span class='ocrx_word' id='word_1_330' title='bbox 2428 3041 2473 3106; x_wconf 93' lang='lat' dir='ltr'>C</span> <span class='ocrx_word' id='word_1_331' title='bbox 2500 3041 2721 3116; x_wconf 82' lang='lat' dir='ltr'><strong>fuerat</strong></span> <span class='ocrx_word' id='word_1_332' title='bbox 2748 3043 2828 3100; x_wconf 87' lang='lat' dir='ltr'><strong>de</strong></span> <span class='ocrx_word' id='word_1_333' title='bbox 2846 3043 3091 3116; x_wconf 77' lang='lat' dir='ltr'><strong>populo</strong></span> <span class='ocrx_word' id='word_1_334' title='bbox 3112 3041 3338 3100; x_wconf 82' lang='lat' dir='ltr'><strong>Israel.</strong></span> <span class='ocrx_word' id='word_1_335' title='bbox 3364 3041 3594 3118; x_wconf 84' lang='lat' dir='ltr'><strong>Itaque</strong></span> <span class='ocrx_word' id='word_1_336' title='bbox 3622 3058 3837 3099; x_wconf 82' lang='lat' dir='ltr'><strong>omnes</strong></span> <span class='ocrx_word' id='word_1_337' title='bbox 3858 3040 3995 3098; x_wconf 81' lang='lat' dir='ltr'><strong>viri</strong></span> 
     </span>
    </p>
   </div>
   <div class='ocr_carea' id='block_1_12' title="bbox 905 3139 2393 3207">
    <p class='ocr_par' dir='ltr' id='par_1_13' title="bbox 905 3139 2393 3207">
     <span class='ocr_line' id='line_1_50' title="bbox 905 3139 2393 3207; baseline -0.005 0"><span class='ocrx_word' id='word_1_338' title='bbox 905 3144 1197 3207; x_wconf 89' lang='lat' dir='ltr'><strong>homines</strong></span> <span class='ocrx_word' id='word_1_339' title='bbox 1215 3151 1362 3205; x_wconf 87' lang='lat' dir='ltr'><strong>ante</strong></span> <span class='ocrx_word' id='word_1_340' title='bbox 1382 3142 1696 3206; x_wconf 89' lang='lat' dir='ltr'><strong>diluvium</strong></span> <span class='ocrx_word' id='word_1_341' title='bbox 1718 3140 2012 3202; x_wconf 88' lang='lat' dir='ltr'><strong>vixerunt</strong></span> <span class='ocrx_word' id='word_1_342' title='bbox 2033 3139 2219 3201; x_wconf 89' lang='lat' dir='ltr'><strong>annis</strong></span> <span class='ocrx_word' id='word_1_343' title='bbox 2242 3157 2393 3201; x_wconf 89' lang='lat' dir='ltr'><strong>non-</strong></span> 
     </span>
    </p>
   </div>
   <div class='ocr_carea' id='block_1_13' title="bbox 628 3240 2394 3322">
    <p class='ocr_par' dir='ltr' id='par_1_14' title="bbox 628 3240 2394 3322">
     <span class='ocr_line' id='line_1_51' title="bbox 628 3240 2394 3322; baseline -0.003 -21"><span class='ocrx_word' id='word_1_344' title='bbox 628 3258 877 3314; x_wconf 62' lang='lat' dir='ltr'><strong>uneqxvn,</strong></span> <span class='ocrx_word' id='word_1_345' title='bbox 905 3242 1113 3322; x_wconf 83' lang='lat' dir='ltr'><strong>gentis</strong></span> <span class='ocrx_word' id='word_1_346' title='bbox 1144 3249 1253 3303; x_wconf 90' lang='lat' dir='ltr'><strong>aut</strong></span> <span class='ocrx_word' id='word_1_347' title='bbox 1273 3240 1547 3304; x_wconf 82' lang='lat' dir='ltr'><strong>circiter.</strong></span> <span class='ocrx_word' id='word_1_348' title='bbox 1567 3244 1648 3303; x_wconf 74' lang='grc' dir='ltr'><strong>Εἰ</strong></span> <span class='ocrx_word' id='word_1_349' title='bbox 1670 3242 1804 3318; x_wconf 85' lang='lat' dir='ltr'><strong>ipse</strong></span> <span class='ocrx_word' id='word_1_350' title='bbox 1825 3240 2109 3317; x_wconf 67' lang='lat' dir='ltr'><strong>praebuit</strong></span> <span class='ocrx_word' id='word_1_351' title='bbox 2129 3240 2394 3299; x_wconf 81' lang='lat' dir='ltr'><strong>alimen-</strong></span> 
     </span>
    </p>
   </div>
   <div class='ocr_carea' id='block_1_14' title="bbox 613 3324 752 3365">
    <p class='ocr_par' dir='ltr' id='par_1_15' title="bbox 613 3324 752 3365">
     <span class='ocr_line' id='line_1_52' title="bbox 613 3324 752 3365; baseline 0 0"><span class='ocrx_word' id='word_1_352' title='bbox 613 3324 752 3365; x_wconf 74' lang='lat'><strong>27-29.</strong></span> 
     </span>
    </p>
   </div>
   <div class='ocr_carea' id='block_1_15' title="bbox 899 3338 2397 4205">
    <p class='ocr_par' dir='ltr' id='par_1_16' title="bbox 899 3338 2397 4205">
     <span class='ocr_line' id='line_1_53' title="bbox 910 3338 2393 3421; baseline -0.005 -19"><span class='ocrx_word' id='word_1_353' title='bbox 910 3352 974 3403; x_wconf 90' lang='lat' dir='ltr'><strong>ta</strong></span> <span class='ocrx_word' id='word_1_354' title='bbox 1006 3343 1145 3417; x_wconf 72' lang='lat' dir='ltr'><strong>reyi</strong></span> <span class='ocrx_word' id='word_1_355' title='bbox 1180 3362 1383 3421; x_wconf 83' lang='lat' dir='ltr'><strong>quum</strong></span> <span class='ocrx_word' id='word_1_356' title='bbox 1421 3348 1786 3400; x_wconf 83' lang='lat' dir='ltr'><strong>moraretur</strong></span> <span class='ocrx_word' id='word_1_357' title='bbox 1823 3340 1892 3398; x_wconf 85' lang='lat' dir='ltr'><strong>in</strong></span> <span class='ocrx_word' id='word_1_358' title='bbox 1931 3338 2191 3398; x_wconf 82' lang='lat' dir='ltr'><strong>Castris.</strong></span> <span class='ocrx_word' id='word_1_359' title='bbox 2238 3338 2393 3397; x_wconf 82' lang='lat' dir='ltr'><strong>Fuit</strong></span> 
     </span>
     <span class='ocr_line' id='line_1_54' title="bbox 904 3434 2392 3520; baseline -0.003 -19"><span class='ocrx_word' id='word_1_360' title='bbox 904 3442 1142 3520; x_wconf 78' lang='lat' dir='ltr'><strong>quippe</strong></span> <span class='ocrx_word' id='word_1_361' title='bbox 1172 3441 1276 3500; x_wconf 87' lang='lat' dir='ltr'><strong>vir</strong></span> <span class='ocrx_word' id='word_1_362' title='bbox 1304 3442 1483 3499; x_wconf 88' lang='lat' dir='ltr'><strong>dives</strong></span> <span class='ocrx_word' id='word_1_363' title='bbox 1513 3440 1737 3507; x_wconf 86' lang='lat' dir='ltr'><strong>nimis,</strong></span> <span class='ocrx_word' id='word_1_364' title='bbox 1769 3445 1833 3499; x_wconf 87' lang='lat' dir='ltr'><strong>et</strong></span> <span class='ocrx_word' id='word_1_365' title='bbox 1866 3444 2075 3497; x_wconf 86' lang='lat' dir='ltr'><strong>tamen</strong></span> <span class='ocrx_word' id='word_1_366' title='bbox 2108 3434 2392 3497; x_wconf 85' lang='lat' dir='ltr'><strong>liberalis</strong></span> 
     </span>
     <span class='ocr_line' id='line_1_55' title="bbox 903 3534 2393 3621; baseline -0.003 -19"><span class='ocrx_word' id='word_1_367' title='bbox 903 3560 976 3602; x_wconf 83' lang='lat' dir='ltr'><strong>ac</strong></span> <span class='ocrx_word' id='word_1_368' title='bbox 1015 3540 1247 3621; x_wconf 84' lang='lat' dir='ltr'><strong>justuS‚</strong></span> <span class='ocrx_word' id='word_1_369' title='bbox 1283 3545 1354 3600; x_wconf 92' lang='lat' dir='ltr'><strong>ut</strong></span> <span class='ocrx_word' id='word_1_370' title='bbox 1401 3556 1478 3600; x_wconf 87' lang='lat' dir='ltr'><strong>ex</strong></span> <span class='ocrx_word' id='word_1_371' title='bbox 1517 3535 1859 3618; x_wconf 91' lang='lat' dir='ltr'><strong>Scripturis</strong></span> <span class='ocrx_word' id='word_1_372' title='bbox 1907 3543 2192 3617; x_wconf 84' lang='lat' dir='ltr'><strong>apparet,</strong></span> <span class='ocrx_word' id='word_1_373' title='bbox 2240 3534 2393 3616; x_wconf 89' lang='lat' dir='ltr'><strong>quia</strong></span> 
     </span>
     <span class='ocr_line' id='line_1_56' title="bbox 901 3634 2394 3716; baseline -0.004 -15"><span class='ocrx_word' id='word_1_374' title='bbox 901 3638 1034 3701; x_wconf 90' lang='lat' dir='ltr'><strong>suis</strong></span> <span class='ocrx_word' id='word_1_375' title='bbox 1064 3636 1306 3701; x_wconf 87' lang='lat' dir='ltr'><strong>divitiis</strong></span> <span class='ocrx_word' id='word_1_376' title='bbox 1337 3635 1634 3698; x_wconf 86' lang='lat' dir='ltr'><strong>utebatur</strong></span> <span class='ocrx_word' id='word_1_377' title='bbox 1654 3634 2022 3716; x_wconf 90' lang='lat' dir='ltr'><strong>prudenter.</strong></span> <span class='ocrx_word' id='word_1_378' title='bbox 2049 3636 2242 3694; x_wconf 74' lang='lat' dir='ltr'><strong>Dixit</strong></span> <span class='ocrx_word' id='word_1_379' title='bbox 2274 3636 2394 3695; x_wconf 84' lang='lat' dir='ltr'><strong>ita-</strong></span> 
     </span>
     <span class='ocr_line' id='line_1_57' title="bbox 899 3734 2394 3817; baseline -0.005 -18"><span class='ocrx_word' id='word_1_380' title='bbox 899 3758 1024 3817; x_wconf 79' lang='lat' dir='ltr'><strong>que</strong></span> <span class='ocrx_word' id='word_1_381' title='bbox 1050 3757 1166 3796; x_wconf 73' lang='lat' dir='ltr'><strong>rea:</strong></span> <span class='ocrx_word' id='word_1_382' title='bbox 1197 3739 1284 3797; x_wconf 91' lang='lat' dir='ltr'><strong>ad</strong></span> <span class='ocrx_word' id='word_1_383' title='bbox 1311 3734 1640 3797; x_wconf 81' lang='lat' dir='ltr'><strong>Berzetlai</strong></span> <span class='ocrx_word' id='word_1_384' title='bbox 1662 3753 1684 3793; x_wconf 93' lang='grc'><strong>.·</strong></span> <span class='ocrx_word' id='word_1_385' title='bbox 1723 3734 1881 3793; x_wconf 86' lang='lat' dir='ltr'><strong>Veni</strong></span> <span class='ocrx_word' id='word_1_386' title='bbox 1911 3753 2158 3792; x_wconf 86' lang='lat' dir='ltr'><strong>mecum</strong></span> <span class='ocrx_word' id='word_1_387' title='bbox 2192 3741 2263 3792; x_wconf 92' lang='lat' dir='ltr'><strong>u&#39;t</strong></span> <span class='ocrx_word' id='word_1_388' title='bbox 2298 3752 2394 3792; x_wconf 90' lang='lat' dir='ltr'><strong>re-</strong></span> 
     </span>
     <span class='ocr_line' id='line_1_58' title="bbox 899 3833 2396 3917; baseline -0.003 -22"><span class='ocrx_word' id='word_1_389' title='bbox 899 3838 1184 3917; x_wconf 81' lang='lat' dir='ltr'><strong>quiescas</strong></span> <span class='ocrx_word' id='word_1_390' title='bbox 1213 3853 1473 3895; x_wconf 84' lang='lat' dir='ltr'><strong>securus</strong></span> <span class='ocrx_word' id='word_1_391' title='bbox 1507 3834 1577 3892; x_wconf 88' lang='lat' dir='ltr'><strong>in</strong></span> <span class='ocrx_word' id='word_1_392' title='bbox 1604 3834 1984 3893; x_wconf 84' lang='lat' dir='ltr'><strong>Jerusalem.</strong></span> <span class='ocrx_word' id='word_1_393' title='bbox 2011 3834 2095 3893; x_wconf 85' lang='lat' dir='ltr'><strong>E&#39;t</strong></span> <span class='ocrx_word' id='word_1_394' title='bbox 2127 3833 2223 3891; x_wconf 89' lang='lat' dir='ltr'><strong>ait</strong></span> <span class='ocrx_word' id='word_1_395' title='bbox 2245 3834 2396 3892; x_wconf 87' lang='lat' dir='ltr'><strong>Ber-</strong></span> 
     </span>
     <span class='ocr_line' id='line_1_59' title="bbox 901 3932 2392 4009; baseline -0.003 -16"><span class='ocrx_word' id='word_1_396' title='bbox 901 3935 1098 3995; x_wconf 80' lang='lat' dir='ltr'><strong>zellai</strong></span> <span class='ocrx_word' id='word_1_397' title='bbox 1127 3935 1216 3993; x_wconf 89' lang='lat' dir='ltr'><strong>ad</strong></span> <span class='ocrx_word' id='word_1_398' title='bbox 1244 3950 1450 4009; x_wconf 70' lang='lat' dir='ltr'><strong>reyem</strong></span> <span class='ocrx_word' id='word_1_399' title='bbox 1473 3951 1495 3990; x_wconf 92' lang='lat'><strong>.·</strong></span> <span class='ocrx_word' id='word_1_400' title='bbox 1529 3932 1687 3998; x_wconf 90' lang='lat' dir='ltr'><strong>Quot</strong></span> <span class='ocrx_word' id='word_1_401' title='bbox 1713 3939 1866 3990; x_wconf 87' lang='lat' dir='ltr'><strong>sunt</strong></span> <span class='ocrx_word' id='word_1_402' title='bbox 1895 3932 2035 3989; x_wconf 87' lang='lat' dir='ltr'><strong>dies</strong></span> <span class='ocrx_word' id='word_1_403' title='bbox 2063 3950 2392 3989; x_wconf 87' lang='lat' dir='ltr'><strong>annorum</strong></span> 
     </span>
     <span class='ocr_line' id='line_1_60' title="bbox 904 4028 2397 4104; baseline -0.005 -11"><span class='ocrx_word' id='word_1_404' title='bbox 904 4034 1054 4093; x_wconf 81' lang='lat' dir='ltr'><strong>vitae</strong></span> <span class='ocrx_word' id='word_1_405' title='bbox 1085 4052 1260 4102; x_wconf 70' lang='lat' dir='ltr'><strong>mete,</strong></span> <span class='ocrx_word' id='word_1_406' title='bbox 1295 4040 1368 4090; x_wconf 87' lang='lat' dir='ltr'><strong>ut</strong></span> <span class='ocrx_word' id='word_1_407' title='bbox 1398 4031 1738 4089; x_wconf 80' lang='lat' dir='ltr'><strong>ascendam</strong></span> <span class='ocrx_word' id='word_1_408' title='bbox 1768 4048 1910 4088; x_wconf 84' lang='lat' dir='ltr'><strong>cum</strong></span> <span class='ocrx_word' id='word_1_409' title='bbox 1940 4046 2082 4104; x_wconf 74' lang='lat' dir='ltr'><strong>reqe</strong></span> <span class='ocrx_word' id='word_1_410' title='bbox 2115 4028 2187 4087; x_wconf 89' lang='lat' dir='ltr'><strong>in</strong></span> <span class='ocrx_word' id='word_1_411' title='bbox 2214 4030 2397 4088; x_wconf 84' lang='lat' dir='ltr'><strong>Jeru-</strong></span> 
     </span>
     <span class='ocr_line' id='line_1_61' title="bbox 904 4119 2397 4205; baseline -0.003 -15"><span class='ocrx_word' id='word_1_412' title='bbox 904 4119 1147 4191; x_wconf 65' lang='lat' dir='ltr'><strong>salem&#39;?</strong></span> <span class='ocrx_word' id='word_1_413' title='bbox 1173 4129 1625 4204; x_wconf 71' lang='lat' dir='ltr'><strong>Octoyenarius</strong></span> <span class='ocrx_word' id='word_1_414' title='bbox 1643 4146 1786 4186; x_wconf 88' lang='lat' dir='ltr'><strong>sum</strong></span> <span class='ocrx_word' id='word_1_415' title='bbox 1817 4128 2024 4188; x_wconf 70' lang='lat' dir='ltr'><strong>leodic.</strong></span> <span class='ocrx_word' id='word_1_416' title='bbox 2053 4128 2397 4205; x_wconf 81' lang='lat' dir='ltr'><strong>Numquid</strong></span> 
     </span>
    </p>
   </div>
   <div class='ocr_carea' id='block_1_16' title="bbox 2500 3138 3997 4205">
    <p class='ocr_par' dir='ltr' id='par_1_17' title="bbox 2500 3138 3997 4205">
     <span class='ocr_line' id='line_1_62' title="bbox 2503 3138 3993 3220; baseline -0.001 -20"><span class='ocrx_word' id='word_1_417' title='bbox 2503 3142 2733 3208; x_wconf 80' lang='lat' dir='ltr'><strong>Israel,</strong></span> <span class='ocrx_word' id='word_1_418' title='bbox 2762 3138 2874 3220; x_wconf 87' lang='lat' dir='ltr'><strong>qui</strong></span> <span class='ocrx_word' id='word_1_419' title='bbox 2907 3140 3191 3201; x_wconf 87' lang='lat' dir='ltr'><strong>nondum</strong></span> <span class='ocrx_word' id='word_1_420' title='bbox 3222 3139 3611 3201; x_wconf 87' lang='lat' dir='ltr'><strong>advenerant</strong></span> <span class='ocrx_word' id='word_1_421' title='bbox 3642 3156 3853 3219; x_wconf 80' lang='lat' dir='ltr'><strong>neque·</strong></span> <span class='ocrx_word' id='word_1_422' title='bbox 3882 3138 3993 3199; x_wconf 83' lang='lat' dir='ltr'><strong>ad-</strong></span> 
     </span>
     <span class='ocr_line' id='line_1_63' title="bbox 2506 3236 3981 3321; baseline 0.001 -22"><span class='ocrx_word' id='word_1_423' title='bbox 2506 3236 2760 3301; x_wconf 84' lang='lat' dir='ltr'><strong>fuerant</strong></span> <span class='ocrx_word' id='word_1_424' title='bbox 2806 3237 3190 3301; x_wconf 83' lang='lat' dir='ltr'><strong>traductioni</strong></span> <span class='ocrx_word' id='word_1_425' title='bbox 3240 3238 3403 3319; x_wconf 80' lang='lat' dir='ltr'><strong>regis</strong></span> <span class='ocrx_word' id='word_1_426' title='bbox 3453 3258 3567 3321; x_wconf 90' lang='lat' dir='ltr'><strong>per</strong></span> <span class='ocrx_word' id='word_1_427' title='bbox 3618 3237 3981 3313; x_wconf 85' lang='lat' dir='ltr'><strong>Jordanem,</strong></span> 
     </span>
     <span class='ocr_line' id='line_1_64' title="bbox 2501 3335 3991 3417; baseline 0 -22"><span class='ocrx_word' id='word_1_428' title='bbox 2501 3347 2943 3397; x_wconf 79' lang='lat' dir='ltr'><strong>concurrentes</strong></span> <span class='ocrx_word' id='word_1_429' title='bbox 2990 3336 3057 3397; x_wconf 91' lang='lat' dir='ltr'><strong>in</strong></span> <span class='ocrx_word' id='word_1_430' title='bbox 3104 3335 3363 3417; x_wconf 86' lang='lat' dir='ltr'><strong>Galgala</strong></span> <span class='ocrx_word' id='word_1_431' title='bbox 3408 3340 3496 3396; x_wconf 89' lang='lat' dir='ltr'><strong>ad</strong></span> <span class='ocrx_word' id='word_1_432' title='bbox 3540 3356 3773 3413; x_wconf 66' lang='lat' dir='ltr'><strong>recem,</strong></span> <span class='ocrx_word' id='word_1_433' title='bbox 3802 3338 3991 3396; x_wconf 69' lang='lat' dir='ltr'><strong>disce-</strong></span> 
     </span>
     <span class='ocr_line' id='line_1_65' title="bbox 2502 3436 3995 3513; baseline 0 -20"><span class='ocrx_word' id='word_1_434' title='bbox 2502 3444 2660 3495; x_wconf 90' lang='lat' dir='ltr'><strong>runt</strong></span> <span class='ocrx_word' id='word_1_435' title='bbox 2678 3437 2741 3495; x_wconf 89' lang='lat' dir='ltr'><strong>ei</strong></span> <span class='ocrx_word' id='word_1_436' title='bbox 2757 3452 2781 3495; x_wconf 90' lang='lat'><strong>.·</strong></span> <span class='ocrx_word' id='word_1_437' title='bbox 2799 3438 3010 3504; x_wconf 82' lang='lat' dir='ltr'><strong>Quare</strong></span> <span class='ocrx_word' id='word_1_438' title='bbox 3032 3445 3087 3495; x_wconf 91' lang='lat' dir='ltr'><strong>te</strong></span> <span class='ocrx_word' id='word_1_439' title='bbox 3114 3436 3335 3512; x_wconf 81' lang='lat' dir='ltr'><strong>furati</strong></span> <span class='ocrx_word' id='word_1_440' title='bbox 3352 3444 3506 3495; x_wconf 86' lang='lat' dir='ltr'><strong>sunt</strong></span> <span class='ocrx_word' id='word_1_441' title='bbox 3526 3438 3767 3513; x_wconf 84' lang='lat' dir='ltr'><strong>fratres</strong></span> <span class='ocrx_word' id='word_1_442' title='bbox 3787 3436 3995 3495; x_wconf 79' lang='lat' dir='ltr'><strong>nostri</strong></span> 
     </span>
     <span class='ocr_line' id='line_1_66' title="bbox 2504 3534 3987 3609; baseline 0.001 -18"><span class='ocrx_word' id='word_1_443' title='bbox 2504 3534 2638 3592; x_wconf 86' lang='lat' dir='ltr'><strong>viri</strong></span> <span class='ocrx_word' id='word_1_444' title='bbox 2663 3535 2929 3601; x_wconf 87' lang='lat' dir='ltr'><strong>Juda,et</strong></span> <span class='ocrx_word' id='word_1_445' title='bbox 2950 3536 3385 3593; x_wconf 68' lang='lat' dir='ltr'><strong>traduxerunt</strong></span> <span class='ocrx_word' id='word_1_446' title='bbox 3406 3552 3612 3609; x_wconf 76' lang='lat' dir='ltr'><strong>reyem</strong></span> <span class='ocrx_word' id='word_1_447' title='bbox 3632 3542 3692 3592; x_wconf 87' lang='lat' dir='ltr'><strong>et</strong></span> <span class='ocrx_word' id='word_1_448' title='bbox 3717 3535 3987 3593; x_wconf 63' lang='lat' dir='ltr'><strong>donnum</strong></span> 
     </span>
     <span class='ocr_line' id='line_1_67' title="bbox 2500 3631 3991 3711; baseline -0.001 -22"><span class='ocrx_word' id='word_1_449' title='bbox 2500 3631 2641 3707; x_wconf 74' lang='lat' dir='ltr'><strong>ejus</strong></span> <span class='ocrx_word' id='word_1_450' title='bbox 2655 3633 3024 3701; x_wconf 77' lang='lat' dir='ltr'><strong>Iordanem,</strong></span> <span class='ocrx_word' id='word_1_451' title='bbox 3049 3651 3383 3711; x_wconf 80' lang='lat' dir='ltr'><strong>omnesque</strong></span> <span class='ocrx_word' id='word_1_452' title='bbox 3414 3633 3583 3691; x_wconf 87' lang='lat' dir='ltr'><strong>viros</strong></span> <span class='ocrx_word' id='word_1_453' title='bbox 3601 3633 3823 3692; x_wconf 85' lang='lat' dir='ltr'><strong>David</strong></span> <span class='ocrx_word' id='word_1_454' title='bbox 3840 3650 3991 3689; x_wconf 84' lang='lat' dir='ltr'><strong>cum</strong></span> 
     </span>
     <span class='ocr_line' id='line_1_68' title="bbox 2500 3727 3997 3810; baseline 0.001 -22"><span class='ocrx_word' id='word_1_455' title='bbox 2500 3750 2571 3789; x_wconf 87' lang='lat' dir='ltr'><strong>eo</strong></span> <span class='ocrx_word' id='word_1_456' title='bbox 2590 3732 2620 3789; x_wconf 75' lang='lat'><strong>‚2</strong></span> <span class='ocrx_word' id='word_1_457' title='bbox 2652 3729 2714 3791; x_wconf 91' lang='lat' dir='ltr'><strong>id</strong></span> <span class='ocrx_word' id='word_1_458' title='bbox 2744 3738 2860 3807; x_wconf 90' lang='lat' dir='ltr'><strong>est,</strong></span> <span class='ocrx_word' id='word_1_459' title='bbox 2894 3749 3007 3792; x_wconf 92' lang='lat' dir='ltr'><strong>cur</strong></span> <span class='ocrx_word' id='word_1_460' title='bbox 3034 3739 3095 3793; x_wconf 91' lang='lat' dir='ltr'><strong>te</strong></span> <span class='ocrx_word' id='word_1_461' title='bbox 3125 3727 3373 3793; x_wconf 85' lang='lat' dir='ltr'><strong>occulte</strong></span> <span class='ocrx_word' id='word_1_462' title='bbox 3404 3748 3515 3793; x_wconf 90' lang='lat' dir='ltr'><strong>seu</strong></span> <span class='ocrx_word' id='word_1_463' title='bbox 3556 3747 3681 3793; x_wconf 91' lang='lat' dir='ltr'><strong>non</strong></span> <span class='ocrx_word' id='word_1_464' title='bbox 3714 3746 3997 3810; x_wconf 80' lang='lat' dir='ltr'><strong>praese-n-</strong></span> 
     </span>
     <span class='ocr_line' id='line_1_69' title="bbox 2506 3829 3997 3893; baseline -0.001 -4"><span class='ocrx_word' id='word_1_465' title='bbox 2506 3829 2674 3891; x_wconf 91' lang='lat' dir='ltr'><strong>tibus</strong></span> <span class='ocrx_word' id='word_1_466' title='bbox 2702 3849 2775 3892; x_wconf 82' lang='lat' dir='ltr'><strong>ac</strong></span> <span class='ocrx_word' id='word_1_467' title='bbox 2806 3830 3157 3892; x_wconf 87' lang='lat' dir='ltr'><strong>scientibus</strong></span> <span class='ocrx_word' id='word_1_468' title='bbox 3202 3830 3385 3893; x_wconf 90' lang='lat' dir='ltr'><strong>nobis</strong></span> <span class='ocrx_word' id='word_1_469' title='bbox 3428 3830 3877 3893; x_wconf 67' lang='lat' dir='ltr'><strong>deduxerunt?</strong></span> <span class='ocrx_word' id='word_1_470' title='bbox 3911 3832 3997 3890; x_wconf 81' lang='lat' dir='ltr'><strong>Et</strong></span> 
     </span>
     <span class='ocr_line' id='line_1_70' title="bbox 2508 3927 3994 4009; baseline 0.001 -22"><span class='ocrx_word' id='word_1_471' title='bbox 2508 3930 2832 4005; x_wconf 82' lang='lat' dir='ltr'><strong>respondit</strong></span> <span class='ocrx_word' id='word_1_472' title='bbox 2874 3932 3085 3990; x_wconf 84' lang='lat' dir='ltr'><strong>omnis</strong></span> <span class='ocrx_word' id='word_1_473' title='bbox 3130 3932 3235 3989; x_wconf 85' lang='lat' dir='ltr'><strong>vir</strong></span> <span class='ocrx_word' id='word_1_474' title='bbox 3260 3932 3457 4001; x_wconf 89' lang='lat' dir='ltr'><strong>Juda,</strong></span> <span class='ocrx_word' id='word_1_475' title='bbox 3493 3928 3558 3990; x_wconf 89' lang='lat' dir='ltr'><strong>id</strong></span> <span class='ocrx_word' id='word_1_476' title='bbox 3596 3937 3692 3991; x_wconf 78' lang='lat' dir='ltr'><strong>est</strong></span> <span class='ocrx_word' id='word_1_477' title='bbox 3730 3927 3994 4009; x_wconf 86' lang='lat' dir='ltr'><strong>quidam</strong></span> 
     </span>
     <span class='ocr_line' id='line_1_71' title="bbox 2504 4025 3997 4107; baseline -0.002 -20"><span class='ocrx_word' id='word_1_478' title='bbox 2504 4045 2621 4107; x_wconf 87' lang='lat' dir='ltr'><strong>pro</strong></span> <span class='ocrx_word' id='word_1_479' title='bbox 2652 4027 2951 4089; x_wconf 88' lang='lat' dir='ltr'><strong>omnibus</strong></span> <span class='ocrx_word' id='word_1_480' title='bbox 2980 4028 3059 4090; x_wconf 91' lang='lat' dir='ltr'><strong>de</strong></span> <span class='ocrx_word' id='word_1_481' title='bbox 3091 4027 3261 4089; x_wconf 89' lang='lat' dir='ltr'><strong>tribu</strong></span> <span class='ocrx_word' id='word_1_482' title='bbox 3291 4027 3450 4089; x_wconf 83' lang='lat' dir='ltr'><strong>Juda</strong></span> <span class='ocrx_word' id='word_1_483' title='bbox 3480 4025 3670 4103; x_wconf 65' lang='lat' dir='ltr'><strong>naue,</strong></span> <span class='ocrx_word' id='word_1_484' title='bbox 3703 4030 3793 4087; x_wconf 87' lang='lat' dir='ltr'><strong>ad</strong></span> <span class='ocrx_word' id='word_1_485' title='bbox 3824 4028 3997 4085; x_wconf 83' lang='lat' dir='ltr'><strong>viros</strong></span> 
     </span>
     <span class='ocr_line' id='line_1_72' title="bbox 2506 4127 3993 4205; baseline 0 -21"><span class='ocrx_word' id='word_1_486' title='bbox 2506 4128 2711 4185; x_wconf 81' lang='lat' dir='ltr'><strong>Israel</strong></span> <span class='ocrx_word' id='word_1_487' title='bbox 2740 4142 2763 4185; x_wconf 92' lang='lat'><strong>.·</strong></span> <span class='ocrx_word' id='word_1_488' title='bbox 2797 4128 2967 4195; x_wconf 83' lang='lat' dir='ltr'><strong>Quia</strong></span> <span class='ocrx_word' id='word_1_489' title='bbox 2989 4128 3257 4203; x_wconf 79' lang='lat' dir='ltr'><strong>propior</strong></span> <span class='ocrx_word' id='word_1_490' title='bbox 3298 4136 3387 4187; x_wconf 84' lang='lat' dir='ltr'><strong>est</strong></span> <span class='ocrx_word' id='word_1_491' title='bbox 3428 4127 3597 4187; x_wconf 70' lang='lat' dir='ltr'><strong>mihi</strong></span> <span class='ocrx_word' id='word_1_492' title='bbox 3624 4146 3765 4197; x_wconf 69' lang='lat' dir='ltr'><strong>rem,</strong></span> <span class='ocrx_word' id='word_1_493' title='bbox 3790 4142 3993 4205; x_wconf 86' lang='lat' dir='ltr'><strong>quum</strong></span> 
     </span>
    </p>
   </div>
   <div class='ocr_carea' id='block_1_17' title="bbox 909 4224 3996 4305">
    <p class='ocr_par' dir='ltr' id='par_1_18' title="bbox 909 4224 3996 4305">
     <span class='ocr_line' id='line_1_73' title="bbox 909 4224 3996 4305; baseline -0.002 -17"><span class='ocrx_word' id='word_1_494' title='bbox 909 4230 1128 4305; x_wconf 77' lang='lat' dir='ltr'><strong>viyent</strong></span> <span class='ocrx_word' id='word_1_495' title='bbox 1155 4247 1374 4287; x_wconf 87' lang='lat' dir='ltr'><strong>sensus</strong></span> <span class='ocrx_word' id='word_1_496' title='bbox 1405 4227 1531 4285; x_wconf 83' lang='lat' dir='ltr'><strong>mei</strong></span> <span class='ocrx_word' id='word_1_497' title='bbox 1557 4228 1645 4285; x_wconf 86' lang='lat' dir='ltr'><strong>ad</strong></span> <span class='ocrx_word' id='word_1_498' title='bbox 1675 4228 2172 4285; x_wconf 85' lang='lat' dir='ltr'><strong>discernendum</strong></span> <span class='ocrx_word' id='word_1_499' title='bbox 2200 4246 2399 4285; x_wconf 86' lang='lat' dir='ltr'><strong>suave</strong></span> <span class='ocrx_word' id='word_1_500' title='bbox 2427 4228 2478 4291; x_wconf 92' lang='lat' dir='ltr'>D</span> <span class='ocrx_word' id='word_1_501' title='bbox 2510 4224 2593 4285; x_wconf 90' lang='lat' dir='ltr'><strong>sit</strong></span> <span class='ocrx_word' id='word_1_502' title='bbox 2622 4233 2808 4286; x_wconf 91' lang='lat' dir='ltr'><strong>natus</strong></span> <span class='ocrx_word' id='word_1_503' title='bbox 2854 4225 2933 4287; x_wconf 90' lang='lat' dir='ltr'><strong>de</strong></span> <span class='ocrx_word' id='word_1_504' title='bbox 2974 4225 3143 4287; x_wconf 84' lang='lat' dir='ltr'><strong>tribu</strong></span> <span class='ocrx_word' id='word_1_505' title='bbox 3180 4224 3359 4287; x_wconf 87' lang='lat' dir='ltr'><strong>Juda.</strong></span> <span class='ocrx_word' id='word_1_506' title='bbox 3398 4227 3528 4286; x_wconf 86' lang='lat' dir='ltr'><strong>Cur</strong></span> <span class='ocrx_word' id='word_1_507' title='bbox 3566 4225 3867 4283; x_wconf 85' lang='lat' dir='ltr'><strong>irasceris</strong></span> <span class='ocrx_word' id='word_1_508' title='bbox 3894 4244 3996 4283; x_wconf 54' lang='grc' dir='ltr'><strong>ευρ</strong></span> 
     </span>
    </p>
   </div>
   <div class='ocr_carea' id='block_1_18' title="bbox 901 4323 2404 5387">
    <p class='ocr_par' dir='ltr' id='par_1_19' title="bbox 901 4323 2404 5387">
     <span class='ocr_line' id='line_1_74' title="bbox 912 4323 2402 4398; baseline 0 -13"><span class='ocrx_word' id='word_1_509' title='bbox 912 4330 1012 4385; x_wconf 84' lang='lat' dir='ltr'><strong>vel</strong></span> <span class='ocrx_word' id='word_1_510' title='bbox 1054 4345 1352 4385; x_wconf 86' lang='lat' dir='ltr'><strong>amarum</strong></span> <span class='ocrx_word' id='word_1_511' title='bbox 1379 4326 1408 4383; x_wconf 83' lang='lat'><em>?</em></span> <span class='ocrx_word' id='word_1_512' title='bbox 1439 4323 1503 4385; x_wconf 92' lang='lat' dir='ltr'><strong>id</strong></span> <span class='ocrx_word' id='word_1_513' title='bbox 1542 4331 1659 4398; x_wconf 90' lang='lat' dir='ltr'><strong>est,</strong></span> <span class='ocrx_word' id='word_1_514' title='bbox 1696 4330 1884 4385; x_wconf 80' lang='lat' dir='ltr'><strong>tantae</strong></span> <span class='ocrx_word' id='word_1_515' title='bbox 1927 4342 2066 4384; x_wconf 92' lang='lat' dir='ltr'><strong>sum</strong></span> <span class='ocrx_word' id='word_1_516' title='bbox 2117 4331 2402 4386; x_wconf 88' lang='lat' dir='ltr'><strong>senectu-</strong></span> 
     </span>
     <span class='ocr_line' id='line_1_75' title="bbox 915 4421 2403 4505; baseline -0.001 -20"><span class='ocrx_word' id='word_1_517' title='bbox 915 4424 1017 4500; x_wconf 80' lang='lat' dir='ltr'><strong>tis,</strong></span> <span class='ocrx_word' id='word_1_518' title='bbox 1063 4423 1234 4505; x_wconf 90' lang='lat' dir='ltr'><strong>quod</strong></span> <span class='ocrx_word' id='word_1_519' title='bbox 1275 4429 1494 4501; x_wconf 86' lang='lat' dir='ltr'><strong>gustus</strong></span> <span class='ocrx_word' id='word_1_520' title='bbox 1533 4440 1713 4483; x_wconf 87' lang='lat' dir='ltr'><strong>meus</strong></span> <span class='ocrx_word' id='word_1_521' title='bbox 1759 4421 2088 4499; x_wconf 83' lang='lat' dir='ltr'><strong>vigorosus</strong></span> <span class='ocrx_word' id='word_1_522' title='bbox 2129 4440 2259 4484; x_wconf 91' lang='lat' dir='ltr'><strong>non</strong></span> <span class='ocrx_word' id='word_1_523' title='bbox 2306 4430 2403 4485; x_wconf 92' lang='lat' dir='ltr'><strong>est</strong></span> 
     </span>
     <span class='ocr_line' id='line_1_76' title="bbox 913 4519 2397 4594; baseline 0 -11"><span class='ocrx_word' id='word_1_524' title='bbox 913 4523 990 4584; x_wconf 85' lang='lat' dir='ltr'><strong>ad</strong></span> <span class='ocrx_word' id='word_1_525' title='bbox 1022 4521 1512 4584; x_wconf 86' lang='lat' dir='ltr'><strong>discernendum</strong></span> <span class='ocrx_word' id='word_1_526' title='bbox 1554 4519 1717 4581; x_wconf 87' lang='lat' dir='ltr'><strong>inter</strong></span> <span class='ocrx_word' id='word_1_527' title='bbox 1764 4519 1978 4593; x_wconf 84' lang='lat' dir='ltr'><strong>dulcia</strong></span> <span class='ocrx_word' id='word_1_528' title='bbox 2027 4528 2088 4582; x_wconf 86' lang='lat' dir='ltr'><strong>et</strong></span> <span class='ocrx_word' id='word_1_529' title='bbox 2138 4539 2397 4594; x_wconf 80' lang='lat' dir='ltr'><strong>amara3</strong></span> 
     </span>
     <span class='ocr_line' id='line_1_77' title="bbox 911 4621 2403 4695; baseline 0 -15"><span class='ocrx_word' id='word_1_530' title='bbox 911 4629 1027 4681; x_wconf 83' lang='lat' dir='ltr'><strong>aut</strong></span> <span class='ocrx_word' id='word_1_531' title='bbox 1055 4623 1366 4680; x_wconf 85' lang='lat' dir='ltr'><strong>delectare</strong></span> <span class='ocrx_word' id='word_1_532' title='bbox 1385 4628 1590 4695; x_wconf 87' lang='lat' dir='ltr'><strong>potest</strong></span> <span class='ocrx_word' id='word_1_533' title='bbox 1616 4638 1874 4678; x_wconf 85' lang='lat' dir='ltr'><strong>servum</strong></span> <span class='ocrx_word' id='word_1_534' title='bbox 1921 4628 2106 4678; x_wconf 87' lang='lat' dir='ltr'><strong>tuum</strong></span> <span class='ocrx_word' id='word_1_535' title='bbox 2136 4621 2313 4679; x_wconf 86' lang='lat' dir='ltr'><strong>cibus</strong></span> <span class='ocrx_word' id='word_1_536' title='bbox 2342 4629 2403 4680; x_wconf 88' lang='lat' dir='ltr'><strong>et</strong></span> 
     </span>
     <span class='ocr_line' id='line_1_78' title="bbox 901 4716 2401 4797; baseline 0 -18"><span class='ocrx_word' id='word_1_537' title='bbox 901 4722 1140 4797; x_wconf 84' lang='lat' dir='ltr'><strong>potus?</strong></span> <span class='ocrx_word' id='word_1_538' title='bbox 1171 4718 1235 4780; x_wconf 92' lang='lat' dir='ltr'><strong>id</strong></span> <span class='ocrx_word' id='word_1_539' title='bbox 1257 4727 1374 4793; x_wconf 87' lang='lat' dir='ltr'><strong>est,</strong></span> <span class='ocrx_word' id='word_1_540' title='bbox 1409 4716 1684 4797; x_wconf 86' lang='lat' dir='ltr'><strong>amplius</strong></span> <span class='ocrx_word' id='word_1_541' title='bbox 1717 4735 1845 4779; x_wconf 89' lang='lat' dir='ltr'><strong>non</strong></span> <span class='ocrx_word' id='word_1_542' title='bbox 1883 4716 2162 4779; x_wconf 90' lang='lat' dir='ltr'><strong>delector</strong></span> <span class='ocrx_word' id='word_1_543' title='bbox 2194 4716 2260 4778; x_wconf 91' lang='lat' dir='ltr'><strong>in</strong></span> <span class='ocrx_word' id='word_1_544' title='bbox 2294 4717 2401 4779; x_wconf 89' lang='lat' dir='ltr'><strong>de-</strong></span> 
     </span>
     <span class='ocr_line' id='line_1_79' title="bbox 913 4814 2402 4896; baseline -0.003 -17"><span class='ocrx_word' id='word_1_545' title='bbox 913 4815 1121 4879; x_wconf 87' lang='lat' dir='ltr'><strong>licatis</strong></span> <span class='ocrx_word' id='word_1_546' title='bbox 1153 4834 1224 4877; x_wconf 83' lang='lat' dir='ltr'><strong>ac</strong></span> <span class='ocrx_word' id='word_1_547' title='bbox 1256 4814 1444 4894; x_wconf 83' lang='lat' dir='ltr'><strong>regiis</strong></span> <span class='ocrx_word' id='word_1_548' title='bbox 1477 4814 1640 4877; x_wconf 91' lang='lat' dir='ltr'><strong>escis</strong></span> <span class='ocrx_word' id='word_1_549' title='bbox 1671 4833 1743 4876; x_wconf 84' lang='lat' dir='ltr'><strong>ac</strong></span> <span class='ocrx_word' id='word_1_550' title='bbox 1775 4814 2057 4896; x_wconf 89' lang='lat' dir='ltr'><strong>poculis;</strong></span> <span class='ocrx_word' id='word_1_551' title='bbox 2085 4820 2184 4875; x_wconf 82' lang='lat' dir='ltr'><strong>vel</strong></span> <span class='ocrx_word' id='word_1_552' title='bbox 2215 4818 2402 4876; x_wconf 83' lang='lat' dir='ltr'><strong>audi-</strong></span> 
     </span>
     <span class='ocr_line' id='line_1_80' title="bbox 912 4918 2399 4994; baseline -0.001 -19"><span class='ocrx_word' id='word_1_553' title='bbox 912 4936 980 4975; x_wconf 84' lang='lat' dir='ltr'><strong>re</strong></span> <span class='ocrx_word' id='word_1_554' title='bbox 1019 4936 1282 4992; x_wconf 87' lang='lat' dir='ltr'><strong>possum</strong></span> <span class='ocrx_word' id='word_1_555' title='bbox 1331 4918 1508 4975; x_wconf 81' lang='lat' dir='ltr'><strong>ultra</strong></span> <span class='ocrx_word' id='word_1_556' title='bbox 1558 4934 1766 4974; x_wconf 85' lang='lat' dir='ltr'><strong>vocem</strong></span> <span class='ocrx_word' id='word_1_557' title='bbox 1816 4923 2155 4974; x_wconf 83' lang='lat' dir='ltr'><strong>cantorum</strong></span> <span class='ocrx_word' id='word_1_558' title='bbox 2206 4924 2399 4994; x_wconf 80' lang='lat' dir='ltr'><strong>atque</strong></span> 
     </span>
     <span class='ocr_line' id='line_1_81' title="bbox 909 5011 2399 5087; baseline 0.001 -14"><span class='ocrx_word' id='word_1_559' title='bbox 909 5015 1390 5075; x_wconf 84' lang='lat' dir='ltr'><strong>cantatricum?</strong></span> <span class='ocrx_word' id='word_1_560' title='bbox 1421 5011 1486 5073; x_wconf 86' lang='lat' dir='ltr'><strong>id</strong></span> <span class='ocrx_word' id='word_1_561' title='bbox 1515 5018 1632 5087; x_wconf 88' lang='lat' dir='ltr'><strong>est,</strong></span> <span class='ocrx_word' id='word_1_562' title='bbox 1659 5011 1725 5073; x_wconf 88' lang='lat' dir='ltr'><strong>iu</strong></span> <span class='ocrx_word' id='word_1_563' title='bbox 1758 5011 2049 5074; x_wconf 88' lang='lat' dir='ltr'><strong>melodiis</strong></span> <span class='ocrx_word' id='word_1_564' title='bbox 2084 5012 2250 5074; x_wconf 84' lang='lat' dir='ltr'><strong>ultra</strong></span> <span class='ocrx_word' id='word_1_565' title='bbox 2271 5031 2399 5075; x_wconf 89' lang='lat' dir='ltr'><strong>non</strong></span> 
     </span>
     <span class='ocr_line' id='line_1_82' title="bbox 909 5100 2403 5191; baseline 0 -18"><span class='ocrx_word' id='word_1_566' title='bbox 909 5110 1168 5191; x_wconf 82' lang='lat' dir='ltr'><strong>glorior,</strong></span> <span class='ocrx_word' id='word_1_567' title='bbox 1205 5100 1586 5191; x_wconf 86' lang='lat' dir='ltr'><strong>consumpto</strong></span> <span class='ocrx_word' id='word_1_568' title='bbox 1631 5109 1848 5189; x_wconf 84' lang='lat' dir='ltr'><strong>vigore</strong></span> <span class='ocrx_word' id='word_1_569' title='bbox 1893 5128 2193 5171; x_wconf 88' lang='lat' dir='ltr'><strong>sensuum</strong></span> <span class='ocrx_word' id='word_1_570' title='bbox 2236 5120 2403 5173; x_wconf 86' lang='lat' dir='ltr'><strong>exte-</strong></span> 
     </span>
     <span class='ocr_line' id='line_1_83' title="bbox 913 5208 2404 5285; baseline -0.002 -15"><span class='ocrx_word' id='word_1_571' title='bbox 913 5208 1176 5277; x_wconf 84' lang='lat' dir='ltr'><strong>riorum.</strong></span> <span class='ocrx_word' id='word_1_572' title='bbox 1216 5211 1426 5277; x_wconf 85' lang='lat' dir='ltr'><strong>Quare</strong></span> <span class='ocrx_word' id='word_1_573' title='bbox 1453 5230 1673 5269; x_wconf 81' lang='lat' dir='ltr'><strong>servus</strong></span> <span class='ocrx_word' id='word_1_574' title='bbox 1709 5217 1856 5268; x_wconf 87' lang='lat' dir='ltr'><strong>tuus</strong></span> <span class='ocrx_word' id='word_1_575' title='bbox 1883 5214 1961 5285; x_wconf 83' lang='lat' dir='ltr'><strong>fit</strong></span> <span class='ocrx_word' id='word_1_576' title='bbox 1991 5210 2173 5267; x_wconf 88' lang='lat' dir='ltr'><strong>one-ri</strong></span> <span class='ocrx_word' id='word_1_577' title='bbox 2202 5211 2404 5270; x_wconf 78' lang='lat' dir='ltr'><strong>dorni-</strong></span> 
     </span>
     <span class='ocr_line' id='line_1_84' title="bbox 913 5305 2402 5387; baseline 0.001 -21"><span class='ocrx_word' id='word_1_578' title='bbox 913 5327 995 5375; x_wconf 67' lang='grc' dir='ltr'><strong>πο</strong></span> <span class='ocrx_word' id='word_1_579' title='bbox 1028 5327 1162 5373; x_wconf 84' lang='lat' dir='ltr'><strong>meo</strong></span> <span class='ocrx_word' id='word_1_580' title='bbox 1194 5309 1332 5383; x_wconf 73' lang='lat' dir='ltr'><strong>reqi</strong></span> <span class='ocrx_word' id='word_1_581' title='bbox 1353 5309 1382 5367; x_wconf 65' lang='grc' dir='ltr'><strong><em>ἵ</em></strong></span> <span class='ocrx_word' id='word_1_582' title='bbox 1413 5305 1478 5367; x_wconf 89' lang='lat' dir='ltr'><strong>id</strong></span> <span class='ocrx_word' id='word_1_583' title='bbox 1507 5315 1626 5381; x_wconf 84' lang='lat' dir='ltr'><strong>est,</strong></span> <span class='ocrx_word' id='word_1_584' title='bbox 1658 5324 1785 5369; x_wconf 88' lang='lat' dir='ltr'><strong>non</strong></span> <span class='ocrx_word' id='word_1_585' title='bbox 1817 5306 1998 5368; x_wconf 84' lang='lat' dir='ltr'><strong>decet</strong></span> <span class='ocrx_word' id='word_1_586' title='bbox 2041 5314 2110 5367; x_wconf 88' lang='lat' dir='ltr'><strong>ut</strong></span> <span class='ocrx_word' id='word_1_587' title='bbox 2139 5324 2256 5386; x_wconf 81' lang='lat' dir='ltr'><strong>ego</strong></span> <span class='ocrx_word' id='word_1_588' title='bbox 2288 5306 2402 5387; x_wconf 92' lang='lat' dir='ltr'><strong>qui</strong></span> 
     </span>
    </p>
   </div>
   <div class='ocr_carea' id='block_1_19' title="bbox 2500 4324 3996 5383">
    <p class='ocr_par' dir='ltr' id='par_1_20' title="bbox 2500 4324 3996 4992">
     <span class='ocr_line' id='line_1_85' title="bbox 2500 4324 3996 4404; baseline -0.003 -21"><span class='ocrx_word' id='word_1_589' title='bbox 2500 4342 2619 4399; x_wconf 85' lang='lat' dir='ltr'><strong>per</strong></span> <span class='ocrx_word' id='word_1_590' title='bbox 2638 4326 2759 4384; x_wconf 79' lang='lat' dir='ltr'><strong>ltac</strong></span> <span class='ocrx_word' id='word_1_591' title='bbox 2787 4343 2851 4384; x_wconf 87' lang='lat' dir='ltr'><strong>re</strong></span> <span class='ocrx_word' id='word_1_592' title='bbox 2874 4326 2904 4383; x_wconf 84' lang='lat'><em>?</em></span> <span class='ocrx_word' id='word_1_593' title='bbox 2934 4326 3279 4404; x_wconf 82' lang='lat' dir='ltr'><strong>Numquid</strong></span> <span class='ocrx_word' id='word_1_594' title='bbox 3312 4324 3705 4383; x_wconf 87' lang='lat' dir='ltr'><strong>comedimus</strong></span> <span class='ocrx_word' id='word_1_595' title='bbox 3732 4324 3996 4401; x_wconf 81' lang='lat' dir='ltr'><strong>aliquid</strong></span> 
     </span>
     <span class='ocr_line' id='line_1_86' title="bbox 2507 4418 3995 4499; baseline -0.001 -19"><span class='ocrx_word' id='word_1_596' title='bbox 2507 4442 2587 4480; x_wconf 72' lang='lat' dir='ltr'><strong>esc</strong></span> <span class='ocrx_word' id='word_1_597' title='bbox 2614 4443 2783 4499; x_wconf 69' lang='lat' dir='ltr'><strong>reye,</strong></span> <span class='ocrx_word' id='word_1_598' title='bbox 2816 4432 2930 4483; x_wconf 87' lang='lat' dir='ltr'><strong>aut</strong></span> <span class='ocrx_word' id='word_1_599' title='bbox 2975 4442 3249 4482; x_wconf 85' lang='lat' dir='ltr'><strong>munera</strong></span> <span class='ocrx_word' id='word_1_600' title='bbox 3285 4425 3442 4482; x_wconf 90' lang='lat' dir='ltr'><strong>data</strong></span> <span class='ocrx_word' id='word_1_601' title='bbox 3485 4431 3639 4481; x_wconf 87' lang='lat' dir='ltr'><strong>sunt</strong></span> <span class='ocrx_word' id='word_1_602' title='bbox 3669 4422 3849 4481; x_wconf 82' lang='lat' dir='ltr'><strong>nobis</strong></span> <span class='ocrx_word' id='word_1_603' title='bbox 3870 4423 3900 4479; x_wconf 66' lang='grc' dir='ltr'><em>ἔ</em></span> <span class='ocrx_word' id='word_1_604' title='bbox 3929 4418 3995 4479; x_wconf 89' lang='lat' dir='ltr'><strong>id</strong></span> 
     </span>
     <span class='ocr_line' id='line_1_87' title="bbox 2509 4516 3995 4601; baseline -0.002 -20"><span class='ocrx_word' id='word_1_605' title='bbox 2509 4528 2625 4595; x_wconf 91' lang='lat' dir='ltr'><strong>est,</strong></span> <span class='ocrx_word' id='word_1_606' title='bbox 2675 4539 2748 4583; x_wconf 89' lang='lat' dir='ltr'><strong>ea</strong></span> <span class='ocrx_word' id='word_1_607' title='bbox 2796 4538 2939 4601; x_wconf 84' lang='lat' dir='ltr'><strong>quae</strong></span> <span class='ocrx_word' id='word_1_608' title='bbox 2989 4518 3280 4595; x_wconf 80' lang='lat' dir='ltr'><strong>fecimuS,</strong></span> <span class='ocrx_word' id='word_1_609' title='bbox 3326 4518 3596 4581; x_wconf 80' lang='lat' dir='ltr'><strong>fecimus</strong></span> <span class='ocrx_word' id='word_1_610' title='bbox 3640 4536 3717 4581; x_wconf 85' lang='lat' dir='ltr'><strong>ex</strong></span> <span class='ocrx_word' id='word_1_611' title='bbox 3762 4516 3995 4580; x_wconf 85' lang='lat' dir='ltr'><strong>carita-</strong></span> 
     </span>
     <span class='ocr_line' id='line_1_88' title="bbox 2512 4616 3993 4698; baseline -0.001 -21"><span class='ocrx_word' id='word_1_612' title='bbox 2512 4624 2570 4679; x_wconf 90' lang='lat' dir='ltr'><strong>te</strong></span> <span class='ocrx_word' id='word_1_613' title='bbox 2601 4618 2676 4680; x_wconf 89' lang='lat' dir='ltr'><strong>ad</strong></span> <span class='ocrx_word' id='word_1_614' title='bbox 2711 4634 2943 4696; x_wconf 85' lang='lat' dir='ltr'><strong>regem,</strong></span> <span class='ocrx_word' id='word_1_615' title='bbox 2980 4635 3107 4680; x_wconf 89' lang='lat' dir='ltr'><strong>non</strong></span> <span class='ocrx_word' id='word_1_616' title='bbox 3148 4624 3409 4698; x_wconf 85' lang='lat' dir='ltr'><strong>propter</strong></span> <span class='ocrx_word' id='word_1_617' title='bbox 3444 4617 3683 4679; x_wconf 88' lang='lat' dir='ltr'><strong>bonum</strong></span> <span class='ocrx_word' id='word_1_618' title='bbox 3724 4616 3993 4678; x_wconf 82' lang='lat' dir='ltr'><strong>delecta-</strong></span> 
     </span>
     <span class='ocr_line' id='line_1_89' title="bbox 2511 4712 3989 4797; baseline -0.003 -20"><span class='ocrx_word' id='word_1_619' title='bbox 2511 4715 2639 4777; x_wconf 91' lang='lat' dir='ltr'><strong>bile</strong></span> <span class='ocrx_word' id='word_1_620' title='bbox 2677 4724 2786 4777; x_wconf 88' lang='lat' dir='ltr'><strong>aut</strong></span> <span class='ocrx_word' id='word_1_621' title='bbox 2820 4715 2977 4778; x_wconf 89' lang='lat' dir='ltr'><strong>utile</strong></span> <span class='ocrx_word' id='word_1_622' title='bbox 3016 4716 3185 4797; x_wconf 89' lang='lat' dir='ltr'><strong>quod</strong></span> <span class='ocrx_word' id='word_1_623' title='bbox 3220 4714 3563 4778; x_wconf 83' lang='lat' dir='ltr'><strong>contulerit</strong></span> <span class='ocrx_word' id='word_1_624' title='bbox 3600 4714 3809 4791; x_wconf 87' lang='lat' dir='ltr'><strong>nobis,</strong></span> <span class='ocrx_word' id='word_1_625' title='bbox 3843 4712 3989 4795; x_wconf 83' lang='lat' dir='ltr'><strong>quia</strong></span> 
     </span>
     <span class='ocr_line' id='line_1_90' title="bbox 2511 4810 3988 4895; baseline -0.003 -20"><span class='ocrx_word' id='word_1_626' title='bbox 2511 4832 2626 4876; x_wconf 89' lang='lat' dir='ltr'><strong>nec</strong></span> <span class='ocrx_word' id='word_1_627' title='bbox 2667 4814 2842 4895; x_wconf 84' lang='lat' dir='ltr'><strong>pavit</strong></span> <span class='ocrx_word' id='word_1_628' title='bbox 2882 4832 3019 4891; x_wconf 76' lang='grc' dir='ltr'><strong>ηοε,</strong></span> <span class='ocrx_word' id='word_1_629' title='bbox 3062 4833 3178 4876; x_wconf 89' lang='lat' dir='ltr'><strong>nec</strong></span> <span class='ocrx_word' id='word_1_630' title='bbox 3223 4812 3602 4875; x_wconf 88' lang='lat' dir='ltr'><strong>munuscula</strong></span> <span class='ocrx_word' id='word_1_631' title='bbox 3642 4810 3830 4875; x_wconf 88' lang='lat' dir='ltr'><strong>nobis</strong></span> <span class='ocrx_word' id='word_1_632' title='bbox 3876 4812 3988 4874; x_wconf 89' lang='lat' dir='ltr'><strong>lar-</strong></span> 
     </span>
     <span class='ocr_line' id='line_1_91' title="bbox 2507 4912 2825 4992; baseline 0.003 -19"><span class='ocrx_word' id='word_1_633' title='bbox 2507 4912 2676 4992; x_wconf 85' lang='lat' dir='ltr'><strong>gitus</strong></span> <span class='ocrx_word' id='word_1_634' title='bbox 2708 4920 2825 4974; x_wconf 88' lang='lat' dir='ltr'><strong>est.</strong></span> 
     </span>
    </p>

    <p class='ocr_par' dir='ltr' id='par_1_21' title="bbox 2504 5006 3987 5383">
     <span class='ocr_line' id='line_1_92' title="bbox 2589 5006 3985 5091; baseline -0.004 -19"><span class='ocrx_word' id='word_1_635' title='bbox 2589 5014 2675 5072; x_wconf 88' lang='lat' dir='ltr'><strong>Et</strong></span> <span class='ocrx_word' id='word_1_636' title='bbox 2706 5014 3033 5088; x_wconf 84' lang='lat' dir='ltr'><strong>respondit</strong></span> <span class='ocrx_word' id='word_1_637' title='bbox 3078 5013 3181 5071; x_wconf 84' lang='lat' dir='ltr'><strong>vir</strong></span> <span class='ocrx_word' id='word_1_638' title='bbox 3211 5013 3436 5083; x_wconf 87' lang='lat' dir='ltr'><strong>Israel,</strong></span> <span class='ocrx_word' id='word_1_639' title='bbox 3474 5010 3536 5071; x_wconf 93' lang='lat' dir='ltr'><strong>id</strong></span> <span class='ocrx_word' id='word_1_640' title='bbox 3577 5017 3673 5072; x_wconf 85' lang='lat' dir='ltr'><strong>cst</strong></span> <span class='ocrx_word' id='word_1_641' title='bbox 3716 5006 3985 5091; x_wconf 87' lang='lat' dir='ltr'><strong>populus</strong></span> 
     </span>
     <span class='ocr_line' id='line_1_93' title="bbox 2515 5108 3983 5186; baseline -0.005 -15"><span class='ocrx_word' id='word_1_642' title='bbox 2515 5109 2808 5172; x_wconf 82' lang='lat' dir='ltr'><strong>undecim</strong></span> <span class='ocrx_word' id='word_1_643' title='bbox 2849 5109 3154 5186; x_wconf 89' lang='lat' dir='ltr'><strong>tribuum,</strong></span> <span class='ocrx_word' id='word_1_644' title='bbox 3186 5112 3274 5170; x_wconf 86' lang='lat' dir='ltr'><strong>ad</strong></span> <span class='ocrx_word' id='word_1_645' title='bbox 3318 5112 3488 5169; x_wconf 87' lang='lat' dir='ltr'><strong>viros</strong></span> <span class='ocrx_word' id='word_1_646' title='bbox 3516 5110 3714 5177; x_wconf 86' lang='lat' dir='ltr'><strong>Juda,</strong></span> <span class='ocrx_word' id='word_1_647' title='bbox 3744 5118 3802 5167; x_wconf 87' lang='lat' dir='ltr'><strong>et</strong></span> <span class='ocrx_word' id='word_1_648' title='bbox 3844 5108 3983 5167; x_wconf 83' lang='lat' dir='ltr'><strong>ait:</strong></span> 
     </span>
     <span class='ocr_line' id='line_1_94' title="bbox 2512 5208 3987 5285; baseline -0.003 -18"><span class='ocrx_word' id='word_1_649' title='bbox 2512 5212 2737 5268; x_wconf 87' lang='lat' dir='ltr'><strong>Decem</strong></span> <span class='ocrx_word' id='word_1_650' title='bbox 2762 5210 3061 5285; x_wconf 85' lang='lat' dir='ltr'><strong>partibus</strong></span> <span class='ocrx_word' id='word_1_651' title='bbox 3089 5226 3198 5284; x_wconf 76' lang='grc'><strong>090</strong></span> <span class='ocrx_word' id='word_1_652' title='bbox 3244 5208 3455 5283; x_wconf 83' lang='lat' dir='ltr'><strong>major</strong></span> <span class='ocrx_word' id='word_1_653' title='bbox 3491 5226 3637 5267; x_wconf 86' lang='lat' dir='ltr'><strong>sum</strong></span> <span class='ocrx_word' id='word_1_654' title='bbox 3680 5208 3853 5283; x_wconf 86' lang='lat' dir='ltr'><strong>apud</strong></span> <span class='ocrx_word' id='word_1_655' title='bbox 3894 5224 3987 5262; x_wconf 81' lang='lat' dir='ltr'><strong>re-</strong></span> 
     </span>
     <span class='ocr_line' id='line_1_95' title="bbox 2504 5304 3987 5383; baseline -0.004 -16"><span class='ocrx_word' id='word_1_656' title='bbox 2504 5326 2672 5383; x_wconf 72' lang='lat' dir='ltr'><strong>yem‚</strong></span> <span class='ocrx_word' id='word_1_657' title='bbox 2694 5316 2753 5366; x_wconf 89' lang='lat' dir='ltr'><strong>et</strong></span> <span class='ocrx_word' id='word_1_658' title='bbox 2773 5308 3248 5383; x_wconf 72' lang='lat' dir='ltr'><strong>primoyenitus</strong></span> <span class='ocrx_word' id='word_1_659' title='bbox 3278 5325 3387 5382; x_wconf 70' lang='grc'><strong>090</strong></span> <span class='ocrx_word' id='word_1_660' title='bbox 3415 5325 3562 5365; x_wconf 84' lang='lat' dir='ltr'><strong>sum</strong></span> <span class='ocrx_word' id='word_1_661' title='bbox 3586 5325 3609 5365; x_wconf 93' lang='grc'><strong>.·</strong></span> <span class='ocrx_word' id='word_1_662' title='bbox 3640 5304 3703 5371; x_wconf 85' lang='lat' dir='ltr'><strong>id</strong></span> <span class='ocrx_word' id='word_1_663' title='bbox 3734 5311 3846 5379; x_wconf 85' lang='lat' dir='ltr'><strong>est,</strong></span> <span class='ocrx_word' id='word_1_664' title='bbox 3878 5319 3987 5362; x_wconf 87' lang='lat' dir='ltr'><strong>un·</strong></span> 
     </span>
    </p>
   </div>
   <div class='ocr_carea' id='block_1_20' title="bbox 4293 0 4299 1288">
    <p class='ocr_par' dir='ltr' id='par_1_22' title="bbox 4293 0 4299 1288">
     <span class='ocr_line' id='line_1_96' title="bbox 4293 0 4299 1288; baseline 0 0"><span class='ocrx_word' id='word_1_665' title='bbox 4293 0 4299 1288; x_wconf 95' lang='lat' dir='ltr'><strong> </strong></span> 
     </span>
    </p>
   </div>
   <div class='ocr_carea' id='block_1_21' title="bbox 4294 2327 4297 3503">
    <p class='ocr_par' dir='ltr' id='par_1_23' title="bbox 4294 2327 4297 3503">
     <span class='ocr_line' id='line_1_97' title="bbox 4294 2327 4297 3503; baseline 0 0"><span class='ocrx_word' id='word_1_666' title='bbox 4294 2327 4297 3503; x_wconf 95' lang='lat' dir='ltr'><strong> </strong></span> 
     </span>
    </p>
   </div>
  </div>
 </body>
</html>
