4359 6250
920 472 1037 534 474
1487 491 1833 536 ananum-10
1877 493 1937 537 m
1979 493 2116 538 mr.
2163 492 2246 537 vn
2291 493 2445 539 unm
2489 493 2739 539 sacuam
2782 493 3005 540 nacon.
3050 513 3131 524 -
3170 494 3314 541 Anr.
3360 494 3446 540 xn

920 660 1063 722 aliis
1096 660 1511 724 inveniuntur
1539 661 1903 744 periculosi.
1947 666 2211 725 Videsne
2240 668 2409 745 quod
2438 663 2486 726 A
2516 674 2610 727 est
2640 683 2895 748 quoque
2928 665 2991 727 in
3025 675 3230 743 nocte,
3275 666 3577 746 quoniam
3608 676 3855 749 tempus
3882 687 3991 732 no-

919 780 1029 837 eqo
1073 763 1353 822 habitem
1401 764 1474 821 in
1522 765 1706 822 domo
1757 765 2050 834 cedrina,
2091 763 2155 826 id
2196 773 2293 827 cst
2341 765 2407 827 in
2516 773 2811 827 cturnum
2844 765 2921 827 ad
2968 765 3405 848 suscipiendas
3449 767 3859 830 revelationes
3894 777 3987 829 est

923 859 1158 941 palatio
1207 859 1286 922 de
1333 859 1538 922 cedris
1587 869 1649 923 et
1707 860 1849 923 aliis
1883 862 2072 941 lignis
2111 864 2407 946 pretiosis
2517 863 2750 944 aptiuS,
2784 862 3201 926 exterioribus
3244 864 3537 928 sensibus
3580 865 3871 946 quietatis
3914 885 3989 928 ac

921 966 1305 1037 constructo,
1343 968 1412 1020 ut
1441 959 1570 1040 jam
1617 960 1841 1043 patuit,
1875 973 1935 1022 et
1966 983 2118 1023 arca
2149 965 2271 1023 Dei
2302 983 2411 1041 po-
2521 963 2667 1025 dato
2697 961 2975 1025 silentio.
3008 962 3269 1044 Propter
3300 964 3471 1044 quod
3512 963 3816 1046 scriptum
3842 973 3932 1027 est
3966 983 3983 1025 t
4264 955 4266 1006 ἵ

921 1061 1050 1118 sita
1077 1061 1163 1119 sit
1197 1061 1266 1118 in
1301 1061 1505 1120 medio
1527 1062 1808 1137 pellium
1830 1064 1860 1121 ?
1889 1060 1952 1123 id
1981 1070 2098 1138 est,
2131 1061 2407 1143 pellibus
2515 1061 2630 1124 Per
2678 1062 2995 1125 somnium
3047 1061 3113 1123 in
3154 1061 3401 1125 visione
3438 1072 3751 1126 nocturna
3794 1064 3987 1146 aperit,
4030 1077 4207 1151 {onum
4264 1043 4266 1074 Ι

925 1157 1156 1219 talibus
1180 1157 1485 1234 involuta,
1509 1159 1810 1240 qualibus
1830 1162 2178 1223 secundum
2206 1161 2407 1242 legem
2522 1161 2683 1222 Deus
2710 1179 2899 1223 aures
2929 1161 3233 1224 virorum.
3258 1161 3417 1224 Hinc
3447 1162 3516 1224 in
3544 1162 3882 1241 Evangelio
3900 1183 3985 1226 re-
4014 1145 4071 1184 ¹'''
4090 1144 4143 1181 '⁶‘

924 1264 1018 1318 est
1049 1256 1455 1320 involvenda.
1490 1256 1675 1330 Quasi
1699 1258 1870 1321 dicat
1895 1258 2130 1333 :Quum
2161 1259 2249 1322 sis
2270 1279 2411 1322 san-
2516 1259 2748 1322 citatur
2783 1277 2797 1321 ε
2830 1260 3111 1340 Angelus
3154 1261 3452 1342 apparuit
3500 1261 3565 1322 in
3614 1261 3853 1325 somnis
3892 1263 3987 1324 Jo-
4054 1274 4207 1316 *ortt-1

921 1362 1060 1416 ctus
1092 1354 1422 1437 Propheta,
1455 1364 1516 1418 et
1547 1356 1766 1419 videas
1797 1357 1937 1434 ista,
1970 1358 2205 1420 mirum
2235 1360 2406 1440 quod
2518 1359 2697 1441 seph,
2726 1357 2967 1421 dicens,
2990 1359 3275 1439 Denique
3306 1359 3623 1422 increatus
3652 1359 3867 1423 Sermo
3884 1361 3987 1423 Dei
4012 1339 4069 1378 ²⁰·

924 1472 1052 1516 non
1087 1453 1360 1516 hortaris
1395 1473 1497 1516 me
1537 1455 1614 1516 ad
1658 1455 2110 1519 redificandum
2143 1457 2408 1521 Domino
2515 1457 2736 1532 Patris,
2764 1456 3059 1520 videlicet
3089 1457 3367 1520 Verbum
3394 1466 3727 1534 aeternum,
3752 1459 3985 1522 locutus

2516 1565 2613 1618 est
2643 1555 2884 1618 Nathan
2928 1556 3252 1638 prophetae
3282 1575 3396 1638 per
3434 1557 3755 1637 angelum,
3784 1575 3987 1640 quem·

2517 1655 2857 1718 admodum
2891 1655 2957 1716 in
2985 1654 3365 1738 Apocalypsi
3396 1663 3789 1718 contestatur
3820 1675 3835 1718 ε
3870 1657 3999 1739 Ego·
4024 1673 4217 1746 snam

921 1751 1250 1813 mortalem
1285 1751 1517 1815 habere
1538 1762 1728 1834 atque
1761 1753 2120 1816 inhabitare
2147 1755 2405 1818 domum
2516 1757 2697 1818 Jesus
2726 1752 2871 1815 misi
2901 1753 3197 1832 angelum
3226 1772 3440 1816 meum
3473 1754 3807 1818 testificari
3840 1757 3991 1820 hm:
4011 1739 4069 1776 ¹'‘

921 1851 1385 1932 praeclariorem
1437 1870 1628 1933 quam
1671 1853 1886 1928 Deum,
1929 1854 2041 1936 qui
2079 1855 2272 1935 jussit
2314 1873 2410 1916 ar-
2446 1855 2491 1916 B
2616 1856 2805 1924 Vade,
2854 1860 3189 1934 postquam
3234 1853 3607 1926 surrexeriS‚
3642 1865 3702 1916 et
3752 1859 3987 1934 loquere

921 1969 1058 2012 cam
1091 1969 1268 2012 suam
1302 1949 1366 2012 in
1411 1949 1815 2014 tabernaculo
1849 1972 1962 2015 suo
2002 1953 2196 2015 locari
2243 1953 2409 2015 intra
2520 1955 2608 2012 ad
2648 1971 2900 2010 servum
2946 1971 3157 2010 meum·
3190 1953 3408 2012 David
3438 1973 3461 2011 .·
3494 1955 3647 2014 Hoec
3678 1956 3849 2013 dicit
3884 1957 3989 2014 Do-

921 2047 1148 2111 Sancta
1179 2058 1563 2127 sanctorum,
1589 2059 1776 2132 prout
1809 2051 1871 2112 in
1905 2051 2118 2114 Exodo
2149 2051 2404 2133 legitur.
2523 2052 2765 2119 me'nuS,
2802 2051 3144 2128 Numquid
3184 2059 3255 2109 tu
3290 2052 3644 2128 aedificabis
3682 2054 3853 2112 milti
3894 2055 3991 2114 do-

921 2146 1111 2209 Porro
1144 2147 1220 2208 de
1267 2146 1664 2210 involutione
1694 2167 1854 2210 arcae
1895 2149 1959 2209 in
1991 2148 2406 2212 Numerorum
2520 2169 2697 2209 mum
2730 2151 2819 2208 ad
2845 2149 3269 2209 habitandum
3296 2151 3326 2208 ἒ
3356 2149 3418 2211 id
3450 2158 3567 2223 est,
3600 2168 3729 2212 non
3760 2151 3907 2214 volo
3936 2160 3995 2214 ut

751 2271 808 2300 m.
835 2273 890 2306 w.
921 2244 1086 2308 libro
1118 2244 1426 2326 scriptum
1457 2254 1552 2307 est
1588 2263 1601 2307 :
1637 2245 1964 2328 Deponent
1995 2247 2208 2310 velum
2237 2249 2407 2328 quod
2519 2255 2850 2310 construas
2891 2246 3048 2307 mihi
3092 2246 3423 2327 templum.
3457 2246 3653 2328 Cujus
3696 2267 3829 2310 una
3862 2249 3998 2311 sub—

633 872 705 978 ¹¹ll
719 873 831 928 Rea.
850 887 890 920 v.

631 1161 891 1266 fiatad-xxvi,

923 1554 1280 1616 condecens
1311 1553 1643 1635 templum,
1681 1554 1743 1616 in
1775 1574 1905 1636 quo
1935 1575 2080 1618 arca
2125 1575 2409 1620 reveren-

921 1660 1017 1714 ter
1048 1651 1312 1728 locetur,
1334 1671 1530 1733 quum
1563 1672 1689 1715 non
1711 1655 1926 1716 deceat
1961 1675 2062 1718 me
2083 1656 2419 1720 hominem.

639 1959 758 2004 laid.
773 1973 837 2012 xa,
851 1963 892 2002 3.

661 4138 712 4181 lV
723 4140 833 4195 Κεφ.
846 4154 901 4189 iv,

641 4206 708 4245 27.

923 2345 1155 2427 pendet
1197 2353 1342 2406 ante
1376 2343 1568 2415 sores,
1605 2344 2060 2427 involventque
2093 2364 2167 2409 eo
2197 2366 2409 2409 arcam

923 2443 1300 2520 testimonii,
1341 2451 1401 2505 et
1452 2445 1744 2526 operient
1791 2464 2043 2508 rursum
2091 2447 2409 2510 velamine

921 2542 1476 2624 hyacinthinarum
1513 2543 1801 2624 pellium,
1823 2546 2289 2627 extendentque
2308 2547 2411 2608 de-

919 2661 1110 2723 super
1141 2640 1404 2723 pallium
1441 2648 1638 2703 totum
1672 2643 2176 2724 hyacinthinum.

997 2743 1308 2820 Dia-itque
1339 2741 1606 2802 Nathan
1647 2745 1735 2802 acl
1773 2763 2003 2818 reyem,
2038 2743 2222 2824 cujus
2267 2761 2409 2826 pro-

921 2841 1194 2923 positum
1219 2841 1466 2922 putavit
1500 2841 1864 2920 religiosum
1897 2850 1958 2904 et
1979 2843 2104 2906 Deo
2135 2844 2409 2925 compla-

920 2940 1116 3003 citum
1154 2956 1167 3001 :
1205 2944 1403 3002 Omne
1431 2945 1600 3020 quod
1637 2943 1828 3002 estin
1867 2945 2052 3002 eorde
2085 2953 2213 3014 tuO,
2250 2945 2410 3003 vade

2518 2343 2807 2429 jungitur
2857 2345 3019 2407 ratio
3054 2361 3067 2405 :
3102 2347 3325 2425 Neque
3368 2349 3545 2407 enim
3594 2349 3891 2409 habitavi
3932 2351 4001 2408 ira

2517 2450 2724 2516 domo,
2761 2442 2823 2506 id
2859 2453 2956 2506 est
2989 2443 3223 2526 templo
3256 2463 3368 2507 seu
3414 2445 3823 2508 tabernaculo
3853 2446 3990 2520 fixo,

2520 2564 2595 2606 ex
2627 2542 2823 2624 lignis
2842 2542 3292 2625 lapidibusque
3315 2542 3605 2616 formato,
3632 2544 3991 2627 importatili

2519 2652 2581 2706 et
2613 2661 2740 2704 non
2772 2650 2966 2718 moto,
2988 2663 3070 2701 em
3088 2644 3197 2702 die
3218 2645 3337 2703 illa
3358 2663 3486 2722 qua
3506 2646 3710 2703 edu-ri
3726 2647 3899 2720 filios
3918 2649 3995 2706 Is-

2520 2745 2657 2802 rael
2677 2744 2756 2800 de
2788 2751 2961 2800 terra
2982 2743 3262 2818 AEyypci
3280 2761 3479 2820 usqu-e
3508 2745 3581 2802 in
3608 2745 3787 2804 diem
3809 2746 3993 2810 hanc,

2516 2845 2625 2902 sed
2654 2841 2989 2900 ambulavi
3020 2841 3088 2899 in
3116 2842 3523 2901 tabernaculo
3554 2840 3803 2924 Moysis,
3834 2843 3991 2923 quod

2521 2939 2642 3002 fuit
2682 2938 3023 3020 portabile,
3060 2958 3175 3000 nce
3215 2939 3323 2999 diu
3362 2940 3539 3001 stetit
3568 2939 3631 3001 in
3680 2939 3820 3004 loco
3850 2959 4003 3004 uno:
4030 2957 4221 2999 ,rmus

919 3045 980 3096 et
1008 3039 1142 3113 fac,
1176 3037 1236 3098 id
1271 3045 1387 3112 est,
1423 3037 1738 3119 quidquid
1770 3038 1848 3100 de
1879 3038 1996 3100 hac
2033 3057 2098 3100 re
2128 3039 2410 3101 decrevi-
2444 3037 2498 3100 C·
2518 3038 2759 3101 Dicitur
2786 3045 2997 3099 autem
3032 3036 3431 3100 invariabilis
3462 3047 3525 3100 et
3546 3026 4074 3102 moimmsen-5³⁹·

923 3135 1004 3197 sti
1045 3136 1314 3217 operari,
1351 3155 1716 3217 exsequere,
1751 3140 2062 3217 quoniam
2091 3140 2411 3199 Dominus

926 3244 1130 3294 tecum
1167 3244 1277 3305 est,
1323 3234 1385 3295 id
1428 3243 1545 3309 est,
1589 3236 1861 3315 gratiose
1911 3245 1971 3297 te
2009 3236 2249 3314 dirigit.
2284 3237 2410 3299 Hoc

925 3350 1300 3413 responsum
1345 3334 1610 3415 protulit
1643 3334 1885 3396 Nathan
1927 3334 2156 3415 spiritu
2196 3336 2412 3396 huma-

928 3449 1031 3507 n0,
1060 3449 1184 3493 non
1219 3431 1591 3513 prophetico
1613 3450 1686 3493 ac
1719 3431 1940 3494 divino
1967 3450 1979 3493 :
2005 3433 2175 3514 quod
2202 3441 2410 3495 tamen

925 3529 1172 3609 putavit
1202 3548 1270 3591 se
1299 3529 1510 3593 dicere
1542 3550 1616 3590 ex
1649 3530 1868 3593 divino
1901 3530 2229 3592 instinctu.
2258 3530 2414 3592 Cau·

922 3626 1051 3688 tius
1095 3636 1305 3690 autem
1345 3628 1600 3708 egisset,
1639 3628 1692 3689 si
1743 3637 1889 3690 ante
1933 3629 2412 3709 responsionem

927 3745 1104 3788 suam
1139 3727 1403 3808 petisset
1436 3726 1885 3789 revelationem
1919 3746 1956 3788 a
1987 3727 2273 3790 Domino.
2296 3728 2415 3790 Un-

927 3826 1006 3888 de
1041 3826 1210 3887 circa
1240 3827 1370 3888 haec
1401 3826 1557 3887 dicit
1585 3826 1836 3889 Glossa:
1862 3825 2035 3887 Patet
2063 3827 2236 3908 quod
2273 3845 2416 3908 pro-

929 3924 1161 4007 phetiae
1211 3925 1474 4007 spiritus
1525 3944 1651 3989 non
1691 3944 1942 4007 semper
1991 3935 2234 3989 mentes
2272 3927 2417 3990 Pro-

931 4024 1264 4106 phetarum
1317 4023 1598 4100 irradiat,
1652 4032 1911 4106 propter
1959 4025 2128 4106 quod
2170 4024 2417 4087 Eliseus

932 4121 1241 4203 propheta
1271 4120 1370 4183 ins
1373 4141 1440 4184 ra
1471 4130 1734 4184 testatur
1762 4123 1842 4184 de
1866 4120 2192 4185 sunamite
2226 4142 2240 4186 :
2274 4122 2420 4185 Ani-

2520 3137 2763 3220 ptibilis
2788 3138 2949 3199 Deus
2972 3135 3257 3199 habitare
3286 3144 3350 3198 et
3368 3137 3695 3201 ambulare
3724 3139 3791 3200 in
3820 3139 3995 3202 domo

2519 3246 2628 3299 aut
2648 3234 3080 3305 tabernaculo,
3108 3254 3221 3316 per
3251 3234 3504 3316 pietatis
3536 3244 3599 3298 et
3627 3238 3846 3318 gratiae
3876 3256 3997 3300 sua·

2520 3335 2816 3399 effeetus
2857 3337 2938 3395 Εε
2968 3337 3041 3393 in
3076 3336 3369 3404 cantorie,
3399 3334 3517 3396 hoc
3548 3344 3645 3397 cst
3676 3337 3997 3418 papilioni-

2521 3435 2641 3497 bus
2690 3432 2973 3494 filiorum
3016 3431 3228 3507 lsrael,
3256 3451 3374 3509 per
3415 3444 3642 3493 cuncta
3689 3439 3825 3495 loca
3866 3454 3999 3515 qmr

2526 3534 2805 3595 transivi
2834 3552 2979 3592 cum
3012 3534 3307 3591 omnibus
3335 3534 3498 3609 filiis
3532 3535 3736 3593 Israel
3769 3542 3999 3615 tempo-

2524 3651 2592 3693 re
2618 3630 2842 3711 Moysis
2874 3628 2955 3691 ab
2988 3628 3251 3711 AEg'ypto
3271 3648 3479 3710 usque
3508 3632 3889 3712 campestria
3912 3632 4001 3693 Je-

2525 3730 2722 3792 richo.
2758 3728 2935 3790 Unde
2986 3727 3051 3789 in
3101 3728 3314 3789 Exodo
3356 3727 3595 3810 Mosses
3638 3729 3873 3809 legitur
3914 3746 4000 3791 ex·

2523 3846 2735 3890 orasse
2769 3844 2783 3887 :
2820 3826 2883 3887 Si
2923 3843 3053 3888 non
3100 3834 3167 3885 tu
3210 3824 3346 3906 ipse
3385 3827 3705 3906 praecedas
3756 3846 3893 3903 nos,
3926 3843 4001 3889 ne
4078 3838 4191 3909 emt.-
4268 3818 4270 3825 '

2524 3926 2754 3989 educas
2785 3942 2901 3987 nos
2933 3923 3011 3985 de
3042 3922 3181 3986 loco
3212 3922 3353 3985 isto.
3390 3924 3456 3985 ln
3484 3944 3613 4005 quo
3643 3926 3815 3987 enim
3848 3927 4003 3989 scire
4026 3918 4137 4010 ῗξ“““’
4178 3914 4193 3939 ³

2526 4024 2876 4107 poterimus
2922 4022 3244 4086 invenisse
3284 4041 3400 4084 nos
3440 4024 3707 4103 gratiam
3754 4025 3819 4087 in
3868 4044 4005 4088 con-

2527 4132 2761 4204 spectu·
2794 4130 2924 4197 tuo,
2972 4120 3095 4182 nisi
3146 4120 3573 4184 ambulaveris
3629 4122 4003 4186 nobiscum?

935 4239 1038 4281 ma
1085 4220 1224 4300 ejus
1275 4221 1342 4283 in
1383 4221 1805 4283 amaritudine
1850 4231 1966 4297 est,
2010 4231 2072 4284 et
2115 4222 2418 4284 Dominus
2450 4228 2497 4290 D
2527 4222 2741 4302 Itaque
2761 4238 2905 4282 cum
2930 4218 3295 4282 sedentibus
3318 4219 3621 4281 Dominus
3652 4220 3845 4295 sedet,
3865 4238 4003 4283 cum

935 4337 1062 4380 non
1098 4318 1404 4382 indicavit.
1435 4320 1610 4382 mihi.

1014 4420 1288 4479 Factum
1317 4430 1405 4479 esc
1444 4430 1660 4479 autem.
1696 4422 1760 4479 in
1805 4431 1980 4481 nocte
2022 4422 2168 4489 illa,
2201 4418 2421 4483 videli-

935 4523 1034 4579 cet
1063 4516 1273 4577 statim
1307 4526 1634 4598 sequente,
1667 4529 1727 4578 et
1755 4538 1889 4578 ecce
1921 4539 2123 4578 sermo
2152 4521 2422 4579 Domini

935 4618 1023 4675 ad
1053 4618 1342 4687 Nathan,
1376 4618 1616 4687 dicens,
1651 4616 1714 4679 id
1757 4625 1874 4692 est,
1911 4616 2215 4679 revelatio
2240 4617 2421 4679 desua

936 4734 1050 4795 per
1081 4714 1248 4776 sacta
1277 4724 1394 4791 est,
1421 4714 1689 4795 loquens
1721 4715 1786 4776 in
1820 4714 2106 4778 interiori
2137 4734 2328 4778 sensu
2360 4723 2422 4777 et

937 4812 1265 4875 intellectu
1291 4812 1536 4875 'Nathan
1578 4814 1902 4896 prophetae
1937 4832 1952 4875 :
1989 4823 2050 4877 et
2082 4814 2220 4896 ipsa
2251 4832 2421 4876 reve-

935 4909 1089 4973 latio
1119 4910 1242 4972 fuit
1282 4910 1392 4974 illa
1435 4912 1692 4989 locutio,
1727 4932 1872 4995 quae
1909 4912 2196 4992 angelico
2238 4912 2421 4973 mini-

937 5008 1130 5071 sterio
1165 5008 1327 5071 facta
1368 5019 1484 5083 est,
1523 5009 1620 5073 vel
1665 5010 1728 5071 in
1762 5010 2119 5091 vigiliaaut
2160 5010 2229 5072 in
2258 5027 2424 5072 som-

939 5125 1045 5169 no.
1079 5106 1156 5168 Et
1204 5106 1257 5168 si
1304 5107 1370 5169 in
1420 5105 1663 5187 vigilia,
1720 5116 1870 5170 tunc
1919 5108 1998 5169 ad
2046 5108 2422 5171 exteriorem

939 5203 1204 5267 sonabat
1237 5204 1559 5281 auditum3
1595 5206 1646 5267 si
1678 5224 1831 5270 vero
1861 5206 2060 5287 (quod
2091 5206 2293 5285 magis
2322 5225 2425 5288 ap·

939 5303 1144 5384 paret)
1178 5302 1246 5365 in
1281 5321 1525 5381 somno,
1561 5312 1712 5368 tunc
1751 5305 1967 5368 sonuit
2007 5304 2204 5366 intus,
2238 5304 2425 5367 Facta

2528 4316 3001 4381 ambulantibus
3051 4315 3358 4391 ambulat,
3390 4334 3537 4378 cum
3578 4317 4005 4381 habitantibus

2528 4425 2978 4492 commoratur,
3016 4416 3080 4477 in
3113 4424 3421 4497 quantum
3458 4415 3850 4495 sedentibus,
3882 4434 4009 4480 am-

2528 4513 2923 4591 bulantibuS,
2942 4534 2945 4539 ·
2965 4521 3077 4575 aut
3117 4512 3549 4575 habitantibus
3592 4514 4008 4579 misericordi-

2530 4623 2624 4676 ter
2650 4613 2853 4689 adc-st,
2888 4620 3285 4693 cooperatur,
3310 4620 3373 4673 et
3402 4612 3715 4693 providet.
3750 4613 3923 4676 Unde
3944 4614 4005 4675 in

2528 4711 2757 4774 Genesi
2806 4709 3089 4791 loquitur
3130 4710 3319 4772 Jacob
3356 4728 3369 4772 ε
3406 4710 3711 4773 Dominus
3754 4710 3876 4774 fuit
3920 4728 4007 4774 so-
4054 4730 4220 4771 aemun-

2530 4811 2667 4875 cius
2702 4809 2949 4872 itineris
2990 4808 3137 4871 mei.
3174 4810 3517 4889 Numquid
3558 4813 3817 4889 loquens
3848 4814 4007 4871 ἰοί-ειη
4032 4798 4069 4837 ³·

2535 4921 2635 4971 tus
2662 4930 2807 4969 sum
2837 4911 2925 4968 ad
2965 4928 3168 4967 unam
3206 4910 3286 4967 de
3326 4909 3617 4967 tribubus
3648 4911 3879 4977 Israel,
3904 4910 4007 4968 cui

2524 5010 2826 5085 pra’cepi,
2872 5017 2942 5067 ut
2973 5015 3259 5083 pasceret
3300 5010 3617 5083 populum
3666 5026 3874 5067 meum
3920 5010 4007 5068 ls-

2532 5110 2693 5175 rael,
2726 5104 2791 5166 id
2822 5114 2939 5179 est,
2976 5122 3093 5166 nec
3116 5102 3309 5165 alicui
3342 5102 3538 5165 tribui
3570 5104 3774 5178 lsrael,
3812 5120 4011 5185 neque

2534 5203 2725 5266 alicui
2758 5220 3045 5285 personae
3071 5221 3312 5277 earum,
3337 5202 3441 5264 cui
3474 5220 3759 5283 personae
3784 5211 3897 5265 aut
3914 5202 4011 5263 tri·

2534 5301 2645 5365 bui
2674 5302 2835 5384 jussi
2868 5300 3205 5383 praesidere
3236 5300 3591 5363 Israeliticae
3620 5300 3817 5382 plebi,
3854 5302 4011 5365 locu·
