4359 6250
991 500 1338 546 ENARRATIO
1383 502 1441 546 m
1486 503 1622 548 car.
1671 502 1752 547 vn
1795 503 1952 547 unm
1994 502 2162 548 rann
2206 503 2427 549 neuun.
2472 522 2554 532 —
2595 503 2737 548 Aur.
2784 503 2887 548 xiv
3358 482 3487 548 295

375 665 598 740 Quum
629 668 804 731 enim
835 669 1146 744 viderent,
1180 667 1456 751 qualiter
1485 689 1522 731 a
1553 667 1886 731 Philistaeis
1913 667 1964 730 A
1994 688 2139 750 que.
2166 669 2381 732 Voluit
2404 679 2611 732 tamen
2645 689 2825 733 orare
2856 689 2969 752 pro
3002 669 3477 747 communitate,

111 782 259 836 [1169.
279 797 338 834 η,
376 775 575 828 erant
603 768 888 849 percussi
913 777 1172 851 propter
1193 788 1307 830 sua
1328 777 1390 832 et.
1411 768 1546 832 Heli
1573 767 1888 831 filiorum·
1995 788 2068 831 ea
2111 778 2423 850 praesente
2461 778 2525 832 et
2562 769 2902 832 Dominum
2944 770 3299 846 invocante,
3335 787 3483 849 qua-

77 847 214 889 ΨΜ·
375 883 518 944 que
561 866 702 947 ejus
746 864 1052 943 facinora,
1077 876 1142 929 et
1183 886 1376 948 quam
1415 868 1693 946 graviter
1724 867 1886 928 Deus
1995 876 2180 930 tenus
2244 888 2319 930 ex
2378 867 2723 931 multarum
2785 867 3124 951 praesentia
3174 866 3480 929 facierum

101 982 338 1033 mane,
377 962 762 1044 plagaverat
811 965 1164 1029 Philistaeos
1219 976 1478 1048 propter
1520 985 1682 1028 arcae
1729 983 1888 1046 prae-
1996 966 2420 1030 exaudibilior
2441 976 2608 1031 essct
2629 986 2743 1029 sua
2763 966 3094 1030 oratio.Ob
3124 965 3313 1028 aliam
3335 983 3484 1047 quo-

78 1047 116 1088 9·
139 1048 207 1088 ¹³³
234 1049 340 1095 *¹³⁸
377 1063 696 1141 sentiam,
750 1072 944 1145 atque
993 1084 1184 1145 quam
1247 1063 1626 1127 miraculose
1675 1082 1882 1126 arcam
1993 1084 2118 1145 que
2147 1085 2401 1128 causam
2434 1067 2740 1148 populum
2773 1064 3165 1142 convocavit,
3189 1063 3485 1126 videlicet

81 1117 224 1164 Μαι
377 1161 664 1238 reduxit,
700 1162 1069 1244 compuncti
1121 1170 1291 1239 sunt,
1327 1172 1391 1225 et
1439 1161 1885 1226 admonitioni-

372 1259 506 1322 bus
555 1259 866 1322 Samuelis
914 1259 1456 1343 obtemperarunt.
1495 1260 1672 1322 Unde
1713 1261 1886 1341 quod

371 1359 632 1422 dictum
663 1368 781 1435 est,
807 1359 954 1421 Erat
982 1359 1226 1441 quippe
1249 1359 1379 1441 jam
1414 1378 1621 1421 annus
1653 1358 1882 1422 vicesi-

373 1477 556 1533 muS,
591 1457 854 1538 quidam
885 1466 1234 1539 exponunt,
1255 1458 1426 1538 quod
1462 1465 1552 1520 tot
1581 1456 1734 1519 anni
1765 1455 1884 1518 flu-

373 1565 620 1618 xerunt
659 1575 734 1619 ex
775 1575 850 1618 eo
901 1564 1208 1639 tempore,
1246 1575 1374 1638 quo
1419 1563 1564 1638 post
1614 1563 1883 1618 mortem

373 1655 526 1718 Heli
559 1654 756 1736 coepit
791 1654 1042 1717 Samuel
1073 1655 1394 1717 instruere
1425 1653 1702 1736 plebem.

465 1755 588 1834 ᾼίι
638 1764 856 1815 aulem
905 1757 1174 1816 Samuel
1223 1757 1311 1814 ad
1363 1757 1734 1814 universam
1781 1757 1886 1812 do-

1993 1164 2072 1225 ad
2104 1166 2502 1227 tractandum
2524 1185 2669 1228 cum
2700 1164 2793 1227 eis
2823 1164 2903 1228 de
2932 1164 3101 1226 bono
3132 1161 3479 1240 communi,

1993 1271 2185 1344 atque
2214 1264 2292 1326 ad
2327 1264 2766 1327 renovandum
2798 1271 3055 1345 pactum
3088 1262 3253 1324 inter
3284 1261 3479 1323 Deum

1991 1368 2056 1422 et
2084 1361 2415 1443 populum.
2450 1362 2737 1444 Denique
2766 1361 2843 1424 ad
2878 1360 3051 1422 illam
3082 1357 3330 1436 urbem,
3364 1359 3484 1422 sci-

1993 1459 2142 1522 licet
2191 1459 2467 1542 Maspha,
2522 1460 2830 1542 populum
2882 1458 3258 1522 convocavit
3312 1475 3325 1519 :
3379 1458 3480 1519 vel

1995 1566 2253 1639 propter
2296 1558 2807 1621 convenientiam
2854 1557 2999 1635 loci,
3033 1555 3135 1619 vel
3180 1555 3482 1636 quoniam

1993 1657 2146 1718 urbs
2200 1656 2309 1719 illa
2349 1657 2590 1718 exstitit
2627 1655 2921 1733 celebris,
2954 1655 3258 1738 quoniam
3297 1654 3484 1716 Josue

1997 1755 2363 1836 frequenter
2395 1754 2601 1818 fuerat
2632 1754 2743 1816 ibi.

377 1874 572 1914 mma
594 1856 828 1922 Israel,
845 1854 1065 1912 dicens
1086 1873 1108 1912 .·
1129 1854 1210 1914 Si
1241 1854 1312 1912 in
1337 1861 1458 1912 tolo
1478 1854 1664 1912 corde
1685 1861 1886 1912 vestro
1919 1848 1966 1911 B
2075 1857 2160 1915 Et
2190 1875 2301 1914 con
2312 1864 2622 1914 venerunt
2654 1857 2727 1913 in
2760 1856 3061 1930 Maspha,
3104 1857 3486 1913 hauserunt-

379 1953 809 2012 reverlimini
829 1954 916 2011 ad
937 1952 1292 2012 Dominum
1315 1969 1428 2032 per
1457 1950 1712 2032 plenam
1745 1969 1888 2013 con-

377 2050 746 2127 tritionem,
801 2050 1254 2126 obedientiam,
1304 2048 1736 2126 dilectionem,
1779 2071 1888 2110 au-

373 2153 554 2228 ferte
581 2153 729 2210 deos
759 2151 1004 2211 alienos
1032 2152 1112 2209 de
1140 2150 1349 2209 medio
1381 2150 1600 2217 vestri,
1623 2150 1888 2208 Baalim

375 2260 444 2310 el
475 2251 812 2312 Astaroth.
840 2246 902 2309 Si
943 2248 1126 2328 juxta
1171 2245 1524 2328 praehabita
1567 2253 1736 2308 totus
1778 2264 1888 2327 po-

380 2349 582 2430 pulus
633 2346 823 2409 lsrael
885 2364 998 2426 per
1049 2353 1140 2408 tot
1188 2363 1392 2408 annos
1441 2344 1688 2426 quievit
1746 2353 1887 2426 post

375 2446 759 2522 Dominum,
793 2445 950 2526 quid
982 2443 1342 2507 necessaria
1384 2443 1505 2506 fuit
1535 2443 1888 2507 exhortatio

377 2546 514 2616 ista
545 2548 568 2606 ἓ
600 2544 723 2622 vel,
759 2543 1032 2624 qualiter
1063 2542 1230 2624 apud
1263 2561 1330 2606 se
1359 2543 1568 2605 adhuc
1599 2543 1750 2606 deos
1780 2542 1890 2605 ali-

379 2663 552 2708 enos
573 2642 894 2708 habebant
914 2646 938 2704 ‘l
957 2642 1050 2704 Ad
1082 2641 1204 2704 hoc
1237 2641 1487 2706 videtur
1519 2641 1884 2717 dicendum,

379 2744 568 2825 quod
598 2740 897 2823 quamvis
916 2749 1326 2804 cessaverunt
1354 2739 1522 2802 idola
1542 2740 1773 2816 colere,
1787 2740 1891 2802 ad-

362 2844 520 2906 ·huc
566 2851 780 2903 tamen
817 2840 987 2921 apud
1027 2857 1095 2902 se
1140 2846 1480 2901 tenuerunt
1524 2825 1885 2901 simulacra.

379 2943 464 3004 Et
501 2940 720 3004 forsan
760 2939 1024 3019 quidam
1057 2956 1278 3000 eorum
1319 2938 1602 3000 nondum
1643 2956 1720 3000 ex
1759 2945 1890 3002 toto

1995 1973 2114 2032 que
2161 1973 2421 2032 aquam.
2471 1952 2613 2014 Fuit
2662 1952 2898 2014 etenim
2947 1951 3341 2014 consuetudo
3386 1950 3485 2012 Ju-

1995 2051 2170 2128 daeis,
2208 2051 2439 2113 initum
2484 2049 2693 2113 foedus
2734 2069 2879 2113 cum
2917 2051 3043 2113 Deo
3084 2049 3183 2114 vel
3224 2048 3484 2111 homine

1995 2148 2379 2212 confirmare
2408 2167 2521 2230 per
2542 2147 2802 2230 aliquod
2832 2149 3085 2230 signum
3109 2147 3209 2210 vel
3243 2146 3477 2210 factum

1997 2246 2322 2322 sensibile,
2358 2255 2427 2309 ut
2467 2255 2639 2328 patet
2678 2247 2744 2309 in
2774 2247 2962 2310 Josue
3001 2245 3187 2322 libro,
3223 2254 3285 2308 et
3324 2243 3480 2307 alibi
3510 2265 3770 2372 §mg-5¹¹¹*

1997 2345 2305 2428 saepe.Sic
2334 2353 2397 2408 et
2427 2346 2546 2408 hac
2574 2345 2715 2408 vice
2734 2353 3037 2408 renovato
3069 2344 3329 2420 loedere,
3354 2362 3482 2424 quo

1997 2445 2441 2524 obligaverunt
2470 2463 2539 2507 se
2570 2445 2696 2507 Deo
2735 2444 2995 2520 servire,
3040 2443 3105 2504 in
3138 2443 3389 2522 signum
3421 2450 3486 2504 et

1998 2543 2437 2607 testimonium
2487 2543 2657 2625 pacti
2706 2542 2929 2623 hujuS,
2984 2561 3215 2623 aquam
3265 2541 3488 2605 hause-

2001 2650 2166 2719 runt,
2203 2653 2261 2702 el
2291 2645 2661 2721 effuderunt
2695 2644 2764 2702 in
2803 2651 3135 2718 conspectu
3166 2641 3434 2702 Domini
3464 2661 3487 2700 .·

2000 2750 2300 2822 tanquam
2342 2740 2482 2822 ipso
2525 2738 2693 2802 facto
2742 2738 3049 2814 dicenteS‚
3082 2738 3186 2802 Sic
3230 2738 3487 2818 sanguis

2001 2848 2219 2903 noster
2265 2838 2589 2914 fundatur,
2623 2846 2687 2900 et
2731 2845 2947 2918 pereat
2983 2836 3114 2899 vita
3156 2845 3393 2911 nostra,
3433 2835 3486 2898 si

2000 2957 2130 3002 non
2172 2936 2639 3000 servaverimus
2681 2943 2976 3017 pactum3
3022 2935 3171 2998 item
3212 2935 3288 2997 ad
3323 2933 3490 3014 figu-

377 3042 468 3104 ab
505 3036 868 3102 idololatria
899 3045 1321 3099 recesserunt.
1355 3036 1581 3098 Totum
1615 3054 1891 3117 namque
1919 3037 1964 3100 C
2001 3035 2294 3113 randum,
2338 3034 2508 3116 quod
2542 3033 2708 3097 sicut
2749 3053 2913 3114 aqua
2952 3031 3187 3110 effusa,
3224 3051 3353 3100 non
3395 3050 3489 3094 re-

381 3140 769 3221 frequenter
799 3135 997 3197 sumit
1027 3135 1234 3199 varias
1263 3128 1890 3198 denominationes’a

379 3238 668 3301 diversis
719 3234 1010 3317 partibus
1061 3232 1226 3311 suis,
1283 3232 1369 3295 ita
1417 3234 1588 3315 quod
1639 3232 1890 3296 diversa

379 3335 582 3418 quasi
626 3335 704 3397 de
749 3333 971 3397 eodem
1017 3340 1146 3395 toto
1193 3331 1571 3414 p.rolata,.ad
1606 3332 1889 3395 diversas

379 3435 556 3516 ejus
582 3440 796 3515 partes
831 3440 994 3494 sunt.
1031 3430 1388 3494 referenda.
1410 3434 1494 3492 Ec
1523 3442 1891 3509 proeparate

379 3536 592 3595 corda
638 3542 850 3592 vestra
893 3532 1196 3599 Domine,
1237 3528 1302 3591 id
1341 3536 1458 3604 est,
1493 3529 1578 3590 ad‘
1620 3528 1888 3609 gratiam

379 3652 462 3695 ac
514 3630 782 3692 virtutes
814 3647 926 3692 seu
965 3628 1043 3690 ad
1085 3646 1302 3693 earum
1341 3627 1735 3691 incrementa
1764 3626 1892 3688 dis-

384 3728 621 3813 ponite
652 3747 788 3805 voS,
832 3727 1126 3791 faciendo
1163 3727 1337 3808 quod
1368 3726 1436 3787 in
1468 3725 1647 3789 vobis
1679 3734 1796 3802 est,
1830 3733 1893 3787 et

386 3828 654 3893 obicem
685 3825 1056 3902 auferendo,
1081 3836 1141 3887 et
1170 3827 1400 3887 servile
1430 3828 1492 3885 ei
1503 3826 1664 3895 -soli,
1698 3824 1892 3888 servi-

390 3935 536 3991 tute
575 3926 808 4001 latriae,
833 3944 979 4006 quae
1013 3924 1140 3987 soli
1163 3941 1316 3987 vero
1347 3924 1472 3986 Deo
1503 3923 1792 3998 debetur,
1834 3934 1894 3984 et

2000 3136 2115 3212 dit,
2153 3135 2240 3197 ita
2290 3154 2407 3198 nec
2448 3134 2571 3215 ipsi
2611 3134 2689 3196 ad
2740 3132 3166 3197 idololatriam
3218 3139 3491 3197 reverte-

2001 3244 2241 3298 rentur.
2277 3234 2391 3297 Vel
2432 3252 2663 3315 aquam
2713 3234 2998 3295 haustam
3048 3230 3375 3308 fuderunt,
3407 3231 3488 3293 ad

1998 3332 2466 3413 designandum
2498 3331 2785 3395 cordium
2818 3324 3081 3393 suorum
3101 3327 3489 3392 effusionem

1998 3450 2209 3495 coram
2233 3430 2359 3493 Deo
2390 3448 2503 3512 per
2522 3430 2815 3492 devotam
2848 3428 3222 3503 orationem,
3255 3426 3491 3507 contri-

2000 3531 2240 3594 tionem
2292 3535 2354 3591 et
2404 3527 2752 3610 planctum.
2797 3527 2951 3589 Nam
3004 3525 3298 3589 subditur
3346 3541 3360 3587 ε
3405 3530 3489 3588 El

1984 3630 2466 3707 jejunaverunt
2496 3629 2569 3687 in
2600 3628 2721 3686 illa
2748 3628 2858 3687 die
2896 3626 2973 3687 ad
3018 3623 3485 3706 impetrandum

2002 3725 2442 3788 remissionem
2484 3723 2837 3806 culparum,
2882 3734 3074 3801 alque
3120 3726 3436 3783 dixerunt
3467 3744 3489 3782 .·

2003 3826 2150 3887 Tibi
2169 3826 2607 3901 peccavimuS,
2637 3824 2937 3892 Domine,
2969 3830 3032 3899 et
3076 3821 3165 3884 ita
3204 3819 3493 3883 humilia-

2002 3931 2231 3986 verunt
2280 3941 2347 3983 se
2397 3920 2591 4003 ipsos.
2627 3920 2886 4003 Propter
2933 3920 3103 4001 quod
3152 3918 3350 4001 aliqui
3398 3918 3492 3979 di-

385 4034 579 4087 eruel
601 4027 805 4083 vosde
833 4043 1038 4084 manu
1057 4023 1448 4084 Philistiim.
1474 4024 1896 4083 Abstulerant
2003 4029 2176 4098 cunt,
2232 4020 2399 4101 quod
2454 4019 2519 4080 in
2571 4018 2823 4100 signum
2875 4016 3339 4085 humiliationis
3390 4016 3489 4079 sui

383 4143 548 4201 erqo
581 4124 868 4193 Baalim,
913 4120 976 4183 id
1011 4128 1128 4197 est,
1166 4119 1336 4182 idola
1365 4118 1510 4181 Baal
1543 4118 1895 4181 comminu-

2005 4119 2311 4201 ipsorum‚
2337 4136 2569 4199 aquam
2600 4116 2924 4193 fuderunt,
2950 4116 3132 4198 quasi
3164 4115 3487 4178 dicentes:

385 4228 694 4296 erunt,et
713 4219 957 4285 cultum
991 4218 1193 4300 ipsius
1224 4217 1617 4299 abjecerunt,
1636 4226 1695 4277 ec
1715 4220 1894 4279 Asta·
1923 4220 1974 4281 D
2001 4219 2204 4281 Instar
2233 4236 2414 4298 aquae
2446 4216 2636 4298 hujus
2668 4215 2916 4293 effusae,
2939 4216 3101 4278 viles
3131 4223 3323 4296 atque
3352 4214 3495 4276 inu-

387 4322 572 4390 rotk,
608 4318 672 4380 id
719 4326 816 4381 est
859 4317 1030 4380 idola
1075 4316 1440 4398 hujusmodi
1491 4315 1637 4377 falsi
1679 4314 1801 4392 dei,
1834 4325 1893 4375 et

383 4420 764 4481 servierunt
793 4417 1072 4477 Domino
1105 4416 1248 4476 soli.

473 4517 672 4585 Dia-il
715 4524 936 4587 aulem
967 4516 1236 4574 Samuel
1268 4532 1290 4573 .·
1325 4516 1710 4589 Congreqale
1749 4514 1894 4571 uni-

389 4634 657 4679 versum
688 4615 893 4674 Israel
923 4614 996 4672 in
1029 4614 1322 4688 Maspha.
1358 4610 1690 4672 Commisit
1720 4609 1891 4672 enim

370 4710 810 4795 quibusdam,
844 4709 959 4791 qui
1000 4728 1078 4771 ex
1121 4716 1298 4791 parte
1343 4708 1545 4791 ipsius
1579 4708 1895 4773 ,discurre-

393 4818 544 4875 rent
574 4828 688 4892 per
721 4817 918 4872 totam
941 4816 1176 4871 terram
1206 4808 1394 4869 lsrael
1415 4809 1493 4869 ad
1516 4807 1895 4869 denuntian-

392 4911 580 4985 dum,
617 4915 688 4969 ut
725 4906 943 4970 cuncti
994 4907 1074 4968 ad
1121 4925 1268 4969 eum
1313 4906 1608 4969 venirent
1650 4905 1772 4967 viri
1821 4925 1895 4969 ac

2003 4316 2148 4378 tiles
2179 4334 2421 4380 sumus.
2460 4314 2748 4391 Quidam,
2787 4333 2948 4395 quos
2981 4311 3368 4377 Scholastica
3398 4311 3495 4373 hi-

2003 4413 2197 4477 storia
2238 4413 2549 4495 sequitur,
2585 4414 2828 4489 dicunt,
2865 4413 3034 4494 quod
3080 4412 3146 4473 in
3188 4430 3350 4493 aqua
3384 4410 3493 4471 illa

2003 4512 2265 4576 fuerunt
2313 4512 2651 4575 maledicta
2699 4521 3025 4593 congesta,
3080 4510 3491 4593 quemadmo-

2001 4614 2154 4675 dum
2206 4611 2270 4673 in
2321 4630 2485 4692 aqua
2534 4609 2838 4673 sacrificii
2884 4610 3211 4692 zelotypiae
3244 4630 3258 4673 :
3296 4627 3487 4690 quam
3518 4628 3783 4678 Nummio.

2003 4712 2055 4772 si
2096 4710 2368 4773 bibisset
2405 4708 2759 4785 idololatra,
2798 4708 2965 4771 labia
3001 4727 3115 4770 sua
3159 4708 3280 4771 sibi
3328 4705 3491 4768 invi-

2001 4828 2140 4873 cem
2201 4806 2711 4890 inseparabiliter
2757 4808 3210 4889 jungebantur.
3263 4804 3492 4885 Sicque

2005 4908 2212 4991 patuit
2250 4906 2601 4969 infidelitas
2634 4908 2795 4987 ejus.
2832 4904 3132 4967 Nonnulli
3172 4904 3488 4981 dixerunt,

396 5006 798 5091 principales
829 5006 909 5069 de
940 5004 1204 5087 populo.
1229 5004 1342 5068 Vel
1374 5004 1698 5077 commisit
1725 5005 1896 5068 istud
2006 5006 2176 5088 quod
2203 5004 2453 5068 Samuel
2488 5004 2727 5067 idolum
2750 5004 3067 5085 quoddam
3089 5002 3489 5077 comminuit,

397 5103 810 5189 principibus
839 5103 1144 5166 tribuum.
1164 5106 1242 5165 Ut
1260 5124 1432 5165 orem
1455 5122 1576 5182 pro
1609 5105 1782 5163 vobis
1811 5108 1899 5165 ad
2006 5105 2275 5186 ejusque
2307 5103 2635 5185 pulverem
2677 5102 2853 5165 misit
2896 5102 2960 5163 in
2994 5120 3223 5183 aquam
3267 5100 3441 5162 illam
3475 5120 3489 5163 t

397 5206 780 5269 Dominum.
809 5202 1030 5265 Nonne
1061 5209 1122 5265 et
1152 5200 1308 5264 alibi
1339 5201 1546 5283 potuit
1575 5220 1754 5264 orare
1785 5220 1900 5283 pro
2009 5221 2197 5283 quam
2230 5199 2545 5277 bibenteS,
2572 5200 2829 5263 discreti
2862 5208 3011 5261 sunt
3042 5197 3389 5261 idololatrae
3416 5198 3498 5261 ab

387 5303 652 5386 -populo
687 5301 882 5364 etiam
924 5318 1052 5363 non
1096 5309 1408 5383 praesente
1437 5303 1461 5361 ‘l
1500 5300 1748 5363 Poterat
1784 5299 1902 5364 uti·
2011 5300 2177 5376 aliis,
2200 5298 2287 5361 ita
2325 5300 2495 5379 quod
2528 5297 2592 5359 in
2625 5297 2840 5362 barbis
2877 5296 3351 5360 idololatrarum
3384 5314 3498 5379 ap-
