4359 6250
1159 1051 1698 1174 INDEX
1815 1046 2801 1172 GENERALIS

697 1593 1048 1641 ENARRATIO
1090 1594 1154 1640 m
1197 1595 1421 1642 unkun
1461 1595 1663 1643 Josuss.

430 1757 791 1816 Prooemium
833 1751 848 1814 .
927 1800 1782 1815 ..........

431 1849 732 1906 Articulus
771 1849 814 1904 I.
868 1847 1163 1920 Expositio
1221 1848 1486 1906 litteralis
1548 1847 1784 1920 capituli

504 1938 683 2012 primi
741 1955 755 1995 :
810 1938 880 1993 Et
934 1937 1156 1995 factum
1213 1942 1299 1996 est
1353 1942 1484 2011 post
1537 1941 1786 1996 mortem

501 2029 714 2102 Moysis
745 2069 1784 2084 ............

431 2119 732 2176 Articulus
769 2119 836 2175 II.
877 2119 956 2175 De
997 2117 1284 2191 spirituali
1333 2119 1508 2192 hujus
1551 2117 1787 2191 capituli

506 2209 806 2266 intellectu
830 2249 1784 2266 ...........

431 2299 733 2358 Articulus
760 2300 853 2355 111.
885 2298 1210 2355 Elucidatio
1240 2298 1475 2372 capituli
1508 2297 1786 2356 secundi:

505 2389 660 2446 Misit
686 2406 825 2462 ergo
854 2389 1023 2445 Josue
1056 2388 1210 2444 filius
1238 2390 1370 2445 Nun
1402 2392 1471 2446 de
1493 2388 1692 2446 Setim.

431 2476 734 2535 Articulus
771 2476 860 2531 IV.
910 2476 988 2532 De
1037 2475 1282 2548 mystico
1329 2475 1507 2548 hujus
1551 2473 1788 2546 capituli

504 2582 684 2624 sensu

434 2654 732 2713 Articulus
758 2655 825 2711 V.
865 2652 1190 2710 Elucidatio
1237 2653 1503 2711 litteralis
1551 2652 1789 2725 capituli

507 2743 700 2805 tertii:
724 2743 908 2816 Igitur
928 2744 1098 2800 Josue
1120 2745 1189 2800 de
1212 2747 1378 2800 noete
1409 2759 1786 2816 consurgens.

433 2833 732 2891 Articulus
759 2834 849 2889 Vl.
889 2833 968 2890 De
1007 2832 1298 2905 spirituali
1337 2832 1512 2906 huJus
1553 2831 1791 2904 capituli

507 2939 685 2981 sensu

435 3013 734 3070 Articulus
767 3013 882 3068 VII.
933 3010 1278 3084 Explanatio
1326 3009 1591 3068 litteralis
1636 3010 1792 3083 capi·

507 3101 615 3160 tuli
655 3102 848 3176 quarti
895 3119 908 3159 :
954 3101 1178 3168 Quibus
1213 3100 1612 3174 transgressis,
1643 3100 1792 3158 dixit

743 2605 1786 2621 ............

509 3193 796 3249 Dominus
837 3232 1788 3248 ...........

437 3282 735 3339 Articulus
764 3282 906 3337 VIII.
939 3280 1262 3337 Declaratio
1293 3279 1530 3353 capItuli
1561 3279 1790 3352 quinti:

510 3372 826 3444 Postquam
863 3387 1002 3444 ergo
1039 3369 1356 3427 audIerunt
1389 3385 1594 3426 omnes
1625 3385 1793 3443 reges

511 3460 988 3517 Amorrhaeorum
1024 3498 1788 3515 .........

437 3550 735 3608 Articulus
767 3550 853 3604 IX.
897 3547 1228 3621 Spiritualis
1263 3548 1595 3620 explanatio
1641 3548 1794 3621 ejus-

511 3637 644 3697 de'm
677 3638 916 3711 capituli
935 3679 1789 3694 ..........

439 3728 734 3786 Articulus
762 3728 825 3783 Χ.
869 3726 1193 3784 Elucidatio
1241 3726 1507 3783 litteralis
1555 3725 1793 3799 capituli

509 3816 656 3875 sexti
689 3832 704 3873 τ
743 3816 968 3874 Iericho
1005 3820 1201 3874 autem
1242 3816 1446 3873 clausa
1467 3819 1593 3873 erat
1619 3820 1792 3889 atque

513 3906 742 3964 munita
747 3947 1789 3962 ............

439 3996 736 4055 Articulus
775 3996 866 4051 XI.
908 3996 986 4052 De
1026 3994 1311 4069 spirituali
1344 3995 1520 4069 hujus
1554 3994 1792 4068 capituli

509 4104 688 4145 sensu

438 4176 734 4236 Articulus
760 4176 878 4232 XII.
908 4174 1229 4233 Declaratio
1259 4174 1525 4232 litteralis
1554 4175 1792 4247 capituli

509 4266 744 4342 septimi
775 4282 788 4323 ε
820 4265 952 4323 Filii
991 4268 1188 4323 autem
1231 4263 1406 4323 Israel
1435 4265 1794 4339 praevaricati

508 4362 648 4415 sunt
654 4396 1789 4413 .............

437 4447 733 4505 Articulus
761 4446 904 4504 XIII.
949 4447 1026 4503 De
1073 4442 1364 4518 spirituali
1404 4460 1575 4502 sensu
1617 4444 1796 4518 hujus

511 4538 749 4611 capituli
758 4574 1789 4593 ............

439 4627 732 4684 Articulus
771 4627 908 4682 XIV.
953 4623 1298 4698 Explanatio
1336 4623 1604 4681 litteralis
1641 4624 1796 4697 capi-

511 4714 620 4772 tuli
671 4714 901 4771 octavi:
935 4713 1094 4770 Dixit
1137 4717 1336 4771 autem
1385 4712 1671 4771 Dominus
1719 4716 1794 4771 ad

745 4127 1790 4141 000000000000

511 4805 682 4861 Josue
715 4820 730 4860 τ
772 4804 852 4861 Ne
891 4802 1103 4860 timeas
1125 4844 1792 4859 ........

438 4892 733 4951 Articulus
763 4894 874 4948 XV.
905 4892 984 4949 De
1013 4891 1192 4966 hujus
1215 4891 1456 4964 capituli
1477 4908 1652 4950 sensu
1673 4908 1795 4965 my-

508 4981 654 5039 stico
659 5022 1788 5037 .............

438 5071 732 5129 Articulus
760 5070 898 5125 XVI.
937 5070 1282 5142 Explanatio
1329 5066 1569 5142 capituli
1605 5069 1743 5126 noni
1777 5087 1790 5126 :

511 5160 733 5226 Quibus
761 5158 994 5223 auditis,
1023 5161 1111 5215 etc
1118 5200 1788 5213 ........

438 5249 732 5307 Articulus
762 5247 924 5303 XVII.
953 5244 1246 5319 Expositio
1273 5247 1511 5320 capituli
1538 5246 1750 5304 decimi
1775 5264 1788 5303 ε

509 5337 650 5404 Quoe
678 5352 863 5411 quum
890 5336 1146 5394 audisset
1167 5352 1270 5395 rex
1298 5336 1620 5396 Jerusalem
1679 5378 1692 5393 .

1895 1758 1928 1813 3

1895 2028 1931 2082 5

1865 2208 1933 2263 10

1773 2388 1933 2444 ,13

1868 2565 1935 2621 16

1867 2743 1935 2798 18

1864 2922 1931 2976 21

1865 3192 1936 3248 23

1865 3460 1936 3515 26

1866 3637 1932 3693 31

1867 3907 1939 3963 33

1866 4088 1938 4143 37

1869 4357 1939 4412 39

1868 4536 1940 4591 46

1868 4804 1940 4860 48

1865 4982 1932 5037 51

1773 5337 1930 5394 ,57

2035 1575 2328 1634 Articulus
2356 1578 2546 1634 XVIII.
2577 1577 2872 1651 Expositio
2919 1576 3154 1650 capituli
3202 1577 3385 1634 unde-

2110 1666 2250 1723 cimi
2290 1684 2304 1723 :
2350 1667 2490 1734 Quae
2534 1685 2718 1742 quum
2765 1667 3024 1726 audisset
3066 1667 3235 1724 Jabin
3282 1683 3385 1724 rex

2105 1758 2252 1812 Asor
2256 1797 3383 1816 .............
3458 1757 3531 1814 63

2037 1846 2334 1903 Articulus
2362 1847 2499 1902 XIX.
2547 1848 2624 1905 De
2672 1846 2962 1920 spirituali
3000 1844 3386 1921 intellissentia

2105 1936 2283 2010 hujus
2309 1937 2546 2008 capituli
2623 1978 3383 1993 .........
3458 1937 3531 1992 66

2039 2025 2335 2083 Articulus
2362 2027 2473 2081 XX.
2512 2025 2806 2098 Expositio
2836 2025 3073 2097 capituli
3112 2025 3386 2082 duodeci-

2111 2114 2192 2171 mi
2227 2132 2240 2170 :
2274 2114 2341 2170 Hi
2388 2120 2526 2172 sunt
2570 2132 2737 2189 reges
2785 2132 2930 2188 quos
2976 2119 3389 2188 percusserunt

2110 2204 2214 2260 filii
2242 2205 2416 2262 Israel
2440 2247 3384 2262 ...........
3460 2207 3533 2262 68

2040 2294 2336 2352 Articulus
2365 2296 2501 2352 XXI.
2542 2295 2885 2370 Explanatio
2933 2293 3170 2368 capituli
3208 2294 3389 2351 tertii-

2112 2384 2325 2441 decimi
2359 2403 2373 2440 :
2405 2386 2573 2442 Iosue
2610 2403 2786 2443 senex
2824 2389 3223 2459 provectaeque
3258 2388 3392 2441 aeta-

2111 2473 2188 2528 tis
2223 2476 2347 2531 erat
2352 2517 3390 2533 ............
3466 2474 3539 2530 70

2042 2562 2338 2619 Articulus
2374 2564 2536 2620 XXII.
2586 2564 2906 2623 Declaratio
2953 2563 3189 2637 capituli
3222 2579 3395 2636 quar-

2109 2651 2371 2709 tidecimi
2395 2670 2409 2709 :
2433 2655 2550 2710 Hoc
2578 2657 2666 2710 est
2694 2655 2852 2727 quod
2880 2653 3264 2726 possederunt
3293 2651 3394 2708 filii

2111 2741 2287 2798 Israel
2358 2784 3394 2798 ............
3468 2741 3539 2798 ’13

2041 2830 2338 2888 Articulus
2366 2832 2556 2887 XXIII.
2587 2831 2884 2904 Expositio
2913 2831 3151 2904 capituli
3178 2830 3395 2904 quinti-

2116 2921 2330 2978 decimi
2363 2938 2377 2978 :
2410 2919 2594 2994 Igitur
2639 2937 2765 2978 sors
2804 2921 3061 2977 filiorum
3101 2921 3265 2978 Judae
3292 2937 3396 2994 per

2114 3009 2491 3083 cognationes
2521 3027 2673 3076 suas,
2709 3009 2819 3093 iusta
2847 3009 2957 3066 fuit
2996 3051 3387 3066 .....
3464 3010 3537 3068 ’16

2043 3100 2337 3158 Articulus
2366 3101 2550 3157 XXIV.
2591 3100 2913 3158 Elucidatio
2951 3099 3186 3174 capituli
3219 3100 3392 3157 sexti-

2112 3190 2326 3248 decimi
2368 3208 2382 3247 :
2431 3190 2649 3248 CecidiI
2692 3207 2922 3265 quoque
2964 3207 3091 3248 sors
3136 3191 3391 3249 filiorum

2113 3279 2320 3352 Ioseph
2355 3322 3389 3337 ............
3464 3283 3537 3339 80

2042 3368 2337 3427 Articulus
2366 3370 2525 3425 XXV.
2548 3370 2845 3443 Expositio
2874 3370 3113 3443 capituli
3142 3371 3397 3443 septimi-

2114 3457 2327 3515 de-cimi
2362 3476 2375 3515 :
2408 3458 2627 3516 cecidit
2664 3462 2859 3517 autem
2902 3477 3027 3517 sors
3063 3459 3240 3517 tribui
3278 3462 3394 3518 Ma-

2116 3563 2285 3605 nasse
2350 3588 3391 3606 ............
3470 3552 3537 3607 81

2046 3636 2343 3694 Articulus
2372 3638 2557 3693 XXVI.
2583 3636 2905 3695 Declaratio
2924 3638 3162 3711 capituli
3185 3639 3398 3696 octavi-

2117 3726 2331 3783 decimi
2366 3744 2379 3783 :
2412 3727 2872 3800 Congregatique
2900 3731 3039 3784 sunt
3066 3742 3273 3785 omnes
3292 3727 3397 3783 filii

2118 3816 2294 3873 Israel
2326 3815 2384 3872 in
2416 3815 2537 3872 Silo
2542 3858 3395 3873 ..........
3471 3820 3543 3875 84

2045 3904 2341 3964 Articulus
2370 3906 2581 3962 XXVII.
2605 3905 2951 3977 Explanatio
2974 3905 3211 3978 capituli
3236 3907 3399 3963 noni-

2117 3995 2330 4053 decImi
2364 4013 2377 4051 ε
2405 3998 2475 4052 Et
2501 4012 2734 4069 egressa
2770 3998 2859 4052 est
2892 4012 3019 4052 sors
3046 3997 3304 4053 secunda
3331 3996 3396 4053 ss-

2117 4084 2332 4141 liorum
2361 4084 2594 4142 Simeon
2632 4126 3391 4141 .........
3468 4088 3539 4143 86

2044 4174 2341 4231 Articulus
2368 4174 2604 4229 XXVIII.
2627 4172 2950 4230 Elucidatio
2978 4173 3215 4246 capituli
3242 4174 3393 4232 vioe-

2115 4264 2254 4320 simi
2278 4280 2291 4319 :
2321 4265 2391 4319 Et
2417 4263 2645 4320 locutus
2670 4266 2757 4320 est
2786 4264 3070 4320 Dominus
3098 4266 3172 4321 ad
3200 4266 3390 4323 Josue.
3464 4267 3537 4325 89

2044 4353 2339 4411 Arficulus
2373 4352 2559 4409 XXIX.
2600 4352 2925 4410 Elucidatio
2967 4354 3207 4426 capituli
3241 4354 3393 4414 vice-

2115 4443 2249 4500 simi
2282 4442 2459 4517 primi
2499 4460 2513 4500 :
2544 4445 2926 4501 Accesserunt
2953 4446 3149 4501 autem
3180 4445 3395 4517 princi-

2117 4550 2219 4606 pes
2245 4531 2605 4589 familiarum
2638 4531 2766 4589 Levi
2820 4574 3392 4590 .......
3467 4534 3535 4591 91

2046 4622 2341 4680 Articulus
2369 4623 2528 4677 XXX.
2558 4620 2853 4694 Expositio
2880 4621 3116 4694 capituli
3136 4622 3396 4680 vicesimi

2117 4713 2356 4769 secundi
2391 4729 2404 4767 :
2445 4713 2662 4769 Eodem
2693 4715 2952 4784 tempore
2980 4714 3205 4770 vocavIt
3228 4714 3398 4771 Josue

2117 4799 2432 4857 Rubenitas
2440 4841 3396 4858 ...........
3470 4802 3544 4859 93

2047 4888 2342 4946 Articulus
2370 4888 2554 4943 XXXI.
2598 4887 2893 4960 Expositio
2932 4889 3167 4962 capituli
3198 4890 3401 4947 vicesi-

2118 4976 2198 5033 mi
2249 4976 2404 5034 tertii
2438 4992 2451 5032 ε
2483 4975 2723 5032 Evoluto
2771 4978 2967 5033 autem
3017 4978 3204 5035 multo
3250 4982 3398 5035 tem·

2113 5083 2252 5140 pore
2260 5107 3393 5124 .............
3469 5070 3541 5126 97

1863 5160 1936 5216 54
2041 5156 2337 5214 Articulus
2371 5155 2580 5211 XXXII.
2613 5154 2958 5227 Explanatio
2986 5155 3223 5228 capituli
3252 5156 3395 5215 vice-

2111 5246 2247 5302 simi
2279 5244 2472 5318 quarti
2505 5260 2518 5301 :
2547 5244 3041 5318 CongregavItque
3069 5246 3237 5303 Josue
3268 5262 3393 5302 om-

2113 5350 2216 5393 nes
2242 5334 2432 5393 tribus
2460 5333 2634 5391 Israel
2709 5373 2724 5388 .
