4359 6250
1495 1177 2397 1291 PROOEMIUM

561 1893 602 1930 a
631 1872 932 1943 DominO,
967 1881 1041 1932 uc
1068 1874 1154 1933 sit
1183 1872 1496 1933 memoria
1525 1872 1790 1931 illorum
1822 1872 1895 1929 in
1924 1871 2375 1930 benedictione.
2409 1867 2604 1931 Eoo-li.
2640 1884 2800 1944 xnvl,
2836 1868 2926 1944 13,
2956 1868 3052 1931 14.

666 1978 844 2042 Sicut
870 1979 960 2041 ait
989 1979 1334 2061 Scriptura,
1361 1978 1579 2042 Omnis
1609 1985 1886 2060 potestas
1917 1956 2241 2040 aDomino
2262 1977 2390 2039 Deo
2420 1984 2537 2053 est,
2563 1977 2675 2057 qui
2704 1976 2885 2057 juxta
2914 1976 3485 2059 profundissimam
3522 1989 3789 2039 Rom.xu·.1.

387 2085 722 2167 sapientia>
751 2106 882 2150 suae
913 2106 1270 2164 censuram,
1307 2087 1605 2151 universa
1634 2087 1934 2148 decenter
1963 2084 2300 2166 gubernat,
2336 2092 2528 2166 atque
2559 2084 2841 2149 suaviter
2882 2093 2947 2147 et
2984 2084 3488 2149 connaturaliter
3522 2096 3785 2153 sap.=-.n.¹.

389 2202 621 2257 cuncta
649 2193 957 2276 disponit.
991 2195 1128 2276 Ipse
1159 2213 1457 2277 suprema
1486 2194 1653 2257 inter
1685 2201 1896 2257 creata
1923 2211 2038 2275 per
2069 2212 2136 2254 se
2169 2192 2382 2274 ipsum
2414 2191 2784 2255 immediate
2814 2201 2910 2255 est
2951 2210 3197 2273 regenS,
3235 2202 3299 2257 et
3330 2192 3492 2259 inse-

395 2298 562 2362 riora
590 2319 706 2382 per
736 2301 1067 2384 superiora
1095 2303 1174 2364 ad
1217 2301 1510 2384 proprios
1554 2300 1773 2381 dirigit
1803 2300 1991 2363 fineS.
2027 2300 2315 2381 Denique
2358 2299 2538 2379 juxta
2566 2299 3003 2364 diversitatem
3035 2310 3100 2364 et
3143 2322 3494 2385 congruen-

397 2408 548 2469 tiam
583 2417 941 2491 temporum
971 2409 1398 2473 diversimode
1431 2408 1593 2489 regit
1611 2427 1811 2490 genus
1843 2408 2217 2485 humanum,
2244 2416 2309 2470 et
2338 2406 2650 2489 populum
2686 2407 2899 2490 ipsum
2929 2410 3347 2475 Israeliticum
3372 2413 3493 2475 sibi

397 2515 552 2577 olim
597 2517 1009 2598 peculiarem,
1050 2517 1318 2579 durante
1363 2516 1595 2581 veteris
1627 2516 2011 2579 Testamenti
2059 2516 2355 2591 decursu,
2408 2513 2747 2598 tripliciter
2799 2516 3036 2598 legitur
3075 2520 3489 2599 gubernasse.

395 2622 610 2686 Primo
637 2643 750 2706 per
779 2624 1049 2705 judiceS,
1081 2625 1361 2687 secundo
1390 2643 1504 2706 per
1549 2642 1750 2705 regeS,
1787 2624 1974 2689 tertio
2004 2642 2118 2705 per
2153 2620 2521 2705 pontifices,
2557 2632 2745 2705 prout
2791 2626 3217 2689 communiter
3245 2628 3370 2691 dici
3404 2649 3499 2693 so-

392 2729 510 2792 let.
543 2730 753 2794 Potest
784 2740 996 2795 tamen
1026 2732 1172 2794 addi
1203 2740 1266 2795 et
1296 2739 1562 2813 quartus
1593 2732 1840 2795 moduS.
1873 2730 2082 2794 Primo
2111 2730 2371 2807 etenim,
2407 2730 2461 2792 si
2494 2730 2613 2795 rite
2643 2741 2967 2814 pensetur,
2995 2735 3157 2797 rexit
3185 2737 3496 2818 populum

388 2836 584 2899 illum
615 2856 728 2919 per
759 2837 1210 2919 legislatorem,
1245 2837 1360 2919 qui
1389 2837 1646 2921 praesuit
1677 2839 1791 2902 toti
1822 2837 2062 2921 populo
2088 2838 2206 2915 illi,
2237 2845 2537 2919 tanquam
2571 2838 2871 2920 praelatus
2902 2850 2965 2903 et
2993 2841 3294 2925 princeps
3317 2864 3389 2907 ac
3414 2845 3498 2908 le-

385 2944 584 3025 gifer.
616 2944 870 3007 Iudices
912 2954 1125 3009 autem
1153 2945 1536 3025 (secundum
1569 2945 1888 3025 doctores)
1919 2964 2047 3007 non
2075 2954 2410 3027 praeerant,
2447 2953 2515 3007 ut
2554 2946 2689 3009 veri
2732 2947 3059 3029 principes
3098 2958 3207 3012 aut
3250 2952 3498 3033 praelati

385 3051 604 3135 plebis
627 3052 824 3130 illius,
848 3061 960 3115 aut
987 3072 1102 3136 per
1135 3054 1395 3116 modum
1424 3053 1699 3135 alicujus
1730 3053 2024 3131 dominii,
2062 3053 2172 3116 sed
2205 3071 2318 3136 per
2340 3054 2601 3116 modum
2633 3054 3091 3119 exhortationis
3124 3066 3317 3141 atque
3346 3078 3497 3124 con-

385 3161 551 3238 silii,
587 3170 655 3225 ut
687 3162 858 3224 infra
887 3162 1086 3243 magis
1125 3171 1438 3244 tangetur.
1473 3162 1663 3245 Moysi
1697 3181 1848 3227 vero
1879 3161 2188 3225 successit
2216 3161 2403 3225 Josue
2432 3162 2497 3223 in
2529 3163 2895 3246 principatu
2935 3173 2998 3228 et
3025 3165 3167 3246 jure
3197 3167 3491 3231 dominii.

389 3270 543 3333 Post
571 3270 760 3333 Josue
792 3279 1005 3333 autem
1036 3271 1165 3332 dati
1197 3279 1347 3333 sunt
1376 3269 1621 3351 judices
1654 3271 2004 3333 secundum
2033 3269 2323 3332 ordinem
2358 3270 2425 3331 in
2457 3269 2577 3333 hoc
2603 3270 2769 3334 libro
2800 3272 3213 3356 descriptum.

519 3378 764 3440 Primus
795 3379 1010 3460 itaque
1042 3379 1266 3442 modus
1300 3377 1629 3459 regiminis
1653 3378 1980 3441 israelitici
2015 3377 2261 3460 populi,
2289 3377 2414 3440 suit
2446 3378 2844 3461 principatus
2876 3382 3346 3460 monarchicuS,
3367 3403 3494 3465 quo

389 3505 568 3548 unus
615 3485 730 3548 toti
772 3485 1167 3548 multitudini
1216 3485 1616 3568 praesidebat,
1653 3504 1781 3548 non
1819 3493 2030 3547 tamen
2074 3493 2144 3546 ut
2186 3504 2315 3562 rex,
2350 3486 2458 3547 sed
2506 3495 2575 3548 ut
2619 3487 2919 3569 princeps
2960 3497 3023 3551 et
3064 3489 3190 3551 dux
3227 3507 3241 3550 t
3274 3490 3497 3572 sicque

383 3593 638 3674 Moyses
667 3601 732 3656 et
756 3593 944 3656 Josue
976 3592 1392 3675 praefuerunt.
1428 3592 1753 3656 Secundus
1799 3592 2029 3655 deinde
2062 3591 2391 3672 regiminis
2424 3593 2649 3655 modus
2685 3593 2810 3656 fuit
2840 3613 2954 3676 per
2999 3597 3261 3660 modum
3295 3598 3499 3660 consi-

388 3698 578 3761 liaris
609 3699 979 3763 directionis
1016 3717 1030 3761 :
1065 3709 1128 3763 et
1159 3700 1246 3763 ita
1273 3700 1521 3781 judices
1552 3699 2033 3779 gubernabant3
2068 3707 2130 3762 et
2157 3699 2413 3761 duravit
2447 3719 2649 3782 usque
2682 3700 2955 3764 Saulem.
2986 3702 3075 3764 Ex
3111 3711 3262 3766 tunc
3294 3724 3499 3786 usque

383 3808 472 3870 ad
513 3807 1136 3888 transmigrationem
1165 3807 1372 3890 plebis
1418 3807 1592 3870 illius
1637 3807 1703 3869 in
1735 3807 2140 3890 Babylonem,
2177 3806 2433 3870 duravit
2481 3808 2547 3869 in
2586 3828 2659 3871 ea
2693 3809 2901 3888 regale
2932 3811 3313 3873 dominium.
3352 3811 3500 3876 Post

387 3914 680 3977 reditum
711 3934 862 3979 vero
892 3934 929 3977 a
957 3915 1325 3998 captivitate
1358 3915 1488 3991 illa,
1519 3933 1635 3997 pro
1665 3914 1894 3995 majori
1923 3915 2232 3997 temporis
2264 3923 2465 3997 parte,
2502 3934 2616 3997 per
2647 3915 2993 3998 pontifices
3028 3927 3235 3994 rectus
3267 3927 3363 3981 est
3394 3938 3503 4002 po-

385 4023 593 4105 pulus
625 4023 755 4086 ille.
781 4023 936 4086 Nam
956 4024 1308 4087 etJoannes
1330 4023 1652 4105 Hyrcanas
1685 4020 1712 4084 s
1717 4021 1864 4084 ilius
1897 4021 2172 4085 Simonis
2208 4021 2423 4085 fratris
2446 4023 2621 4086 Judae
2643 4024 3001 4103 Macbabaei,
3020 4025 3317 4108 pontifex
3350 4026 3495 4104 suit,

380 4130 694 4213 quamvis
721 4131 974 4194 tandem
999 4131 1372 4213 imposuerit
1403 4149 1519 4192 suo
1541 4129 1734 4211 capiti
1761 4129 2004 4209 regium
2034 4129 2327 4192 diadema
2359 4130 2495 4212 ipse
2518 4139 2627 4193 aut
2654 4129 2681 4193 s
2686 4131 2835 4193 ilius
2863 4133 3024 4214 ejuS.
3046 4133 3499 4198 Verumtamen

383 4237 500 4300 ins
505 4257 576 4299 ra
617 4237 684 4300 in
729 4238 850 4301 isto
893 4237 1278 4302 describitur
1323 4237 1508 4314 libro,
1544 4237 1715 4318 quod
1747 4237 2116 4299 Abimelech
2154 4234 2333 4298 filius
2365 4235 2699 4316 Gedeonis,
2737 4238 2859 4300 fuit
2900 4259 3009 4302 rex
3049 4240 3497 4305 Sicbimorum.
3529 4261 3799 4314 haicam.

381 4347 520 4410 Sed
551 4346 690 4428 ipse
723 4346 1024 4427 indignus
1055 4355 1151 4410 est
1178 4346 1372 4427 judex
1401 4345 1761 4408 Israeliticae
1793 4345 1998 4427 plebis
2031 4345 2265 4420 vocari,
2301 4354 2363 4409 et
2394 4345 2619 4408 habuit
2651 4346 3083 4429 principatum
3115 4357 3492 4431 usurpatum

382 4454 827 4537 tyrannicum,
858 4473 974 4517 nec
1006 4452 1266 4537 prael'uit
1297 4455 1414 4516 toti
1445 4453 1766 4516 territorio
1795 4452 2232 4517 Hebraeorum.

520 4563 715 4626 Porro
741 4563 989 4644 judices
1019 4562 1208 4625 lsrael
1241 4561 1502 4624 fuerunt
1533 4561 1651 4624 viri
1687 4561 1991 4624 virtutum
2021 4581 2094 4624 ac
2123 4561 2302 4643 justi,
2322 4570 2384 4624 et
2416 4562 2470 4624 si
2502 4563 2615 4644 qui
2649 4582 2870 4626 eorum
2900 4565 3247 4647 aliquando
3280 4585 3497 4648 pecca-

383 4678 653 4746 verunt,
688 4669 1129 4751 poenituerunt
1159 4678 1366 4731 tamen
1397 4677 1588 4750 atque
1617 4668 1841 4731 salvati
1873 4678 2042 4730 sunt.
2075 4669 2252 4732 Unde
2285 4669 2351 4730 in
2384 4669 2658 4734 themate
2690 4672 3087 4754 praeinducto
3117 4674 3500 4756 quadrupli-

386 4777 561 4841 citer
590 4777 1120 4839 commendantur
1156 4793 1170 4837 :
1203 4775 1433 4852 Primo,
1467 4795 1504 4837 a
1535 4775 1970 4838 nominatione
2010 4776 2269 4858 propria
2306 4771 2375 4837 in
2418 4777 2582 4841 libro
2615 4778 2761 4842 vitae
2802 4779 3185 4861 conscripta,
3222 4799 3351 4862 qua
3386 4799 3503 4863 per

387 4883 932 4966 approbationem
971 4904 1008 4947 a
1037 4885 1164 4948 Deo
1202 4893 1350 4946 sunt
1379 4884 1640 4963 cogniti,
1675 4903 1876 4965 quum
1906 4883 2160 4960 dicitur,
2193 4885 2445 4948 Judices
2486 4885 2722 4966 singuli
2756 4905 2871 4949 suo
2916 4887 3202 4964 nomine,
3240 4889 3497 4970 supple,

393 4992 613 5058 vocati
634 5002 806 5056 sunt.
831 4993 1142 5070 Secundo,
1168 4993 1247 5054 ab
1277 4992 1565 5056 interiori
1596 4992 1976 5074 integritate,
2003 5011 2205 5074 quum
2235 4992 2509 5070 additur,
2535 4991 2813 5067 Quorum
2840 5012 2967 5056 non
3000 5003 3095 5056 est
3118 5004 3492 5077 corruptum

389 5122 537 5166 cor.
573 5102 718 5164 Haec
743 5102 1002 5165 demum
1048 5101 1399 5182 integritaS,
1435 5109 1530 5163 est
1561 5100 1926 5164 virtuositas
1960 5101 2098 5181 ipsa
2141 5099 2412 5176 interna,
2448 5119 2590 5182 quae
2628 5111 2724 5163 est
2774 5101 3142 5164 immunitas
3174 5122 3211 5164 a
3241 5103 3502 5167 laesione

393 5209 674 5293 peccati,
709 5217 772 5272 et
800 5208 1038 5270 sanitas
1068 5208 1287 5289 gratiae
1317 5227 1391 5271 ac
1421 5209 1750 5285 virtutum,
1778 5209 1998 5289 sicque
2029 5207 2301 5270 includit
2330 5208 2639 5271 virtutum
2672 5210 3056 5290 congeriem.
3087 5209 3298 5273 Tertio
3336 5230 3506 5275 com-

395 5318 794 5381 mendantur
823 5335 902 5380 ex
928 5317 1284 5380 constantia
1312 5317 1799 5398 perseverantiae
1829 5317 2038 5380 cultus
2069 5315 2483 5397 divini‚quod
2512 5317 2810 5398 quamvis
2836 5317 2900 5378 in
2925 5316 3191 5400 praesata
3218 5337 3501 5401 compre-

395 1762 898 2031 JUDIC'ES
928 1764 1180 1839 sinyuli
1205 1783 1320 1823 suo
1349 1763 1630 1831 nomine,
1661 1782 1938 1841 quorum
1963 1781 2093 1821 non
2121 1770 2211 1820 est
2240 1769 2615 1837 corruptum
2644 1780 2768 1829 cor,
2803 1762 2920 1841 qui
2948 1779 3077 1820 non
3106 1769 3259 1821 sunt
3286 1764 3498 1821 aversi
