4359 6250
613 2446 697 2490 Job
715 2459 812 2494 xm,
826 2449 850 2487 5

907 469 1026 532 728

1425 485 1769 533 manuario
1813 486 1874 530 IN
1918 485 2053 531 CAP-
2101 485 2232 531 xxu
2274 485 2431 530 unm
2473 485 2672 530 'rt-:mu
2712 485 2936 530 amun.
2982 501 3063 514 -·-
3104 483 3247 530 am.
3293 481 3466 529 1111!

985 661 1108 718 Ille
1139 678 1282 718 vero
1314 660 1579 730 addens,
1603 657 1722 728 ait,
1755 654 1987 718 clarius
2018 657 2394 738 exponendo
2423 657 2473 718 A
2504 656 2831 718 Altissimo
2863 653 3483 737 permittente.Unde
3512 652 3821 735 scriptum
3850 660 3977 714 est:

906 775 1084 819 suam
1131 754 1584 818 revelationem
1625 761 1688 816 et
1726 753 1956 816 seriem
1999 754 2393 836 deceptionis

907 853 1141 936 perfidi
1171 853 1338 932 regis
1365 871 1379 914 :
1400 856 1776 930 Propterea,
1797 851 1861 913 id
1885 860 1980 914 est
1999 852 2083 915 ob
2104 860 2279 913 tuam
2306 853 2396 913 in-

905 950 1343 1017 credulitatem
1393 947 1850 1013 confutandam
1894 969 2004 1012 seu
2046 949 2397 1013 informan-

906 1051 1074 1127 dam,
1107 1052 1272 1110 audi
1311 1069 1666 1110 sermonem
1712 1051 1981 1110 Domini
2010 1070 2032 1109 .·
2082 1051 2232 1108 Vidi
2273 1051 2398 1110 Do-

907 1151 1160 1210 minum
1209 1151 1525 1208 sedentem
1570 1166 1762 1224 super
1807 1149 2044 1207 solium
2090 1168 2309 1217 suum,
2338 1157 2397 1206 et

905 1268 1158 1308 omnem
1203 1249 1559 1306 exercitum
1601 1249 1745 1306 coeli
1792 1248 2201 1307 adsistentem
2252 1249 2315 1304 ei
2356 1267 2398 1306 α

905 1347 1153 1406 dextris
1199 1355 1258 1405 et
1306 1367 1348 1404 a
1392 1345 1704 1405 sinistris.
1749 1344 2002 1406 Certum
2059 1353 2176 1421 est,
2226 1345 2397 1426 quod

906 1445 1070 1506 Deus
1125 1443 1192 1504 in
1244 1461 1312 1505 se
1361 1443 1500 1524 ipso
1549 1443 1632 1504 sit
1681 1442 2396 1525 incircumscriptibiliS,

907 1540 1366 1618 immaterialiS,
1393 1540 1931 1622 simplicissimus,
1955 1541 2316 1618 illocabilis,
2338 1551 2401 1604 et

907 1639 1348 1720 intemporalis
1390 1658 1404 1700 ε
1439 1639 1677 1703 idcirco
1710 1659 1826 1703 nec
1869 1641 2081 1721 angeli
2109 1641 2401 1722 incorpo-

909 1737 1001 1800 rei
1029 1736 1343 1800 situaliter
1375 1738 1501 1800 Deo
1533 1738 1871 1814 adsistunt,
1907 1757 2025 1802 nec
2055 1757 2201 1801 eum
2235 1739 2399 1802 inter

2506 755 2763 817 Factum
2794 763 2891 816 est
2920 773 3118 835 quum
3152 753 3421 834 quadam
3452 751 3555 814 die
3590 751 3717 813 filii
3748 750 3859 813 Dei
3884 769 3981 812 ve·
4027 765 4105 807 :aa
4126 770 4205 807 ιω.
4246 805 4248 816 ,

2506 854 2749 916 nisse-nt
2780 862 2844 916 et
2872 861 3113 916 starent
3138 871 3351 914 coram
3382 850 3979 927 Domino,venisset·

2506 971 2631 1036 que
2665 951 2851 1014 Satan
2884 952 3049 1015 inter
3079 966 3186 1014 eos
3218 958 3281 1013 et
3310 957 3503 1012 staret
3537 949 3605 1011 in
3642 957 3977 1031 conspectu

2507 1052 2667 1132 ejus,
2710 1051 2786 1112 Et
2826 1050 3117 1132 quamvis
3164 1048 3475 1131 expositio
3522 1048 3643 1110 ista
3686 1047 3771 1109 sit
3817 1066 3980 1110 com-

2509 1150 2888 1226 mendanda,
2926 1150 3176 1212 videtur
3204 1156 3417 1210 tamen
3448 1147 3625 1210 locus
3658 1147 3777 1210 iste
3806 1146 3983 1208 aliter

2510 1267 2697 1329 posse
2753 1247 3006 1330 exponi,
3059 1255 3123 1310 et
3182 1247 3383 1324 magis
3432 1253 3855 1310 consonanter
3908 1245 3981 1306 ad

2510 1346 2782 1410 formam
2834 1355 3063 1410 textus,
3106 1345 3419 1426 Loquitur
3462 1343 3635 1407 enim
3682 1343 3982 1424 Propheta

2511 1446 2590 1508 de
2619 1447 2745 1509 Deo
2779 1455 3079 1526 tanquam
3118 1446 3199 1507 de
3238 1463 3385 1525 rege
3420 1461 3650 1522 magno
3688 1443 3979 1506 residenti

2512 1545 2577 1606 in
2610 1545 2841 1608 throno
2872 1563 3007 1620 su0,
3042 1552 3105 1606 et
3134 1545 3215 1607 de
3246 1551 3377 1606 toto
3420 1541 3557 1623 ejus
3594 1541 3874 1604 exercitu
3899 1541 3982 1603 la-

2512 1643 2793 1706 teraliter
2821 1643 3033 1724 ipsum
3064 1642 3405 1718 ambiente,
3422 1648 3607 1723 prout
3634 1640 3870 1703 milites
3898 1659 3980 1702 so-

2512 1741 2645 1803 lent
2673 1741 3029 1824 principem
3052 1741 3476 1804 circumstare.
3498 1738 3601 1802 Sic
3616 1747 3830 1801 autem
3850 1757 3981 1820 pro-

908 1857 974 1898 se
1007 1836 1352 1898 terminant
1379 1845 1489 1899 aut
1524 1837 1883 1900 includunt.
1909 1838 2052 1900 Ideo
2083 1838 2247 1902 visio
2279 1839 2401 1902 ista
2436 1843 2483 1906 B
2512 1839 2649 1921 prie
2680 1858 2809 1902 non
2837 1838 3251 1902 circumstant
3280 1856 3491 1919 neque
3508 1837 3843 1913 adsistunt,
3862 1837 3977 1899 nisi

906 1935 1175 2000 Michaeae
1227 1935 1350 1996 ruit
1395 1935 1792 2016 imaginaria,
1830 1955 1957 2018 qua
2009 1937 2170 1998 vidit
2201 1938 2397 2000 Deum

908 2035 974 2096 in
1005 2033 1450 2110 similitudine,
1497 2033 1703 2097 forma
1735 2054 1846 2096 seu
1879 2037 2092 2116 specie
2122 2038 2397 2116 quadam

906 2133 1118 2214 ipsum
1158 2141 1672 2214 repraesentante,
1712 2133 1845 2194 sive
1879 2133 2070 2196 suerit
2104 2134 2401 2196 similitu-

907 2232 987 2294 do
1028 2230 1140 2293 illa
1183 2238 1432 2292 tantum
1484 2230 1548 2292 in
1600 2230 2057 2311 imaginatione
2101 2232 2213 2295 illa
2258 2233 2399 2295 Pro-

907 2329 1135 2410 phetae,
1157 2329 1293 2390 sive
1316 2328 1584 2391 formata
1604 2329 1908 2407 exteriuS,
1931 2340 2120 2412 prout
2141 2341 2397 2395 sanctus

903 2428 1019 2491 Job
1051 2426 1335 2508 loquitur
1363 2427 1489 2490 Deo
1525 2445 1540 2489 ε
1573 2427 1811 2489 Auditu
1857 2429 2029 2490 auris
2060 2430 2277 2494 audivi
2312 2439 2391 2508 te,

907 2545 1078 2588 nunc
1123 2533 1330 2588 autem
1377 2526 1601 2589 oculus
1651 2545 1828 2589 meus
1878 2527 2052 2590 videt
2101 2537 2182 2592 te.
2219 2530 2399 2592 Com-

905 2624 1185 2687 muniter
1215 2633 1426 2687 autem
1469 2623 1715 2687 fiebant
1745 2624 1903 2688 tales
1929 2626 2207 2690 visiones
2240 2628 2397 2708 ipsis

2510 1937 2747 1999 milit-es
2795 1936 2947 1999 boni
2996 1945 3105 1998 aut
3154 1936 3321 2000 servi
3369 1935 3618 1998 fideles.
3672 1936 3823 1998 Item
3868 1935 3979 1998 hoc

2511 2036 2649 2099 loco
2695 2055 2806 2117 per
2846 2055 3101 2098 omnem
3146 2034 3493 2097 exercitum
3536 2034 3703 2112 coeli,
3744 2034 3980 2096 videtur

2510 2134 2964 2214 intelligendus
2994 2141 3161 2194 totus
3191 2133 3504 2196 exercitus
3524 2132 3670 2196 coeli
3690 2133 3975 2214 empyrei,

2508 2232 2586 2294 ad
2618 2251 2809 2313 quem
2840 2249 2967 2294 non
2998 2231 3321 2314 pertinent
3340 2230 3549 2312 angeli
3569 2230 3972 2294 tenebrarum.

2510 2331 2653 2392 Ideo
2676 2349 2788 2411 per
2807 2348 3063 2392 omnem
3093 2329 3441 2392 exercitum
3474 2330 3665 2391 istum
3698 2329 3979 2392 videntur

2509 2427 2627 2489 soli
2668 2427 2877 2507 angeli
2918 2427 3120 2490 sancti
3160 2427 3580 2507 intelligendi,
3624 2427 3776 2509 quia
3816 2436 3876 2489 et
3914 2426 3975 2488 hi

2509 2525 2618 2607 qui
2672 2526 2737 2587 in
2793 2543 2987 2606 regno
3041 2526 3455 2588 beatitudinis
3508 2535 3657 2588 sunt
3706 2528 3785 2588 ad
3834 2526 3975 2587 sini-

2510 2633 2704 2686 stram
2742 2626 2928 2703 regiS‚
2965 2624 3133 2687 beati
3172 2634 3344 2687 sunt.
3379 2625 3553 2688 Unde
3586 2633 3785 2688 mater
3818 2625 3975 2686 filio-

904 2723 1234 2805 Prophetis
1262 2722 1347 2785 ab
1379 2723 1558 2785 omni
1593 2722 1896 2786 exteriori
1941 2744 2132 2786 sensu
2163 2725 2400 2788 aliena·
2509 2742 2651 2784 rum
2674 2723 2955 2786 Zebedaei
2986 2723 3229 2786 oravit:
3256 2723 3367 2786 Dic
3386 2733 3457 2786 ut
3478 2724 3738 2787 sedeant
3767 2723 3831 2784 hi
3858 2723 3973 2784 duo
4010 2745 4213 2787 ,uuum

908 2822 1010 2884 tis.
1054 2820 1342 2903 Huicque
1389 2820 1625 2884 visioni
1676 2821 1946 2885 Miehaeae
1997 2823 2227 2886 similis
2278 2824 2399 2886 suit
2512 2819 2637 2882 filii
2684 2821 2834 2897 mci,
2880 2840 3043 2882 unus
3088 2822 3168 2884 ad
3212 2822 3555 2898 dexteram,
3598 2830 3661 2886 et
3708 2841 3868 2883 unus
3902 2821 3973 2882 ad
4000 2809 4133 2854 ²⁰³¹·
4247 2817 4248 2832 ¹

659 2939 862 2991 12.v=,1.
909 2920 1074 2984 visio
1117 2919 1310 2996 Isaiae‚
1356 2921 1766 3001 protestantis
1816 2939 1828 2982 :
1873 2920 2018 2983 Vidi
2058 2923 2399 2985 Dominum
2511 2919 2835 2982 sinistram
2881 2929 3053 2982 tuam
3105 2919 3171 2982 in
3216 2939 3410 3000 regno
3450 2929 3581 2983 tuo.
3624 2920 3693 2982 In
3735 2921 3977 2984 Prover-

911 3019 1236 3082 sedentem
1269 3036 1459 3100 super
1489 3017 1720 3081 solium
1752 3019 2072 3082 excelsum
2105 3029 2168 3083 et
2200 3021 2401 3086 eleva·
2434 3020 2479 3083 C
2512 3018 2763 3082 biorum
2807 3037 3063 3100 quoque
3107 3019 3277 3082 libro
3317 3019 3547 3099 legitur
3588 3037 3603 3080 :
3637 3019 3977 3099 Longitudo
4000 3042 4207 3083 ρωωψ.
4247 3013 4248 3016 ’

911 3126 1071 3179 tum.
1094 3114 1209 3179 llla
1236 3135 1492 3199 quoque
1521 3116 1821 3193 DanieliS‚
1847 3118 1926 3181 de
1953 3138 2076 3200 qua
2111 3119 2249 3201 ipse
2277 3120 2395 3183 ait:
2509 3117 2758 3181 dierum
2791 3117 2857 3179 in
2888 3118 3145 3181 dextera
3172 3119 3335 3199 ejuS,
3370 3127 3431 3181 ct
3463 3117 3527 3180 in
3560 3117 3818 3181 sinistra
3848 3118 3977 3198 ejus
4247 3117 4248 3120 ’

628 3242 883 3291 Danaus.
911 3214 1356 3296 Adspiciebam
1401 3214 1466 3275 in
1509 3214 1754 3277 visione
1785 3236 1928 3279 mea
1955 3227 2161 3294 nocte,
2198 3220 2400 3282 donec
2511 3216 2753 3279 divitiae
2784 3224 2846 3278 et
2875 3216 3099 3296 gloria.
3133 3215 3376 3297 Sponsa
3406 3234 3661 3297 quoque
3695 3216 3759 3277 in
3788 3216 3978 3279 Canti-

619 3309 660 3355 ⁹=
683 3309 747 3349 ¹⁰·
913 3312 1125 3375 throni
1159 3312 1350 3394 positi
1383 3320 1534 3374 sunt
1571 3321 1635 3375 ct
1675 3314 1996 3395 Antiquus
2026 3316 2277 3379 dierum
2309 3338 2402 3381 se·
2510 3315 2603 3376 cis
2639 3332 2653 3376 :
2688 3315 2871 3377 Laeva
2900 3316 3062 3396 ejuS,
3090 3315 3323 3396 inquit,
3356 3316 3475 3377 sub
3504 3316 3713 3397 capite
3744 3335 3899 3391 mec,
3922 3324 3977 3377 et
4005 3337 4201 3381 omps.

660 3830 829 3875 Ezech.
855 3845 883 3881 ι,

621 3897 687 3938 26.

910 3412 1026 3473 dit.
1059 3410 1252 3473 Millia
1284 3410 1559 3473 millium
1604 3412 2051 3476 ministrabant
2083 3414 2164 3490 ei,
2198 3423 2260 3477 et
2290 3416 2400 3479 de-

911 3509 1039 3572 cies
1071 3508 1306 3572 millies
1337 3518 1605 3572 centena
1645 3510 1850 3573 millia
1891 3511 2284 3575 adsistebant
2315 3514 2397 3575 ei.

905 3607 1094 3669 Juxta
1121 3626 1314 3689 quem
1355 3608 1549 3671 etiam
1590 3610 1852 3671 modum
1881 3610 2171 3673 Ezechiel
2206 3612 2271 3672 in
2304 3632 2401 3674 ex-

911 3706 1092 3769 ordio
1131 3706 1478 3771 voluminis
1511 3708 1634 3785 sui,
1663 3708 1875 3769 innuit
1907 3708 2030 3770 sibi
2062 3710 2398 3773 Dominum

914 3806 1318 3887 apparuisse:
1339 3805 1541 3888 Super
1563 3805 2058 3881 firmamentum,
2081 3808 2395 3889 inquienS,

915 3906 1096 3986 quasi
1126 3905 1461 3986 adspectus
1492 3904 1724 3987 lapidis
1773 3906 2059 3987 sapphiri
2103 3908 2403 3971 similitu-

915 4004 997 4065 do
1027 4002 1261 4080 throni,
1297 4011 1361 4065 et
1404 4021 1596 4085 super
1636 4004 2127 4069 similitudinem
2159 4007 2397 4085 throni,

2511 3414 2767 3475 dextera
2800 3413 2973 3475 illius
3002 3412 3466 3496 amplexabitur
3495 3433 3618 3477 me.

2594 3515 2678 3573 Εἰ
2720 3514 2816 3573 ait
2859 3515 3176 3575 Dominus
3207 3532 3229 3574 .·
3264 3515 3421 3580 Quis
3462 3516 3738 3592 decipiet
3774 3517 3981 3575 Achab

2510 3630 2722 3687 reyem
2750 3614 2981 3681 Israel,
3013 3620 3087 3671 ut
3116 3614 3421 3671 ascendat
3447 3622 3506 3670 et
3534 3615 3729 3673 cadat
3768 3615 3837 3671 in
3866 3616 3983 3674 Ra-

2514 3711 2683 3767 moth
2720 3710 3020 3769 Galaact?
3058 3707 3369 3788 Loquitur
3408 3708 3723 3790 scriptura
3760 3709 3877 3771 ista
3912 3710 3983 3770 de

2512 3807 2636 3869 Deo
2668 3825 2842 3869 more
2874 3807 3165 3883 humano,
3182 3825 3379 3888 quum
3412 3807 3814 3889 omnipotens
3836 3808 3983 3870 Deus

2513 3904 2673 3965 nihil
2708 3923 2783 3966 ex
2814 3904 3174 3985 ig‘norantia
3202 3914 3468 3986 quierat,
3503 3924 3619 3967 nec
3650 3925 3765 3987 per
3795 3926 3860 3969 se
3888 3924 3985 3969 vo-

2512 4002 2734 4065 caliter
2764 4003 3151 4078 sciscitetur3
3188 4004 3296 4065 sed
3336 4003 3586 4066 interna
3616 4004 3987 4067 allocutione

913 4100 1265 4164 similitudo
1295 4102 1481 4183 quasi
1525 4102 1862 4183 adspectus
1908 4103 2188 4167 hominis
2218 4105 2405 4168 desu-
2513 4100 2798 4185 loquitur
2830 4102 3127 4183 supernis
3166 4101 3521 4183 spiritibuS‚
3558 4112 3747 4185 prout
3775 4104 3852 4167 de
3880 4104 3985 4165 hac

913 4217 1048 4280 per.
1077 4199 1287 4262 Potest
1324 4217 1582 4281 quoque
1630 4200 1999 4281 hujusmodi
2042 4204 2208 4267 visio
2254 4203 2395 4267 fieri
2435 4204 2484 4265 D
2516 4219 2581 4261 re
2611 4219 2802 4280 super
2829 4199 2945 4263 Job
2985 4200 3225 4262 dictum
3266 4208 3364 4263 est
3401 4201 3675 4281 plenius.
3710 4204 3795 4263 Et
3822 4204 3985 4261 dia-it

915 4298 981 4357 in
1013 4296 1232 4376 vigilia
1261 4304 1324 4359 et
1352 4296 1421 4358 in
1451 4316 1697 4361 somno.
2517 4318 2686 4358 unus
2736 4301 2925 4359 verba
2970 4301 3436 4376 hujuscemodi,
3486 4299 3987 4363 intellectualiter

994 4395 1181 4457 Porro
1224 4396 1396 4477 quod
1437 4396 1678 4459 dictum
1719 4407 1836 4475 est,
1871 4397 2137 4462 Omnem
2175 4402 2406 4463 exemi-
2516 4398 2979 4477 respondendo,
3016 4416 3211 4477 seque
3240 4399 3317 4460 ad
3350 4398 3462 4460 Dei
3492 4397 3804 4479 obsequia
3832 4398 3987 4461 exhi·

914 4501 1048 4554 tum
1077 4493 1222 4557 coeli
1253 4493 1666 4557 adsistentem
1703 4496 1762 4558 ei
1794 4515 1830 4557 a
1862 4496 2100 4558 dextris
2141 4506 2205 4559 et
2246 4518 2283 4561 a
2321 4500 2404 4560 si-
2514 4494 2721 4556 hendo
2754 4503 3066 4575 paratum,
3100 4506 3159 4556 et
3190 4498 3363 4555 alius
3394 4498 3587 4557 aliter
3618 4518 3639 4557 .·
3674 4515 3800 4560 non
3830 4498 3987 4577 quod

913 4590 1153 4667 nistriS,
1188 4592 1580 4673 expositores
1611 4594 2037 4656 communiter
2069 4595 2160 4657 sic
2196 4597 2403 4678 expla-
2516 4592 2579 4653 in
2612 4591 2860 4655 civibus
2890 4592 3034 4654 coeli
3068 4592 3353 4674 empyrei
3382 4594 3467 4655 sit
3495 4594 3814 4657 discordia
3844 4595 3982 4669 ulla,

909 4698 1084 4765 nant,
1127 4692 1298 4771 quod
1347 4691 1556 4754 omnis
1605 4692 1918 4755 exercitus
1967 4694 2114 4755 coeli
2167 4694 2403 4757 dicitur
2514 4691 2622 4751 sed
2653 4708 2875 4753 omnes
2914 4691 2988 4752 ad
3030 4692 3324 4753 eumdem
3373 4692 3571 4755 finem
3612 4694 3989 4755 unanimiter

905 4789 1031 4850 Deo
1052 4788 1360 4851 adsistere
1381 4789 2018 4871 adextriS,quantum
2041 4793 2118 4853 ad
2139 4792 2401 4871 angelos
2513 4788 2877 4864 tendebant,
2932 4789 3225 4869 quamvis
3276 4808 3388 4871 per
3438 4790 3647 4852 media
3694 4791 3875 4872 plura
3922 4810 3985 4851 ac

904 4885 1145 4961 bonos3
1184 4895 1248 4948 et
1277 4906 1314 4949 a
1347 4888 1648 4963 sinistriS‚
1683 4897 2000 4969 quantum
2030 4891 2109 4951 ad
2139 4891 2400 4971 angelos
2512 4887 2708 4950 varia.
2752 4886 2874 4949 Nec
2918 4895 3015 4949 est
3054 4886 3567 4968 intelligendum,
3620 4890 3791 4969 quod
3838 4890 3984 4951 Deus

904 4982 1104 5046 malos
1149 5001 1162 5045 ε
1207 4993 1270 5047 et
1323 4985 1389 5046 in
1434 4984 1555 5048 hoc
1598 4995 1956 5067 sequuntur
1999 4987 2394 5067 Gregorium.
2511 4995 2618 5047 aut
2662 4984 2870 5063 angeli
2913 4986 3113 5047 sancti
3156 4985 3495 5049 voluerunt
3534 4986 3747 5068 ipsum
3784 4987 3985 5049 Achab

906 5081 1134 5162 Sicque
1164 5083 1464 5145 dicuntur
1494 5084 1704 5163 angeli
1727 5083 1879 5145 mali
1903 5085 2024 5147 Deo
2053 5105 2090 5147 a
2121 5086 2398 5149 sinistris
2511 5084 2748 5146 directe
2792 5092 2855 5145 et
2900 5083 3265 5147 efficienter
3312 5084 3629 5165 decipere,
3684 5094 3791 5147 aut
3838 5084 3985 5147 salsa

903 5179 1222 5257 adsistere,
1239 5181 1392 5262 quia
1423 5180 1790 5263 frequenter
1819 5191 1966 5244 sunt
1999 5192 2399 5247 exsecutores
2510 5182 2726 5263 aliqua
2756 5181 3059 5258 revelare,
3095 5183 3204 5244 sed
3237 5182 3614 5263 permissive
3645 5183 3979 5256 dumtaxat,

905 5277 1223 5357 aequitatis
1255 5280 1510 5357 divinae,
1549 5300 1665 5342 nec
1697 5281 1942 5362 aliquid
1974 5291 2241 5363 possunt
2271 5282 2395 5347 nisi
2507 5282 2686 5363 juxta
2716 5300 2907 5362 quem
2939 5296 3195 5345 sensum
3230 5280 3295 5342 in
3328 5280 3657 5343 Ezechiele
3686 5282 3979 5363 scriptum
