4359 6250
834 507 1184 554 ENARRATIO
1229 507 1288 552 IN
1333 507 1469 552 CAP.
1516 505 1669 550 XXIII
1711 505 1868 551 LIBRI
1913 505 2165 552 SECUNDI
2206 508 2429 555 Restm.
2474 529 2555 539 —·
2595 510 2739 558 ΛΒΤ.
2785 481 2982 558 XXXIII

3328 496 3445 560 561

151 698 318 747 mas.
348 676 586 740 Oculos
613 679 1034 761 superborum
1068 678 1439 742 humiliabis
1467 696 1480 740 :
1507 685 1569 740 et
1593 677 1758 740 redit
1780 677 1848 739 in
1878 677 1927 738 A
1960 679 2231 741 randum
2261 679 2553 744 celeriter
2584 682 2981 746 adversarios
3018 701 3193 746 meos
3232 682 3449 745 invisi-

350 776 547 852 idem‚
584 778 891 858 quoniam
932 797 1156 841 sensus
1189 785 1304 854 est,
1339 777 1508 858 quod
1539 777 1704 838 Deus
1738 795 1850 857 per
1958 775 2118 839 biles
2140 786 2332 858 atque
2351 777 3199 860 visibilesquemadmodum
3220 799 3448 844 cervus

350 875 736 956 sapientiam
778 885 969 957 atque
1007 877 1320 958 justitiam
1364 895 1564 950 suam,
1612 874 1852 956 quibus
1959 875 2097 938 sine
2127 875 2527 941 offendiculo
2558 878 2755 940 currit
2786 878 3109 942 velociter.
3134 881 3449 940 Dilata-sti

347 973 574 1036 omnia
613 973 900 1037 intuetur
932 976 1013 1038 ad
1043 974 1482 1057 judicandum,
1527 972 1846 1049 humiliat,

347 1071 658 1154 deprimit
703 1081 766 1136 et
804 1073 1189 1136 condemnat
1233 1071 1564 1155 superbOS,
1610 1079 1672 1135 et
1711 1090 1854 1152 spe-

345 1168 603 1232 cialiter
645 1171 865 1234 oculos
907 1171 1276 1235 eorumdem
1318 1169 1674 1242 interioreS,
1710 1168 1853 1249 qui-

350 1268 472 1331 bus
525 1287 594 1331 se
646 1270 1138 1352 apprehendunt
1191 1279 1495 1351 tanquam
1550 1285 1850 1348 magnum

347 1365 600 1447 aliquid
621 1375 686 1430 et
705 1367 1084 1449 praeclarum
1113 1385 1126 1429 :
1153 1367 1390 1448 quibus
1415 1385 1525 1449 per
1551 1375 1853 1430 aeternam

349 1465 836 1528 damnationem
874 1467 982 1528 dat
1015 1465 1376 1547 intelligere
1408 1473 1718 1547 quantum
1759 1482 1856 1526 er-

195 1593 261 1630 s,
308 1611 320 1622 .
351 1562 664 1641 raverint,
688 1563 778 1626 ita
805 1565 980 1646 quod
1009 1565 1254 1642 dicunt,
1288 1563 1447 1637 Quid
1479 1563 1722 1644 profuit
1752 1581 1856 1632 no-

353 1661 456 1722 bis
489 1660 826 1742 superbia?
846 1671 958 1724 aut
979 1661 1346 1724 divitiarum
1369 1661 1674 1743 jactantia
1697 1660 1852 1742 quid

350 1759 636 1822 contulit
676 1760 908 1823 nobis?
950 1761 1271 1823 Interdum
1313 1779 1568 1841 quoque
1612 1760 1678 1821 in
1721 1759 1853 1824 vita

1951 992 2206 1050 yressus
2256 995 2421 1036 meos
2458 979 2679 1036 subcus
2715 998 2833 1046 me,
2878 987 2937 1037 ec
2976 997 3107 1037 non
3146 979 3447 1055 deficient

1963 1074 2084 1132 tali
2113 1075 2261 1133 mei.
2295 1073 2363 1134 In
2402 1073 2704 1136 Psalterio
2737 1091 2752 1135 :
2787 1074 2865 1135 Et
2905 1094 3035 1138 non
3076 1083 3225 1136 sunt
3265 1074 3449 1137 infir-
3474 1093 3737 1145 pamma-1.

1961 1178 2129 1233 mata
2160 1171 2427 1251 vestigia
2456 1191 2599 1234 mea
2635 1189 2648 1232 :
2680 1180 2745 1235 et
2775 1173 2940 1235 redit
2966 1173 3034 1234 in
3067 1172 3257 1250 idem,
3294 1191 3449 1254 quo-

1963 1268 2134 1331 niam
2164 1287 2390 1331 sensus
2422 1278 2539 1347 est,
2571 1271 2741 1351 quod
2775 1289 3028 1352 gressus
3058 1289 3170 1333 seu
3203 1289 3449 1353 proces-

1961 1385 2068 1428 sus
2107 1367 2233 1429 mei
2276 1367 2341 1429 in
2384 1367 2568 1430 bonis
2601 1387 2674 1430 ac
2708 1368 3013 1432 virtutum
3053 1368 3449 1451 profectibus

1961 1465 2461 1546 perseverabunt
2494 1466 2561 1528 in
2602 1465 2824 1530 finem.
2859 1467 3079 1530 Cetera
3116 1475 3336 1549 patent
3372 1487 3449 1530 ex

1961 1563 2389 1627 declaratione
2429 1565 2659 1647 psalmi
2700 1564 2948 1648 praefati
2990 1585 3181 1648 super
3219 1566 3450 1628 Psalte—

1961 1661 2128 1724 rium
2159 1663 2539 1727 introducta.

2040 1760 2377 1836 Postrem0,
2397 1761 2567 1824 circa
2595 1763 2727 1824 haec
2759 1762 2988 1843 quaerit
3015 1761 3310 1838 IsidoruS‚
3337 1780 3450 1824 cur

350 1857 476 1920 hac
499 1857 1002 1922 misericorditer
1033 1868 1278 1922 mentes
1301 1877 1521 1921 eorum
1549 1857 1847 1934 illustrat,
1888 1858 1935 1919 Β
1963 1858 2245 1940 psalmus
2289 1859 2408 1922 iste
2442 1879 2571 1941 prae
2608 1860 2835 1922 ceteris
2874 1860 3138 1943 psalmis
3173 1860 3239 1922 in
3284 1858 3449 1922 libro

351 1956 444 2018 ita
474 1957 649 2038 quod
679 1976 748 2020 se
780 1976 928 2022 vere
957 1967 1020 2021 et
1050 1958 1333 2022 virtuose
1361 1957 1726 2034 humiliant,
1759 1956 1855 2019 di-

1964 1956 2084 2018 isto
2134 1957 2372 2037 Regum
2424 1958 2515 2020 sic
2567 1959 2904 2020 inseratur.
2956 1959 3033 2020 Et
3082 1959 3445 2041 respondet,

85 2071 320 2123 sezanna.
351 2063 577 2118 centes
615 2072 630 2117 :
674 2055 792 2129 Qui
835 2075 902 2119 se
946 2065 1127 2138 putat
1162 2056 1406 2147 aliquid
1445 2075 1608 2134 esse,
1651 2074 1851 2138 quum
1961 2055 2096 2118 Non
2138 2055 2479 2133 immerito,
2524 2056 2829 2137 quoniam
2869 2057 3153 2140 psalmus
3193 2057 3313 2119 iste
3356 2074 3450 2118 re-

83 2463 148 2506 Po.
159 2466 322 2514 uuaz.

115 3154 220 3197 lbid.
241 3159 306 3199 33.

118 3745 220 3789 135³.
241 3747 308 3788 ³⁴.

353 2153 523 2215 nihil
573 2154 682 2230 sit,
736 2154 875 2237 ipse
925 2173 992 2217 se
1041 2155 1308 2218 seducit.
1359 2159 1516 2225 Quis
1557 2164 1646 2215 est
1685 2158 1856 2215 Deus

344 2262 593 2330 proeter
610 2256 1010 2315 Dominum?
1028 2263 1088 2315 ec
1119 2256 1264 2334 quis
1284 2257 1454 2315 Deus
1481 2255 1670 2332 fortis
1693 2273 1858 2330 prce-

356 2361 452 2412 εει·
487 2355 700 2413 Deum
733 2362 1028 2414 nostrum
1049 2355 1079 2413 ?
1117 2353 1184 2414 ln
1224 2351 1527 2414 Psalterio
1569 2350 1802 2432 legitur
1837 2368 1850 2412 :

353 2448 508 2524 Quis
545 2450 712 2512 Deus
748 2459 976 2531 praeter
1009 2450 1207 2513 Deum
1247 2452 1580 2512 nostrum?
1619 2449 1856 2511 Dicitur

351 2556 598 2626 autem,
617 2548 838 2611 nullus
869 2549 1052 2612 fortis
1085 2557 1314 2630 praeter
1335 2548 1858 2628 Dominum,quo-

356 2646 536 2708 niam
579 2647 794 2710 omnis
839 2657 1129 2710 creatura
1173 2666 1248 2710 ex
1293 2667 1360 2709 se
1405 2647 1544 2729 ipsa
1595 2646 1856 2708 infirma

355 2752 453 2806 est
495 2751 692 2826 atque
735 2744 1070 2823 deficienS‚
1118 2753 1180 2808 et
1223 2765 1261 2809 a
1303 2746 1522 2809 divina
1565 2745 1857 2827 omnipo-

357 2843 564 2906 tentia
590 2863 668 2907 ac
697 2845 934 2908 virtute
963 2843 1222 2907 infinite
1254 2844 1662 2908 occumbens,

437 2947 616 3004 Deus
655 2946 774 3024 qui
803 2945 1160 3021 praecinxit
1201 2965 1300 3004 me
1339 2945 1754 3022 fortitudine,
1797 2953 1857 3003 et

1961 2171 2158 2232 gnum
2190 2153 2350 2216 illud
2383 2153 2727 2232 significat,
2758 2155 2825 2216 in
2858 2173 2985 2236 quo
3014 2154 3449 2219 adversarium

1965 2270 2092 2316 non
2123 2251 2453 2314 habemuS.
2474 2252 2623 2326 Quis
2652 2261 2865 2316 autem
2899 2253 3212 2334 figuratur
3241 2254 3310 2315 in
3341 2254 3455 2314 Da-

1965 2350 2093 2426 vid,
2130 2349 2257 2412 nisi
2289 2349 2419 2425 ille,
2453 2351 2567 2432 qui
2600 2353 2951 2414 secundum
2990 2370 3245 2414 carnem
3276 2351 3454 2415 venit
3508 2369 3746 2419 flom.1‚a.

1965 2467 2040 2510 ex
2072 2448 2316 2511 semine
2344 2449 2565 2526 David,
2602 2458 2665 2512 et
2696 2450 2761 2511 in
2794 2468 3058 2532 corpore
3090 2467 3205 2513 suo
3233 2449 3455 2532 mysti—

1964 2566 2060 2624 ce,
2104 2548 2275 2629 quod
2318 2556 2415 2610 est
2452 2548 2757 2626 Ecclesia,
2802 2549 3009 2612 adhuc
3051 2549 3291 2630 patitur
3332 2548 3455 2610 ini-

1965 2645 2486 2719 mioos‘eQuando
2516 2656 2729 2710 autem
2760 2654 3038 2710 meretur
3069 2647 3190 2710 hoc
3219 2665 3453 2729 corpus

1965 2744 2127 2827 eripi
2167 2745 2248 2807 de
2287 2763 2479 2806 manu
2522 2746 2811 2808 omnium
2856 2745 3266 2808 inimicorum
3310 2764 3454 2807 suo-

1967 2863 2128 2920 rum,
2156 2843 2281 2904 nisi
2310 2844 2465 2905 dum
2494 2843 2842 2908 novissima
2873 2843 3231 2906 destruetur
3263 2861 3449 2918 mors,
3508 2865 3654 2910 1c0r.
3678 2881 3745 2918 xv,

1966 2949 2036 3004 ut
2070 2943 2478 3025 perveniatur
2512 2944 2589 3005 ad
2632 2961 2899 3024 regnum
2940 2941 3095 3004 Dei?
3128 2942 3318 3005 Porro
3348 2941 3454 3004 lit-
3483 2931 3553 2974 ²⁶·

353 3045 804 3119 complanavit
853 3043 1212 3120 perfectam
1271 3044 1448 3103 viam
1505 3063 1738 3103 meam.
1789 3042 1854 3104 In
1890 3043 1933 3106 C
1969 3040 2225 3103 teralius
2257 3040 2491 3125 poterit
2514 3039 3097 3124 responderi,quod
3122 3039 3263 3102 ideo
3293 3039 3457 3122 psal-

353 3140 668 3204 Psalterio
697 3138 1154 3215 fertur‚Posuit
1185 3140 1654 3203 immaculatam
1689 3141 1856 3203 viam

357 3258 571 3301 meam
606 3256 622 3300 ε
665 3247 729 3301 et
771 3258 996 3302 sensus
1041 3247 1137 3302 est
1179 3239 1370 3317 idem,
1419 3248 1639 3321 utpote
1682 3240 1856 3320 quod

357 3336 524 3398 Deus
552 3337 1103 3401 conversationem
1133 3355 1342 3399 meam
1368 3336 1448 3399 ab
1472 3336 1854 3418 obliquitate

354 3433 692 3511 vitiorum,
711 3441 776 3497 et
805 3434 1284 3498 distortitudine
1315 3435 1675 3516 iniquitatis
1703 3432 1856 3498 fecit

353 3532 738 3611 immunem,
757 3534 968 3597 dando
989 3534 1150 3596 mihi
1178 3533 1690 3599 emendationem
1712 3552 1857 3596 con-

351 3631 622 3712 dignam
655 3631 722 3693 in
752 3630 1074 3695 omnibus,
1102 3635 1448 3713 Cooequans
1470 3636 1662 3711 pedes
1695 3653 1856 3693 meos

355 3732 588 3791 cervis.
639 3729 708 3791 In
757 3730 1058 3793 Psalterio
1106 3748 1119 3792 :
1173 3730 1291 3805 Qui
1342 3730 1612 3813 perfecit
1663 3732 1855 3812 pedes

359 3848 544 3892 meos
573 3838 881 3910 tanquam
909 3834 1264 3893 cervorum.
1294 3834 1376 3891 Ει
1398 3851 1592 3909 super
1611 3835 1856 3890 eoecelsa

355 3938 652 3989 statuens
681 3949 806 3998 me,
837 3928 905 3989 id
933 3936 1050 4005 est,
1072 3928 1374 3991 virtutem
1414 3936 1477 3991 et
1509 3927 1856 4007 agilitatem

354 4024 662 4108 praestitit
701 4026 862 4088 mihi
905 4026 985 4088 ad
1034 4026 1501 4108 insequendum
1549 4045 1622 4088 ac
1672 4045 1858 4108 supe-

1967 3160 2107 3201 mus
2167 3140 2288 3202 iste
2345 3140 2451 3202 hic
2511 3140 2790 3222 ponitur,
2849 3139 3157 3221 quoniam
3214 3139 3455 3201 directe

1965 3238 2419 3320 correspondet
2450 3238 2858 3320 praeinductis
2888 3237 3195 3314 victoriis,
3214 3236 3457 3299 benesi-

1965 3335 2213 3418 ciisque
2241 3335 2351 3398 Dei
2384 3336 2514 3416 regi
2542 3335 2737 3400 David
2764 3335 3194 3413 concessi3,de
3216 3335 3451 3416 quibus

1967 3436 2032 3496 in
2073 3434 2357 3497 carmine
2395 3433 2516 3498 isto
2553 3434 2929 3513 regratiatur
2967 3433 3329 3507 Altissim03
3364 3441 3454 3495 at-

1965 3552 2088 3615 que
2125 3542 2195 3595 ut
2228 3532 2425 3594 David
2456 3532 2521 3593 in
2556 3532 2677 3595 hoc
2713 3532 2853 3614 ipso
2888 3541 3279 3614 proponatur
3306 3530 3451 3593 aliis

1965 3632 2032 3694 in
2071 3630 2475 3711 exemplum3
2520 3638 2584 3693 et
2624 3630 2776 3692 item
2818 3636 2887 3691 ut
2929 3630 3163 3693 clarius
3208 3629 3453 3692 innote-

1965 3738 2116 3807 scat,
2154 3730 2324 3811 quod
2360 3730 2497 3811 ipse
2532 3729 2598 3790 in
2636 3735 2725 3791 tot
2768 3728 3087 3809 tantisque
3121 3727 3448 3810 periculis,

1967 3828 2226 3911 praeliis,
2259 3826 2679 3904 disl'ortuniiS,
2705 3826 2870 3890 dolis
2898 3834 2960 3889 et
2994 3824 3455 3908 inquietudini-

1966 3928 2108 4005 buS,
2153 3926 2288 3990 sola
2330 3924 2666 4008 praevaluit
2707 3926 2927 3987 divina
2972 3925 3227 3988 virtute.
3275 3923 3452 3997 Quod

1969 4034 2167 4089 totum
2201 4025 2267 4087 in
2300 4025 2547 4106 psalmo
2578 4024 2699 4088 isto
2729 4022 3038 4086 diffusius
3068 4023 3451 4088 declaratur.

1361 4454 2008 4543 ARTICULUS
2084 4453 2469 4541 XXXIII

623 4730 1008 4779 EXPLANATIO
1051 4730 1325 4777 CAPITULI
1368 4730 1630 4777 vlczsuu
1671 4729 1870 4775 TERTII
1913 4730 1928 4774 :
1975 4730 2110 4775 ΠΕΟ
2153 4728 2359 4775 Auum
2403 4728 2602 4773 VERBA
2646 4726 2799 4774 SUNT
2840 4726 3188 4775 NovlssmA.

491 5008 1020 5074 XCELLENTIA
1073 5009 1466 5092 propheticae
1525 5008 1857 5073 revelatio-
1888 5012 1937 5073 D
1966 5008 2154 5089 gitur,
2190 5030 2335 5089 quoe
2366 5010 2544 5069 dimit
2572 5009 2793 5071 David
2826 5010 3009 5085 filius
3041 5010 3201 5072 Isai.
3231 5007 3453 5091 Aliqui

517 5109 620 5171 nis
652 5108 786 5189 regi
816 5107 1014 5171 David
1055 5126 1374 5183 concessa,
1409 5107 1518 5170 hic
1551 5107 1852 5189 tangitur.

355 5211 517 5272 Hoec
545 5217 768 5270 autem
798 5210 992 5268 verba
1019 5216 1174 5268 sunt
1203 5207 1577 5279 novissima,
1605 5206 1852 5289 supple,

357 5326 399 5369 a
429 5306 630 5370 David
663 5304 911 5388 prolata
943 5322 957 5367 ε
983 5313 1057 5376 ,οἱ
1085 5324 1230 5386 quae
1261 5304 1392 5366 sint
1422 5302 1556 5382 illa,
1593 5304 1859 5386 subjun-

615 5438 682 5489 Τ.
715 5440 763 5491 3.

1968 5108 2192 5171 dicunt
2213 5126 2361 5170 eum
2391 5106 2733 5189 protulisse
2761 5106 2897 5170 haec
2917 5106 3111 5170 verba
3135 5106 3203 5168 in
3231 5107 3456 5170 mortis

1967 5205 2236 5269 articulo
2268 5224 2381 5268 seu
2410 5222 2634 5287 agone,
2660 5212 2723 5267 et
2750 5205 2922 5286 quod
2952 5204 3148 5268 verba
3178 5205 3301 5268 ista
3328 5205 3457 5267 sint

1966 5303 2249 5386 psalmus
2280 5302 2597 5386 specialia,
2630 5302 2775 5365 aliis
2807 5302 3071 5386 psalmis
3098 5320 3230 5368 non
3260 5322 3459 5367 annu-

3149 5439 3211 5489 36
