4359 6250
1261 492 1607 539 anxnnxno
1651 493 1710 538 ιΝ
1754 491 1889 538 mr.
1939 491 2004 537 ιιι
2044 492 2247 539 Josua.
2291 510 2371 522 --
2410 493 2553 540 Aur.
2602 493 2637 538 v
3416 477 3491 540 19

397 663 771 725 transeundi
821 682 936 745 per
984 663 1282 729 fluvium.
1337 665 1496 728 Hinc
1545 664 1888 728 (licendum
1919 661 1970 722 A
1999 663 2168 743 quod
2202 682 2347 725 arca
2378 681 2547 724 nunc
2578 662 2947 745 portabatur
2978 663 3058 726 ab
3089 664 3255 742 aliis,
3294 685 3484 746 quam

391 759 674 838 videtur,
708 763 880 842 quod
922 782 999 825 ex
1033 762 1458 845 dispositione
1498 763 1718 826 divina
1749 761 1888 842 qui·
1997 767 2149 824 tunc
2184 782 2199 826 :
2236 761 2407 842 quia,
2444 769 2514 822 ut
2558 761 2623 822 in
2670 761 2958 825 Numeris
3008 763 3298 841 habetur,
3336 773 3486 828 tunc
3512 791 3778 844 Numam&

387 868 662 922 everunt
701 860 872 923 circa
902 860 1236 924 Iordanem
1276 862 1534 938 tamdiu,
1571 870 1886 943 quatenus

389 965 566 1020 tanto
600 967 886 1042 tempore
917 960 1404 1037 considerando,
1430 979 1621 1043 quam
1655 961 1885 1043 impos-

387 1053 580 1118 sibile
628 1056 722 1119 eis
771 1065 940 1120 esset
994 1076 1108 1141 per
1157 1066 1448 1120 naturam
1499 1057 1886 1139 pertransire

381 1151 750 1230 Jordanem‚
767 1163 986 1236 postea
1016 1154 1218 1235 magis
1247 1156 1770 1218 commendarent
1791 1175 1888 1216 su-

386 1253 863 1331 pernaturalem
918 1254 1209 1317 Jordanis
1263 1253 1751 1318 desiccationem
1814 1274 1886 1317 ac

389 1350 756 1414 transitum.

473 1451 722 1517 Quibus
768 1453 1066 1522 evolutiS,
1119 1455 1522 1513 transierunt
1564 1471 1888 1530 praecones

374 1567 503 1624 per
531 1557 892 1609 castrorum
935 1553 1252 1621 medium,
1282 1561 1342 1612 et
1371 1556 1654 1612 clamare
1693 1571 1887 1628 σωρε-

382 1656 568 1707 runt.
605 1646 777 1709 Istud
825 1647 1116 1724 fecerunt
1159 1665 1483 1731 praecones
1527 1649 1712 1712 tertio
1756 1648 1880 1710 die.
1997 1647 2230 1726 singuli
2265 1646 2677 1711 continebant
2709 1648 3173 1726 longitudinem
3206 1651 3387 1732 pedis
3416 1671 3488 1714 ac

383 1743 532 1808 Ideo
573 1763 704 1809 non
750 1754 848 1810 est
896 1746 1409 1828 intelligendum,
1458 1748 1628 1829 quod
1677 1747 1882 1810 tribus
1998 1745 2234 1820 medii;
2286 1745 2433 1822 alia,
2482 1747 2652 1827 quod
2697 1747 2967 1810 duorum
3020 1748 3483 1830 longitudinem

385 1842 520 1904 illis
549 1843 781 1908 diebus
812 1865 890 1909 ex
936 1854 1066 1908 toto
1096 1847 1370 1910 evolutis
1415 1847 1545 1909 haec
1588 1845 1880 1924 fecerint,
1918 1846 1964 1908 B
1998 1845 2231 1925 pedum
2284 1843 2717 1907 continebant.
2753 1848 2840 1906 Ec
2880 1857 3093 1908 cavete
3132 1869 3213 1908 ne
3255 1869 3486 1927 appro-

383 1943 498 2005 sed
529 1943 660 2006 duo
679 1943 817 2006 dies
848 1954 1030 2008 erant
1059 1945 1324 2008 omnino
1357 1945 1630 2022 finiti,et
1663 1946 1886 2009 tertius
1987 1945 2324 2023 pinquetis
2368 1947 2456 2004 ad
2500 1965 2717 2004 arcam
2750 1944 2917 2006 ultra
2969 1945 3311 2009 terminum
3351 1950 3479 2029 jam

385 2040 646 2122 partim.
683 2041 912 2124 Sicque
945 2061 1058 2124 per
1101 2043 1543 2125 synecdochen
1589 2043 1888 2108 dicuntur
1997 2042 2395 2124 praedictum,
2438 2042 2589 2125 quia
2628 2042 2747 2105 hoc
2790 2052 2957 2105 esset
3000 2053 3219 2108 contra
3259 2066 3487 2129 praece-

389 2147 518 2202 tres
549 2138 688 2202 dies
719 2141 983 2204 evoluti.
1031 2144 1302 2210 Quando
1335 2145 1633 2203 videritis
1664 2164 1883 2206 arcam
1996 2151 2202 2224 ptum,
2257 2151 2321 2206 et
2376 2142 2818 2225 impeditivum
2873 2143 3115 2206 notitiae
3165 2146 3321 2209 recti
3378 2147 3486 2210 iti-

2001 861 2370 940 portabatur
2411 860 2696 922 involuta
2727 880 2763 922 a
2794 860 3031 923 Levitis
3078 861 3233 924 siliis
3264 864 3481 942 Caath,

1999 976 2170 1020 nunc
2221 976 2373 1021 vero
2422 977 2459 1020 a
2514 958 2971 1021 sacerdotibus
3025 960 3351 1038 Praeterea,
3407 983 3481 1026 ex

1997 1055 2320 1138 praedictis
2360 1055 2535 1118 elicit
2563 1057 2976 1137 AugustinuS‚
3018 1060 3189 1138 quod
3220 1061 3485 1124 ducatus

1998 1154 2188 1216 nubis
2220 1173 2329 1216 seu
2364 1155 2699 1237 praecessio
2730 1156 3043 1218 columnae
3076 1157 3286 1234 nubis,
3313 1158 3487 1222 defe-

1998 1253 2084 1316 cit
2122 1254 2277 1333 jam.
2322 1254 2491 1316 Alias
2533 1272 2659 1317 non
2707 1252 2931 1316 fuisset
2976 1274 3253 1332 necesse,
3291 1277 3489 1322 sacer-

1999 1353 2176 1414 dotes
2227 1372 2341 1434 per
2392 1361 2637 1414 tantum
2691 1352 3097 1415 intervallum
3142 1355 3234 1417 sic
3280 1357 3483 1438 sequi.

1999 1450 2326 1526 Praeterea‚
2361 1452 2439 1514 de
2472 1451 2827 1532 quantitate
2864 1451 3091 1514 horum
3125 1453 3487 1518 cubitorum

1999 1555 2096 1610 est
2140 1549 2374 1630 duplex
2418 1549 2685 1630 opinio:
2724 1569 2850 1612 una
2893 1550 3267 1628 dicentium,
3315 1554 3487 1633 quod

391 2241 662 2318 foederis
701 2240 974 2300 Domini
1011 2242 1135 2301 Dei
1173 2242 1390 2312 vestri,
1436 2241 1499 2302 id
1543 2250 1640 2304 est
1677 2261 1888 2305 arcam
2000 2240 2193 2303 neris,

59 2355 214 2398 mar.
239 2357 352 2404 ιιμι.
393 2337 784 2413 testamenti,
819 2337 887 2398 in
918 2356 1048 2419 qua
1077 2346 1257 2401 erant
1287 2337 1519 2402 tabulae
1552 2347 1892 2401 testamen·
2077 2341 2396 2418 Dixitque
2424 2342 2612 2399 Josue
2655 2342 2743 2399 ad
2777 2344 3097 2417 populum
3128 2361 3152 2404 .·
3184 2345 3489 2422 Sanctifi-

389 2435 439 2496 ti
471 2435 610 2498 sive
638 2435 1031 2515 Deculogi,et
1049 2440 1400 2497 sacerdotes
1428 2439 1725 2498 Levitieoe
1745 2440 1891 2498 sti-r-
1997 2439 2269 2508 camini,
2322 2437 2385 2498 id
2436 2444 2552 2512 est,
2606 2437 2831 2499 devote
2880 2436 3199 2520 disponite
3248 2459 3361 2503 vos
3410 2443 3487 2505 ad

381 2537 518 2612 pir,
548 2535 700 2616 quia
729 2535 810 2598 de
841 2535 1042 2618 stirpe
1071 2535 1222 2599 Levi
1269 2545 1449 2598 erant
1491 2555 1605 2618 per
1633 2537 1888 2599 Amram
1999 2535 2344 2598 videndum
2390 2534 2710 2597 mirabilia
2740 2534 2849 2596 Dei
2882 2554 3041 2612 (ιι-88,
3076 2537 3159 2599 ab
3186 2540 3491 2621 amplexi-

385 2642 454 2696 et
482 2633 718 2710 Aaron,
747 2644 1082 2712 portantes
1110 2656 1254 2695 eam
1269 2659 1297 2706 ,⁰
1339 2655 1445 2695 vos
1473 2656 1720 2715 quoque
1749 2657 1892 2696 con·
1999 2633 2118 2696 bus
2155 2633 2561 2709 abstinendo,
2600 2633 3120 2715 orationibusque
3153 2639 3434 2702 vacando
3470 2663 3485 2714 3

381 2733 658 2809 suryite,
695 2731 759 2794 id
791 2740 910 2809 est,
937 2731 1004 2793 in
1035 2739 1246 2795 actum
1284 2731 1742 2815 proficiscendi
1776 2752 1888 2798 vos
1999 2754 2140 2794 cras
2173 2733 2351 2792 enim
2380 2732 2579 2809 faciet
2608 2734 2925 2793 Dominus
2956 2734 3127 2795 inter
3159 2756 3263 2795 vos
3296 2739 3489 2799 mira·

389 2831 570 2912 ipsos
599 2830 944 2906 extendite,
977 2841 1038 2892 et
1066 2833 1421 2910 sequimini
1437 2836 1890 2910 praecedente&
1999 2834 2159 2892 bilia
2182 2853 2205 2890 .·
2237 2849 2381 2912 quae
2418 2830 2608 2912 paulo
2649 2837 2791 2911 post
2824 2829 2891 2892 in
2925 2831 3047 2894 isto
3080 2835 3489 2898 continentur

387 2929 696 2992 videlicet
725 2928 1084 2994 sacerdotes
1121 2949 1332 2992 arcam
1375 2938 1723 3012 portantes.
2000 2929 2304 3012 capit-ulo.
2344 2929 2419 2990 Et
2464 2928 2615 3010 quia
2666 2928 3029 2991 miraculosi
3079 2929 3173 2992 illi
3214 2931 3486 2997 effectus

470 3030 706 3108 Sicque
734 3031 1035 3090 intervos
1063 3039 1124 3090 et
1152 3050 1374 3090 arcam
1404 3030 1692 3106 spatium
1720 3033 1891 3090 cubi·
1924 3028 1968 3091 C
2005 3027 2247 3091 fiebant
2296 3045 2411 3109 pro
2460 3026 2863 3089 Hebraeorum
2921 3028 3263 3111 multiplici
3316 3033 3487 3095 utili-

391 3138 612 3189 torum
650 3131 861 3189 duum
903 3130 1212 3199 millium,
1237 3128 1302 3190 id
1343 3136 1440 3191 est
1481 3128 1890 3193 intervallum
2003 3134 2152 3204 tate,
2187 3125 2504 3188 debebant
2545 3125 2669 3187 Deo
2708 3125 2870 3205 grati
2909 3127 3277 3208 consistere,
3313 3140 3376 3194 et
3424 3133 3483 3196 ei

391 3228 672 3290 duorum
703 3226 980 3288 millium
1011 3225 1486 3304 cubitorum,uc
1509 3232 1742 3305 procul
1763 3251 1894 3290 ma·
2003 3227 2070 3288 in
2121 3225 2257 3287 suis
2305 3222 2605 3304 operibus
2654 3221 2952 3287 decenter
2999 3243 3353 3292 occurrere.
3402 3235 3486 3293 Ec

381 3328 494 3403 qis
545 3326 764 3385 videre
793 3326 1056 3401 possitis
1094 3343 1303 3387 arcam
1359 3324 1732 3403 involutam,
1777 3346 1889 3388 seu
2002 3327 2207 3385 ailad
2232 3320 2982 3384 sacerdoteS.Secundum
3014 3325 3185 3404 quod
3216 3325 3487 3391 Thomas

129 3437 355 3489 mmm,
389 3442 537 3487 eam
585 3430 911 3507 portantes
957 3442 972 3487 ε
1023 3441 1152 3486 non
1193 3432 1408 3487 autem
1451 3423 1635 3486 licuit
1673 3424 1766 3487 eis
1806 3424 1894 3488 vi·
2002 3422 2281 3485 declarat
2321 3420 2386 3481 in
2420 3418 2584 3481 libro
2615 3417 2693 3481 de
2723 3418 3051 3499 Regimine
3082 3440 3322 3502 regum,
3361 3444 3487 3489 non

87 3505 154 3544 ²⁰·
389 3525 546 3587 dere
591 3540 804 3584 arcam
847 3538 974 3583 non
1015 3529 1419 3603 coopertam3
1463 3533 1523 3583 et
1565 3543 1742 3583 nosse
1774 3544 1893 3601 per
2001 3521 2209 3585 solum
2254 3518 2423 3600 apud
2468 3515 2761 3599 gentileS,
2798 3518 2909 3580 sed
2951 3519 3141 3583 etiam
3184 3521 3351 3586 inter
3380 3526 3491 3587 lle-

2001 3616 2566 3700 brae05‚principes
2597 3616 2929 3679 saeculares
2960 3638 3070 3681 seu
3101 3639 3283 3701 reges
3312 3634 3493 3687 erant

2001 3714 2436 3781 sacerdotibus
2495 3722 2558 3776 et
2615 3713 3037 3795 pontificibus
3097 3720 3486 3801 superioreS,

2002 3814 2303 3898 quoniam
2335 3812 2591 3875 illorum
2633 3812 3053 3875 sacerdotium
3085 3814 3209 3878 fuit
3238 3821 3490 3884 carnale

389 3644 598 3702 quam
628 3623 808 3681 viam
839 3620 1338 3696 ingrediamini,
1354 3623 1514 3700 quia
1537 3622 1731 3698 prius
1761 3642 1887 3683 non

387 3720 780 3781 ambulastis
813 3738 934 3795 per
984 3738 1148 3779 eam.
1185 3717 1444 3800 Nempe,
1494 3728 1564 3780 ut
1606 3718 1891 3800 loquitur

387 3817 814 3899 AugustinuS‚
850 3816 917 3878 in
965 3824 1141 3879 tanto
1182 3817 1440 3897 agmine
1479 3836 1606 3880 non
1655 3818 1892 3900 potuis-

387 3926 490 3981 set
539 3935 688 3979 arca
735 3935 774 3977 a
821 3914 1072 3978 cunctis
1121 3914 1356 3993 videri,
1413 3916 1466 3977 si
1520 3917 1698 3996 juxta
1748 3936 1888 3980 eam
2001 3913 2202 3994 magis
2232 3930 2424 3993 quam
2456 3909 2789 3991 spirituale
2826 3927 2839 3971 :
2874 3912 3153 3975 carnalia
3182 3916 3351 3979 enim
3394 3936 3490 3981 sa-

385 4013 816 4091 transissent;
853 4032 968 4077 nec
1000 4012 1170 4075 viam
1201 4013 1510 4076 directam
1545 4034 1766 4079 omnes
1796 4016 1891 4081 vi·
1999 4012 2249 4077 crificia
2288 4008 2724 4071 immolabant.
2763 4008 2883 4070 Sed
2921 4008 3109 4091 longe
3158 4013 3342 4076 aliter
3390 4025 3487 4077 est

383 4114 660 4190 dissent,
713 4113 767 4175 si
816 4112 997 4194 Juxta
1048 4113 1406 4176 sacerdotes
1456 4113 1886 4195 perrexissent
1999 4112 2064 4174 in
2105 4107 2471 4189 evangelica
2512 4106 2669 4187 lege.
2718 4107 2875 4170 Hinc
2912 4107 3099 4171 Josue
3148 4114 3485 4176 sacerdoti-

381 4212 653 4294 quidam
684 4230 929 4275 eorum.
963 4210 1144 4273 Circa
1175 4210 1294 4275 hoc
1326 4211 1549 4274 scribit
1580 4213 1840 4294 quidam
1867 4233 1881 4277 :
1918 4214 1967 4275 D
1998 4213 2118 4275 bus
2148 4208 2495 4292 praecipere
2535 4204 2763 4287 potuit,
2798 4213 2861 4267 et
2899 4208 3202 4290 praecepit
3236 4230 3249 4273 :
3293 4216 3485 4273 Tolli-

381 4312 477 4375 Ex
509 4312 633 4375 hoc
675 4318 874 4393 patet,
907 4310 1080 4391 quod
1109 4309 1238 4372 alio
1276 4310 1500 4373 ordine
1542 4331 1687 4375 arca
1732 4321 1886 4376 tunc
2001 4321 2056 4372 te
2086 4329 2307 4370 arcam
2337 4306 2599 4383 foederis
2631 4303 2904 4381 Domini,
2942 4324 3081 4367 eam
3117 4310 3427 4388 portando
3463 4333 3479 4377 ς

385 4410 790 4493 portabatur,
822 4427 1016 4490 quam
1059 4416 1210 4471 ante
1253 4408 1318 4471 in
1363 4418 1715 4473 castrorum
1762 4430 1890 4475 mo·
1997 4426 2142 4491 quae
2171 4404 2447 4488 qualiter
2479 4401 2603 4465 fuit
2631 4403 2961 4485 portanda,
3000 4404 3064 4466 in
3104 4404 3317 4469 Exodo
3348 4428 3486 4491 par·
3530 4432 3775 4487 amdam,

388 4508 678 4573 tionibus
709 4525 824 4590 per
854 4507 1176 4570 desertum
1213 4525 1226 4569 :
1270 4507 1422 4588 quia
1465 4508 1530 4570 in
1579 4509 1707 4571 illis
1749 4529 1886 4574 mo·
2001 4507 2114 4570 tim
2151 4502 2556 4579 describitur,
2592 4509 2654 4564 et
2692 4510 2763 4564 ut
2801 4511 3083 4584 apparet,
3116 4506 3487 4585 portabatur
3517 4500 3583 4547 ¹³·
3605 4501 3671 4542 ¹⁴·

387 4607 683 4672 tionibus
714 4624 825 4668 sex
855 4605 1062 4668 tribus
1097 4605 1540 4686 praecedebant
1572 4627 1808 4686 arcam,
1829 4618 1892 4672 et

391 4726 506 4771 sex
549 4691 1005 4787 sequebantur.
1038 4702 1154 4766 Cui
1185 4704 1358 4767 dicto
1387 4706 1762 4769 contrariari
1793 4709 1892 4769 vi-

389 4808 606 4881 detur,
626 4804 802 4885 quod
835 4802 901 4864 in
931 4802 1225 4865 Numeris
1255 4802 1656 4882 describitur,
1677 4824 1896 4885 quem·

117 4926 232 4971 ma.
251 4930 360 4980 m·
385 4904 746 4969 admodum
797 4902 864 4963 in
916 4900 1308 4964 motionibus
1359 4910 1710 4965 castrorum
1767 4912 1896 4967 tres

92 4992 156 5031 31.

393 5002 604 5066 tribus
643 4998 1109 5083 praecedebant,
1144 5008 1208 5061 et
1246 4998 1455 5080 primo
1483 5001 1896 5081 egredieban-

389 5110 500 5165 tur
520 5100 602 5164 ad
621 5098 955 5175 orientem,
969 5096 1201 5161 deinde
1225 5106 1348 5161 tres
1379 5099 1458 5161 ad
1492 5099 1742 5181 plagam
1769 5121 1896 5165 me-

390 5198 892 5271 ridianam3tres
911 5215 1168 5278 quoque
1186 5196 1263 5258 ad
1285 5197 1742 5278 aquilonem,et
1772 5209 1896 5263 tres
2007 5209 2213 5260 tecum
2260 5198 2385 5256 sim
2420 5215 2443 5253 .·
2473 5193 2642 5274 quod
2694 5190 2969 5272 qualiter
3015 5212 3233 5257 verum
3288 5196 3391 5276 sit,
3426 5198 3493 5260 in
3547 5217 3784 5271 muns.

389 5296 646 5361 ultimae
687 5295 768 5358 ad
801 5294 1218 5359 occidentem.
1245 5294 1479 5359 Verum
1510 5305 1607 5360 est
1654 5305 1890 5376 tamen,

2000 4626 2039 4669 a
2066 4612 2371 4688 quatum-3
2393 4611 2452 4661 ec
2476 4601 2817 4677 praecedite
2838 4605 3179 4678 populum.
3205 4606 3332 4672 Qui
3345 4608 3490 4683 jus-

2001 4727 2072 4767 sa
2114 4706 2518 4780 complente&
2561 4703 2849 4760 tulerunt
2890 4710 2950 4760 ec
2990 4702 3492 4766 ambulaverunt

2003 4814 2153 4866 ante
2181 4822 2298 4862 eos,

2082 4902 2398 4979 Dimitque
2428 4899 2747 4960 Dominus
2776 4899 2864 4957 ad
2890 4899 3081 4957 Josue
3109 4919 3133 4958 .·
3155 4900 3364 4961 Hodie
3396 4904 3494 4963 in-

2002 5002 2247 5079 cipiam
2277 5000 2567 5057 eoealtare
2598 5006 2655 5057 te
2693 5016 2909 5055 coram
2950 4999 3129 5057 omni
3158 5000 3385 5072 Israel,
3420 5012 3494 5063 uc

2001 5102 2213 5161 sciant
2256 5099 2426 5177 quod
2470 5097 2637 5155 sieut
2678 5096 2789 5171 fui
2826 5114 2972 5155 eum
3017 5098 3259 5173 Moyse,
3293 5101 3385 5160 icit
3434 5112 3495 5163 et

2007 5297 2215 5379 primo
2258 5291 2528 5355 articulo
2556 5287 2797 5351 diffuse
2828 5289 3185 5371 expositum
3220 5303 3336 5356 est.
3373 5296 3493 5361 Sed
