4359 6250
1230 528 1575 574 manuum
1616 529 1675 573 m
1720 529 1854 574 CAP-
1904 526 1945 574 n
1989 529 2169 575 num.
2215 549 2297 560 —-
2336 532 2478 577 ΛΒΤ.
2525 531 2591 577 111

3333 511 3446 574 231

341 701 518 776 ‚qiam
554 710 615 760 ct
653 703 735 759 de
774 720 967 760 mane
1009 721 1207 780 usque
1252 721 1429 760 nunc
1470 710 1623 768 stat,
1654 699 1718 760 id
1760 707 1857 762 est
1888 698 1938 760 A
1966 700 2267 776 adventu,
2293 701 2360 762 in
2391 709 2701 782 quantum
2735 702 2896 762 Deus
2930 701 2994 761 in
3027 699 3237 762 medio
3263 716 3455 780 popu-

352 807 749 880 perseverat,
782 801 853 860 in
898 819 1079 876 aym,
1112 809 1171 859 et
1212 820 1290 859 ne
1328 801 1417 860 ad
1462 809 1856 858 momentum

348 900 625 977 quidem
652 901 921 958 domum
954 917 1207 957 reversa
1238 907 1366 957 est:
1398 897 1465 957 in
1497 914 1627 978 quo
1658 905 1853 977 patet,

349 1015 553 1077 quam
586 995 926 1072 laboriosa,
962 1013 1401 1076 perseveranS,
1422 1002 1485 1057 et
1516 994 1702 1075 agilis
1734 993 1858 1056 fuit

352 1094 425 1155 in
459 1095 682 1158 labore
723 1112 838 1176 pro
878 1093 1342 1156 sustentatione
1386 1093 1711 1156 communi
1757 1091 1855 1155 sui

354 1193 568 1276 ipsius
598 1202 663 1256 et
693 1213 825 1256 suae
854 1210 1096 1256 socrus,

442 1296 529 1355 Et
560 1294 659 1354 ait
686 1297 857 1354 Booz
890 1295 977 1352 ad
1006 1294 1185 1353 Ruth
1206 1312 1228 1350 .·
1257 1293 1465 1362 Audi,
1498 1292 1667 1369 filia.
1699 1291 1855 1353 Booz

358 1391 615 1454 ratione
654 1390 855 1453 aetatis
886 1399 951 1452 et
980 1388 1377 1452 auctoritatis
1417 1409 1527 1451 seu
1574 1389 1858 1451 eminen-

361 1491 490 1567 tiae,
527 1490 661 1553 imo
690 1498 754 1552 et
785 1507 862 1551 ex
888 1487 1153 1552 caritate
1192 1496 1255 1551 et
1296 1488 1531 1569 pietate
1572 1487 1860 1550 nominat

356 1609 505 1652 eam
554 1587 786 1650 filiam.
823 1590 921 1648 Ne
962 1591 1164 1648 vadas
1202 1589 1275 1646 in
1318 1591 1595 1648 alterum
1625 1605 1859 1664 ayrum

355 1691 451 1748 ad
493 1689 956 1764 colliyendum,
993 1705 1107 1744 nec
1146 1688 1399 1745 recedas
1438 1687 1517 1744 ab
1557 1688 1673 1744 lzoc
1704 1688 1859 1752 loco,

351 1789 471 1846 sed
504 1787 793 1864 jungere
829 1786 1073 1860 puellis
1119 1785 1300 1853 meis,
1330 1793 1390 1843 et
1438 1785 1552 1843 ubi
1598 1803 1861 1843 messue-

1968 797 2012 859 li
2045 799 2141 860 sui
2176 807 2369 881 atque
2403 800 2468 861 in
2503 799 2912 863 tabernaculo
2945 818 3081 874 suo,
3117 799 3286 880 quod
3332 797 3454 859 fuit

1967 896 2031 958 in
2066 898 2275 961 medio
2310 897 2594 960 filiorum
2628 897 2839 972 lsrael,
2865 896 3226 979 specialiter
3255 914 3454 958 mora-

1966 995 2172 1072 batur,
2207 1007 2266 1057 et
2295 999 2410 1056 sub
2439 997 2628 1074 cujus
2657 997 3014 1073 confuyisti
3041 1000 3201 1066 ala-3,
3237 993 3299 1055 id
3331 1001 3448 1070 est,

1970 1094 2089 1156 sub
2114 1095 2298 1175 cujus
2331 1095 2588 1177 pietate,
2613 1113 2755 1176 ope,
2782 1103 2844 1156 et
2877 1101 3186 1176 potestate
3218 1101 3276 1154 te
3305 1110 3455 1154 con-

1970 1193 2256 1268 stituisti,
2284 1201 2353 1254 ut
2384 1202 2446 1254 te
2478 1200 2725 1255 tueatur
2753 1211 2826 1255 ac
2856 1192 3076 1255 salvet.
3102 1192 3318 1272 Itaque
3338 1190 3454 1252 alae

1969 1291 2099 1367 Dei,
2126 1291 2558 1373 metaphorice
2589 1299 2738 1352 sunt
2767 1290 3204 1353 misericordia
3224 1289 3360 1371 ejus
3391 1296 3456 1350 et

1968 1399 2270 1471 potestas.

2063 1493 2216 1558 Quae
2266 1495 2390 1558 ait,
2439 1488 2621 1570 quasi
2673 1486 3077 1550 sufficienter
3125 1484 3453 1568 regratiari

1968 1605 2097 1648 non
2142 1588 2387 1664 valenS‚
2422 1605 2538 1649 nec
2579 1588 2657 1649 de
2697 1585 2828 1648 suis
2865 1585 3163 1648 laudibus
3197 1583 3454 1666 publice

1968 1705 2005 1748 a
2036 1694 2210 1748 tanto
2241 1685 2379 1748 viro
2409 1685 2672 1767 prolatis
2703 1705 2771 1747 se
2801 1684 3131 1760 extollenS,
3167 1683 3275 1745 sed
3313 1681 3452 1761 ejus

1968 1783 2350 1864 benignitati
2384 1792 2586 1846 totum
2618 1783 3018 1846 adscribens:
3043 1782 3280 1843 Inveni
3301 1801 3456 1858 yra-

352 1887 527 1956 rint,
552 1904 830 1964 sequere.
854 1884 1177 1942 Mandaei
1204 1883 1381 1942 enim
1408 1883 1651 1959 pueris,
1672 1879 1736 1942 id
1768 1889 1863 1944 est
1894 1879 1940 1942 B
1972 1885 2131 1943 tiam
2162 1885 2236 1943 in
2267 1885 2470 1943 oculis
2504 1884 2656 1953 tuiS,
2689 1884 2949 1942 domine
2979 1881 3098 1950 mi,
3129 1879 3194 1940 id
3228 1886 3344 1954 est,
3382 1877 3457 1940 ti-

354 1982 684 2047 ministris
724 1984 907 2052 meis,
939 1990 1011 2042 ut
1053 2001 1237 2041 nemo
1280 1981 1396 2040 tibi
1432 1984 1725 2040 molestus
1752 1981 1859 2040 sit.

358 2085 495 2146 Hoc
529 2098 681 2161 ergo
712 2078 1016 2162 praecepit
1045 2078 1160 2156 εἰς,
1197 2079 1431 2141 auditis
1467 2077 1677 2142 verbis
1708 2097 1865 2160 prae-

360 2181 485 2245 fati
517 2178 801 2262 juveniS,
838 2186 1181 2258 antequam
1213 2177 1373 2239 dixit
1413 2177 1535 2238 ista
1565 2176 1759 2239 verba
1787 2178 1864 2239 ad

358 2279 563 2356 Ruth,
624 2275 922 2359 quamvis
982 2275 1310 2357 Scriptura
1367 2292 1495 2337 non
1554 2274 1865 2356 exprimat

362 2379 538 2452 hoc;
582 2376 692 2438 sed
736 2394 815 2438 cx
860 2373 1075 2438 verbis
1122 2373 1263 2435 istis
1308 2374 1427 2435 hoc
1468 2373 1700 2435 innuit.
1736 2376 1868 2434 Sed

356 2478 569 2536 etiam
596 2476 657 2535 si
684 2475 953 2544 sitieris,
974 2475 1135 2532 vade
1155 2475 1243 2532 ad
1264 2473 1657 2541 sarcinulas,
1674 2469 1738 2533 id
1770 2479 1864 2533 est

358 2593 523 2638 vasa
562 2592 675 2635 seu
718 2568 1096 2653 repositoria
1137 2569 1427 2632 ciborum
1469 2588 1541 2632 ac
1571 2577 1860 2651 potuum,

354 2684 421 2734 et
449 2674 590 2732 bibe
620 2691 853 2750 aquas,
872 2689 1033 2749 quas
1054 2671 1252 2746 pueri
1282 2669 1411 2728 mei
1440 2670 1683 2728 bibunt.
1714 2671 1865 2737 Quoe

356 2773 605 2832 cadens
636 2772 709 2830 in
739 2770 979 2846 faciem
1007 2787 1223 2836 suam,
1250 2777 1312 2827 et
1351 2769 1635 2827 adorans
1674 2786 1865 2844 super

360 2880 612 2930 terram
658 2873 995 2949 prostrata,
1031 2865 1246 2946 ipsum
1289 2865 1449 2927 Booz
1500 2863 1865 2927 adoratione

357 2967 587 3042 duhae,
626 2975 931 3047 tanquam
973 2965 1361 3027 eminentem
1404 2981 1763 3044 personam,
1800 2963 1863 3024 in

1971 1981 2035 2043 bi
2071 1981 2174 2063 pie
2207 1980 2585 2062 complacui,
2626 1989 2688 2043 et
2724 1979 2829 2062 pie
2863 1998 2963 2042 me
2991 1977 3359 2060 adspexisti,
3395 1985 3458 2038 et

1974 2081 2121 2143 inde
2151 2079 2470 2142 beneficia
2501 2079 2658 2141 mihi
2679 2078 2956 2158 gratiose
2986 2075 3324 2158 impendiS,
3343 2077 3461 2156 qui

1972 2184 2330 2240 consolatus
2368 2200 2431 2238 es
2473 2199 2596 2248 me,
2626 2188 2684 2238 et
2731 2181 2976 2237 locutus
3005 2197 3068 2235 es
3095 2178 3184 2235 ad
3212 2195 3319 2235 cor
3347 2195 3462 2234 an-

1972 2281 2141 2338 ciltoe
2172 2288 2323 2347 tuoe,
2348 2278 2412 2339 id
2443 2286 2559 2352 est,
2585 2275 2940 2339 affectuose
2970 2293 3072 2336 me
3100 2272 3463 2336 consolatus

1974 2395 2040 2439 es
2079 2375 2325 2452 intime,
2362 2382 2425 2437 et
2469 2375 2665 2438 verba
2707 2381 2816 2436 tua
2857 2371 3230 2435 dulcissima
3273 2389 3465 2452 pcne-

1976 2483 2302 2538 travcrunt
2321 2482 2384 2536 et
2409 2472 2901 2536 laetificaverunt
2929 2491 3071 2533 mea
3090 2468 3456 2552 praecordia,

1973 2595 2115 2655 quoe
2136 2595 2266 2635 non
2285 2594 2430 2634 sum
2449 2575 2690 2633 similis
2709 2593 2796 2632 un
2807 2573 2908 2631 ius
2934 2573 3308 2647 puellarum
3329 2577 3463 2628 tua-

1972 2695 2149 2742 rum,
2172 2672 2236 2734 id
2265 2680 2383 2748 est,
2405 2689 2520 2733 nec
2553 2669 2799 2732 infimae
2829 2677 2953 2731 tuae
2979 2667 3230 2730 ancillae
3257 2685 3462 2747 aequa-

1972 2771 2053 2833 lis
2084 2791 2223 2833 sum
2258 2771 2324 2831 in
2355 2769 2640 2832 bonitate
2669 2777 2729 2830 et
2758 2766 3087 2847 dignitate,
3112 2784 3308 2846 quum
3339 2764 3460 2826 sim

1972 2870 2310 2950 gentilium
2361 2868 2523 2931 filia.
2570 2867 2854 2948 Denique
2901 2873 3075 2928 tanta
3116 2863 3458 2944 gratitudo,

1976 2969 2338 3052 prudentia,
2373 2977 2436 3030 et
2468 2965 2828 3029 humiliatio
2858 2965 3046 3040 Ruth,
3083 2981 3466 3046 provocave-

360 3085 500 3150 quo
552 3065 695 3148 ejus
743 3063 1104 3127 declaratur
1158 3062 1508 3151 humilitas,
1560 3065 1735 3122 dizit
1782 3067 1869 3124 ad
1897 3065 1940 3129 C
1977 3077 2127 3131 runt
2187 3068 2397 3150 ipsum
2448 3066 2604 3129 Booz
2652 3065 2728 3128 ad
2779 3061 3098 3127 beneficia
3155 3061 3468 3144 ampliora

358 3188 519 3227 eum
550 3187 573 3225 .·
616 3167 795 3226 Unde
836 3166 950 3223 hoc
994 3164 1188 3232 mihi,
1220 3171 1291 3222 ut
1322 3163 1683 3223 invenirem
1716 3183 1871 3240 yra-

366 3268 539 3327 tiam
568 3273 723 3325 ante
748 3265 963 3322 oculos
996 3270 1157 3331 tuos,
1188 3270 1249 3321 et
1292 3280 1468 3321 nosse
1506 3281 1605 3321 me
1642 3262 1871 3337 diyna-

364 3366 539 3424 reris
576 3362 997 3440 pereqrinam
1036 3360 1427 3420 mulierem?
1454 3358 1637 3440 quasi
1677 3358 1867 3435 dicat,

366 3464 509 3526 ¹Non
556 3458 882 3543 promerui
926 3457 1246 3521 beneficia
1286 3466 1460 3520 tanta
1487 3477 1521 3520 a
1554 3466 1637 3521 te.
1672 3458 1745 3519 Et
1788 3467 1871 3520 ta-

366 3580 525 3625 men
558 3576 785 3624 revera
811 3556 1015 3619 multo
1046 3558 1289 3639 majora
1320 3556 1693 3638 promeruit.
1727 3557 1870 3619 Ideo

366 3660 670 3742 sequitur
720 3674 733 3718 :
787 3659 910 3719 Cui
958 3658 1072 3717 ille
1116 3658 1501 3733 respondit:
1542 3658 1870 3717 Nuntiata

362 3770 527 3821 sunt
570 3757 743 3817 mihi
785 3756 1009 3815 omnia
1046 3776 1191 3834 quoe
1228 3755 1457 3831 feceris
1494 3757 1708 3815 socrui
1747 3765 1871 3817 tuoe

360 3868 511 3937 post
543 3864 815 3917 mortem
844 3854 979 3913 viri
1012 3854 1133 3913 tui.
1161 3852 1377 3933 ltaque
1406 3852 1537 3933 jam
1568 3870 1644 3914 ex
1676 3852 1865 3929 fama,

369 3952 677 4038 quamvis
724 3968 851 4013 non
899 3949 1083 4026 facie,
1119 3959 1463 4031 agnoverat
1504 3970 1645 4013 eam
1688 3950 1867 4015 Booz.

370 4057 459 4116 Et
478 4054 659 4133 quod
678 4051 1024 4129 reliqueris
1047 4058 1347 4125 parentes
1370 4060 1532 4119 tuos,
1552 4060 1612 4109 et
1636 4060 1874 4111 terram

1979 3168 2035 3230 ei
2070 3167 2446 3249 praestanda,
2484 3164 2650 3227 sicut
2689 3150 3120 3245 subjungitur.
3155 3156 3468 3240 Dixitque

1976 3272 2151 3329 Rooz
2180 3268 2268 3327 ad
2295 3285 2480 3325 eam:
2516 3266 2786 3333 Quando
2819 3263 2978 3322 hora
3013 3261 3304 3321 vescendi
3330 3261 3468 3337 fue-

1978 3368 2091 3436 rit,
2133 3365 2277 3425 veni
2300 3366 2447 3434 huc,
2471 3361 2772 3425 videlicet
2802 3361 2880 3423 ad
2910 3358 3234 3442 operarios
3265 3376 3462 3435 meOS,

1978 3474 2037 3524 et
2066 3466 2316 3523 comede
2336 3480 2604 3538 panem,
2625 3460 2687 3521 id
2719 3468 2836 3535 est,
2856 3478 3002 3521 cum
3032 3457 3127 3520 eis
3155 3457 3468 3519 manduca

1980 3562 2059 3623 de
2085 3560 2248 3624 cibis
2281 3558 2461 3635 meiS,
2495 3569 2553 3619 et
2583 3560 2834 3633 intinye
2873 3560 3218 3617 buccellam
3261 3565 3462 3627 tuam,

1982 3677 2109 3723 non
2156 3676 2350 3721 unam
2396 3665 2664 3731 tantum,
2701 3656 2811 3717 sed
2857 3662 3012 3737 quot
3063 3652 3362 3729 volueriS‚
3393 3655 3466 3713 in

1980 3769 2232 3819 acetum
2253 3774 2368 3837 pro
2401 3754 2753 3835 refrigerio.
2776 3754 3036 3816 Acetum
3068 3769 3344 3833 namque
3373 3758 3469 3813 est

1983 3855 2517 3935 refrigerativum.
2554 3852 2792 3915 Idcirco
2840 3852 2906 3914 in
2955 3858 3133 3913 tanto
3180 3856 3470 3912 caumate

1984 3964 2045 4017 et
2077 3953 2293 4016 labore
2325 3950 2750 4015 necessarium
2783 3949 2926 4013 fuit.

2064 4054 2249 4115 Sedit
2281 4054 2500 4130 itaque
2536 4054 2623 4111 ad
2663 4054 2834 4110 latus
2863 4068 3230 4118 messorum,
3263 4046 3342 4108 ad
3372 4063 3472 4108 co-

372 4156 447 4213 in
498 4171 637 4229 qua
688 4158 847 4209 nata
892 4168 979 4219 es,
1019 4158 1079 4207 et
1129 4150 1379 4207 veneris
1419 4150 1507 4207 ad
1560 4151 1875 4225 populum
1984 4150 2392 4225 medendum,
2429 4166 2557 4211 non
2608 4156 2820 4211 tamen
2873 4156 3000 4209 tam
3044 4164 3263 4228 prope,
3300 4146 3470 4226 quod

372 4268 567 4331 quem
589 4258 787 4308 antea
806 4247 1134 4307 nesciebas.
1156 4245 1458 4327 Superius
1490 4253 1723 4310 tactum
1756 4254 1871 4324 est,
1910 4244 1957 4304 D
1988 4246 2192 4326 tetigit
2234 4245 2442 4322 viros;
2479 4264 2595 4308 nec
2638 4264 2712 4307 ex
2756 4244 3051 4326 opposito
3099 4243 3262 4306 sedit
3305 4242 3472 4306 viro-

372 4346 553 4430 quod
599 4353 783 4426 pater
828 4343 994 4406 Ruth
1040 4341 1257 4406 forsan
1301 4344 1431 4424 jam
1475 4351 1609 4405 erat
1650 4342 1877 4406 desun-
1986 4365 2125 4408 rum
2158 4345 2436 4421 illorum,
2472 4362 2552 4407 ne
2585 4343 3046 4425 inspiceretur3
3079 4353 3139 4403 et
3165 4343 3472 4419 conqessit

373 4454 517 4509 ctus
546 4461 561 4505 :
599 4443 746 4506 ideo
786 4461 900 4524 per
939 4449 1258 4523 parentes,
1293 4449 1561 4523 possunt
1604 4441 1875 4521 intelligi
1974 4448 2306 4520 polentam
2334 4445 2480 4515 sibi,
2509 4443 2570 4505 id
2601 4450 2718 4519 est,
2753 4442 3080 4504 materiam
3112 4440 3317 4505 victus
3347 4440 3472 4503 col-

376 4530 583 4606 mater
614 4540 759 4622 ejus
788 4550 851 4603 et
883 4539 1136 4619 cognati
1172 4539 1588 4620 antiquiores,
1622 4543 1877 4601 Reddat
1985 4542 2158 4621 legit,
2195 4550 2258 4603 et
2297 4540 2446 4603 inde
2483 4540 2698 4603 cibum
2737 4540 3004 4622 paravit,
3039 4539 3224 4621 quasi
3266 4546 3467 4601 totum

376 4644 499 4703 tibi
530 4640 857 4702 Dominus
887 4658 1009 4716 pro
1051 4658 1235 4715 opere
1273 4648 1379 4699 tuo
1414 4646 1537 4700 tam
1568 4638 1871 4716 virtu080,
1985 4639 2200 4704 cibum
2232 4659 2417 4701 suum
2454 4640 2532 4701 de
2571 4656 2790 4701 mensa
2816 4638 3023 4700 aliena
3054 4655 3304 4699 sumere
3332 4656 3472 4699 eru-

376 4742 440 4803 id
472 4748 575 4803 est
616 4736 905 4820 praefatis
952 4736 1139 4799 bonis
1182 4736 1429 4800 actibus
1464 4736 1591 4799 tuis
1618 4756 1631 4799 z
1659 4737 1723 4799 id
1755 4746 1871 4813 est,
1987 4739 2271 4801 bescens.
2296 4740 2701 4816 comeditque
2727 4745 2787 4796 et
2816 4745 3113 4797 saturata
3145 4745 3259 4805 est,
3281 4734 3343 4796 id
3377 4742 3472 4796 est

376 4840 445 4902 in
472 4834 778 4921 praesenti
803 4835 909 4897 det
935 4834 1051 4896 tibi
1074 4834 1560 4917 prosperitatem
1582 4844 1645 4897 et
1664 4854 1878 4917 quam·
1984 4835 2407 4906 sufficienter,
2429 4852 2555 4897 non
2588 4834 3078 4896 immoderanter
3097 4840 3204 4894 aut
3225 4832 3467 4912 gulose,

376 4937 527 4998 dam
576 4928 1161 4996 remunerationem
1212 4932 1571 4996 inchoatam
1600 4956 1614 5008 ;
1645 4942 1705 4994 et
1736 4937 1877 5011 ple·
1988 4935 2324 5010 refecta,et
2357 4936 2509 4994 tulit
2535 4928 2848 5013 reliquias
2876 4950 3161 4994 escarum
3194 4948 3469 5005 suarum,

380 5057 539 5096 nam
602 5035 957 5093 mercedem
1008 5034 1285 5110 recipias
1334 5054 1373 5093 a
1423 5034 1699 5093 Domino
1749 5037 1878 5093 Deo
1985 5054 2143 5115 quas
2170 5032 2516 5114 prudenter
2548 5029 2844 5112 reposuit,
2863 5038 2926 5091 ct
2954 5048 3084 5091 suae
3105 5028 3476 5092 socruicon-

378 5136 591 5195 Israel
624 5132 691 5192 in
727 5129 966 5207 futuro,
988 5134 1077 5191 ad
1105 5150 1293 5210 quem
1324 5132 1561 5191 venisti
1590 5130 1879 5212 spiritua·
1988 5131 2287 5195 servavit.
2342 5130 2512 5192 Hanc
2566 5129 2889 5211 polentam
2939 5136 3121 5191 vocat
3166 5127 3476 5209 Iosephus

380 5232 431 5295 li
470 5248 735 5293 accessu
778 5246 890 5311 per
930 5227 1141 5291 cordis
1174 5228 1656 5291 conversionem
1686 5237 1749 5291 et
1775 5229 1880 5291 Ju-
1990 5231 2242 5315 ἂὶλφιτον.
2289 5231 2498 5307 Atque
2540 5229 2692 5287 inde
2727 5229 3014 5287 surrexit
3053 5236 3124 5286 ut
3155 5222 3363 5303 spicas
3395 5246 3478 5285 ecc

386 5328 621 5393 daismi
666 5326 1167 5408 susceptionem,
1202 5346 1312 5390 seu
1345 5326 1536 5389 etiam
1565 5327 1881 5409 corporali
1991 5345 2163 5388 more
2191 5327 2532 5402 colliqeret.
2549 5326 2864 5401 Proecepit
2895 5333 3110 5384 autem
3133 5326 3303 5385 Booz
3324 5342 3478 5400 pue·
