4359 6250
85 3220 142 3257 ¹11.

919 497 1266 546 mannum
1310 497 1368 542 nx·
1413 496 1551 542 car.
1597 496 1678 542 xv
1721 495 1876 542 unm
1921 493 2172 542 sncuNm
2214 495 2438 542 neuun.
2483 515 2563 528 -
2604 497 2745 543 aar.
2792 498 2939 544 xxw
3352 483 3469 546 527

354 671 680 734 cumbere
700 679 961 753 propter
989 690 1105 733 sua
1136 679 1394 753 peccata
1415 687 1428 731 :
1449 676 1708 751 propter
1729 682 1874 748 quo·
1903 664 1954 726 A
1984 666 2239 728 venisti.
2262 669 2425 730 Heri
2444 669 2699 740 venisti,
2724 666 2787 728 id
2820 675 2916 732 est
2945 687 3149 750 nuper
3178 688 3289 732 seu
3321 689 3473 752 prae-

355 787 518 830 rum
577 770 914 846 deme-rita,
971 769 1185 832 timuit
1244 768 1626 831 Absalonem
1687 782 1873 847 posse

351 866 594 930 divina
627 867 864 932 virtute
903 865 1271 948 praevalere‚
1311 873 1616 947 tanquam
1655 861 1876 942 flagel-

355 965 506 1028 lum
545 966 786 1028 divinae
816 966 1080 1047 justitiae
1119 973 1340 1028 contra
1369 983 1436 1027 se
1473 962 1870 1026 suscitatum.

355 1067 707 1127 Festinate
736 1066 980 1142 eyredi,
1011 1087 1094 1126 ne
1124 1065 1291 1143 forte
1322 1065 1584 1124 veniens
1618 1069 1875 1138 occupet

356 1183 512 1234 nos,
541 1173 604 1224 et
633 1166 932 1242 impellat
960 1183 1154 1240 super
1183 1183 1296 1224 nos
1329 1163 1629 1230 ruinam,
1652 1170 1711 1220 et
1733 1179 1878 1236 per-

355 1264 584 1324 cutiat
627 1265 960 1323 civitatem
996 1265 1066 1323 in
1109 1281 1216 1322 ore
1249 1262 1492 1338 qladii.
1526 1261 1877 1320 Dioeerunt·

357 1381 496 1439 que
525 1363 703 1421 servi
732 1362 902 1438 reqis
935 1363 1022 1422 ad
1051 1381 1198 1420 eum
1231 1378 1254 1420 .·
1287 1360 1522 1422 Omnia
1561 1377 1896 1437 quoecumq

353 1480 489 1538 que
503 1462 884 1538 proeceperit
901 1461 1205 1520 dominus
1227 1468 1434 1519 noster
1457 1479 1590 1526 rex,
1611 1458 1878 1515 libenter

353 1579 798 1640 exsequemur
824 1560 996 1619 servi
1027 1560 1146 1619 titi.

451 1661 773 1736 Eyressus
813 1668 904 1718 est
947 1678 1093 1734 erqo
1137 1677 1280 1726 rex,
1308 1665 1368 1716 et
1415 1657 1724 1716 universa
1769 1655 1875 1714 do-

359 1777 520 1818 mus
557 1760 728 1834 ejus,
757 1755 823 1817 id
871 1765 968 1818 θεῖ
1003 1754 1360 1832 domestici,
1389 1755 1664 1832 pedibus
1692 1753 1828 1812 suis
1849 1771 1872 1810 .·

1983 765 2168 830 terito
2220 775 2503 848 tempore
2554 785 2681 830 non
2731 765 2841 828 diu
2893 765 3131 848 elapso,
3179 778 3237 828 et
3284 770 3472 829 hodie

1982 867 2377 944 compelleris
2410 868 2732 926 nobiscum
2766 869 2985 942 effredi
3026 865 3251 928 timore
3281 866 3475 928 Absa-

1983 963 2150 1027 lonis
2188 983 2201 1026 ε
2240 965 2383 1027 ideo
2415 965 2615 1046 magis
2646 965 2954 1028 condoleo
2988 973 3111 1028 tuae
3142 965 3477 1030 adversita-

1987 1061 2055 1124 ti.
2093 1065 2228 1140 Eyo
2268 1073 2485 1124 autem
2528 1067 2764 1124 vadam
2795 1083 2918 1144 quo
2952 1066 3168 1124 ituras
3210 1085 3379 1134 sum,
3412 1063 3475 1126 id

1985 1169 2100 1236 est,
2116 1179 2245 1242 quo
2268 1161 2430 1223 Deus
2454 1159 2727 1224 voluerit
2754 1181 2827 1223 ac
2859 1161 3279 1244 disposuerit:
3304 1161 3475 1243 quod

1984 1277 2100 1340 ego
2133 1258 2271 1340 ipse
2299 1259 2507 1322 adhuc
2540 1259 2785 1340 ignom.
2807 1265 3168 1330 Revertere,
3191 1271 3251 1322 et
3280 1263 3478 1321 reduc

1987 1368 2191 1419 tecum
2219 1359 2472 1435 fratres,
2500 1359 2561 1424 id
2586 1367 2683 1422 est
2712 1359 3107 1441 propinquos
3139 1368 3201 1422 et
3228 1378 3479 1442 compa·

1986 1457 2207 1519 triotas
2248 1467 2410 1528 tuos,
2440 1468 2499 1516 et
2528 1460 2847 1520 Dominus
2883 1459 3080 1535 faciet
3120 1468 3323 1520 tecum
3356 1461 3478 1520 mi-

1981 1557 2405 1616 sericordiam
2444 1567 2503 1616 et
2547 1559 2903 1628 veritatem,
2940 1559 3099 1636 quia
3142 1559 3476 1618 ostendisti

1975 1654 2268 1728 qratiam
2308 1662 2368 1713 et
2398 1656 2621 1730 fidem,
2652 1652 2716 1714 id
2763 1661 2859 1715 est
2901 1653 3141 1716 bonum
3188 1653 3472 1717 favorem

1983 1768 2056 1812 ac
2088 1749 2466 1814 fidelitatem
2497 1752 2575 1813 ad
2610 1771 2731 1828 me,
2766 1752 2919 1834 quia
2950 1751 3037 1814 ita
3070 1761 3129 1816 te
3160 1751 3361 1815 offers
3396 1754 3474 1815 ad

358 1855 526 1936 quia
557 1854 926 1918 humiliavit
954 1874 1022 1917 se
1061 1873 1168 1916 rex
1207 1872 1419 1916 coram
1458 1853 1608 1928 Deo,
1648 1859 1718 1912 ut
1760 1849 1872 1912 mi·
1909 1849 1955 1913 B
1984 1849 2385 1912 subeundum
2445 1849 2730 1932 pericula
2788 1870 3037 1914 mecum
3096 1860 3158 1914 et
3218 1860 3477 1934 propter

359 1954 792 2017 sericordiam
829 1961 1347 2035 consequeretur,
1383 1951 1622 2013 idcirco
1667 1948 1873 2011 noluit

359 2074 521 2117 cum
553 2061 866 2136 apparatu
897 2061 958 2116 et
990 2072 1226 2135 pompa
1255 2051 1536 2133 equestri
1567 2049 1777 2123 exire3
1811 2055 1874 2110 et

361 2153 554 2216 stetit
602 2151 825 2234 procul
867 2171 904 2214 a
940 2153 1152 2226 domo,
1189 2159 1258 2213 ut
1309 2150 1552 2214 videret
1600 2147 1876 2230 qualiter

361 2250 484 2314 alii
519 2251 690 2314 irent
719 2259 828 2312 aut
858 2269 1075 2313 secum
1105 2257 1460 2312 manerent.
1485 2251 1574 2310 Et
1609 2249 1876 2327 reliquit

362 2373 492 2412 rex
519 2354 734 2411 decem
769 2351 1071 2411 mulieres
1101 2350 1518 2416 concubinas,
1551 2345 1614 2408 id
1649 2354 1746 2408 est
1778 2363 1874 2408 se-

363 2448 718 2512 cundarius
765 2449 1096 2529 conjugeS‚
1131 2451 1219 2508 ad
1256 2448 1742 2507 custodiendam
1771 2448 1878 2505 do-

363 2570 562 2610 mam
593 2547 838 2630 palatii.
869 2547 1047 2610 Unde
1081 2546 1352 2621 videtur,
1375 2545 1546 2627 quod
1577 2543 1734 2606 alias
1767 2563 1876 2604 sex

367 2665 606 2709 uxores
651 2644 1040 2727 principales
1081 2663 1298 2706 secum
1335 2643 1574 2718 eduxit,
1611 2650 1719 2704 aut
1762 2640 1878 2703 ali-

364 2745 526 2808 cubi
558 2745 638 2806 ad
671 2742 882 2806 locum
915 2762 1210 2806 securum
1243 2740 1620 2804 transmisit.
1645 2743 1877 2817 Eyres-

365 2863 612 2924 susque
655 2863 773 2904 rea>
811 2853 870 2903 et
913 2844 1123 2903 omnis
1163 2844 1370 2902 Israel
1408 2842 1678 2918 pedibus
1715 2841 1873 2911 sui-5,

365 2945 552 3004 stetit
577 2945 812 3019 procul
833 2962 876 3001 a
895 2945 1118 3012 domo,·
1143 2951 1203 3000 et
1232 2940 1528 3000 universi
1548 2939 1719 3000 servi
1738 2939 1878 3015 ejus

1982 1968 2098 2010 mc.
2123 1951 2210 2010 Et
2240 1951 2566 2026 respondit
2595 1952 2800 2010 Ethai
2829 1953 2992 2027 reqi,
3017 1952 3237 2010 dicens
3257 1971 3278 2011 .·
3302 1953 3376 2012 Vi
3385 1953 3473 2012 cit

1981 2048 2326 2117 Dominus,
2344 2057 2403 2108 et
2436 2049 2599 2108 vivit
2627 2050 2931 2108 dominus
2963 2069 3136 2110 meus
3162 2069 3299 2120 γεω,
3323 2069 3477 2129 quo·
3586 2105 3601 2114 .

1981 2149 2167 2206 niam
2212 2148 2285 2206 in
2322 2166 2719 2225 quocumque
2762 2151 2891 2206 loco
2935 2148 3172 2224 fueris,
3215 2149 3476 2208 domine

1985 2248 2079 2307 mi
2100 2267 2240 2318 rex,
2263 2248 2396 2307 sive
2426 2249 2497 2308 in
2532 2256 2754 2316 morte,
2774 2249 2910 2310 siue
2940 2249 3012 2308 in
3052 2249 3203 2320 vita,
3230 2250 3325 2308 ibi
3348 2250 3476 2308 erit

1982 2363 2201 2406 servus
2238 2356 2405 2406 tuus.
2439 2349 2526 2408 Et
2559 2347 2656 2406 ait
2689 2348 2911 2407 David
2944 2349 3143 2409 E'tltai
3173 2367 3195 2407 .·
3230 2348 3387 2408 Veni
3420 2356 3479 2407 et

1987 2447 2207 2506 transi.
2242 2448 2320 2507 Εἰ
2352 2447 2656 2506 transivit
2686 2446 2889 2506 Ethai
2921 2449 3228 2518 Getkoeus,
3256 2457 3315 2508 et
3346 2467 3478 2514 rex,

1985 2553 2044 2604 et
2076 2564 2289 2605 omnes
2320 2545 2452 2603 viri
2478 2546 2595 2622 qui
2621 2554 2809 2604 erant
2840 2565 2987 2606 cum
3014 2566 3104 2618 ee,
3138 2555 3197 2606 et
3226 2547 3479 2624 reliqua

1990 2645 2357 2703 multitudo,
2398 2645 2747 2723 Omnesque
2774 2645 3014 2718 flebant
3044 2663 3187 2704 voce
3216 2665 3478 2722 maana,

1989 2748 2248 2822 propter
2266 2749 2394 2802 tam
2428 2740 2820 2822 inopinatam
2846 2750 2909 2803 et
2939 2759 3233 2821 magnam
3263 2744 3483 2805 adver-

1989 2839 2241 2902 sitatem
2282 2840 2415 2922 regi
2450 2860 2487 2902 a
2516 2840 2775 2923 proprio
2818 2840 2959 2904 filio
2999 2841 3387 2918 suscitatam,
3420 2853 3480 2904 et

1989 2941 2199 3000 omnis
2223 2943 2505 3018 populus
2538 2942 2874 3000 transibat.
2910 2944 3050 3002 Rex
3090 2961 3237 3000 vero
3273 2951 3481 3002 trans-

367 3043 808 3102 ambulabant
821 3041 1032 3117 juxta
1051 3060 1226 3108 eum,
1247 3047 1307 3097 et
1331 3039 1606 3114 legiones
1629 3038 1878 3099 Ceretki
1915 3039 1960 3103 C
1982 3039 2400 3115 arediebatur
2442 3047 2785 3098 torrentem
2812 3041 3083 3108 Cedron,
3110 3049 3169 3100 et
3214 3049 3481 3100 cunctus

93 3150 334 3208 tineamus.
370 3151 436 3201 et
466 3142 774 3203 Phelethi
801 3160 824 3199 .·
855 3158 1000 3221 quae
1031 3137 1291 3201 nomina
1321 3134 1561 3199 diffuse
1592 3136 1881 3217 exposita

372 3247 532 3301 sunt
581 3256 812 3320 supra3
856 3247 916 3298 et
957 3257 1172 3298 omnes
1209 3236 1453 3298 Getkaei
1483 3244 1880 3311 puynatores

371 3340 597 3400 validi
619 3358 644 3397 .·
675 3336 844 3399 sicut
881 3334 1306 3399 communiter
1344 3333 1602 3411 dicitur,
1639 3333 1707 3395 hi
1746 3333 1882 3396 fue-

373 3445 524 3499 rant
555 3434 890 3509 Philistum
925 3435 1206 3495 sexcenti
1229 3435 1362 3493 viri
1380 3435 1496 3513 qui
1513 3436 1715 3494 secuti
1732 3454 1880 3493 eum.

371 3536 651 3612 fuerant·
690 3537 770 3594 de
811 3535 995 3603 Geth,
1019 3532 1268 3609 pedites
1303 3533 1746 3608 praecedebant
1789 3552 1884 3590 re-

365 3652 534 3709 aem.
551 3631 629 3692 Et
659 3638 841 3693 erant
868 3629 1162 3693 conversi
1191 3628 1272 3691 ad
1297 3628 1698 3690 Iudaismum
1725 3645 1739 3689 ε
1764 3627 1876 3709 qui

375 3728 848 3793 benefecerunt
888 3728 1010 3809 ipsi
1056 3728 1273 3803 David,
1309 3728 1565 3808 quando
1596 3727 1782 3789 latuit
1814 3727 1880 3788 in

93 3836 342 3891 meo-mn,
375 3828 542 3891 Geth
601 3826 762 3889 urbe
819 3826 1298 3889 philistinorum
1358 3834 1645 3907 tempore
1706 3824 1876 3887 Saul.

91 3902 126 3946 ³.
149 3906 186 3941 2.

377 3926 694 3989 Exierunt
723 3942 982 4007 quoque
1013 3943 1158 3987 cum
1190 3924 1387 3987 David
1419 3924 1699 3986 sexcenti
1732 3924 1876 3999 viri,

377 4024 496 4106 qui
536 4023 942 4087 adhaeserunt
979 4023 1040 4085 ei
1081 4022 1200 4085 sub
1235 4024 1678 4104 persecutione
1726 4023 1880 4085 Sau-

379 4124 486 4199 lis,
523 4130 594 4184 ut
622 4122 934 4203 Iosephus
967 4121 1211 4185 scribit.

1980 3142 2265 3215 populus
2296 3139 2624 3198 incedebat
2641 3147 2865 3198 contra
2886 3140 3065 3199 viam
3090 3140 3312 3210 olivae,
3338 3160 3482 3218 φησι

1989 3237 2251 3312 respicit
2276 3238 2364 3295 ad
2391 3238 2735 3297 desertum.

2089 3335 2272 3395 Venit
2309 3344 2528 3394 autem
2557 3342 2617 3394 et
2650 3337 2860 3395 Sadoc
2892 3338 3206 3407 sacerdos,
3240 3345 3301 3396 et
3338 3337 3485 3397 uni-

1993 3434 2160 3492 versi
2190 3434 2433 3493 Levitoe
2461 3452 2611 3493 cam
2639 3453 2735 3502 eo,
2756 3443 3089 3509 portantes
3117 3454 3341 3494 arcam
3370 3438 3483 3514 foe·

1991 3533 2164 3591 deris
2213 3533 2358 3600 Dei,
2386 3541 2447 3591 et
2493 3534 2923 3608 deposuerunt
2970 3552 3191 3592 arcam
3237 3534 3383 3601 Dei,
3416 3531 3480 3595 id

1993 3639 2108 3707 est,
2146 3629 2212 3692 in
2245 3629 2383 3693 loco
2416 3638 2563 3711 apto
2594 3637 2957 3691 reverenter
2989 3638 3359 3711 posuerunt.
3394 3634 3481 3693 Et

1993 3732 2280 3790 ascendit
2300 3730 2642 3799 Abiathar,
2668 3728 2781 3808 qui
2813 3736 2947 3790 erat
2980 3736 3129 3790 tunc
3152 3728 3475 3810 pontifex:

1993 3835 2056 3889 et
2102 3846 2313 3890 coram
2363 3825 2659 3889 omnibus
2709 3825 2995 3889 ascendit
3043 3827 3123 3888 ad
3168 3829 3477 3891 orandum

1990 3924 2170 4005 juxta
2199 3944 2431 4000 arcam,
2450 3931 2521 3985 ut
2549 3923 2909 3987 consuleret
2941 3924 3301 4002 Dominum,
3321 3927 3475 4007 quid

1990 4033 2158 4086 esset
2207 4023 2329 4106 ipsi
2380 4022 2575 4087 David
2624 4023 2961 4103 agendum,
3012 4024 3121 4085 sed
3173 4024 3475 4088 Dominus

1992 4140 2120 4184 non
2149 4122 2326 4185 dedit
2356 4140 2753 4203 responsum.
2787 4121 3089 4184 Ascendit
3132 4131 3343 4185 autem
3373 4128 3480 4185 do-

461 4224 656 4283 Dioeit
685 4231 902 4283 autem
931 4242 1048 4281 rea:
1077 4224 1166 4281 ad
1194 4221 1400 4283 Ethai
1434 4224 1785 4290 Getlzaeum,
1809 4220 1873 4283 id
1913 4225 1962 4286 D
1992 4242 2104 4281 nec
2131 4226 2417 4299 expletus
2444 4230 2595 4280 esset
2615 4222 2823 4281 omnis
2850 4226 3131 4299 populus
3152 4225 3269 4301 qui
3287 4244 3483 4300 cyres-

375 4329 480 4383 cst
497 4320 846 4383 oriundum
867 4319 946 4381 de
964 4318 1123 4381 Geth
1145 4335 1158 4379 :
1179 4318 1290 4399 qui
1319 4319 1670 4383 secundum
1693 4319 1880 4382 Scho-

375 4418 672 4481 lasticam
713 4416 1070 4494 historiam,
1105 4416 1227 4479 fuit
1269 4415 1446 4479 filius
1477 4416 1666 4480 Achis
1709 4418 1874 4497 regis

371 4517 744 4594 philistiim,
778 4536 850 4579 ac
900 4515 1276 4598 principalis
1327 4516 1493 4578 inter
1543 4524 1872 4579 sexcentos

372 4616 672 4680 Gethaeos
715 4614 1048 4699 praefatos3
1090 4615 1202 4697 qui
1247 4634 1323 4679 ex
1367 4616 1878 4679 consideratione

375 4715 693 4779 virtutum
727 4714 945 4791 David,
977 4723 1231 4777 secutus
1263 4723 1358 4777 θεῖ
1388 4723 1640 4791 eum‚et
1675 4714 1877 4779 factus

379 4814 767 4897 proselytus,
805 4816 938 4875 Cur
967 4835 1082 4875 ven
1094 4816 1146 4873 is
1177 4816 1504 4874 nobiscum
1526 4816 1556 4873 ,ἓ
1583 4818 1880 4876 Reverte-

380 4934 450 4973 re
478 4923 540 4973 et
570 4915 798 4973 habita
819 4932 966 4973 cum
992 4932 1160 4988 reye,
1183 4911 1247 4973 id
1279 4920 1376 4973 est
1404 4931 1550 4974 cum
1573 4911 1871 4990 Absalon‚

379 5029 578 5091 quem
629 5017 1113 5091 assumpserunt
1163 5027 1278 5091 pro
1329 5026 1522 5089 rege:
1559 5018 1620 5072 et
1665 5018 1874 5073 tamen

381 5126 514 5171 non
561 5116 696 5171 erat
739 5127 848 5171 rex
890 5109 969 5170 de
1009 5107 1174 5188 jure,
1211 5107 1456 5170 scilicet
1505 5108 1764 5170 intrusit
1810 5128 1878 5171 se

381 5207 636 5289 ipsum3
677 5210 838 5288 quia
867 5209 1256 5285 pereyrinus
1293 5228 1377 5278 es,
1410 5217 1468 5267 et
1506 5227 1787 5283 eqressus
1816 5230 1879 5268 es

379 5308 462 5365 de
493 5309 624 5365 loco
655 5316 786 5377 tuo,
823 5304 886 5367 id
913 5313 1032 5381 est,
1065 5305 1146 5367 de
1173 5303 1386 5367 aliena
1425 5312 1591 5366 terra
1619 5305 1743 5367 huc
1773 5306 1880 5367 ad·

1987 4340 2094 4380 sus
2122 4322 2343 4400 fuerat
2371 4323 2451 4379 de
2479 4320 2765 4389 civitate,
2788 4318 2852 4381 id
2884 4328 3001 4395 est,
3023 4320 3225 4384 donec
3254 4340 3477 4386 omnes

1988 4418 2398 4495 transierunt,
2444 4426 2515 4479 ut
2554 4417 2647 4479 sic
2696 4436 2982 4481 seorsum
3030 4429 3239 4483 oraret
3287 4421 3478 4485 devo-

1986 4516 2135 4579 tius.
2167 4520 2255 4579 Et
2282 4519 2460 4578 dixit
2490 4537 2605 4577 rex
2634 4520 2721 4577 ad
2750 4520 2962 4579 Sadoc
2991 4537 3015 4579 .·
3044 4522 3325 4597 Reperta
3366 4542 3475 4581 ar-

1985 4636 2128 4678 cam
2155 4618 2280 4679 Dei
2316 4619 2389 4677 in
2429 4618 2671 4677 urbem.
2707 4615 2944 4697 Nempe
2982 4634 3060 4679 ex
3100 4636 3228 4699 quo
3267 4619 3477 4681 Domi·

1987 4733 2106 4777 nus
2151 4733 2278 4778 non
2318 4714 2494 4777 dedit
2537 4732 2934 4796 responsum,
2964 4716 3235 4777 advertit
3280 4717 3474 4781 David

1983 4813 2323 4875 Dominum
2356 4813 2638 4876 nondum
2664 4812 2786 4874 sibi
2810 4832 2949 4875 esse
2971 4812 3468 4893 reconciliatum,

1986 4918 2293 4991 quantum
2337 4911 2414 4972 ad
2460 4929 2663 4993 poenae
2711 4910 3149 4975 dimissionem
3186 4928 3199 4973 :
3237 4911 3474 4976 idcirco

1984 5008 2412 5072 arbitrabatur
2442 5028 2511 5071 se
2542 5008 2877 5089 indignum
2911 5011 3249 5091 praesentia
3284 5030 3465 5074 arcae.

1985 5111 2065 5170 Si
2097 5110 2398 5168 invenero
2421 5110 2713 5185 qratiam
2744 5112 2818 5168 in
2848 5112 3050 5169 oculis
3069 5112 3361 5179 Domini,
3383 5132 3475 5171 re-

1983 5208 2172 5267 ducet
2210 5226 2309 5265 me
2353 5204 2418 5266 in
2462 5206 2833 5282 Jerusalem,
2880 5218 2939 5267 et
2981 5210 3259 5267 ostendet
3304 5211 3474 5269 milti

1983 5304 2233 5374 cam,id
2254 5312 2349 5367 est
2379 5322 2589 5368 arcam
2620 5304 3200 5386 involutam,quam
3234 5306 3471 5370 nudam
