4359 6250
109 2973 266 3017 ludie.

75 3038 138 3077 ³1.

91 4747 212 4790 laid.
225 4763 284 4798 w,
299 4751 342 4790 2.

1219 518 1568 565 ENARRATIO
1611 519 1674 564 ΙΝ
1715 518 1851 564 CAP.
1898 517 1936 561 V
1977 516 2253 563 mmcuu.
2298 536 2378 545 —
2418 516 2559 563 ΛΒΤ.
2608 516 2672 562 lx

3376 492 3491 556 137

392 711 438 749 a
483 690 656 767 facie
697 693 969 751 Domini
1010 693 1133 752 Dei
1176 693 1409 759 Israel,
1444 689 1506 751 id
1553 697 1668 765 est,
1713 706 1897 750 mons
1928 686 1979 749 A
2007 686 2196 749 Israel
2227 686 2357 767 jam
2389 685 2659 769 praefati‚
2694 686 3094 749 diverterunt
3128 685 3493 766 frequenter

397 786 599 863 Sinai,
637 788 704 849 in
738 787 1137 867 legislatione
1168 787 1531 869 specialiter
1563 786 1751 848 fluxit
1771 804 1898 848 mo-

395 886 482 947 do
511 886 642 967 jam
677 886 870 965 dicto,
890 895 953 949 et
973 887 1190 967 aliqua
1221 904 1368 968 pars
1400 886 1537 967 ejus
1569 883 1734 948 forte
1753 903 1898 947 con-

393 984 772 1047 sumebatur
802 1004 880 1047 ex
909 985 1160 1048 actione
1192 984 1357 1064 ignis
1399 993 1462 1046 et
1503 983 1758 1065 pluviae.
1796 983 1897 1045 Sic

396 1082 595 1162 igitur
630 1083 820 1145 fluxit
848 1104 885 1145 a
917 1083 1080 1146 facie
1111 1081 1372 1164 Dei,qui
1395 1101 1584 1165 super
1614 1089 1895 1144 montem

395 1179 585 1243 illum
618 1182 950 1244 descendit
980 1201 1094 1265 per
1125 1182 1476 1263 subjectam
1515 1189 1893 1257 ereaturam,

395 1290 555 1361 puta
608 1300 722 1362 per
771 1281 1032 1361 angelos
1083 1288 1335 1343 sanctos
1387 1300 1459 1343 ac
1520 1280 1895 1342 metuendos

393 1377 697 1455 effectuS,
734 1379 824 1441 ita
866 1380 1035 1460 quod
1077 1398 1260 1442 mons
1292 1378 1401 1442 ille
1432 1379 1707 1442 maximo
1749 1377 1896 1459 igne

393 1485 592 1558 atque
624 1478 1008 1540 densissima
1040 1477 1209 1541 nube
1241 1486 1522 1560 opertuS,
1560 1474 1665 1538 vix
1704 1496 1898 1558 appa-

395 1576 618 1639 rebat:
647 1586 910 1659 propter
941 1579 1114 1659 quod
1149 1576 1413 1639 fluxisse
1443 1575 1770 1639 asseritur.
1795 1576 1894 1639 Sic

391 1694 658 1757 quoque
689 1676 1111 1759 spiritualiter
1141 1684 1430 1739 creatura
1459 1676 1656 1739 Deum
1699 1675 1895 1736 subli-

391 1774 590 1837 miter
631 1776 1149 1857 contempland0‚
1186 1776 1336 1838 dum
1378 1794 1492 1857 per
1531 1784 1784 1856 raptum
1825 1774 1892 1835 in

2007 804 2044 847 a
2094 785 2369 848 callibus
2420 785 2631 861 reetiS‚
2686 793 2755 846 ut
2805 784 3005 865 magis
3062 784 3495 864 secretiusque

2009 893 2334 962 nocerent,
2361 893 2432 946 ut
2464 883 2840 947 latrunculis
2870 892 3060 965 atque
3091 881 3495 965 praedonibus

2007 982 2204 1046 moris
2236 990 2350 1045 cst.
2390 986 2802 1043 Cessaverunt
2832 984 3028 1059 fortes
3062 984 3133 1042 in
3168 985 3398 1049 Israel,
3429 980 3495 1041 id

2007 1090 2123 1158 est,
2160 1100 2275 1162 per
2306 1082 2524 1143 decem
2570 1088 2633 1143 et
2670 1088 2812 1143 octo
2842 1098 3065 1157 annOS,
3100 1079 3335 1161 quibus
3372 1078 3496 1140 filii

2007 1179 2193 1242 lsrael
2218 1178 2577 1243 servierunt
2593 1179 2777 1242 Jabin
2812 1178 2944 1259 regi
2965 1178 3282 1254 Chanaan,
3310 1176 3494 1259 pauci

2005 1288 2116 1341 aut
2159 1278 2323 1340 nulli
2355 1277 2475 1342 viri
2519 1279 2829 1341 virtutum
2870 1298 2943 1340 ac
2994 1276 3190 1340 fortes
3236 1275 3498 1339 fuerunt

2008 1376 2073 1438 in
2111 1377 2351 1459 populo
2384 1376 2595 1439 lsrael.
2632 1376 2756 1438 Nec
2788 1374 3169 1437 adversariis
3216 1374 3350 1437 suis
3392 1393 3498 1436 au-

2006 1475 2241 1538 debant
2286 1475 2601 1553 resistere,
2644 1472 2792 1538 'idco
2843 1474 3138 1536 subditur
3177 1492 3191 1535 ε
3236 1484 3294 1533 ec
3324 1476 3497 1553 quie-

2007 1584 2237 1635 verunt
2268 1593 2304 1635 a
2336 1573 2573 1656 praeliis
2602 1598 2616 1649 3
2651 1575 2760 1636 sed
2792 1581 2973 1635 erant
3003 1571 3400 1635 formidolosi
3435 1581 3498 1635 et

2005 1673 2195 1735 corde
2227 1671 2497 1735 infirmi.
2521 1676 2733 1734 Donec
2758 1683 3042 1750 suryeret
3066 1674 3336 1743 Debora,
3358 1692 3497 1731 sur-

1997 1782 2174 1848 qerec
2226 1782 2429 1832 macer
2478 1775 2551 1832 in
2601 1775 2835 1841 Israel,
2879 1770 2945 1833 id
2994 1779 3110 1847 est,
3160 1787 3496 1851 quousque

393 1872 612 1955 ipsum
646 1874 1057 1954 demergitur,
1084 1873 1364 1937 deficere
1394 1883 1457 1937 et
1487 1874 1670 1956 quasi
1703 1874 1767 1935 in
1804 1874 1895 1935 ni-
1926 1881 1972 1942 Β
2007 1870 2168 1931 Deus
2203 1887 2314 1950 per
2349 1869 2649 1932 Deboram
2692 1869 3179 1951 prophetissam,
3213 1867 3493 1949 judicem

391 1970 606 2033 hilum
639 1971 842 2053 redigi
873 1972 1270 2053 perhibetur.
1307 1972 1440 2035 Non
1475 1973 1646 2053 quod
1685 1972 1768 2034 sit
1802 1981 1894 2034 to-

391 2078 498 2130 tus
519 2069 588 2130 in
612 2070 943 2152 pulverem
980 2071 1317 2147 resolutus,
1345 2072 1698 2133 seeundum
1721 2070 1892 2152 quod

401 2168 832 2251 impiissimus
884 2180 948 2233 et
997 2170 1454 2234 stolidissimus
1504 2171 1894 2233 Mahometus

393 2267 464 2329 in
518 2286 633 2330 suo
686 2269 910 2331 recitat
958 2269 1298 2345 Alcorano,
1351 2270 1520 2350 quod
1571 2266 1776 2351 Moys'e
1825 2269 1891 2331 in

391 2374 681 2428 montem
713 2366 889 2429 Sinai
920 2369 1326 2443 ascendente,
1345 2385 1529 2429 mons
1563 2368 1698 2448 ipse
1724 2376 1894 2430 totus

392 2466 464 2527 in
511 2466 842 2547 pulverem
891 2475 990 2529 est
1035 2466 1352 2541 redactuS‚
1389 2465 1476 2528 ita
1519 2466 1688 2547 quod
1732 2466 1894 2547 Moy—

391 2583 502 2626 ses
543 2564 777 2627 cecidit
819 2565 1003 2646 quasi
1047 2572 1358 2640 mortum,
1392 2572 1582 2644 atque
1622 2564 1686 2625 in
1727 2572 1893 2627 terra

387 2661 616 2741 jacens
669 2662 880 2739 laesuS,
930 2662 1235 2724 clamavit
1284 2680 1298 2725 ε
1351 2661 1399 2724 Ο
1450 2662 1732 2738 Domine,
1775 2678 1892 2741 ego

389 2778 541 2821 sum
579 2759 826 2843 primus
859 2760 1257 2823 credentium
1289 2760 1355 2822 in
1391 2768 1472 2822 te.

477 2862 560 2919 In
591 2861 816 2918 diebus
846 2863 1130 2935 Samyar
1158 2861 1294 2937 filii
1324 2860 1573 2928 Anam,
1603 2857 1715 2940 qui
1748 2867 1893 2939 post

285 2987 354 3023 ιιι,
387 2954 533 3018 Aod
567 2954 690 3017 tuit
725 2956 924 3037 judex
951 2955 1138 3019 Israel
1185 2966 1470 3038 tempore
1515 2956 1788 3033 modico,
1825 2965 1892 3017 ut

2003 1987 2074 2029 ac
2109 1976 2376 2029 matrem
2421 1967 2817 2049 spiritualem
2858 1966 3215 2030 Israeliticae
3261 1966 3490 2047 plebiS‚

2004 2066 2363 2128 hortaretur
2394 2075 2457 2129 et
2489 2066 2877 2130 confortaret
2909 2065 3085 2129 filios
3116 2064 3329 2127 Israel.
3428 2122 3435 2129 .

2087 2167 2269 2225 Nova
2304 2168 2466 2227 bella
2496 2168 2684 2243 eleyit
2712 2168 3055 2236 Dominus,
3090 2165 3153 2229 id
3186 2172 3303 2240 est,
3329 2164 3494 2226 inso-

2004 2261 2116 2324 lito
2148 2264 2337 2326 modo
2368 2263 2603 2327 devicit
2633 2265 2867 2341 hosteS‚
2902 2264 3055 2345 quia
3086 2282 3199 2344 per
3222 2261 3493 2326 feminas

2003 2361 2441 2443 triumphavit.
2494 2363 2649 2425 Nam
2690 2363 2997 2425 Deboram
3040 2361 3367 2424 suscitavit
3413 2361 3491 2423 ad

2003 2463 2357 2524 vocandum
2388 2469 2451 2525 et
2480 2461 2966 2525 confortandum
3000 2462 3190 2523 Barac
3228 2478 3303 2523 ac
3332 2459 3491 2522 alios

2006 2559 2032 2620 f
2036 2560 2177 2624 ilios
2210 2560 2422 2638 Israel,
2447 2570 2639 2642 atque
2669 2560 2737 2623 in
2768 2579 2997 2623 manus
3025 2560 3199 2621 Jahel
3232 2558 3492 2621 tradidit

2003 2658 2299 2721 Sisaram.
2325 2663 2409 2721 Ec
2430 2670 2653 2737 portas
2682 2661 2963 2719 hostium
2995 2660 3127 2735 ipse
3154 2660 3485 2728 subvertit,

2001 2755 2066 2819 id
2098 2766 2214 2833 est,
2242 2756 2399 2818 siliis
2430 2757 2613 2819 lsrael
2648 2757 2821 2819 dedit
2844 2764 3213 2837 potestatem
3250 2763 3492 2818 vastan-

2001 2856 2066 2918 di
2100 2855 2289 2918 urbes
2332 2874 2573 2932 eorum,
2609 2875 2645 2918 a
2675 2855 2913 2937 quibus
2963 2854 3154 2937 paulo
3202 2862 3348 2916 ante
3378 2872 3490 2936 op-

2002 2954 2463 3037 primebantur,
2498 2973 2697 3035 quum
2739 2963 2949 3017 tamen
2998 2952 3121 3015 filii
3162 2952 3351 3017 lsrael
3393 2973 3489 3016 es-

386 3073 592 3136 supra
623 3054 852 3138 patuit,
888 3056 962 3115 in
989 3058 1214 3115 diebus
1244 3058 1430 3115 Jalael
1453 3053 1666 3117 uxoris
1687 3054 1891 3117 Haber
1923 3057 1968 3120 C
2002 3060 2142 3115 sent
2174 3052 2469 3115 inermes.
2506 3053 2682 3115 Unde
2714 3050 3124 3134 subjungitur
3160 3070 3173 3113 ε
3214 3055 3488 3132 Clypeus

383 3153 611 3230 Cinaei,
635 3156 1024 3234 quieverunt
1052 3157 1314 3216 semitae.
1341 3154 1516 3228 Quod
1547 3154 1890 3236 dupliciter

381 3259 602 3334 potest
646 3252 880 3334 exponi
917 3269 930 3312 ε
965 3253 1197 3330 Primo,
1236 3253 1409 3334 quod
1455 3253 1670 3316 hostes
1714 3252 1890 3334 quie-

379 3359 622 3414 verunt
650 3371 688 3412 a
719 3350 966 3414 semitis
997 3351 1208 3428 Israel,
1229 3371 1334 3414 eas
1367 3370 1495 3414 non
1531 3351 1888 3430 ingredien-

377 3451 468 3513 do
518 3450 598 3512 ad
640 3449 1148 3531 impugnandum
1201 3458 1271 3511 ut
1320 3459 1489 3526 ante,
1534 3451 1885 3531 praesertim

376 3555 723 3631 postquam
767 3547 1027 3626 Samgar
1067 3547 1382 3629 percussit
1431 3548 1510 3610 de
1548 3547 1886 3610 Philistaeis

375 3655 720 3709 sexcentos
759 3645 932 3710 viros
965 3665 1222 3710 vomere
1257 3665 1408 3723 uno,
1444 3655 1506 3709 et
1547 3654 1883 3728 postquam

1997 3163 2058 3214 et
2105 3139 2291 3213 hassa
2332 3155 2391 3212 si
2441 3153 2869 3230 apparuerint
2920 3155 2993 3211 in
3046 3153 3486 3231 qnadrayinta

2000 3253 2288 3312 millibus
2330 3255 2587 3313 Israel:
2630 3250 2694 3311 id
2738 3258 2855 3325 est,
2892 3268 3007 3312 nec
3057 3249 3319 3332 clypeus
3370 3268 3487 3312 nec

1999 3349 2180 3410 hasta
2230 3349 2473 3413 inventi
2511 3357 2659 3410 sunt
2707 3349 2771 3410 in
2823 3347 3103 3411 exercitu
3152 3348 3363 3424 lsrael,
3418 3347 3485 3409 in

1998 3466 2124 3529 quo
2173 3447 2379 3529 primo
2427 3455 2609 3510 erant
2657 3447 2875 3510 decem
2926 3445 3173 3519 millia3
3228 3446 3481 3524 deinde,

1997 3565 2197 3628 quum
2244 3545 2587 3627 praevalerc
2630 3544 2995 3626 coepissent,
3032 3544 3217 3606 multi
3258 3563 3335 3606 ex
3383 3545 3488 3606 tri-

1996 3644 2206 3707 bubus
2237 3643 2423 3706 Israel
2466 3651 2899 3720 accurrerunt,
2937 3643 3026 3704 ita
3069 3643 3239 3724 quod
3281 3662 3486 3724 usque

1995 3744 2074 3805 ad
2106 3741 2525 3824 quadraginta
2548 3740 2753 3803 millia
2771 3749 2881 3803 aut
2911 3740 3165 3803 circiter
3194 3759 3485 3804 exereve-

1996 3849 2163 3903 runt.
2190 3839 2729 3914 Quemadmodum
2764 3859 2913 3903 vero
2943 3840 3162 3902 Glossa
3192 3847 3478 3918 testatur,

368 3745 564 3808 Jahel
605 3745 881 3808 Sisaram
933 3743 1294 3819 interfecit3
1338 3753 1623 3826 tempore
1671 3753 1883 3807 autem

375 3843 772 3906 intermedio
827 3843 1227 3906 intraverunt
1275 3852 1338 3905 et
1388 3842 1880 3925 praevaluerunt.

371 3942 704 4017 Secunde,
740 3941 911 4022 quod
956 3941 1023 4002 in
1057 3939 1281 4004 diebus
1313 3941 1572 4022 Samgar
1616 3950 1679 4004 et
1707 3940 1882 4004 Jahel
1991 3941 2174 4004 Jabin
2208 3959 2318 4002 rex
2345 3939 2639 4002 Chanaan
2678 3938 2940 4001 abstulit
2982 3937 3139 4001 filiis
3174 3939 3359 4003 lsrael
3392 3959 3485 4002 ar-

369 4041 774 4123 quieverunt
795 4038 1169 4116 semitae,ita
1200 4040 1370 4120 quod
1395 4038 1521 4101 filii
1543 4040 1730 4102 lsrael
1755 4058 1882 4102 non
1994 4060 2119 4117 ma,
2169 4039 2333 4102 sicut
2382 4047 2446 4101 et
2494 4037 2794 4101 Philistaei
2844 4037 3052 4119 primo
3102 4039 3339 4118 Regum
3389 4039 3483 4102 eis

369 4138 708 4202 audebant
730 4156 952 4200 secure
987 4137 1255 4200 transire
1286 4156 1399 4221 per
1421 4147 1723 4201 consueta
1755 4159 1885 4201 suae
1995 4140 2228 4204 fecisse
2258 4140 2578 4219 leguntur.

370 4247 572 4301 terrae
605 4236 858 4313 itinera,
881 4235 1107 4298 timore
1127 4235 1606 4299 Philistinorum
1639 4245 1702 4299 et
1730 4237 1886 4300 Cha·
1914 4245 1962 4306 D
2077 4243 2198 4301 Cor
2226 4259 2439 4300 meum
2480 4239 2705 4314 dile'qit
2736 4238 3069 4314 principes
3096 4239 3322 4297 Israel.
3359 4236 3487 4300 Hoc

373 4353 758 4400 nanaeorum
785 4342 1016 4396 terram
1041 4334 1229 4396 lsrael
1252 4335 1779 4416 depraedantium,
1806 4335 1886 4398 la·
1995 4337 2348 4401 seeundum
2379 4335 2685 4412 Glossam,
2722 4354 2799 4397 ex
2842 4353 3112 4416 persona
3142 4335 3253 4398 Dei
3304 4335 3489 4397 indu-

376 4433 978 4513 trocinantiumque
1019 4431 1084 4493 in
1127 4451 1222 4494 ea.
1257 4432 1382 4495 Nec
1421 4433 1593 4494 enim
1628 4434 1887 4516 Samgar
1995 4437 2182 4512 citur,
2217 4435 2329 4516 qui
2382 4433 2609 4496 fideles
2653 4434 2843 4496 duces
2887 4451 2961 4495 ae
3002 4431 3249 4514 judices
3299 4434 3485 4496 lsrael

375 4532 600 4616 potuit
649 4531 1004 4593 Philistaeos
1056 4531 1246 4612 plene
1304 4549 1708 4612 compescere
1746 4557 1761 4607 3
1825 4541 1887 4595 et
1997 4532 2324 4614 diligebat,
2361 4532 2714 4614 praesertim
2747 4530 3248 4614 praedestinatoS.
3282 4531 3491 4595 Potest

377 4649 600 4711 usque
627 4630 708 4692 ad
745 4637 993 4710 tempus
1026 4647 1152 4709 quo
1181 4628 1356 4692 Jahel
1393 4629 1665 4692 Sisaram
1699 4631 1888 4693 inter·
1999 4643 2209 4695 tamen
2253 4651 2331 4694 ex
2370 4648 2642 4712 persona
2672 4629 2931 4693 Deborae
2972 4629 3199 4711 accipi,
3233 4628 3385 4711 quia
3428 4639 3490 4692 et

377 4729 568 4804 emit,
625 4727 754 4789 filii
805 4727 994 4789 lsrael
1049 4725 1308 4790 fuerunt
1358 4727 1576 4789 multis
1623 4728 1808 4790 annis
1851 4749 1887 4790 a
1996 4732 2134 4813 ipsa
2165 4728 2583 4811 spiritualiter
2613 4748 2685 4790 ac
2716 4728 3077 4791 cordialiter
3120 4746 3232 4791 seu
3262 4727 3488 4790 intime

373 4825 764 4892 Chananaeis
786 4826 1172 4907 oppressi‚ut
1195 4826 1574 4907 praecedenti
1598 4835 1888 4889 narratur
1997 4825 2305 4906 diligebat
2335 4825 2724 4907 principales
2766 4825 2957 4906 hujus
2988 4825 3323 4888 exercitus,
3362 4828 3489 4894 Qui

375 4925 696 5008 capitulo.
736 4927 818 4986 Ec
869 4926 985 5004 ([ιιί
1027 4926 1560 5001 inyredz‘ebantur
1601 4947 1718 5003 per
1755 4947 1883 4998 eas,
1988 4927 2263 5002 propria
2308 4929 2637 4983 voluntate
2666 4925 2985 4983 obtulistis
3025 4944 3129 4982 vos
3165 4925 3488 4982 discrimi-

375 5027 895 5087 ambulaverunt
921 5044 1040 5101 per
1068 5027 1260 5082 calles
1299 5025 1516 5082 devios
1546 5045 1568 5082 .·
1601 5024 1751 5105 quia
1783 5026 1888 5086 ad-

377 5122 825 5186 versariorum
872 5119 1117 5196 timore,
1155 5120 1564 5183 declinabant
1593 5122 1673 5185 ab
1704 5122 1889 5185 itine-
1996 5123 2296 5191 Domino,
2332 5120 2498 5182 sicut
2532 5119 2886 5200 expositum
2929 5127 3045 5181 est.
3081 5118 3270 5181 Porro
3310 5118 3492 5200 spiri-

376 5221 570 5284 ribus
602 5219 816 5295 rectis,
843 5237 926 5281 ne
947 5217 1304 5281 inciderent
1325 5218 1603 5281 hostium
1635 5239 1883 5283 manus,
1999 5219 2152 5282 tuali
2175 5218 2553 5294 discrimini,
2572 5225 2725 5299 puta
2745 5217 3029 5299 periculo
3054 5216 3296 5298 peccati
3328 5235 3490 5280 mor-

375 5319 499 5382 Vel
552 5336 780 5382 sensus
831 5324 950 5392 est,
986 5316 1156 5398 quod
1199 5317 1546 5379 adversarii
1598 5316 1885 5382 filiorum
2001 5317 2164 5394 talis,
2202 5316 2415 5378 nullus
2456 5315 2645 5378 debet
2684 5334 2749 5377 se
2791 5331 3107 5396 exponere
3144 5333 3255 5378 seu
3293 5313 3491 5378 offer-

3532 4061 3545 4104 Ι
3562 4062 3673 4116 Req.
3688 4073 3776 4110 mn,

3516 4127 3579 4168 19.

1995 5025 2090 5095 nef,
2146 5023 2210 5084 id
2271 5031 2367 5084 est
2418 5021 2702 5102 periculo
2752 5019 3089 5102 corporali,
3142 5023 3489 5082 benedicite
3554 5059 3559 5064 -
