4359 6250
1157 499 1504 547 mammo
1547 500 1608 545 m
1649 498 1785 543 m.
1831 496 1914 545 xv
1953 497 2154 545 Josun.
2201 518 2281 529 --
2321 501 2464 548 aar.
2510 502 2663 550 xxm
3372 491 3447 555 77

355 672 588 734 timere
620 690 636 733 τ
669 680 988 753 quatenus
1030 672 1168 753 ipsa
1213 671 1417 733 tribus
1446 679 1610 734 esset
1649 668 1857 732 muni·
1883 669 1932 731 A
1966 670 2133 747 simi,
2165 693 2364 752 usque
2392 677 2481 733 ad
2507 678 2799 735 eumdem
2817 680 3189 739 Iordanem.
3222 682 3453 741 Ascen-

355 789 506 833 men
559 770 753 833 totius
805 779 986 833 terrae
1037 770 1388 853 promissae,
1446 778 1507 832 ct
1555 777 1854 849 tanquam
1964 772 2187 849 (litque
2220 773 2532 833 terminus
2563 776 2635 833 in
2666 778 2828 837 Beth
2860 780 3035 851 ayla,
3066 774 3130 838 id
3161 786 3276 853 est,
3314 797 3450 841 sors

356 868 748 946 bellicosior,
794 870 1167 951 reprimeret
1206 868 1606 949 insurgentes
1637 874 1857 930 contra

360 966 540 1031 filios
571 968 766 1030 lsrael
792 967 1029 1031 hostes,

440 1068 726 1127 Initium
746 1067 888 1143 ejus
921 1089 963 1127 a
991 1067 1366 1127 summitate
1396 1066 1600 1126 maris
1620 1065 1858 1125 Salsis-

355 1167 536 1238 simi,
578 1165 642 1227 id
676 1174 773 1228 est
805 1165 1000 1227 maris
1039 1165 1286 1241 Mortui,
1323 1166 1404 1228 de
1437 1183 1564 1245 quo
1598 1165 1728 1245 jam
1763 1162 1857 1224 di-

357 1274 536 1326 ctum
581 1272 679 1325 est
720 1283 888 1345 saepe
923 1281 938 1325 :
972 1284 1009 1326 a
1050 1283 1180 1345 quo
1222 1282 1298 1326 ex
1338 1283 1465 1325 una
1506 1271 1682 1345 parte
1733 1260 1857 1323 fuit

358 1362 694 1425 exordium
728 1371 910 1425 terrae
936 1362 1133 1435 Juda3
1161 1373 1220 1423 et
1252 1385 1293 1424 a
1326 1364 1554 1439 linqua
1583 1362 1746 1438 eJ'uS,
1771 1360 1858 1422 vi-

357 1461 595 1523 delicet
633 1461 830 1523 maris
860 1460 1230 1536 Salsissimi,
1267 1482 1410 1541 quce
1439 1461 1700 1537 respicit
1730 1480 1857 1519 me-

357 1562 625 1631 ridiem,
649 1559 713 1621 id
746 1568 844 1621 est
875 1560 1128 1642 plagam
1163 1560 1528 1622 australem.
1571 1558 1719 1621 Erat
1751 1577 1857 1620 au-

361 1668 488 1721 tem
541 1658 662 1721 hoc
712 1676 886 1721 mare
932 1658 999 1720 in
1058 1659 1196 1721 loco
1249 1658 1414 1720 latus
1465 1657 1740 1721 australe
1795 1666 1858 1719 et

357 1757 672 1819 orientale
717 1758 1048 1839 jungente.
1103 1760 1581 1837 Eyrediturque
1630 1766 1852 1816 eontra

1970 866 2087 929 ista
2119 870 2521 950 protenditur
2565 872 2629 933 in
2673 872 2879 936 locum
2918 872 3009 935 sic
3050 874 3313 953 dictum,
3358 898 3453 937 as-

1966 970 2235 1028 cendens
2266 970 2289 994 *
2337 972 2417 1029 ab
2466 974 2768 1048 aquilone
2806 974 2880 1031 in
2923 974 3314 1045 Betharaba‚
3358 998 3454 1037 as·
3482 994 3746 1037 ‘'eur-ausit

1967 1068 2236 1127 eendens
2256 1070 2344 1127 ad
2376 1070 2658 1145 lapidem
2687 1074 2863 1133 Boen
2892 1074 3027 1149 filii
3046 1076 3272 1134 Ruben
3294 1095 3317 1134 .·
3340 1075 3452 1156 qui

1967 1163 2045 1224 ad
2077 1166 2418 1246 quemdam
2450 1168 2528 1229 de
2560 1168 2729 1230 tribu
2760 1169 2979 1232 Ruben
3020 1180 3237 1233 natum
3269 1173 3458 1254 perti-

1971 1262 2141 1337 nuit3
2163 1274 2225 1325 et
2255 1268 2515 1325 tendens
2544 1288 2742 1345 usque
2770 1272 2858 1328 ad
2888 1271 3191 1329 terminos
3211 1273 3457 1332 Debera

1966 1364 2044 1420 de
2095 1365 2263 1422 valle
2305 1366 2539 1437 Aelior,
2590 1376 2812 1427 contra
2850 1370 3219 1446 aquilonem
3265 1371 3459 1447 respi-

1967 1461 2138 1519 ciens
2184 1464 2480 1537 Galyala,
2514 1484 2656 1541 quse
2693 1474 2782 1523 est
2821 1484 2901 1524 ex
2940 1469 3205 1525 adverso
3249 1488 3460 1527 ascen·

1965 1560 2168 1619 sionis
2215 1561 2611 1630 Adommim,
2651 1565 2730 1622 ab
2778 1566 3062 1623 australi
3100 1574 3291 1643 parte
3343 1576 3462 1627 tor-

1967 1660 2191 1727 rentis,
2229 1661 2584 1738 transitque
2618 1663 2706 1720 ad
2738 1680 2939 1740 aquas
2967 1682 3109 1741 quae
3144 1674 3455 1724 vocantur

1965 1755 2112 1830 fons
2142 1758 2315 1816 Solis
2344 1773 2367 1815 .·
2405 1775 2548 1838 quae
2586 1776 2769 1838 aquae
2810 1756 2954 1821 fons
3006 1768 3207 1837 erant,
3252 1769 3314 1822 et
3354 1780 3461 1825 vo—

357 1878 694 1918 ascensum
724 1858 1121 1934 Scorpionis.
1156 1856 1270 1919 Per
1311 1855 1721 1937 Scorpionem
1767 1854 1860 1915 in·
1894 1855 1940 1916 B
1968 1859 2122 1914 eatae
2157 1860 2305 1913 sunt
2335 1852 2421 1915 ita
2462 1854 2704 1917 ratione
2734 1854 3009 1937 alicujus
3039 1859 3450 1940 proprietatis

360 1954 673 2035 telligitur
717 1953 822 2018 hic
862 1973 1049 2017 mons
1087 1954 1370 2036 quidam,
1406 1953 1474 2015 in
1518 1971 1645 2034 quo
1690 1970 1860 2015 scor-

360 2053 589 2136 piones
621 2052 972 2134 plurimum
1003 2051 1436 2127 abundabant,
1463 2060 1526 2115 et
1556 2069 1760 2132 usque
1779 2050 1858 2112 ad

359 2153 588 2234 pedem
635 2152 871 2215 montis
914 2150 1094 2214 illius
1140 2150 1643 2233 protendebatur
1690 2150 1861 2211 linea

357 2250 814 2333 descriptionis
866 2259 1048 2313 terrae
1098 2248 1301 2312 tribus
1356 2249 1560 2311 istius,
1598 2251 1682 2310 E't
1716 2268 1862 2325 per-

362 2352 600 2411 transit
631 2352 706 2411 in
727 2351 924 2419 Sina,
947 2348 1010 2411 id
1043 2356 1140 2411 est
1171 2367 1374 2429 usque
1406 2346 1472 2410 in
1495 2355 1739 2428 partem
1761 2347 1866 2409 de-

359 2448 538 2525 serti,
587 2446 656 2510 in
701 2466 831 2529 quo
875 2455 972 2510 est
1012 2464 1196 2509 mons
1249 2446 1444 2521 Sinai,
1482 2454 1546 2509 et
1591 2445 1710 2509 hoc
1768 2453 1865 2509 est

361 2546 532 2610 idem
564 2566 712 2609 cum
745 2547 996 2609 deserto
1033 2544 1166 2622 Sin,
1200 2548 1611 2625 ascenditque
1642 2548 1714 2605 in
1749 2547 1864 2607 Ca-

357 2649 697 2715 desbarne,
725 2655 786 2706 et
807 2648 1108 2724 pervenit
1141 2646 1212 2704 in
1247 2646 1480 2714 E'sron,
1509 2648 1858 2705 ascendens

357 2750 447 2807 ad
461 2748 724 2815 Addat,
737 2756 798 2805 et
829 2746 1218 2805 circumiens
1245 2746 1515 2813 Carcaa,
1539 2753 1732 2823 atq-ue
1765 2745 1861 2805 in-

357 2850 440 2905 de
461 2846 910 2923 pertransiens
941 2846 1010 2904 in
1037 2847 1380 2913 Asemona,
1395 2852 1455 2902 et
1477 2847 1862 2919 perveniens

358 2948 450 3004 ad
479 2953 826 3005 torrentem
851 2943 1153 3020 AEyypti,
1197 2950 1352 3025 puta
1388 2942 1465 3005 ad
1502 2942 1735 3018 Nilum,
1770 2962 1862 3005 se-

1969 1948 2104 2012 sive
2147 1950 2445 2029 effectuS,
2477 1961 2587 2014 aut
2630 1952 3096 2033 similitudiniS,
3134 1964 3243 2019 aut
3289 1958 3449 2020 situs

1970 2047 2104 2111 sive
2132 2048 2399 2129 originis
2423 2073 2437 2123 3
2471 2060 2529 2110 et
2557 2061 2749 2111 erunt
2776 2055 2989 2114 exitus
3018 2056 3156 2131 ejus
3187 2058 3276 2116 ad
3310 2058 3453 2133 fon-

1973 2158 2095 2209 tem
2123 2139 2343 2225 R'oyez,
2375 2148 2488 2230 qui
2517 2157 2612 2213 est
2644 2169 2841 2232 prope
2867 2152 3239 2232 Jerusalem,
3278 2164 3349 2218 ut
3367 2157 3459 2219 di·
3492 2170 3751 2227 niueam.

1971 2244 2138 2308 citur
2181 2246 2365 2310 tertio
2416 2248 2652 2328 Regum
2689 2267 2703 2310 :
2740 2249 2847 2311 ubi
2899 2250 3175 2315 Adonias
3227 2254 3459 2320 obtulit

1971 2344 2231 2407 hostiaS.
2286 2348 2714 2427 Ascenditque
2750 2369 2872 2426 per
2919 2358 3275 2414 convallem
3321 2358 3457 2433 filii

1971 2445 2273 2515 Ennom,·
2302 2462 2441 2524 quae
2473 2446 2657 2509 vallis
2683 2445 2873 2509 etiam
2902 2448 3078 2529 juxta
3105 2451 3454 2517 Jerusalem
3500 2472 3750 2523 Jer.v··‚³1.

1972 2550 2127 2619 erat,
2152 2550 2224 2603 ut
2244 2550 2417 2624 patet
2445 2543 2511 2606 in
2538 2544 2809 2607 Jeremia
2840 2554 2901 2608 et
2929 2557 3158 2628 quarto
3190 2551 3451 2631 Regum.
3489 2533 3727 2647 „fflfffff’

1972 2640 2113 2703 Ideo
2145 2640 2438 2703 subditur
2474 2660 2486 2702 :
2520 2662 2601 2701 ea>
2632 2647 2829 2703 latere
2844 2647 3117 2707 Jebusoei
3146 2651 3236 2709 ad
3266 2652 3454 2711 meri·

1969 2741 2163 2812 diem,
2197 2743 2329 2801 haec
2357 2749 2447 2801 est
2473 2743 2849 2831 Jerusalem,
2874 2741 2942 2804 id
2972 2752 3087 2821 est,
3108 2745 3334 2809 civitas
3365 2747 3458 2809 ibi

1971 2836 2223 2913 situata,
2277 2838 2343 2899 in
2391 2856 2519 2919 qua
2564 2836 2832 2903 Jebusaei
2880 2844 3457 2923 commorabantur,

1968 2936 2311 2997 Jerusalem
2357 2944 2764 3019 nuncupatur
2794 2962 2809 3013 3
2842 2950 2902 3001 et
2930 2942 3085 3003 inde
3120 2964 3184 3002 se
3211 2946 3463 3021 eriyens

360 3042 648 3105 cundum
673 3041 1338 3122 quosdam,quantum
1360 3040 1440 3103 ad
1459 3040 1740 3124 aliquam
1763 3040 1862 3103 Ni·
1895 3033 1940 3097 C
1969 3039 2056 3095 ad
2083 3036 2381 3097 verticem
2424 3040 2679 3109 monti-3,
2714 3040 2833 3117 qui
2868 3049 2958 3099 est
3002 3051 3227 3102 eontra
3264 3044 3457 3104 Geen-

362 3142 407 3203 li
454 3149 725 3222 partem.
763 3140 978 3202 Potius
1012 3148 1224 3202 tamen
1267 3158 1378 3221 per
1412 3140 1584 3216 hunc
1623 3147 1862 3203 torren-

365 3249 508 3315 tem,
539 3246 696 3321 puto
732 3237 1217 3318 intelligendum
1252 3239 1590 3319 quemdam
1625 3238 1856 3316 rivum,

359 3337 475 3419 qui
503 3345 642 3400 erat
671 3337 740 3398 in
772 3345 952 3418 parte
981 3336 1246 3398 australi
1289 3345 1469 3400 terrae
1503 3337 1853 3419 promissae,

358 3436 475 3517 qui
495 3443 760 3500 vocatur
784 3433 1243 3508 Rhinocolura3
1265 3443 1651 3516 vocaturque
1682 3435 1858 3498 rivus

359 3533 639 3615 AEgypti,
671 3532 770 3596 vel
806 3531 958 3613 quia
990 3531 1142 3594 inde
1177 3532 1545 3608 scaturiens,
1572 3541 1682 3595 aut
1708 3551 1860 3615 quo-

359 3631 538 3694 niam
561 3631 718 3694 illuc
747 3648 1012 3693 currens
1045 3629 1180 3694 sive
1213 3630 1583 3713 respiciens.
1617 3633 1860 3693 Erunt-

360 3753 484 3811 que
515 3731 782 3792 termini
808 3730 948 3806 ejus
976 3750 1155 3790 mare
1187 3732 1526 3806 Maqnum.
1561 3729 1688 3792 Hoc
1728 3748 1858 3793 non

359 3838 456 3893 est
489 3828 983 3908 intelligendum
1016 3826 1096 3889 de
1127 3827 1287 3889 mari
1305 3826 1576 3904 Ocean0‚
1603 3829 1712 3891 sed
1747 3829 1862 3892 Me-

362 3928 742 4002 diterraneo,
763 3935 994 3988 terram
1016 3924 1460 4007 promissionis
1483 3927 1862 3990 terminante

361 4027 442 4091 ab
483 4025 816 4090 occidente
848 4041 863 4084 ε
898 4025 1071 4104 quod
1113 4031 1403 4105 respectu
1441 4027 1862 4104 quorumdam

361 4123 846 4208 particularium
873 4121 1242 4198 fluviorum,
1258 4123 1370 4202 qui
1388 4123 1568 4204 juxta
1588 4123 1862 4187 Hebraeae

1968 3154 2143 3204 nom,
2172 3142 2292 3197 etc.
2346 3133 2537 3196 Multa
2578 3135 2841 3199 nomina
2889 3138 3143 3201 urbium
3184 3149 3248 3203 et
3299 3142 3463 3206 loco-

1971 3252 2133 3309 rum,
2169 3231 2442 3297 sontium
2476 3241 2537 3296 et
2568 3235 2906 3314 montium,
2943 3236 3009 3299 in
3041 3238 3163 3303 isto
3194 3259 3460 3322 sequen-

1959 3331 2268 3413 tibusque
2297 3340 2624 3414 ponuntur
2643 3333 2963 3415 capituliS,
2981 3336 3048 3398 in
3070 3337 3305 3419 quibus
3329 3358 3456 3403 non

1969 3438 2066 3492 est
2094 3429 2447 3493 difficultas
2481 3431 2545 3492 in
2577 3450 2665 3508 se,
2702 3451 2818 3495 nec
2850 3451 3079 3513 magna
3099 3436 3218 3515 viS,
3243 3454 3462 3520 quam-

1970 3529 2066 3593 vis
2109 3549 2210 3592 res
2255 3529 2633 3610 significatae
2681 3550 2795 3613 per
2846 3533 3300 3614 nomina‘ista,
3336 3556 3453 3619 pro

1969 3637 2146 3710 parte
2175 3647 2293 3691 nos
2324 3627 2558 3691 lateant
2585 3647 2598 3690 :
2624 3629 2860 3693 idcirco
2880 3630 2961 3694 ab
2979 3633 3452 3714 expositoribus

1973 3725 2430 3790 transiliuntur.
2453 3731 2947 3809 Inclinaturque
2968 3732 3039 3790 in
3062 3735 3297 3806 Baala,
3317 3755 3460 3814 quse

1969 3836 2058 3887 est
2080 3828 2575 3895 Cariatliiarim,
2598 3828 2669 3886 id
2688 3836 2777 3886 est
2797 3830 2947 3888 urbs
2966 3831 3307 3905 silvarum,
3334 3831 3459 3897 for-

1971 3943 2082 3986 san
2115 3924 2207 3986 sic
2238 3924 2461 3986 dictaa
2489 3924 2669 3989 silvis
2699 3924 3324 4008 circumjacentibus.
3352 3931 3462 3995 Ta-

1970 4042 2117 4085 men
2165 4022 2337 4103 quod
2376 4021 2631 4100 dicitur,
2666 4023 2731 4085 Id
2775 4031 2871 4085 est
2914 4025 3066 4087 urbs
3116 4026 3445 4109 silvarum,

1971 4121 2308 4184 translator
2346 4120 2664 4203 apposuit.
2699 4121 2950 4185 Cariath
2984 4125 3227 4208 quippe
3259 4127 3455 4192 inter-

362 4225 602 4305 linguae
631 4220 1107 4304 proprietatem,
1141 4221 1342 4282 maria
1381 4230 1855 4303 nuncupantur,
1892 4221 1939 4282 D
1971 4227 2253 4302 pretatur
2296 4219 2555 4294 civitas3
2602 4219 2809 4297 Iarim,
2844 4220 3048 4284 silvae.
3094 4226 3179 4285 Et
3218 4229 3455 4290 circuit

363 4342 540 4386 mare
567 4321 860 4402 Magnum
907 4327 1189 4383 vocatur.
1226 4320 1353 4379 Hic
1387 4322 1510 4380 erit
1551 4323 1710 4396 finis
1739 4342 1862 4382 me-

359 4423 650 4482 ridianae
671 4423 887 4496 playce
916 4439 939 4477 .·
972 4417 1035 4478 id
1081 4424 1197 4492 est,
1233 4435 1406 4478 mare
1436 4417 1556 4480 hoc
1587 4417 1708 4480 erit
1740 4427 1860 4482 ter-

363 4520 582 4582 minus
631 4516 820 4579 sortis
865 4516 1063 4591 ludeo,
1115 4522 1426 4595 quantum
1477 4516 1556 4577 ad
1606 4517 1856 4598 plagam

359 4615 731 4681 australem.

441 4718 546 4777 Ab
565 4717 809 4775 oriente
831 4733 974 4772 vero
995 4713 1119 4772 erit
1142 4713 1416 4772 initium
1438 4734 1612 4774 mare
1632 4717 1858 4776 Salsis-

357 4817 621 4883 simum,
657 4812 722 4874 id
769 4819 886 4886 est,
919 4829 995 4872 ex
1041 4818 1218 4892 parte
1261 4809 1554 4872 orientali
1606 4811 1856 4876 inchoa-

361 4913 538 4974 bitur
570 4928 707 4973 sors
741 4909 944 4972 tribus
974 4909 1132 4971 Juda
1170 4927 1207 4970 a
1246 4909 1407 4971 mari
1447 4909 1686 4973 Mortuo
1724 4911 1854 4992 jam

361 5010 653 5092 praei'ato,
687 5029 886 5087 usque
927 5011 1015 5068 ad
1054 5018 1342 5068 ext-rema
1375 5012 1710 5079 Jordanis,
1749 5011 1886 5084 ubi,

361 5108 663 5172 videlicet
689 5106 984 5170 Jordanis
1015 5105 1207 5167 intrat
1231 5103 1544 5169 Mortuum
1577 5126 1772 5185 mare,
1800 5121 1859 5170 et

361 5209 440 5270 ad
475 5229 554 5267 ea
593 5227 736 5285 quoe
775 5207 1154 5282 respiciunt,
1185 5203 1248 5266 id
1279 5212 1376 5266 est
1406 5204 1528 5266 sita
1565 5214 1736 5282 sunt,
1772 5211 1860 5268 ad

358 5309 758 5389 aquilonem,
785 5326 829 5365 a
858 5306 1090 5381 linqua
1119 5306 1348 5374 mari-3,
1380 5302 1596 5368 forsan
1630 5304 1864 5368 Salsis-

1969 4323 2047 4379 de
2074 4322 2289 4382 Baala
2308 4327 2531 4379 contra
2548 4319 2934 4382 occidentem
2950 4342 3151 4401 usque
3178 4329 3267 4386 ad
3284 4348 3454 4389 mon.

1973 4429 2095 4479 tem
2125 4419 2295 4488 Seir,
2332 4416 2394 4478 id
2426 4424 2520 4478 est
2550 4416 2769 4494 Edom,
2790 4417 2879 4480 ita
2907 4421 3082 4500 quod
3113 4442 3317 4505 usque
3349 4446 3461 4509 pe-

1968 4518 2111 4581 dem
2163 4515 2401 4579 montis
2449 4514 2620 4577 illius
2669 4524 2779 4578 aut
2826 4517 3079 4582 circiter
3127 4524 3411 4587 tenditur
3438 4551 3453 4602 3

1972 4616 2330 4694 transitque
2360 4615 2569 4691 juoeta
2616 4619 2785 4676 latus
2833 4621 3067 4679 montis
3110 4624 3327 4683 Jarim
3364 4628 3453 4686 ad

1968 4716 2338 4794 aquilonem
2366 4715 2435 4774 in
2462 4716 2735 4783 Chesion,
2748 4725 2807 4773 et
2826 4718 3147 4779 descendit
3172 4723 3245 4782 in
3269 4726 3457 4784 Beth·

1967 4833 2191 4874 sames.
2226 4813 2603 4892 Transitque
2634 4814 2707 4872 in
2744 4815 3037 4875 Thamna
3068 4817 3298 4881 urbem·
3320 4820 3459 4882 Phi>-

1971 4910 2353 4986 listinorum,
2388 4921 2446 4970 et
2484 4913 2783 4987 pervenit
2821 4923 3046 4974 eontra
3084 4919 3455 4995 aquilonem

1965 5012 2179 5088 partis
2206 5013 2497 5070 Aecaron
2530 5030 2552 5068 .·
2582 5028 2725 5090 quae
2766 5010 2957 5073 etiam
2999 5010 3026 5072 f
3032 5013 3124 5074 uit
3170 5015 3320 5078 urbs
3354 5017 3461 5080 Pa-

1972 5108 2364 5171 laestinorum
2390 5130 2405 5182 3
2458 5108 2942 5189 inclinaturque
2990 5115 3343 5185 Seelzrona,
3396 5127 3457 5177 et

1974 5209 2206 5269 transit
2238 5216 2512 5266 montem
2532 5209 2771 5277 Baala,
2785 5229 2905 5286 per
2914 5212 3205 5290 venitque
3228 5215 3301 5273 in
3319 5217 3456 5275 Jeb-

1971 5310 2132 5378 neel,
2154 5315 2213 5366 et
2244 5306 2447 5365 maris
2468 5307 2699 5382 Magni
2727 5316 2949 5367 eontra
2977 5311 3363 5374 occidentem
3380 5317 3458 5391 fi-
