4359 6250
889 463 1010 526 552

1442 483 1785 529 mantuano
1829 483 1890 528 m
1931 483 2068 528 GAP.
2115 481 2199 528 XX
2242 483 2399 528 unm
2442 481 2693 528 saeuum
2734 481 2960 526 amun.
3002 499 3085 510 —
3124 481 3268 526 ΛΒΤ.
3310 481 3438 527 XXX

613 653 1005 735 111209.m1‚qui
1035 653 1228 736 paulo
1261 661 1408 716 ante
1443 652 1470 714 f
1473 662 1646 716 uerat
1681 662 1902 716 contra
1933 652 2149 730 David,
2184 672 2380 734 quan·
2408 652 2459 715 A
2491 651 2771 714 redirent
2800 653 2878 714 ad
2917 651 3345 715 obedientiam
3376 651 3595 728 David,
3630 652 3740 714 sed
3770 670 3839 714 se
3870 669 3983 733 po-

617 2632 670 2677 111
681 2634 791 2691 Rea.
807 2649 851 2686 ιι,

588 2699 656 2750 at,
675 2699 745 2741 ³2.

589 3223 623 3267 11
633 3225 739 3281 Rea.
753 3238 851 3277 xvu,

588 3289 656 3331 25.

891 752 973 815 do
1005 752 1142 834 ipse
1175 752 1327 814 Joab
1366 769 1494 814 non
1526 752 1664 815 sine
1695 752 1979 834 periculo
2015 751 2261 814 adstitit
2291 751 2373 826 ei,

889 850 1019 933 jam
1051 857 1529 932 promoveretur
1559 870 1595 913 a
1626 869 1794 932 rege,
1820 859 1883 912 et
1911 849 2050 913 loco
2082 851 2179 911 sui
2212 857 2379 912 esset

889 949 1208 1012 secundus
1247 956 1390 1030 post
1437 965 1669 1028 regem,
1715 968 1825 1011 seu
1873 947 2150 1010 militum
2206 948 2380 1031 prin-

887 1063 1072 1129 ceps:
1101 1054 1164 1109 et
1183 1054 1493 1128 quantum
1520 1047 1596 1108 ad
1619 1045 1755 1123 hoc,
1773 1046 2106 1111 videbatur
2139 1046 2377 1108 factum

884 1143 1039 1208 Joab
1086 1143 1556 1225 aliquantulum
1613 1145 1848 1208 habere
1896 1143 2199 1220 colorem,
2252 1144 2378 1206 nisi

888 1249 1014 1305 tam
1056 1242 1406 1324 proditorie
1443 1244 1563 1306 hoc
1604 1242 1880 1307 fecisset.

961 1343 1120 1402 Joab
1150 1351 1368 1402 autem.
1396 1351 1455 1401 et
1485 1343 1714 1402 Abisai
1742 1342 1957 1418 frater
1983 1343 2143 1418 ejus,
2175 1362 2380 1420 perse-

883 1441 1022 1500 cuti
1047 1449 1202 1500 sunt
1231 1441 1396 1501 Seba
1425 1441 1642 1518 filium
1663 1440 1925 1501 Boehri.
1948 1443 2205 1501 Interea
2234 1443 2378 1520 qui-

883 1541 1037 1600 dam
1091 1540 1225 1598 viri
1260 1559 1460 1618 quum
1509 1540 1820 1599 stetissent
1843 1539 2054 1614 juxta
2100 1542 2377 1600 cadaver

883 1640 1140 1697 Amasoe
1167 1640 1246 1696 de
1275 1638 1487 1706 sociis,
1517 1635 1636 1698 hoc
1664 1645 1761 1698 est
1790 1635 2103 1698 militibus
2135 1644 2201 1699 et
2226 1637 2377 1699 ami-

883 1733 976 1796 cis
1025 1732 1226 1816 ipsius
1267 1735 1449 1805 Joab,
1493 1737 1808 1796 dixerunt
1839 1753 1862 1795 .·
1891 1737 2052 1796 Ecce
2097 1738 2215 1815 qui
2250 1757 2376 1796 esse

2486 750 2615 812 tius
2666 750 3124 814 constituerent
3176 768 3409 830 regem.
3446 753 3797 830 Omnesque
3842 753 3981 810 viri

2486 852 2690 922 electi,
2717 851 2781 913 id
2812 858 2909 912 est
2938 850 3243 933 praecipui
3274 849 3725 930 elegantesque
3745 848 3867 913 viri
3898 850 3979 912 de

2488 949 2783 1012 undecim
2814 948 3132 1026 tribubuS,
3166 950 3535 1025 eonyreyati
3572 950 3845 1026 fuerant
3888 952 3979 1008 ad

2485 1068 2657 1116 eum,
2688 1048 2807 1110 hoc
2848 1055 2945 1110 est
2982 1047 3059 1108 ad
3101 1045 3281 1123 Seba,
3321 1046 3609 1109 volentes
3646 1063 3796 1108 eum
3837 1065 3979 1128 pro—

2488 1163 2763 1208 movere.
2797 1145 3013 1227 Aliqui
3044 1153 3255 1208 tamen
3296 1152 3642 1226 exponunt,
3678 1145 3773 1207 Ad
3802 1163 3973 1220 eum,

2487 1243 2550 1304 id
2582 1251 2678 1305 est
2708 1244 2787 1306 ad
2816 1243 2991 1306 Joab.
3026 1243 3145 1306 Sed
3176 1244 3300 1306 hoc
3333 1261 3461 1305 non
3490 1243 3747 1306 videtur
3780 1243 3976 1305 textui

2486 1359 2855 1417 consonare,
2873 1341 3168 1423 quamvis
3188 1341 3379 1404 etiam
3410 1340 3597 1402 multi
3626 1341 3816 1404 electi
3848 1340 3979 1404 fue-

2487 1439 2615 1501 rint
2646 1458 2883 1502 secum.
2918 1440 2995 1501 Et
3025 1440 3195 1521 quod
3226 1439 3335 1514 ait,
3368 1439 3623 1516 OmneS,
3658 1458 3979 1522 exponen-

2485 1538 2636 1599 dum
2677 1547 2794 1614 est,
2843 1538 3105 1619 quidam
3155 1538 3235 1600 de
3281 1537 3603 1600 omnibuS.
3656 1541 3978 1599 Venerunt

2486 1639 2705 1717 itaque
2731 1648 2791 1698 et
2820 1639 3276 1715 oppuynabant
3302 1657 3449 1724 eum
3482 1640 3553 1698 in
3582 1639 3785 1699 Abela
3814 1648 3873 1698 et
3904 1640 3977 1698 in

2485 1739 2943 1808 Betkmaaclta,
2976 1747 3035 1797 et
3078 1739 3643 1798 circumdederunt
3673 1739 3979 1797 munitio-

884 1835 1124 1894 volebat
1153 1853 1352 1894 comes
1383 1835 1626 1904 David,
1659 1834 1722 1896 id
1753 1843 1850 1896 est
1877 1835 2176 1917 princeps
2208 1834 2376 1896 mili·
2412 1831 2459 1894 B
2486 1836 2676 1894 nibus
2703 1837 3055 1907 civitatem,
3078 1845 3138 1895 et
3168 1837 3402 1895 obsessa
3432 1845 3522 1896 est
3552 1837 3725 1895 urbs.
3752 1838 3979 1898 Omnis

884 1931 988 1994 tiae
1017 1931 1204 2012 regia,
1231 1951 1356 2009 pro
1384 1934 1563 1993 Joab.
1587 1931 1774 2006 Quasi
1805 1932 2021 1996 dicant
2056 1950 2070 1994 z
2104 1934 2239 1996 Jam
2272 1952 2377 2015 ap-

880 2039 1083 2113 paret,
1124 2048 1319 2112 quam
1369 2028 1744 2112 insipienter
1793 2031 1943 2112 egit,
1992 2033 2377 2114 opponendo

882 2147 950 2190 se
979 2128 1153 2204 soah,
1179 2135 1370 2209 atque
1414 2128 1491 2190 ad
1527 2127 1956 2210 principatum
2001 2129 2249 2192 militiae
2278 2131 2378 2192 ad·

882 2226 1183 2308 spirando
1210 2242 1224 2286 :
1247 2233 1312 2288 et
1341 2225 1453 2287 ubi
1479 2225 1610 2306 jam
1642 2224 2018 2289 excellentia
2047 2229 2189 2308 ejus
2211 2230 2235 2289 ‘t
2259 2227 2377 2290 Ve-

883 2333 1239 2388 rumtamen
1285 2324 1389 2386 isti
1433 2323 1858 2406 loquebantur
1902 2345 1976 2388 ex
2027 2325 2376 2391 affectione

881 2442 997 2486 sua
1027 2441 1141 2507 pro
1168 2422 1345 2486 Joab.
1379 2423 1513 2486 Non
1544 2421 1716 2486 enim
1757 2422 1988 2504 legitur
2017 2424 2246 2487 Amasa
2272 2426 2378 2488 ad-

881 2517 1158 2602 spirasse
1197 2520 1276 2582 ad
1317 2520 1476 2583 illud
1517 2520 1854 2596 officium3
1890 2530 1954 2584 et
1986 2520 2156 2586 infra
2196 2524 2378 2587 habe-

882 2626 1004 2693 tur,
1040 2619 1209 2699 quod
1244 2618 1535 2683 Salomon
1565 2620 1792 2683 asserit
1810 2620 2103 2684 Amasam
2133 2621 2375 2702 justum

882 2715 1102 2779 fuisse.
1137 2716 1272 2780 Non
1303 2726 1514 2780 autem
1558 2727 1656 2782 est
1683 2718 1918 2781 mirum
1966 2728 2075 2782 aut
2107 2738 2368 2797 novum,

881 2815 1050 2895 quod
1081 2816 1180 2878 vir
1211 2815 1415 2880 bonus
1445 2817 1525 2879 ad
1557 2816 2030 2898 praesidentiam
2060 2817 2227 2882 bene
2256 2819 2376 2881 dis-

881 2911 1150 2994 posituS‚
1185 2914 1265 2976 ab
1314 2913 1574 2978 homine
1623 2914 1962 2978 ambitioso
2012 2934 2124 2979 seu
2174 2915 2375 2997 impio

2486 1943 2703 1992 autem
2726 1935 2915 1994 turba
2941 1954 3087 2012 quw
3104 1943 3245 1993 erat
3264 1953 3413 1994 cum
3428 1935 3607 2005 Joab,
3634 1935 3979 1993 molieban-

2488 2040 2596 2090 tur
2633 2035 2959 2092 destruere
3000 2053 3240 2094 muros.
3286 2035 3369 2094 Εἰ
3404 2035 3798 2092 eoeelamavit
3836 2053 3980 2092 mu-

2489 2131 2609 2189 lier
2637 2132 2897 2208 sapiens
2924 2133 3004 2190 de
3031 2131 3295 2191 civitate
3323 2128 3538 2206 Abela,
3566 2129 3635 2191 in
3662 2149 3796 2212 qua
3822 2131 3977 2194 Joah

2484 2246 2629 2289 cum
2678 2229 2957 2291 exercitu
3006 2228 3257 2291 obsedit
3295 2228 3503 2292 Seba:
3553 2232 3822 2300 Audite,
3862 2249 3979 2288 au-

2484 2328 2642 2397 dite,
2670 2328 2867 2387 dicite
2893 2329 3051 2388 Joab
3070 2346 3094 2388 .·
3114 2329 3589 2408 Appropinqua
3618 2330 3765 2399 leue,
3798 2338 3861 2388 et
3888 2333 3979 2388 Io-

2486 2445 2653 2505 quar
2682 2433 2909 2486 tecam.
2932 2427 3060 2494 Qui
3085 2446 3291 2505 quum
3318 2429 3666 2487 accessisset
3696 2429 3786 2486 ad
3806 2447 3977 2497 eam,

2482 2525 2581 2584 ait
2612 2545 2634 2582 .·
2672 2527 2771 2585 Ta
2801 2545 2863 2582 es
2891 2525 3049 2584 Joab
3068 2528 3099 2584 ?
3128 2525 3215 2584 E't
3248 2527 3361 2584 ille
3397 2527 3727 2602 respondit
3756 2546 3780 2584 .·
3812 2527 3973 2602 Eyo.

2482 2624 2591 2683 Ad
2631 2643 2819 2701 quem
2858 2624 2953 2682 sic
2992 2625 3201 2683 locuta
3250 2633 3340 2684 est
3372 2640 3395 2683 .·
3424 2624 3611 2683 Audi
3654 2643 3979 2684 sermones

2483 2723 2743 2782 ancillce
2776 2730 2921 2782 cuce.
2959 2723 3090 2790 Qui
3117 2722 3448 2800 respondit
3478 2743 3501 2780 .·
3538 2724 3781 2783 Audin.

2562 2816 2976 2893 Eur-sumque
3018 2815 3141 2874 illa
3168 2835 3191 2874 .·
3223 2817 3473 2885 Sernw,
3524 2817 3765 2895 inquit,
3804 2817 3979 2876 dice-

2484 2915 2675 2974 batur
2704 2914 2779 2972 in
2818 2916 3017 2974 veteri
3036 2915 3401 2990 prover-bic,
3433 2912 3495 2975 id
3540 2923 3657 2991 est,
3690 2933 3771 2976 ex
3810 2917 3977 2977 anti-

880 3009 1228 3074 occidatur.
1262 3011 1338 3073 Et
1384 3010 1602 3076 forsan
1646 3013 1809 3076 Deus
1855 3013 2146 3096 permisit
2190 3013 2377 3076 Ama·
2410 3007 2454 3072 C
2483 3010 2631 3093 quis
2681 3011 3075 3093 temporibus
3122 3010 3469 3091 vulgariter
3516 3020 3579 3074 et
3624 3013 3809 3094 quasi
3862 3033 3979 3096 per

881 3128 1016 3173 sam
1065 3109 1158 3173 sic
1197 3110 1424 3190 occidi,
1471 3111 1625 3195 quia
1673 3112 1942 3176 excessit
1992 3113 2375 3178 adhaerendo

881 3207 1181 3273 Absaloni
1213 3218 1436 3273 contra
1466 3210 1683 3274 David.
1717 3214 1963 3273 Amasa
1992 3223 2208 3274 autem
2230 3234 2376 3273 con-

879 3328 1132 3387 spersus
1159 3312 1505 3386 sanquine,
1525 3310 1646 3373 hoc
1676 3318 1792 3387 est,
1818 3329 2051 3393 corpus
2072 3312 2215 3393 ejus
2238 3330 2374 3393 pro-

882 3405 1024 3487 prio
1065 3404 1396 3488 perfusum
1437 3426 1682 3486 cruore,
1702 3410 1962 3487 jacebat
1992 3412 2065 3470 in
2099 3412 2229 3471 via.
2274 3413 2374 3472 Vi-

880 3506 981 3565 dit
1010 3507 1124 3564 hoc
1152 3506 1424 3584 quidam
1446 3509 1564 3575 vir,
1581 3510 1753 3586 quod
1780 3508 2143 3569 subsisteret
2161 3512 2373 3571 omnis

871 3606 1156 3681 populus
1186 3606 1274 3664 ad
1319 3605 1673 3665 videndum
1716 3625 1864 3666 eum
1894 3623 1918 3665 .·
1949 3605 2116 3667 sicut
2163 3606 2371 3668 adhuc

881 3701 1078 3765 moris
1109 3710 1226 3779 est,
1252 3703 1421 3783 quod
1453 3703 1531 3765 ad
1564 3702 2035 3785 inspiciendum
2067 3722 2253 3781 nova,
2282 3724 2373 3766 ra-

881 3819 970 3877 ra,
1009 3799 1285 3877 insolita,
1319 3800 1484 3863 mira
1521 3809 1584 3864 et
1627 3800 1996 3882 improvisa,
2032 3802 2372 3865 confluunt

879 3897 1211 3974 homines;
1262 3909 1322 3960 et
1369 3902 1610 3960 amovit
1649 3903 1961 3961 Amasam
2007 3904 2088 3961 de
2137 3904 2249 3961 via
2296 3904 2369 3963 in

878 4017 1112 4073 ayrum
1142 3997 1446 4073 clamanS‚
1481 3999 1652 4079 quod
1683 3998 1853 4080 juste
1897 3999 2145 4061 occisus
2177 4008 2364 4076 esset,

879 4093 1032 4177 quia
1077 4096 1296 4159 dolose
1345 4094 1602 4160 fecisset
1641 4114 1882 4160 moram
1933 4098 2240 4161 redeundi
2291 4099 2370 4161 ad

2484 3109 2743 3173 modum
2776 3108 3099 3192 proverbii
3128 3109 3256 3173 dici
3296 3110 3629 3175 consuevit
3662 3130 3677 3173 z
3715 3115 3845 3182 Qui
3872 3115 3976 3174 in-

2486 3219 2835 3285 termeant,
2857 3209 2977 3271 hoc
3007 3216 3124 3285 est,
3144 3208 3388 3291 aliquid
3411 3208 3594 3287 scire,
3620 3211 3971 3289 addiscere,

2482 3326 2594 3371 seu
2624 3325 2908 3389 quaerere
2938 3307 3183 3384 volunt,
3221 3310 3613 3386 interrogent
3644 3312 3717 3370 in
3746 3313 3973 3383 Abela,

2482 3404 2547 3468 id
2578 3414 2694 3483 est,
2726 3405 2791 3467 in
2826 3405 2983 3468 urbe
3015 3403 3123 3467 illa
3154 3405 3486 3469 invenient
3512 3408 3972 3471 abundantiam

2481 3503 2866 3586 sapientium
2915 3503 3277 3581 hominum,
3330 3505 3407 3566 ad
3456 3507 3971 3588 respondendum

2480 3600 2877 3665 idoneorum.
2912 3602 2990 3663 Ut
3026 3610 3239 3665 autem
3270 3602 3489 3665 Petrus
3517 3603 3842 3667 Comestor
3880 3604 3972 3667 af-

2481 3701 2719 3775 firmat,
2746 3700 2811 3763 in
2844 3700 3103 3764 Hebraeo
3132 3720 3261 3763 non
3294 3700 3583 3780 habetur,
3610 3703 3965 3779 Proverbio,

2480 3801 2587 3862 sed
2622 3799 2713 3861 sic
2750 3818 2763 3861 :
2799 3799 3017 3863 Sermo
3061 3799 3389 3862 dicebatur
3433 3801 3499 3862 in
3540 3801 3761 3879 veteri,
3798 3802 3970 3865 vide-

2480 3897 2629 3960 licet
2660 3897 2817 3977 lege,
2852 3898 2971 3961 hoc
3002 3905 3119 3974 est,
3144 3897 3298 3961 olim
3329 3899 3397 3960 in
3426 3899 3567 3979 lege
3586 3899 3812 3982 Moysis
3838 3902 3968 3983 jus·

2480 4016 2619 4059 sum
2651 4006 2747 4060 est
2770 4006 2839 4059 ut
2869 3995 2995 4059 filii
3026 3997 3215 4060 lsrael
3237 3998 3416 4079 prius
3447 3998 3725 4063 offerant
3745 4020 3965 4083 pace-m
4034 4025 4151 4068 om.
4174 4038 4227 4067 u.

2480 4095 2747 4157 urbibus
2779 4095 3250 4178 impugnandis,
3278 4106 3465 4179 prout
3497 4097 3563 4161 in
3586 4098 3967 4163 Deuterono-
3996 4092 4061 4132 ¹⁰·

882 4210 1094 4272 regem
1128 4192 1292 4255 ultra
1312 4200 1562 4276 tempus
1595 4194 1953 4276 praefixum.
1978 4195 2153 4270 Quod
2186 4195 2366 4273 dixit,
2401 4195 2449 4257 D
2480 4194 2609 4257 mio
2656 4194 2905 4274 legitur.
2943 4195 3061 4257 Sed
3101 4204 3164 4257 et
3206 4194 3317 4257 alii
3360 4195 3621 4277 quidam
3661 4195 3960 4275 fatentur,

881 4310 962 4353 ne
993 4292 1312 4354 adstantes
1341 4301 1751 4356 moverentur
1777 4294 2082 4357 adversus
2107 4294 2286 4373 Joab,
2306 4303 2372 4358 et

879 4408 1024 4453 eum
1055 4390 1237 4472 sequi
1277 4400 1638 4455 renuerent.
1677 4395 2064 4473 operuitque
2092 4415 2239 4455 eum
2271 4416 2371 4457 ve-

877 4491 1200 4560 stiment0‚
1231 4511 1311 4551 ne
1347 4492 1754 4552 subsisterent
1791 4501 2190 4553 transeuntes
2220 4513 2371 4571 pro-

870 4598 1020 4665 pter
1046 4592 1458 4651 eum.Amoto
1477 4609 1621 4667 erqo
1655 4592 1770 4649 illo
1788 4593 1868 4650 de
1898 4592 2030 4662 via,
2053 4594 2369 4652 transibat

880 4688 1090 4747 omnis
1122 4688 1230 4747 vir
1263 4708 1526 4768 sequens
1554 4691 1712 4749 Joab
1747 4692 1834 4749 ad
1855 4693 2371 4769 persequendum

879 4788 1046 4849 Seba
1067 4788 1288 4865 filium
1317 4788 1578 4848 Boekri.

959 4890 1163 4949 Porro
1194 4887 1332 4955 ille,
1353 4884 1650 4949 videlicet
1682 4884 1863 4962 Seba,
1887 4889 2237 4948 transierat
2249 4908 2371 4964 per

873 5003 1088 5044 omnes
1122 4985 1326 5043 tribus
1352 4985 1560 5045 Israel
1589 5004 1786 5063 usque
1813 4986 1885 5045 in
1909 4988 2275 5057 Abelam‚et
2297 4988 2367 5047 in

873 5082 1332 5154 Bethmaaeha‚
1357 5081 1478 5145 hoc
1515 5090 1611 5144 est
1654 5100 1767 5163 per
1810 5082 2108 5146 undecim
2138 5084 2361 5147 tribus

875 5178 1008 5243 Non
1052 5179 1225 5243 enim
1253 5198 1367 5262 per
1401 5179 1634 5242 tribum
1661 5180 1823 5243 Juda
1867 5182 2224 5259 transierat,
2256 5182 2366 5245 sed

875 5296 986 5360 per
1025 5277 1322 5341 undecim
1373 5278 1599 5356 tribus,
1637 5298 1796 5361 quas
1845 5280 2234 5358 hortabatur,
2284 5300 2365 5343 nc

2478 4294 2649 4374 quod
2680 4302 2859 4356 vetus
2904 4293 3311 4375 proverbium
3355 4295 3668 4377 accipitur
3704 4295 3810 4359 hic
3850 4316 3963 4379 pro

2480 4392 2640 4473 lege.
2674 4392 2887 4455 Nihilo
2931 4392 3143 4454 minus
3182 4393 3664 4471 advertendum,
3695 4396 3866 4476 quod
3898 4395 3965 4457 il·

2480 4490 2589 4552 lud
2650 4500 3036 4573 praeceptum
3086 4492 3166 4553 de
3215 4510 3370 4573 pace
3417 4490 3784 4571 offerenda,
3836 4512 3961 4558 non

2478 4598 2613 4651 erat
2658 4588 3143 4669 intelligendum
3189 4590 3268 4653 de
3317 4590 3587 4653 urbibus
3626 4591 3961 4656 Chananae-

2478 4706 2682 4764 orum,
2713 4706 2872 4769 quas
2914 4686 3071 4750 filiis
3108 4686 3299 4751 Israel
3344 4688 3505 4752 Deus
3554 4690 3849 4771 promisit
3888 4712 3957 4755 ac

2477 4786 2652 4849 dedit
2685 4786 2751 4847 in
2792 4786 3001 4868 primo
3031 4804 3251 4849 eorum
3297 4786 3589 4868 ingressu
3616 4788 3686 4849 in
3730 4798 3951 4851 terram

2478 4884 2935 4967 promissionis.
2956 4884 3134 4947 Unde
3161 4904 3360 4967 quum
3391 4886 3456 4947 in
3478 4886 3955 4951 Deuteronomio

2477 4984 2779 5047 Dominus
2810 4983 3235 5066 praecepisset,
3256 4984 3595 5065 Siquando
3624 4987 3953 5049 accesseris
3978 5005 4213 5050 mannas.

2476 5084 2556 5145 ad
2588 5082 3071 5165 expugnandam
3102 5081 3449 5160 civitatem,
3482 5081 3719 5147 offeres
3750 5084 3807 5147 ei
3837 5084 3951 5165 pri-

2476 5201 2653 5244 mum
2699 5199 2940 5262 pacem,
2976 5180 3167 5261 paulo
3210 5189 3355 5263 post
3396 5181 3698 5259 subdidit,
3732 5184 3817 5245 De
3856 5182 3947 5243 his

2475 5288 2688 5343 autem
2718 5278 3085 5342 civitatibus
3126 5298 3269 5361 quae
3298 5278 3617 5343 dabuntur
3648 5280 3784 5356 tibi,
3816 5280 3943 5342 nul-
