4359 6250
127 2649 222 2692 Gen.
235 2651 326 2700 ΝΑ

103 2712 232 2756 Judie.
257 2726 341 2764 xm,

105 2775 166 2821 20:
191 2789 243 2826 vn,
266 2777 341 2826 21;

101 2836 190 2879 Len.
207 2851 260 2887 ιι,
275 2840 340 2888 Ξ4ς

103 2897 118 2940 l
138 2899 238 2942 Par.
259 2913 341 2949 xxi,

103 2961 166 3011 Ξῦς
185 2961 218 3004 ΙΙ
236 2961 341 3004 Par.

917 505 1263 552 ENARRATIO
1305 505 1366 550 IN
1409 505 1546 552 CAP-
1592 504 1744 550 xvm
1783 504 1940 550 LIBRI
1981 505 2181 551 TERTII
2220 505 2445 552 ΒΕΘ-ΙΙΙ.
2490 525 2570 536 -
2610 507 2753 552 ART.
2798 507 2950 555 xxv!

3355 491 3473 554 705

375 674 478 737 lus
509 676 824 757 propheta
850 677 959 740 Dei
982 680 1006 738 2
1037 677 1112 739 Et
1141 677 1678 759 respondendum,
1702 677 1872 757 quod
1902 674 1953 736 A
1983 685 2151 737 mate
2179 697 2324 737 voce
2352 678 2616 756 majore.
2642 680 2812 739 Deus
2840 680 3017 740 enim
3045 689 3247 740 vester
3268 690 3383 750 est,
3411 690 3471 742 et

373 773 539 835 dixit
568 792 638 836 se
667 774 874 838 solum
906 775 1314 857 superstitem
1345 776 1424 838 de
1446 773 1774 857 prophetis
1807 775 1872 836 in

373 871 724 936 manifesto
754 873 1134 936 audentibus
1171 893 1502 955 apparere.
1538 877 1874 952 Prophetae

373 981 594 1031 autem
624 976 798 1032 Baal
839 974 1307 1052 quadrinyenti
1333 982 1392 1033 et
1434 974 1875 1054 quinquaqin-

376 1079 468 1138 ta,
489 1073 947 1150 prophetaeque
967 1076 1262 1132 lucorum
1291 1073 1762 1151 quadrinyenti
1785 1071 1873 1132 vi·

373 1168 440 1226 ri
485 1179 664 1230 sunt.
711 1172 966 1230 Dentur
1015 1172 1197 1230 nobis
1241 1174 1372 1230 duo
1419 1173 1622 1240 boves,
1657 1180 1718 1230 et
1765 1171 1874 1229 itti

371 1268 626 1342 eliqant
654 1269 781 1326 sibi
809 1270 1026 1329 bove-m
1056 1289 1292 1338 unum,
1321 1277 1380 1329 et
1410 1271 1484 1328 in
1513 1272 1728 1348 frusta
1758 1288 1874 1329 coe-

371 1367 615 1437 denteS,
643 1377 896 1444 ponant
935 1386 1130 1444 super
1175 1370 1380 1444 liqna,
1411 1370 1625 1444 iqnem
1654 1377 1870 1427 autem

371 1483 505 1523 non
523 1475 917 1542 supponant.
951 1467 1038 1526 Et
1066 1485 1176 1542 eqo
1205 1466 1454 1543 faciam
1481 1467 1695 1526 bovem
1722 1469 1871 1526 atte-

371 1581 552 1632 rum,
581 1571 644 1622 et
673 1564 1010 1641 imponam
1048 1583 1242 1640 super
1270 1565 1474 1640 liqna,
1509 1567 1726 1640 iqnem
1755 1583 1872 1624 au-

375 1667 500 1720 tem
529 1680 662 1720 non
691 1680 1071 1738 supponam.
1104 1665 1406 1722 Invocate
1433 1663 1699 1722 nomina
1727 1665 1872 1720 deo-

371 1775 524 1818 rum
549 1768 932 1829 vestrorum,
951 1769 1010 1820 et
1036 1779 1145 1836 eqo
1168 1761 1470 1820 invocabo
1491 1779 1722 1820 nomen
1748 1760 1870 1818 Dei

1980 775 2261 850 forsitan
2287 777 2599 855 loquitur,
2620 787 2735 838 aut
2754 780 2828 837 in
2848 779 3199 838 diversorio
3220 788 3335 848 est,
3353 788 3470 839 aut

1983 876 2056 932 in
2088 874 2344 946 itinere,
2378 884 2493 935 aut
2529 886 2694 936 certe
2723 878 2983 947 dormit,
3018 886 3091 936 ut
3128 880 3463 939 excitetur.

1987 974 2365 1033 Clamabunt
2386 993 2531 1051 erqo
2558 994 2700 1034 voce
2722 992 2984 1052 magna,
3010 985 3069 1036 et
3098 977 3469 1037 incidebant

1979 1090 2044 1129 se
2053 1071 2263 1147 juoeta
2289 1072 2496 1132 ritum
2523 1093 2739 1143 suum,
2772 1072 2837 1133 id
2868 1081 2964 1134 est
2992 1073 3463 1137 observantiam

1980 1168 2473 1232 caerimonialem
2525 1168 2901 1234 idololatriae
2949 1189 3099 1246 suae,
3144 1173 3373 1232 cultris
3410 1181 3471 1232 et

1984 1268 2310 1337 lanceolis,
2330 1271 2527 1329 donec
2538 1269 3097 1346 perfunderentur
3114 1271 3433 1346 sanquine
3445 1291 3468 1329 .·

1982 1373 2050 1426 ut
2092 1385 2205 1447 per
2248 1366 2367 1428 hoc
2404 1367 2591 1429 deum
2641 1386 2825 1428 suum
2870 1367 2947 1430 ad
2990 1367 3460 1431 exauditionem

1979 1469 2042 1524 et
2071 1463 2574 1526 misericordiam
2607 1463 2962 1542 flecterent,
2984 1464 3140 1528 certi
3170 1466 3342 1547 quod
3375 1465 3465 1527 dii

1980 1561 2047 1622 in
2079 1562 2432 1644 sanguiniS,
2458 1565 2809 1644 praesertim
2840 1564 3124 1640 humani,
3146 1563 3469 1627 effusione

1980 1659 2045 1720 in
2071 1659 2409 1724 sacrificiis
2436 1661 2621 1739 facta„
2639 1661 3165 1743 complacentiam
3194 1661 3471 1724 habeant

1978 1775 2299 1837 magnam.

373 1856 545 1926 mei,·
590 1867 650 1918 et
697 1860 868 1918 Deus
897 1860 1014 1938 qui
1057 1860 1431 1919 exaudierit
1473 1877 1594 1934 per
1623 1859 1862 1933 ignem,
1905 1857 1950 1918 B
2055 1859 2407 1936 Postquam
2460 1867 2677 1918 autem
2723 1861 2993 1919 transiit
3038 1861 3366 1930 meridies,
3409 1868 3469 1920 et

372 1954 511 2031 ipse
537 1957 625 2016 sit
651 1959 824 2017 Deus
855 1973 878 2016 :
905 1956 1028 2018 hoc
1057 1963 1175 2033 est,
1209 1955 1404 2019 boum
1437 1955 1663 2018 horum
1697 1975 1863 2016 unus

372 2049 694 2115 offeratur
721 2074 758 2116 a
797 2073 920 2132 me,
957 2063 1020 2117 et
1069 2055 1228 2118 alter
1265 2075 1303 2116 a
1331 2054 1659 2136 prophetis
1689 2054 1858 2130 Baal,

371 2157 436 2212 et
486 2150 596 2214 ille
640 2151 948 2216 habeatur
979 2160 1042 2216 et
1073 2153 1316 2216 colatur
1365 2172 1482 2235 pro
1531 2171 1678 2215 vero
1712 2152 1862 2228 Dec,

371 2248 488 2330 qui
533 2248 760 2313 fecerit
801 2251 1014 2332 ignem
1051 2253 1437 2316 descendere
1478 2252 1554 2314 de
1584 2251 1768 2327 coe10‚
1805 2260 1866 2313 et

367 2347 817 2412 holocaustum
875 2351 1000 2412 sibi
1049 2350 1334 2413 oblatum
1393 2349 1866 2432 consumpserit

370 2445 520 2526 igne
550 2447 688 2510 illo.
723 2452 1130 2526 Respondeas
1159 2451 1368 2510 omnis
1394 2453 1697 2526 populus,
1727 2451 1865 2509 ait:

373 2548 638 2622 Optima
657 2549 1014 2626 propositio
1044 2568 1242 2627 quam
1266 2552 1512 2608 locutus
1530 2557 1620 2608 est
1643 2549 1827 2608 Elias
1843 2567 1866 2607 .·

327 2643 528 2723 zquia
577 2643 645 2706 in
697 2643 1034 2708 sacrificiis
1081 2646 1259 2722 Abel,
1296 2645 1537 2722 Manue,
1585 2644 1862 2721 Gedeon,

371 2741 608 2820 Aaron,
632 2743 831 2808 David
861 2752 922 2806 et
953 2743 1307 2809 Salomonis
1337 2744 1667 2824 descendit
1699 2743 1865 2824 ignis

373 2841 614 2905 virtute
667 2841 889 2906 divina
936 2861 1318 2906 consumens
1379 2842 1636 2906 illorum
1695 2842 1869 2906 holo-

371 2947 614 3002 causta.

1975 1956 2132 2026 illis,
2160 1953 2457 2017 videlicet
2487 1955 2814 2037 prophetis
2838 1956 3003 2033 Baal,
3022 1959 3470 2034 prophetanti-

1973 2055 2086 2112 bus
2119 2053 2199 2115 de
2219 2054 2411 2116 corde
2442 2072 2556 2116 suo
2587 2062 2648 2116 et
2670 2053 2977 2117 instinctu
3000 2055 3261 2133 diaboli,
3286 2057 3457 2137 quod

1973 2151 2116 2212 Baal
2145 2151 2279 2231 jam
2317 2149 2609 2214 offensus
2648 2151 2728 2215 ab
2763 2153 2877 2229 eiS‚
2913 2162 3132 2235 postea
3175 2154 3355 2235 placa
3372 2173 3468 2216 re-

1976 2259 2076 2311 tur
2125 2259 2189 2312 ct
2238 2251 2585 2326 exaudiret,
2639 2259 2747 2314 aut
2798 2252 3009 2316 simile
3054 2253 3298 2335 aliquid
3354 2273 3469 2336 per

1974 2348 2233 2410 modum
2265 2348 2703 2430 prophetalem
2735 2350 3167 2431 loquentibuS,
3207 2363 3466 2413 venerat

1977 2457 2221 2524 tempus
2267 2468 2390 2527 quo
2436 2451 2835 2525 sacrificium
2882 2451 3103 2528 offerri
3148 2453 3326 2521 solet,
3356 2471 3471 2510 nec

1975 2547 2367 2606 audiebatur
2414 2567 2562 2618 voa),
2612 2567 2727 2607 nec
2774 2549 3016 2627 aliquis
3063 2547 3328 2611 deorum
3376 2569 3471 2608 re-

1975 2646 2339 2721 spondebat,
2374 2666 2487 2705 nec
2524 2649 2885 2707 attendebat
2916 2657 3167 2708 orantes
3198 2648 3470 2730 prophe-

1979 2752 2073 2807 tas
2098 2744 2277 2818 Baa13
2310 2747 2488 2806 dixit
2518 2747 2704 2807 Elias
2732 2750 2913 2807 omni
2933 2751 3173 2825 populo
3196 2768 3218 2807 .·
3259 2750 3471 2808 Venite

1977 2846 2064 2903 ad
2093 2863 2213 2904 me.
2240 2846 2323 2905 E't
2342 2847 2672 2904 accedente
2699 2847 2787 2904 ad
2814 2865 2877 2904 se
2900 2849 3162 2922 popula,
3181 2847 3467 2914 curavit,

1979 2940 2042 3003 id
2090 2949 2188 3004 est
2230 2941 2568 3023 reparavit,
2604 2946 2812 3003 altare
2840 2945 3112 3004 Domini
3149 2946 3322 3023 quod
3364 2946 3468 3004 de·

439 3040 636 3100 Dtoeit
662 3058 811 3116 erqo
831 3041 1018 3100 Elias
1039 3041 1372 3118 prophetis
1392 3043 1598 3101 Baat:
1623 3041 1865 3122 Etiyite
1902 3034 1946 3097 C
1973 3048 2290 3101 structum
2335 3041 2558 3117 fuerat
2606 3039 2686 3102 ab
2742 3039 3117 3119 idololatris,
3165 3042 3337 3124 quod
3385 3040 3467 3103 ab

371 3139 548 3198 vobis
585 3140 801 3199 bovem
846 3160 1078 3211 unum,
1109 3150 1168 3199 et
1204 3141 1403 3217 facite
1440 3142 1676 3216 primi,
1707 3140 1864 3219 quia

371 3255 482 3296 vos
501 3240 728 3313 plures
753 3239 902 3297 estis
919 3261 948 3309 ,·
985 3247 1047 3297 et
1085 3239 1376 3299 invocate
1418 3240 1690 3299 nomina
1724 3241 1868 3298 deo-

369 3355 525 3395 rum
573 3346 952 3407 vestrorum,
989 3337 1328 3416 iynemque
1373 3356 1504 3396 non
1551 3356 1868 3413 suppona-

373 3434 478 3493 tis.
515 3435 646 3501 Qui
673 3454 876 3513 quum
909 3436 1200 3495 tulissent
1230 3436 1446 3495 bovem
1475 3454 1664 3514 quem
1689 3437 1872 3494 dede-

367 3542 476 3592 rat
521 3533 640 3601 eis,
691 3531 756 3593 id
801 3540 921 3609 est,
971 3549 1165 3614 quem
1215 3532 1384 3594 Elias
1434 3531 1870 3613 assignaverat

365 3630 486 3693 eis.
535 3629 770 3692 Dicunt
813 3637 1026 3693 tamen
1071 3623 1331 3711 quidam
1382 3629 1650 3707 Hehraei‚
1693 3631 1866 3713 quod

363 3730 522 3793 dum
565 3730 893 3812 prophetae
935 3731 1419 3812 sacerdotesque
1458 3731 1604 3793 Baal
1643 3731 1868 3812 elegis-

365 3838 514 3893 sent
543 3829 774 3894 bovem
807 3849 1030 3908 unum,
1055 3830 1169 3894 bos
1200 3830 1310 3893 ille
1349 3830 1562 3893 statim
1592 3830 1871 3894 declina-

366 3928 466 3992 vit
507 3926 590 3991 ab
639 3928 733 3990 eis
782 3937 943 3991 nutu
991 3928 1234 4007 divino,
1282 3928 1466 4011 quasi
1515 3928 1866 3992 sacrificari

368 4025 554 4089 falsis
585 4025 712 4089 diis
749 4025 1120 4104 abhorrens,
1164 4032 1227 4089 et
1271 4027 1351 4089 ad
1398 4026 1600 4090 Eliam
1647 4026 1872 4090 confu-

367 4123 488 4205 git,
523 4132 596 4186 ut
625 4142 739 4206 per
765 4124 886 4188 hoc
915 4142 1172 4206 quoque
1209 4124 1486 4206 populus
1527 4125 1870 4188 instruere-

1974 3138 2192 3220 aliquo
2211 3139 2637 3202 israelitarum
2661 3138 2688 3201 f
2691 3148 2867 3203 uerat
2897 3139 2990 3202 ibi
3010 3146 3461 3203 constructum.

1974 3240 2061 3299 E't
2093 3240 2247 3299 tulit
2271 3240 2611 3299 duodecim
2639 3240 2884 3316 lapides
2895 3240 3105 3316 juata
3122 3260 3465 3301 numerum

1975 3336 2314 3399 duodecim
2335 3338 2624 3398 tribuum
2636 3338 2929 3415 fitiorum
2945 3340 3153 3407 Jacob,
3171 3341 3260 3399 ad
3277 3358 3464 3418 quem

1974 3436 2188 3511 factus
2229 3444 2319 3496 est
2364 3455 2566 3497 sermo
2611 3438 2902 3507 Domini,
2946 3438 3165 3497 dicens
3195 3456 3218 3497 .·
3258 3439 3464 3498 Israel
3494 3453 3755 3559 genam

1974 3534 2100 3593 erit
2140 3553 2371 3594 nomen
2418 3542 2624 3594 tuum.
2658 3536 2746 3595 E't
2787 3535 3139 3610 cedificavit
3174 3538 3256 3594 de
3302 3536 3465 3612 lapi-

1976 3633 2164 3691 dibus
2195 3636 2402 3691 attare
2439 3633 2511 3691 in
2550 3632 2810 3692 nomine
2839 3634 3130 3692 Domini.
3163 3634 3465 3712 Fecitque

1978 3732 2430 3809 aquoeductum
2458 3732 2647 3808 quasi
2666 3749 2787 3806 per
2815 3732 2981 3790 duas
3010 3731 3465 3791 aratiunculas

1979 3830 2051 3889 in
2081 3828 2365 3888 circuitu
2386 3828 2645 3897 altaris,
2666 3826 2730 3889 id
2762 3834 2857 3890 est
2888 3845 3114 3909 parvas
3146 3827 3463 3891 arationes

1979 3945 2092 3989 seu
2137 3925 2345 3988 sulcos
2380 3944 2395 3988 :
2431 3924 2585 3989 fecit
2626 3925 2801 3988 enim
2838 3945 3106 4009 parvum
3154 3925 3465 3991 fossatum

1979 4044 2092 4108 per
2118 4042 2343 4107 gyrum
2374 4024 2589 4086 altaris
2615 4047 2631 4099 ;
2664 4035 2724 4086 et
2751 4028 3101 4103 composuit
3134 4027 3339 4103 liqna,
3372 4027 3469 4085 di·

1978 4125 2255 4204 visitque
2274 4142 2397 4200 per
2426 4126 2709 4184 membra
2754 4126 2983 4196 bovem,
3016 4133 3077 4184 et
3100 4125 3320 4201 posuit
3360 4143 3467 4185 su-

367 4230 497 4300 tur‚
533 4229 815 4303 tuncque
844 4221 1013 4284 Elias
1047 4221 1310 4284 tradidit
1344 4221 1476 4283 illis
1507 4222 1756 4286 bovem.
1794 4222 1871 4284 Et
1902 4222 1952 4285 D
1969 4241 2090 4299 per
2124 4224 2329 4299 liqna,
2350 4231 2411 4282 et
2438 4224 2579 4283 ait:
2598 4224 2867 4299 Implete
2892 4232 3175 4303 quatuor
3194 4225 3467 4300 hydrias

367 4322 694 4398 fecerunt,
715 4320 778 4382 id
801 4328 918 4397 est,
945 4320 1174 4383 bovem
1198 4319 1380 4383 illum
1410 4321 1488 4383 ad
1509 4320 1652 4383 Baal
1682 4322 1874 4385 hono-

368 4437 510 4482 rem
537 4426 1000 4495 mactaverunt,
1035 4417 1358 4481 frustatim
1389 4419 1866 4497 consciderunt,

370 4516 771 4593 obtulerunt,
813 4524 878 4579 et
920 4536 1113 4599 super
1156 4518 1330 4598 ligna
1371 4525 1763 4599 posuerunt3
1811 4527 1872 4578 et

373 4618 766 4677 invocabant
813 4636 1044 4677 nomen
1089 4621 1262 4679 Baal
1307 4620 1386 4677 de
1435 4638 1622 4679 mane
1673 4636 1873 4697 usque

375 4715 766 4776 meridiem:
791 4713 946 4796 quia
973 4722 1045 4776 ut
1076 4712 1298 4791 fertur,
1327 4714 1533 4796 prima
1563 4713 1872 4777 medietas

373 4812 508 4875 diei
552 4812 728 4875 illius
775 4810 901 4876 fuit
951 4812 1079 4876 illis
1127 4814 1428 4895 deputata
1464 4815 1543 4876 ad
1593 4811 1876 4877 offeren-

372 4912 554 4988 dum,
589 4910 840 4994 reliqua
866 4921 1078 4975 autem
1110 4912 1298 4987 Eliae3
1336 4914 1612 4974 dicentes
1633 4933 1654 4972 .·
1679 4916 1870 4984 Βααῑ,

371 5012 544 5071 audi
561 5030 696 5071 nos.
721 5012 810 5072 Et
838 5030 970 5072 non
997 5020 1135 5073 erat
1169 5031 1317 5080 vox,
1336 5030 1450 5071 nec
1478 5012 1595 5089 qui
1617 5030 1875 5088 respon-

371 5111 576 5179 deret,
607 5108 915 5190 quoniam
945 5108 1108 5171 Deus
1141 5127 1270 5171 non
1311 5108 1604 5191 permisit
1639 5109 1875 5171 daemo-

375 5226 530 5269 nem
550 5207 932 5289 respondere
953 5226 1065 5288 per
1088 5206 1341 5272 idolum.
1367 5209 1704 5286 Quumque
1721 5216 1876 5269 esset

375 5308 703 5375 meridies,
720 5308 1034 5375 illudebat
1056 5309 1195 5367 illis
1216 5309 1425 5379 Elias,
1449 5309 1668 5369 dicens
1687 5328 1710 5367 .·
1736 5308 1878 5368 Ota-

645 5440 710 5493 T.
743 5440 792 5493 3.

1978 4340 2173 4399 aqua,
2196 4328 2255 4379 et
2281 4320 2545 4397 fundite
2570 4338 2763 4397 super
2790 4322 3254 4392 holocaustum,
3280 4320 3344 4381 id
3366 4328 3463 4384 est

1979 4436 2171 4499 super
2219 4435 2441 4479 carnes
2486 4417 2668 4481 bovis
2718 4417 2978 4495 divisaS,
3014 4419 3140 4482 Deo
3184 4418 3251 4481 in
3297 4419 3472 4482 holo-

1981 4524 2271 4579 caustum
2302 4513 2692 4593 offerendaS,
2714 4526 2775 4578 et
2792 4536 2989 4594 super
3006 4518 3214 4594 liqna,
3233 4516 3472 4599 quibus

1981 4614 2400 4697 superpositae
2429 4622 2578 4677 sunt
2620 4614 2747 4677 illae
2785 4632 3029 4678 carnes,
3060 4618 3474 4697 Bur-sumque

1981 4715 2160 4774 dixit
2176 4734 2200 4773 .·
2215 4715 2440 4775 Etiam
2458 4716 2731 4774 secundo
2752 4716 2866 4773 noc
2882 4714 3102 4791 facite.
3126 4715 3254 4783 Qui
3270 4735 3476 4795 quum

1981 4813 2278 4889 fecissent
2305 4815 2602 4883 secunda,
2626 4814 2723 4873 ait
2753 4832 2776 4871 .·
2808 4812 3029 4873 Etiam
3060 4815 3245 4875 tertio
3276 4814 3349 4873 id
3378 4815 3473 4891 ip-

1981 4931 2127 4972 sum
2155 4911 2373 4990 facite.
2406 4912 2841 4988 Feceruntque
2868 4911 3051 4971 tertio
3082 4930 3105 4969 .·
3135 4910 3471 4975 duodecim

1985 5008 2242 5091 hydrias
2272 5027 2453 5090 aquae
2484 5005 2813 5070 fundendo
2842 5026 3035 5089 super
3074 5026 3296 5072 carnes
3328 5010 3472 5072 illas

1986 5115 2047 5170 et
2077 5107 2287 5189 ligna3
2320 5116 2380 5168 et
2398 5109 2741 5167 currebant
2760 5127 2945 5186 aquoe
2963 5109 3209 5170 circum
3240 5112 3470 5182 altare,

1981 5216 2046 5267 et
2083 5210 2255 5286 fossa
2292 5208 2706 5284 aquaeductus
2747 5208 2987 5283 repleta
3023 5216 3140 5277 est,
3169 5206 3322 5288 quia
3362 5207 3478 5289 hy-

1988 5304 2140 5367 driae
2169 5311 2352 5367 erant
2370 5320 2635 5383 magnae,
2672 5320 2993 5385 parvaque
3023 5302 3217 5367 fossa.

3169 5438 3233 5489 45
