4359 6250
948 465 1068 527 448

1550 474 1895 522 malumno
1938 475 1999 520 IN
2042 475 2179 520 CAP.
2227 474 2294 519 111
2336 474 2494 520 LIBRI
2531 476 2781 521 SECUNDI
2824 477 3046 524 amun.
3091 498 3174 508 —
3212 480 3356 526 ΛΒΤ.
3401 481 3439 525 V

948 653 1027 729 le,
1052 656 1243 724 Saul,
1276 663 1335 713 et
1364 654 1647 711 elevetur
1681 652 1947 710 thronus
1976 649 2073 708 Da
2086 649 2216 716 vid,
2243 644 2307 706 id
2341 651 2438 707 est
2469 645 2513 706 A
2545 657 2606 707 et
2647 649 2742 707 sie
2783 652 3021 719 venies,
3051 661 3110 710 et
3154 652 3396 710 videbis
3439 671 3557 712 me.
3593 654 3774 714 Misit
3811 661 4007 711 autem

946 759 1225 833 potestas
1255 751 1416 832 ejuS,
1452 749 1813 829 soliumque
1853 746 2084 825 regale,
2118 765 2313 822 super
2347 747 2439 806 Is-

944 854 1105 922 rael,
1141 849 1206 912 id
1237 857 1333 912 est
1362 866 1553 930 super
1584 848 1803 910 decem
1836 865 1947 908 seu
1989 842 2286 907 undecim
2329 841 2438 903 tri-

945 947 1085 1024 buS,
1119 948 1355 1029 quibus
1389 955 1457 1010 tu
1490 946 1817 1028 imperasti
1854 945 2208 1024 hucusque,
2241 952 2301 1002 et
2329 961 2436 1000 su-

934 1067 1057 1124 per
1083 1050 1348 1119 ludam,
1384 1045 1447 1108 id
1478 1055 1575 1109 est
1607 1044 1844 1107 tribum
1872 1043 2053 1118 Juda,
2086 1040 2175 1104 ita
2207 1049 2274 1101 ut
2306 1056 2434 1101 non

944 1145 1151 1209 solum
1202 1145 1537 1226 praesideat
1584 1143 1781 1206 tribui
1831 1141 2010 1217 Juda,
2046 1140 2155 1202 sed
2205 1137 2434 1201 ceteris

944 1262 1201 1326 quoque
1232 1266 1271 1305 a
1306 1247 1454 1306 Dan
1500 1263 1698 1321 usque
1744 1243 2069 1308 Bersabee,
2102 1238 2167 1300 id
2215 1244 2312 1300 est
2353 1235 2433 1298 ab

948 1361 1074 1405 una
1104 1343 1499 1406 extremitate
1532 1350 1711 1404 terrae
1746 1337 2192 1422 promissionis
2231 1352 2433 1416 usque

944 1441 1022 1503 ad
1055 1441 1245 1504 aliam
1276 1443 1415 1523 ejus
1446 1439 1931 1504 extremitatem.
1950 1440 2036 1498 Et
2066 1457 2196 1496 non
2220 1435 2436 1511 potuit

942 1542 1007 1600 ei
1045 1543 1421 1618 respondere
1463 1541 1850 1620 quidquam,
1892 1536 1954 1598 id
2002 1543 2119 1610 est,
2166 1533 2306 1615 ipse
2350 1531 2435 1592 ls-

945 1638 1168 1701 boseth
1207 1656 1334 1702 non
1380 1637 1652 1700 audebat
1696 1635 1941 1716 aliquid
1989 1632 2162 1714 loqui
2211 1638 2434 1694 contra

943 1737 1077 1800 haec
1110 1737 1301 1801 verba
1316 1737 1543 1810 Abner,
1556 1738 1711 1816 quia
1740 1736 2048 1796 metuebat
2071 1736 2280 1800 illum,
2299 1741 2433 1792 tan-

2546 747 2766 806 David
2795 751 3058 810 nuntios
3079 754 3168 812 ad
3186 752 3455 811 lsboseth
3487 753 3706 826 filium
3727 753 3908 819 Saul,
3923 753 4008 808 di-

2546 866 2690 906 cens
2721 866 2743 906 .·
2773 850 2992 908 Redde
3021 869 3288 910 uxorem
3320 869 3526 909 meam
3557 850 3798 910 ᾹῙίσΙιοῐ
3829 846 4002 908 mihi:

2546 945 2698 1024 quia
2741 945 3122 1028 injuriosum
3163 955 3262 1010 est
3287 947 3472 1024 mihi,
3507 948 3680 1027 quod
3709 947 4006 1009 detinetur

2545 1041 2625 1106 ab
2673 1043 2800 1107 alio
2847 1045 3007 1121 viro,
3061 1054 3124 1108 et
3169 1065 3312 1108 eam
3365 1044 3728 1128 specialiter
3773 1044 4000 1125 diligo:

2543 1163 2738 1221 quam
2787 1147 3098 1222 despondi
3155 1147 3323 1206 mihi
3379 1154 3634 1206 eentum
3685 1145 4002 1221 proeputa‘is

2542 1243 2936 1312 Philvstiim,
2969 1243 3031 1305 id
3065 1251 3162 1305 est
3190 1243 3692 1318 philistinorum,
3729 1249 3906 1324 prout
3933 1241 4125 1314 istaes
4134 1275 4203 1302 ιιι.

2543 1340 2653 1401 tud
2685 1339 2938 1422 plenius
2968 1341 3276 1424 scriptum
3307 1349 3498 1423 atque
3537 1340 3884 1423 expositum
3919 1325 4057 1402 est²¹

2544 1437 2752 1520 primo
2783 1439 2970 1504 libro.
2989 1441 3130 1503 Haec
3151 1439 3346 1502 verba
3375 1440 3700 1502 mandavit
3723 1439 3906 1502 David
3935 1440 4000 1502 ad

2544 1537 2846 1616 lsboseth‚
2881 1540 3033 1620 quia
3071 1549 3141 1602 ut
3181 1539 3269 1602 ait
3305 1539 3724 1620 Hieronymus
3754 1538 3908 1601 libro
3935 1539 4000 1600 de

2543 1635 2864 1700 Hebraicis
2909 1637 3395 1719 quaestionibu8‚
3447 1637 3658 1701 Abner
3705 1637 4001 1700 remanda-

2543 1745 2721 1800 verat
2751 1735 2882 1817 regi
2915 1737 3110 1800 David
3148 1753 3162 1799 ε
3194 1737 3330 1801 Νοιι
3375 1751 3639 1818 possum·
3683 1736 3796 1798 tibi
3843 1735 4000 1797 resti-

942 1855 1135 1917 quam
1168 1845 1476 1899 rectorem
1505 1835 1732 1899 domus
1764 1852 1915 1910 suae,
1941 1831 2429 1914 principemque
2468 1827 2514 1888 B
2542 1843 2720 1898 tuere
2746 1835 2974 1899 Michol
3005 1837 3366 1918 conjugem,
3400 1835 3555 1918 quia
3590 1835 3866 1898 isboseth
3909 1851 3996 1896 rex

942 1935 1208 2007 militiae,
1245 1935 1585 1997 habentem
1622 1933 1687 1994 in
1732 1951 1926 1994 manu
1965 1949 2079 1992 sua
2112 1928 2427 2013 populum

941 2033 1152 2097 lsrael.
1180 2034 1415 2096 Timuit
1454 2051 1731 2114 quoque,
1764 2032 1935 2113 quod
1974 2028 2189 2092 Abner
2226 2028 2429 2090 trade-

941 2141 1037 2195 ret
1070 2151 1137 2194 se
1158 2133 1452 2196 manibus
1497 2130 1692 2195 David
1728 2127 1914 2210 regis,
1949 2128 2003 2190 si
2038 2125 2428 2191 contradice-

942 2240 1036 2294 ret
1068 2232 1282 2295 verbis
1314 2231 1514 2313 ipsius
1545 2230 1777 2292 Abner.
1814 2229 1963 2290 Erat
1992 2227 2230 2290 etenim
2263 2224 2428 2287 Isbo-

940 2331 1083 2393 seth
1111 2330 1291 2393 deses
1325 2339 1389 2393 et
1425 2328 1896 2403 formidolosus,
1933 2344 2061 2388 non
2107 2326 2312 2387 audax
2351 2342 2426 2386 ac

942 2437 1262 2492 strenuus.

1024 2531 1208 2591 Misit
1236 2549 1382 2606 erqo
1414 2529 1629 2588 Abner
1658 2528 1922 2588 nuntios
1949 2489 2036 2584 ad
2057 2526 2297 2585 David.
2319 2521 2432 2584 No-

943 2627 1063 2690 luit
1113 2627 1327 2690 statim
1388 2624 1806 2708 personaliter
1855 2623 2153 2686 accedere
2213 2621 2425 2703 ipsum

940 2725 1157 2802 David,
1204 2726 1311 2788 sed
1356 2743 1470 2806 per
1515 2723 1775 2786 nuntios
1818 2721 2168 2803 explorare,
2219 2719 2429 2801 quali-

940 2833 1034 2887 ter
1059 2831 1271 2906 posset
1300 2823 1359 2886 ei
1392 2821 1788 2886 reconciliari
1819 2829 1879 2883 et
1910 2819 2426 2883 benevolentiam

940 2924 1079 3004 ejus
1110 2931 1385 3004 captare.
1405 2923 1619 3003 Itaque
1639 2920 1814 2982 misit
1845 2918 2103 2982 nuntios
2130 2918 2210 2981 ad
2232 2917 2428 2980 David

2540 1931 2737 1996 frater
2759 1935 2898 2016 ejus
2919 1934 3110 1997 habet
3129 1954 3271 1997 eam
3301 1935 3368 1996 in
3399 1953 3514 1996 sua
3535 1942 3856 2016 potestate,
3875 1933 3998 1994 ideo

2537 2031 2678 2113 ejus
2704 2050 3022 2095 consensu
3055 2033 3335 2115 indigeo.

2629 2133 2815 2192 Misit
2861 2153 3006 2209 erqo
3054 2134 3356 2202 lsboseth‚
3405 2130 3516 2212 qui
3569 2149 3698 2194 non
3753 2129 3994 2194 audebat

2537 2230 2813 2311 amplius
2863 2231 3298 2294 contradicere
3343 2230 3472 2308 regi
3519 2230 3736 2306 David,
3765 2239 3822 2290 et
3865 2230 3996 2290 tuli!

2538 2350 2680 2390 eam
2709 2351 2750 2390 a
2783 2331 2922 2390 viro
2951 2350 3064 2391 suo
3094 2331 3386 2392 Phaltiel
3421 2331 3562 2406 filio
3593 2333 3768 2400 Lais,
3801 2329 3864 2390 id
3887 2335 3991 2398 est,

2539 2429 2616 2490 ad
2647 2428 2855 2493 virum
2897 2429 3082 2491 illum
3120 2427 3296 2491 misit
3331 2426 3666 2509 epistolam
3705 2446 3814 2490 seu
3854 2426 3996 2505 lega-

2541 2535 2660 2602 tOS,
2678 2526 2909 2607 jubens
2930 2535 2998 2589 ut
3021 2527 3366 2590 remitteret
3391 2526 3516 2590 sibi
3539 2545 3814 2589 sororem
3837 2543 3993 2588 suam

2539 2624 2788 2689 Michol.
2808 2626 3258 2690 Verumtamen
3289 2625 3552 2688 Phaltiel
3587 2643 3712 2688 non
3743 2625 3860 2687 fuit
3887 2641 3994 2685 ma-

2540 2724 2700 2786 ritus
2731 2741 2918 2789 verus
2948 2733 3138 2806 atque
3176 2725 3499 2805 legitimus
3539 2724 3731 2806 hujus
3769 2722 3992 2796 Michol,

2539 2824 2724 2905 cujus
2769 2843 2956 2886 verus
3002 2823 3287 2900 marituS,
3333 2821 3632 2886 videlicet
3673 2822 3879 2895 David,
3920 2820 3992 2882 vi-

2540 2921 2650 2984 xit.
2687 2925 3206 3002 Sequebaturque
3235 2943 3376 2982 eam
3407 2923 3511 2982 vir
3539 2942 3695 2982 suus
3726 2917 3988 2993 Phaltiel,

940 3025 1015 3082 in
1044 3024 1323 3092 Hebron,
1350 3041 1471 3098 pro
1500 3041 1584 3092 se,
1620 3019 1683 3081 id
1714 3028 1811 3082 est
1840 3038 1915 3081 ex
1950 3025 2125 3100 parte
2158 3037 2293 3091 sua,
2328 3014 2427 3078 vel
2464 3014 2508 3078 C
2529 3026 2797 3100 plorans
2828 3042 3026 3101 usque
3057 3023 3404 3093 Baleari-m,
3443 3021 3508 3082 id
3547 3028 3644 3082 est
3683 3019 3882 3083 locum
3911 3017 3990 3080 sic

944 3140 1057 3204 pro
1077 3140 1231 3203 pace
1260 3119 1609 3183 obtinenda
1638 3117 1761 3181 sibi
1794 3137 1939 3181 cum
1972 3117 2192 3195 David,
2218 3119 2431 3177 dicen-

942 3232 1027 3282 tes
1050 3242 1073 3281 .·
1099 3224 1295 3300 Cujus
1324 3231 1413 3281 est
1446 3230 1619 3281 terra
1640 3222 1669 3279 ἒ
1700 3226 2002 3299 tanquam
2034 3216 2275 3279 diceret
2299 3233 2312 3277 :
2336 3216 2428 3277 Tu

939 3319 1065 3383 scis
1093 3320 1263 3401 quod
1296 3319 1571 3402 populus
1614 3327 1796 3381 terrae
1825 3317 2014 3380 lsrael
2053 3316 2121 3378 in
2164 3335 2306 3378 mea
2347 3314 2428 3376 sit

938 3426 1271 3501 potestate,
1318 3418 1408 3480 ita
1454 3418 1626 3499 quod
1680 3416 1919 3499 possim
1972 3414 2233 3478 flectere
2282 3432 2426 3476 eum

842 3508 863 3593 f
938 3520 1015 3582 ad
1053 3527 1133 3595 te,
1170 3518 1413 3581 etitem
1444 3525 1730 3581 avertere
1761 3535 1796 3578 a
1829 3525 1911 3579 te.
1937 3515 2073 3591 V,el
2107 3514 2304 3595 Cujus
2333 3521 2430 3576 est

656 5211 795 5268 lfleo.
808 5226 905 5266 xxv,

938 3620 1150 3681 terra?
1180 3616 1361 3698 quasi
1414 3616 1651 3679 diceret
1686 3632 1699 3675 :
1734 3613 2030 3688 Quamvis
2079 3621 2246 3676 terra
2289 3630 2430 3693 pro-

937 3715 1262 3779 missionis
1294 3722 1536 3797 spectet
1562 3714 1641 3776 ad
1673 3722 1755 3791 te,
1775 3712 1939 3775 sicut
1969 3712 2050 3774 ad
2082 3728 2292 3791 regem
2330 3711 2429 3791 Ju-

938 3834 1007 3877 re
1041 3814 1283 3890 divino,
1321 3832 1449 3895 quo
1493 3813 1768 3893 desuper
1812 3830 1880 3874 es
1922 3810 2162 3874 electus
2212 3809 2278 3871 in
2323 3828 2422 3871 re-

934 3932 1101 3994 gem,
1140 3922 1349 3975 tamen
1382 3912 1459 3975 de
1490 3910 1657 3974 facto
1691 3912 1756 3974 in
1788 3930 1929 3974 mea
1958 3918 2055 3973 est
2087 3927 2304 3971 manu.
2339 3910 2426 3969 Et

939 4023 1010 4074 ut
1040 4017 1453 4092 loquerentur
1482 4030 1557 4073 ex
1590 4028 1702 4072 sua
1741 4028 2013 4091 persona
2052 4010 2132 4072 ad
2169 4007 2369 4071 David
2409 4024 2422 4067 ζ

940 4114 1091 4181 Fac,
1124 4118 1192 4171 tu
1233 4107 1453 4185 David,
1491 4128 1737 4169 mecum
1776 4110 2124 4180 amicitia&
2167 4107 2289 4170 hoc
2333 4115 2427 4170 est

2536 3121 2800 3184 dictum.
2828 3120 3046 3184 Posset
3081 3119 3226 3203 quis
3265 3119 3578 3183 aestimare
3617 3119 3783 3202 quod
3813 3118 3992 3202 plora·

2539 3221 2650 3298 vit,
2671 3219 2822 3302 qui‘a
2853 3220 3051 3283 invite
3080 3219 3295 3282 amisit
3322 3227 3448 3282 tam
3482 3218 3764 3282 nobilem
3793 3216 3988 3281 mulie-

2537 3337 2711 3393 rem3
2757 3320 2866 3381 sed
2917 3322 3017 3398 (ut
3064 3317 3306 3381 dictum
3357 3328 3456 3381 est
3505 3319 3572 3379 in
3624 3316 3988 3400 expositione

2537 3418 2686 3481 libri
2735 3417 2995 3501 prioris)
3034 3416 3296 3480 Phaltiel
3349 3435 3680 3499 nunquam
3721 3414 4054 3533 cognovit“
4037 3426 4193 3470 mam

2534 3517 2783 3593 Michol,
2815 3516 2969 3599 quia
2999 3516 3139 3599 ipsa
3167 3515 3428 3578 interim
3468 3514 3790 3578 simulavit
3827 3494 4064 3575 infir-‘⁴'

2535 3616 2843 3692 mitatem,
2875 3624 2940 3679 et
2983 3616 3084 3695 (ut
3131 3614 3240 3677 alii
3289 3614 3540 3695 dicunt)
3577 3614 3836 3677 Phaltiel
3884 3610 3989 3673 suit

2537 3714 2939 3797 legisperitus
2977 3722 3042 3776 et
3081 3713 3436 3789 timoratu5‚
3472 3731 3589 3776 nec
3629 3712 3824 3776 voluit
3857 3710 3990 3773 alte-

2537 3812 2670 3875 rius
2715 3811 2927 3875 mariti
2979 3830 3235 3875 uxorem
3285 3828 3668 3891 cognoscere
3714 3829 3729 3872 ε
3773 3809 3988 3871 idcirco

2537 3911 2810 3974 libenter
2837 3910 3084 3973 remisit
3112 3928 3275 3987 eam,
3293 3918 3358 3971 et
3390 3907 3572 3972 flevit
3602 3928 3732 3991 prae
3755 3906 3986 3988 gaudio,

2535 4011 2706 4093 quod
2751 4009 3006 4073 interim
3051 4009 3175 4072 Deo
3219 4007 3564 4070 auxiliante
3603 4008 3686 4070 ab
3715 4026 3782 4070 ea
3809 4003 3989 4069 conti-

2537 4109 2680 4171 nuit
2708 4128 2796 4185 se,
2831 4116 2894 4171 et
2921 4108 3074 4190 quia
3103 4107 3181 4169 ad
3212 4107 3541 4189 proprium
3577 4103 3992 4169 revertebatur

938 4207 1513 4272 confoederationes
1556 4215 1618 4269 et
1663 4214 1947 4269 mutuam
1988 4206 2422 4283 dilectionem,
2459 4205 2508 4267 D
2539 4208 2859 4270 maritum.
2910 4207 3103 4270 Porro
3153 4205 3414 4288 quidam
3473 4205 3716 4268 Hebraei
3767 4204 3990 4277 dicunt,

937 4317 997 4368 et
1026 4310 1150 4368 erit
1190 4328 1422 4369 manus
1460 4328 1599 4367 mea
1642 4317 1871 4377 tecum,
1900 4316 1959 4367 et
1996 4310 2302 4367 reducam
2341 4310 2428 4367 ad

942 4417 999 4468 te
1028 4409 1408 4467 universum
1430 4410 1659 4475 Israel,
1676 4406 1794 4468 hoc
1816 4414 1933 4481 est,
1952 4414 2194 4468 ceteras
2225 4404 2427 4467 tribus

940 4505 1237 4568 inducam
1268 4505 1347 4567 ad
1379 4504 1855 4586 suscipiendum
1883 4514 1943 4567 te
1967 4523 2081 4586 pro
2103 4522 2275 4585 rege.
2301 4507 2427 4572 Qui

937 4606 1034 4665 ait
1056 4626 1077 4663 .·
1097 4607 1367 4683 Optime.
1390 4607 1523 4681 qu
1555 4605 1800 4684 faciam
1836 4614 2039 4665 tecum
2068 4606 2420 4665 amicitias,

940 4707 1069 4765 Sed
1097 4724 1299 4764 unam
1327 4724 1461 4763 rem
1486 4712 1630 4779 peto
1660 4724 1701 4763 a
1736 4712 1811 4773 te,
1847 4705 2066 4761 dicens
2095 4723 2118 4761 .·
2151 4704 2301 4763 Non
2337 4706 2427 4763 υί-

935 4804 1109 4862 debis
1138 4804 1376 4883 sae-iem
1410 4822 1636 4871 meam,
1670 4799 1732 4862 id
1774 4808 1889 4875 est,
1927 4818 2055 4863 non
2096 4818 2424 4863 occurram

938 4900 1055 4962 tibi
1105 4900 1409 4981 placatuS‚
1466 4919 1581 4962 nec
1633 4898 2099 4980 repraesentabo
2149 4898 2269 4961 tibi
2325 4918 2426 4960 me

938 5000 1309 5081 gratiosum,
1344 5010 1691 5078 antequam
1722 4999 2080 5058 adduxeris
2112 4996 2272 5058 mihi
2305 5000 2430 5059 Mi-

937 5100 1079 5158 elaeol
1106 5099 1321 5176 filiam
1352 5101 1521 5159 Saul
1549 5113 1809 5159 uxorem
1841 5114 2044 5158 meam
2085 5113 2099 5156 z
2134 5115 2326 5178 quam
2360 5096 2425 5158 in

937 5195 1389 5261 contumeliam
1433 5193 1601 5275 regis
1645 5194 1841 5258 David
1884 5194 2023 5276 ipse
2063 5193 2210 5257 Saul
2253 5194 2429 5257 dedit

935 5294 1119 5357 alteri
1163 5294 1323 5371 viro,
1358 5302 1431 5356 ut
1466 5293 1707 5357 dictum
1746 5301 1843 5355 est
1882 5293 1948 5355 in
1978 5291 2188 5375 primo
2221 5293 2421 5369 libro;

2538 4306 2708 4388 quod
2749 4304 2952 4381 flevit,
2999 4304 3152 4387 quia
3195 4301 3566 4366 exercitium
3609 4298 3993 4384 perfectionis

2539 4426 2575 4467 a
2605 4425 2671 4468 se
2703 4405 2984 4479 recessit,
3005 4402 3308 4485 quoniam
3339 4419 3585 4482 magnae
3607 4398 3994 4482 perfectionis

2541 4504 2910 4567 exercitium
2961 4501 3299 4585 reputavit,
3350 4509 3587 4563 tantam
3641 4508 3990 4569 matronam,

2541 4614 2840 4685 tanquam
2880 4619 3159 4665 sororem
3202 4619 3414 4663 secum
3461 4608 3701 4676 tenere,
3731 4606 3786 4660 et
3825 4596 3898 4660 ab
3931 4612 3994 4656 ea

2537 4702 2772 4785 jugiter
2794 4698 3587 4763 abstinere.Verumtamen
3611 4696 3815 4780 potius
3846 4712 3987 4765 reor,

2539 4801 2710 4884 quod
2756 4820 2830 4863 ex
2873 4817 3145 4863 moerore
3183 4796 3456 4879 quodam
3498 4796 3786 4878 ploravit,
3819 4793 3986 4856 etiam

2539 4900 2684 4962 dato
2722 4898 2893 4980 quod
2931 4916 3068 4960 eam
3111 4894 3382 4958 libenter
3418 4894 3754 4969 dimiserit,
3793 4908 3990 4972 quem-

2537 4996 2878 5060 admodum
2918 4994 3200 5058 Rebecca
3237 5010 3364 5055 non
3403 4992 3540 5054 sine
3578 4989 3736 5053 fletu
3771 5005 3990 5071 sepm-

2537 5096 2722 5159 batur
2760 5114 2796 5157 a
2841 5092 2979 5155 silio
3030 5110 3145 5155 suo
3190 5090 3400 5167 Jacob,
3434 5108 3628 5172 quem
3676 5098 3874 5151 tamen
3921 5082 3986 5146 ad
4021 5100 4126 5144 ceu
4129 5104 4186 5133 xv-

2535 5192 3045 5303 Mesopotamiam
3078 5189 3336 5254 tendere
3367 5188 3704 5271 persuasit.
3723 5166 4058 5249 Naturale*

2534 5300 2631 5356 est
2661 5291 2954 5374 equidem
2988 5290 3054 5351 in
3087 5287 3482 5372 separatione
3509 5284 3900 5366 diligentium
3927 5296 3985 5341 se
