4359 6250
865 463 944 527 82
1649 484 1996 532 suanm-rto
2038 485 2099 530 ιΝ
2142 485 2277 530 ων.
2327 482 2452 527 xvn
2495 484 2695 529 :osui-3.
2743 505 2823 515 —
2863 487 3003 533 ΛΒΤ.
3052 488 3175 535 xxv

869 653 1003 715 nito
1051 653 1377 731 Manassae‚
1431 655 1550 719 hoc
1600 664 1696 717 est
1753 656 2110 737 posteritati
2163 665 2357 737 atque
2385 651 2437 714 A
2469 676 2611 719 nem
2666 658 2828 721 inter
2879 668 3178 741 cognatos
3228 659 3425 741 patris
3476 660 3596 721 sui.
3632 660 3947 737 Deditque

871 750 1132 813 familiis
1166 754 1330 815 natis
1363 772 1438 816 ex
1467 753 1720 827 Machir‚
1755 754 1866 835 qui
1898 754 2154 817 obiitin
2177 755 2360 835 AEgy-
2468 755 2559 817 cis
2607 757 2794 819 Josue
2828 759 3037 835 jux-ta.
3085 759 3431 835 imperi’um
3482 759 3771 824 Domini,
3802 774 3946 832 pos-

573 862 840 911 Numam
869 858 1001 931 pto,
1049 853 1235 929 patri
1287 854 1606 913 Galaasl:
1651 852 1872 916 habuit
1921 853 2093 915 enim
2146 851 2357 915 filium

870 948 1130 1011 nomine
1178 950 1450 1023 Galaad3
1504 954 1621 1031 qut
1668 955 1804 1028 fuit
1857 974 1961 1012 ver
2002 962 2353 1029 puyuator.

869 1045 1044 1119 Quod
1085 1046 1195 1123 ait,
1237 1050 1378 1127 qui,
1411 1048 1660 1111 videtur
1706 1068 1892 1130 posse
1940 1049 2187 1125 referri,
2224 1049 2359 1111 sive

867 1145 948 1207 ad
977 1145 1232 1223 Machir‚
1268 1145 1402 1209 sive
1432 1147 1510 1209 ad
1541 1147 1773 1209 Galaad
1799 1172 1814 1221 ς
1871 1149 1980 1211 sed
2011 1148 2090 1209 ad
2123 1147 2359 1209 Machir

866 1244 1272 1307 referendum
1304 1255 1620 1321 censetur,
1655 1246 1805 1327 quia
1837 1254 1898 1309 et
1936 1246 2091 1308 alibi
2126 1245 2358 1325 legitur

865 1342 1032 1405 idem
1078 1344 1156 1406 de
1201 1344 1364 1427 ipso.
1401 1344 1640 1406 Dicitur
1685 1363 1942 1425 quoque
1974 1344 2076 1407 vir
2119 1362 2357 1427 pugna·

866 1450 984 1519 tor,
1019 1461 1148 1505 non
1179 1443 1349 1524 quod
1395 1443 1423 1503 f
1427 1442 1590 1505 uerit
1633 1442 1904 1506 bellator
1936 1444 2215 1523 injustus
2248 1451 2357 1504 aut

862 1540 1297 1603 contentiosus
1329 1541 1714 1617 rixator,scd
1744 1542 2050 1623 quoniam
2084 1540 2268 1605 fortis
2295 1550 2357 1604 et

863 1647 1160 1702 strenuus
1201 1642 1545 1722 pugnando
1591 1658 1705 1721 pro
1757 1640 1967 1703 causis
2015 1640 2207 1721 justis
2244 1657 2258 1701 :
2293 1650 2355 1703 et

863 1739 952 1800 ita
990 1747 1171 1801 sonat
1203 1739 1268 1801 in
1303 1739 1580 1815 laudem,
1616 1740 1788 1820 quod
1831 1739 2063 1801 dicitur
2096 1740 2195 1802 vir
2242 1761 2355 1823 pu-

2466 857 2802 917 sessionem
2827 858 2899 916 in.
2922 858 3126 917 medio
3154 858 3443 933 fratrum
3468 858 3679 934 patris
3696 875 3944 915 earum.

2470 952 2860 1031 Regulariter
2881 974 2958 1017 au
2969 963 3092 1017 tem
3125 962 3292 1017 terra
3310 954 3712 1018 dividebatur
3730 971 3949 1015 secun-

2468 1052 2621 1114 dum
2646 1052 2963 1135 viroS,qui
2998 1062 3179 1116 erant
3197 1054 3404 1135 capita
3438 1052 3840 1115 familiarum.
3864 1055 3948 1113 Et

2467 1152 2831 1211 ceciderunt
2850 1153 3144 1228 funiculi
3166 1155 3463 1213 Manasse
3481 1154 3707 1219 decem,
3720 1153 3951 1229 absque

2469 1259 2643 1309 terra
2667 1252 2922 1310 Galaad
2951 1260 3009 1310 et
3041 1254 3259 1312 Basan
3295 1261 3473 1311 trans
3500 1248 3947 1317 Iordanem,id

2464 1355 2580 1422 est,
2615 1348 2833 1410 decem
2868 1354 3081 1429 partes
3112 1366 3224 1430 per
3256 1357 3455 1411 sortes
3484 1348 3815 1420 distinctae,
3850 1366 3949 1408 as-

2464 1446 2729 1526 signatae
2750 1456 2898 1508 sunt
2928 1448 3151 1510 mediae
3173 1448 3367 1509 tribui
3390 1448 3665 1510 Manasse
3696 1447 3760 1508 in
3786 1455 3950 1508 terra

2463 1545 2798 1625 promissa,
2812 1545 2991 1626 juxta
3020 1546 3239 1609 decem
3263 1545 3469 1628 capita
3500 1545 3947 1625 cognationum

2464 1660 2576 1704 seu
2624 1642 3015 1705 familiarum
3069 1643 3270 1726 ipsius
3306 1662 3319 1705 :
3357 1644 3575 1726 sicque
3626 1642 3949 1706 funiculus

2463 1741 2739 1803 sumitur
2770 1742 2873 1803 hic
2907 1762 3022 1824 pro
3044 1752 3222 1825 parte
3255 1751 3435 1805 terrae
3476 1742 3759 1805 funiculo
3782 1761 3950 1803 men-

862 1846 1108 1918 gnator.
1133 1841 1501 1918 Habuitque
1525 1841 1974 1917 possessionem
2011 1843 2266 1901 Galaad
2294 1850 2353 1901 et
2392 1844 2439 1906 B
2465 1848 2698 1915 surata,
2736 1839 3033 1903 videlicet
3076 1860 3377 1904 mensura
3417 1860 3531 1924 pro
3562 1848 3943 1911 mensuram,

863 1940 1108 2005 Basan,
1159 1935 1222 1998 id
1273 1944 1400 2012 est,
1457 1936 1790 2017 posteritas
1842 1937 2074 1999 Machir
2119 1938 2351 2019 partim

865 2033 1148 2115 possedit
1177 2042 1406 2096 ‘terram
1439 2033 1694 2111 Galaad,
1742 2043 2098 2117 terramque
2129 2037 2351 2098 Basan.

862 2132 1040 2195 Unde
1068 2140 1337 2209 constat,
1370 2133 1542 2214 quod
1572 2132 1805 2196 Galaad
1848 2134 2236 2216 quandoque
2276 2134 2359 2196 sit

869 2248 1102 2294 nomen
1134 2231 1278 2307 viri,
1305 2232 1688 2313 quandoque
1719 2232 1960 2314 patriae.
1980 2235 2067 2294 Et
2089 2236 2359 2314 reliquis

870 2332 1164 2408 filiorum
1191 2333 1508 2392 Manassae
1521 2332 1729 2406 jux-ta
1759 2332 2056 2407 familias
2086 2354 2236 2393 suas
2266 2352 2362 2394 ce-

873 2427 1030 2491 cidit
1082 2446 1240 2504 sorS‚
1293 2428 1830 2509 quemadmodum
1884 2429 2042 2491 filiis
2097 2430 2354 2507 Machir,

873 2525 1170 2589 videlicet
1212 2528 1376 2604 filiis
1414 2529 1710 2597 Abiezer‚
1750 2538 1809 2587 et
1847 2530 2010 2605 filiis
2051 2532 2268 2598 Helm,
2300 2540 2359 2589 et

871 2628 1034 2703 filiis
1071 2628 1305 2697 Esriel,
1340 2636 1399 2686 et
1433 2628 1596 2701 filiis
1633 2627 1914 2697 Sec-Item,
1948 2637 2006 2687 ct
2037 2631 2201 2703 filiis
2237 2632 2361 2689 Ile-

865 2726 1051 2800 plter,
1084 2733 1143 2783 et
1179 2725 1342 2800 filiis
1381 2725 1668 2783 Semida.
1705 2726 1827 2783 Isti
1862 2735 2014 2784 sunt
2051 2726 2187 2801 filii
2218 2730 2359 2787 Μα-

872 2842 1076 2882 ‘nassoe
1125 2823 1259 2897 filii
1295 2823 1524 2897 Ioseph,
1565 2840 1688 2897 per
1735 2824 2136 2898 coynacioms
2186 2845 2357 2886 suas.

875 2919 997 2981 Ista
1034 2918 1400 2981 distributio
1450 2937 1487 2979 a
1535 2919 1739 3000 Moyse
1793 2918 1958 2983 facta
2006 2930 2101 2983 est
2150 2922 2243 2983 eis
2294 2922 2359 2984 in

2464 1938 2615 2019 quia
2635 1938 2964 2000 funiculus
2984 1948 3081 2002 est
3102 1939 3405 2002 metiendi
3430 1940 3943 2013 instrumentum,

2463 2038 2641 2118 juxta
2671 2037 2827 2099 illud
2861 2037 3195 2115 Zachariae,
3220 2038 3381 2101 Ecce
3410 2038 3531 2114 vir,
3566 2046 3628 2100 et.
3658 2037 3724 2099 in
3756 2056 3951 2099 manu
3975 2054 4210 2097 laea-1.
4234 2057 4267 2093 ι.

2466 2136 2603 2217 ejus
2639 2134 2962 2199 funiculus
2994 2156 3380 2201 mensorum.
3409 2139 3601 2199 Filia»
3618 2139 3957 2197 enimMa-
4335 2130 4336 2137 '

2465 2254 2692 2304 nas-sce,
2740 2233 3043 2297 videlicet
3091 2234 3370 2317 praefatae
3434 2233 3588 2297 filiae
3635 2234 3947 2315 Salphaad

2468 2332 2697 2412 genitae
2728 2351 2804 2394 ex
2834 2332 3031 2415 stirpe
3062 2333 3381 2411 Manassae,
3406 2336 3821 2411 possederunt
3850 2336 3957 2393 he-

2470 2433 2809 2493 reditatem
2855 2434 2923 2491 in
2972 2435 3181 2492 medio
3221 2434 3516 2509 filiorum
3558 2434 3719 2509 ejus,
3755 2430 3820 2492 id
3860 2439 3961 2494 est

2472 2529 2638 2591 inter
2669 2548 2874 2592 mares
2903 2529 3150 2610 genitos
3182 2549 3258 2592 ex
3288 2529 3595 2606 Manasse,
3636 2528 3799 2591 sicut
3827 2528 3959 2610 jam

2471 2627 2709 2690 dictum
2760 2636 2877 2690 est.
2921 2633 3115 2689 Terra
3160 2639 3376 2689 autem
3420 2632 3697 2698 Galaad,
3730 2630 3960 2689 cem‘dit

2472 2730 2541 2786 in
2592 2738 2823 2787 sortem
2863 2729 3161 2803 filiorum
3199 2730 3517 2789 Manassae
3565 2729 3681 2807 qui
3718 2729 3959 2806 reliqui

2470 2836 2681 2895 erant,
2711 2825 2773 2887 id
2807 2834 2902 2887 est
2943 2826 3009 2886 in
3042 2825 3455 2889 hereditatem
3496 2825 3719 2889 mediae
3749 2825 3957 2887 tribus

2472 2923 2751 2985 Manasse
2795 2932 2967 2985 trans
3006 2923 3341 2987 Jordanem
3385 2924 3503 2985 sub
3534 2922 3759 3005 Moyse,
3794 2922 3961 2985 sicut

661 3030 798 3073 Num.
876 3016 1338 3099 campestribus
1378 3016 1628 3079 Jericho
1673 3036 1863 3128 super
1914 3028 1977 3080 et
2024 3019 2192 3082 circa
2239 3021 2363 3082 Jor-
2394 3022 2438 3084 C
2475 3041 2643 3084 nunc
2677 3022 2901 3104 patuit..

578 3094 850 3208 ἶξᾚέὶῖ,
876 3115 1128 3193 danem,
1163 3116 1698 3198 quemadmodum
1744 3116 1810 3178 in
1857 3116 2145 3181 Numeris
2188 3128 2251 3182 et
2297 3119 2361 3182 in

583 3223 726 3265 ¹³-⁵·¹
875 3215 1362 3278 Deuteronomio
1403 3214 1654 3294 legitur.

952 3312 1422 3393 Consequenter
1451 3313 1836 3376 describitur
1867 3314 2235 3379 distributio
2270 3315 2362 3377 fa-

871 3419 972 3473 cta
1003 3411 1226 3474 mediae
1257 3410 1452 3474 tribui
1485 3409 1764 3472 Manasse
1800 3413 1864 3473 in
1901 3423 2062 3476 terra
2097 3415 2362 3496 promis·

871 3508 1071 3571 sionis
1121 3528 1158 3570 a
1202 3509 1407 3572 Josue.
1463 3511 1804 3586 Salphaad
1851 3531 1994 3570 vero
2042 3515 2185 3588 filio
2236 3517 2361 3574 He-

863 3611 1047 3686 pleer,
1082 3616 1229 3684 etc„
1253 3629 1380 3668 non
1410 3610 1684 3685 fuerunt
1712 3610 1867 3685 ficii,
1899 3613 2006 3669 sed
2035 3614 2182 3672 soloe
2201 3615 2361 3687 filim

867 3707 1166 3788 quinque,
1200 3725 1471 3788 quarum
1503 3707 1764 3769 nomina
1804 3707 2246 3789 exprimuntur
2288 3710 2351 3771 in

871 3804 1100 3867 littera.
1127 3808 1564 3882 veneruntque
1595 3806 1668 3864 in
1697 3816 2030 3882 conspectu
2053 3810 2362 3868 Eleazari

867 3906 1238 3972 sacerdotis,
1267 3902 1380 3984 qui
1415 3901 1540 3964 fuit
1583 3921 1868 3966 summus
1910 3906 2204 3968 sacerdos
2247 3927 2357 3969 scu

870 4001 1161 4084 pontifex
1192 4009 1336 4083 post
1355 4001 1562 4064 Aaron
1596 4009 1836 4082 patrem
1870 4015 2154 4080 suum,ec
2172 4009 2361 4066 ,los-ue

870 4111 930 4160 et
953 4100 1654 4178 p7·1‘nctpum,dicentes
1674 4103 2032 4162 :Dominus
2053 4107 2361 4181 proecepit

2552 3122 2831 3201 Fuitque
2879 3124 3189 3182 terminus
3230 3125 3529 3182 ,Μανιαεεε
3566 3122 3646 3182 ab
3676 3125 3857 3192 Aser,
3894 3119 3960 3183 id

2472 3228 2588 3297 est,
2631 3239 2768 3283 sors
2811 3221 2949 3301 ejus
2980 3238 3057 3282 ex
3101 3238 3228 3281 una
3268 3228 3447 3301 parte
3476 3220 3673 3301 coepit
3710 3239 3746 3282 a
3790 3229 3960 3282 sorte

2472 3319 2672 3380 tribus
2704 3319 2879 3395 Aser,
2902 3320 3399 3389 Mackmetlzatk,
3428 3317 3491 3378 id
3524 3327 3619 3380 est
3642 3318 3815 3380 locus
3845 3317 3957 3380 ille

2471 3437 2583 3479 seu
2604 3417 2755 3478 urbs
2788 3425 3080 3498 spectans
3110 3416 3187 3478 ad
3222 3424 3459 3478 sortem
3490 3416 3691 3478 tribus
3722 3416 3960 3479 Manas-

2411 3507 2439 3529 ⁸
2470 3533 2560 3592 se,
2584 3537 2725 3594 quae
2753 3517 3011 3591 respicit
3042 3517 3326 3584 Siclaem‚
3360 3513 3424 3575 id
3455 3522 3552 3577 est
3582 3523 3811 3577 terram
3841 3534 3956 3577 seu

2470 3612 2789 3675 civitatem
2824 3613 2912 3674 sio
2954 3612 3343 3676 nominatam
3377 3637 3391 3688 ;
3424 3624 3483 3674 et
3512 3617 3838 3691 egreditur
3868 3617 3957 3675 ad

2467 3716 2797 3772 dexteram
2801 3713 3011 3788 juaeta
3031 3714 3419 3772 habitatores
3438 3714 3640 3789 font-is
3661 3717 3747 3775 Ta
3744 3717 3957 3792 plaute.

2471 3812 2729 3871 Etenim
2764 3813 2833 3870 in
2863 3821 3093 3871 sortem
3118 3813 3417 3871 Manasse
3442 3813 3754 3872 ceciderat
3784 3821 3956 3874 terra

2476 3910 2781 3984 Taplcuae,
2811 3929 2953 3987 quw
2994 3917 3085 3968 est
3112 3911 3319 3985 ,sumta
3363 3911 3663 3970 ter-minos
3694 3913 3957 3972 Manas-

2468 4027 2531 4067 se
2558 4009 2851 4083 filiorum
2883 4008 3207 4083 Ephraim
3238 4028 3259 4066 .·
3291 4006 3356 4068 id
3396 4015 3514 4084 est,
3550 4016 3718 4070 terra
3747 4007 3957 4072 vicina

2470 4103 2711 4167 civitati
2750 4104 3007 4167 nomine
3027 4104 3423 4185 Taphuae‚cx
3454 4125 3582 4168 una
3612 4114 3791 4187 parte
3821 4126 3960 4189 per·

865 4219 988 4276 per
1015 4219 1286 4258 manum
1317 4199 1584 4274 Moysis,
1617 4208 1688 4259 ut
1718 4201 1985 4259 daretur
2017 4203 2198 4260 nobis
2219 4223 2363 4279 pos·
2388 4201 2439 4263 D
2474 4203 2665 4264 tinuit
2713 4203 2789 4265 ad
2840 4203 3077 4265 tribum
3129 4202 3431 4280 Manasse,
3473 4204 3767 4284 quamvis
3820 4205 3959 4288 ipsa

623 4308 643 4328 ·
672 4311 844 4350 nom-0-
871 4301 1060 4358 sessio
1091 4298 1162 4356 in
1195 4297 1402 4356 medio
1444 4297 1735 4373 fratrum
1765 4319 2030 4359 suo-rum
2072 4302 2118 4371 *,
2154 4300 2221 4362 id
2267 4309 2363 4363 est

581 4381 678 4411 ''m’'
875 4403 1286 4476 cognatorum
1317 4393 1427 4474 qui
1457 4394 1536 4456 de
1557 4393 1836 4457 Manasse
1866 4398 2066 4459 exorti
2089 4408 2257 4461 sunt.
2281 4401 2363 4464 De

649 4508 792 4556 Num.
874 4495 992 4557 hac
1044 4511 1110 4554 re
1151 4492 1379 4572 legitur
1420 4491 1483 4552 in
1529 4492 1818 4558 Numeris
1873 4515 1886 4558 ε
1936 4481 2361 4560 Accesserant

581 4585 708 4621 xxa-u.
733 4578 815 4619 ¹⁶⁰·
875 4592 1029 4654 filiae
1061 4590 1393 4672 Salphaad,
1439 4598 1875 4671 steteruntque
1906 4612 2118 4656 coram
2151 4595 2361 4678 Moyse

872 4699 1062 4772 atque
1093 4688 1388 4752 dixerunt
1423 4705 1437 4748 :
1480 4688 1658 4751 Pater
1703 4698 1915 4752 noster
1957 4709 2083 4754 non
2130 4692 2361 4756 habuit

871 4807 1078 4851 mares
1118 4787 1310 4849 filios.
1345 4787 1467 4850 Cur
1507 4785 1753 4848 tollitur
1795 4807 2027 4852 nomen
2072 4790 2245 4854 illius
2279 4794 2357 4857 de

869 4886 1117 4949 familia
1147 4905 1282 4962 sua,
1315 4885 1467 4966 quia
1499 4903 1626 4947 non
1657 4884 1882 4950 habuit
1914 4887 2172 4950 filium?
2207 4891 2357 4954 Date

869 4984 1052 5048 nobis
1100 4985 1564 5067 possessionem
1610 4984 1778 5046 inter
1809 4995 2111 5065 cognatos
2158 4990 2355 5069 patris

868 5083 1091 5152 nostri.
1127 5081 1492 5161 Retulitque
1541 5080 1779 5162 Moyses
1831 5102 2086 5146 causam
2135 5105 2353 5149 earum

866 5182 945 5243 ad
965 5181 1279 5262 judicium
1306 5178 1576 5254 Domini,
1595 5180 1706 5261 qui
1729 5181 1888 5244 dixit
1915 5183 2185 5245 :Iustam
2220 5205 2353 5248 rem

867 5278 1191 5362 postulant
1222 5277 1378 5340 filiae
1407 5276 1740 5358 Salphaad.
1771 5280 1858 5342 Da
1889 5280 1980 5342 eis
2013 5283 2359 5362 possessio—

2470 4301 2694 4364 civitas
2745 4321 2888 4363 cum
2944 4309 3108 4363 terra
3156 4301 3278 4363 sibi
3330 4301 3544 4364 vicina
3590 4303 3667 4366 ad
3720 4304 3955 4367 tribum

2471 4399 3078 4482 pertinueritJuda,
3102 4407 3387 4480 utsupra
3420 4400 3670 4463 claruit.
3698 4406 4003 4464 Descenn
3984 4433 4169 4489 &295
4142 4441 4269 4479 m„

2468 4501 2691 4577 (litque
2722 4500 3037 4559 terminus
3058 4500 3252 4558 valtis
3278 4502 3709 4570 Arundineti‚
3731 4501 3797 4562 in
3827 4521 3956 4583 qua
3984 4497 4267 4602 8··'‘;‘·‘⁶
4178 4515 4253 4542 ²⁸¹

2469 4604 2761 4659 crescunt
2790 4606 2852 4659 et
2880 4596 3205 4658 abundant
3247 4597 3617 4675 arundineS,
3658 4601 3731 4660 in
3762 4604 3957 4662 meri·
3984 4563 4027 4610 8'
4088 4595 4099 4604 ”

2468 4697 2641 4756 diem
2674 4697 2972 4756 torrentis
3008 4696 3349 4754 civitatum
3386 4699 3731 4773 Ephraim,
3768 4698 3830 4759 id
3860 4708 3953 4761 est

2466 4793 2547 4855 ad
2577 4793 2825 4875 plagam
2858 4792 3220 4866 australem,
3253 4792 3358 4854 cui
3390 4793 3805 4876 conjungitur
3832 4804 3957 4858 tor-

2468 4910 2613 4955 rens
2656 4893 2733 4953 ad
2773 4890 3062 4953 civitates
3106 4891 3403 4972 Ephraim
3451 4892 3779 4973 pertinens
3820 4895 3955 4958 sive

2467 4991 2835 5072 respiciens,
2869 5012 3010 5070 quoe
3051 4989 3340 5053 civitates
3382 4990 3684 5072 Ephraim
3716 4995 3788 5051 in
3828 5013 3955 5052 me-

2464 5092 2573 5150 dio
2603 5101 2755 5150 sunt
2785 5091 3051 5150 urbium
3082 5091 3380 5150 Manasse
3411 5110 3434 5152 .·
3466 5091 3639 5170 quod
3692 5091 3755 5152 in
3794 5110 3957 5172 prae—

2464 5188 2714 5251 cedenti
2754 5187 3021 5249 articulo
3067 5186 3425 5268 expositum
3456 5195 3570 5250 est.
3614 5192 3952 5250 Terminus

2466 5289 2763 5346 Manasse
2804 5288 2883 5345 ab
2912 5288 3215 5364 aquilone
3260 5287 3587 5356 torrentis,
3617 5296 3677 5346 et
3714 5290 3957 5358 exitus,

4022 5015 4152 5060 laid.
4174 5026 4219 5061 ⁸³.
