4359 6250
183 808 322 845 ιιιιιιι

967 508 1318 555 ΕΝΑΗΒΑΤΙΟ
1360 508 1422 553 ΙΝ
1464 508 1599 553 GAP.
1646 507 1707 551 Vl
1749 506 1906 551 1.le
1946 506 2144 553 TssnTn
2185 507 2411 553 neom.
2455 526 2536 537 -·-
2576 509 2719 555 ΛΒΤ.
2764 508 2829 554 11

3326 490 3439 556 621

355 681 651 744 rictibus,
693 685 823 744 Sed
863 691 922 741 et
953 682 1409 759 pavimentum
1457 684 1684 741 domus
1715 700 1737 739 .·
1768 678 1848 740 de
1878 677 1929 740 A
1959 678 2132 742 aliud
2162 680 2231 741 in
2270 678 2615 761 superficie
2659 681 2943 761 ejusdem
2988 679 3247 762 parietis
3292 678 3448 740 inte-

351 798 482 860 quo
514 779 585 841 in
613 779 1138 860 Paralipomenon
1187 778 1442 860 legitur,
1476 777 1710 841 Stravit
1743 796 1852 859 pa-

353 879 712 942 vimentum
749 878 966 960 templi
1003 877 1466 959 pretiosissimo
1511 896 1849 953 marmore,

353 977 588 1039 decore
637 975 882 1051 mult03
933 976 1091 1036 texit
1141 996 1303 1037 αιινο
1354 976 1744 1035 intrinsecus
1791 981 1851 1032 ec

351 1078 778 1145 extrinseca&
803 1074 864 1135 id
899 1082 1015 1148 est,
1042 1082 1172 1134 tam
1204 1073 1270 1133 in
1304 1080 1480 1153 parte
1512 1071 1730 1152 templi
1763 1070 1855 1131 in-

357 1172 603 1249 teriori,
638 1190 828 1253 quam
875 1170 1195 1245 exteriori,
1231 1169 1483 1252 operuit
1527 1168 1853 1249 pavimen-

357 1278 492 1331 tum
522 1269 684 1331 illud
717 1268 1040 1351 lapideum
1073 1268 1284 1329 aureis
1317 1265 1596 1329 laminis,

433 1370 521 1429 Ec
554 1370 626 1428 in
665 1369 959 1443 inm-essu
987 1369 1266 1436 oraculi,
1300 1366 1361 1428 id
1409 1374 1506 1428 est
1552 1364 1616 1427 in
1650 1364 1853 1446 parie-

353 1474 434 1543 te,
473 1485 590 1548 per
620 1486 810 1547 quem
834 1465 1224 1528 transibatur
1244 1463 1326 1527 ab
1355 1463 1650 1527 exteriori
1675 1471 1852 1546 parte

350 1565 577 1647 templi
613 1564 678 1627 in
701 1564 1001 1627 Sanctum
1025 1572 1409 1640 sanctorum,
1435 1566 1735 1641 fecitduo
1766 1583 1852 1623 os-

352 1667 510 1725 tiola
532 1686 557 1724 .·
581 1684 726 1745 quae
757 1664 1059 1727 dicuntur
1088 1663 1338 1739 ostiola,
1373 1664 1678 1745 quoniam
1710 1681 1852 1743 par-

351 1782 430 1826 va
459 1771 644 1826 erant
680 1771 972 1845 respectu
1004 1762 1368 1842 januarum,
1394 1781 1507 1844 per
1535 1782 1695 1844 quas
1728 1759 1850 1822 fuit

1960 778 2111 840 riori
2145 797 2342 859 prope
2372 778 2607 841 ostium
2643 777 2775 859 jam
2820 777 3178 859 praefatum.
3215 776 3449 839 Secun-

1960 877 2061 951 do,
2097 877 2268 957 quod
2299 885 2643 958 utrumque
2673 877 2905 939 ostium
2953 875 3144 939 fuerit
3181 877 3261 938 de
3302 876 3451 937 dua-

1963 975 2079 1037 bus
2103 976 2391 1057 partibus
2416 974 2664 1039 fortiter
2685 975 2807 1038 sibi
2828 976 3153 1052 connexiS,
3174 976 3260 1037 ita
3280 971 3451 1056 quod

1961 1093 2088 1136 una
2113 1093 2258 1155 pars
2289 1076 2499 1155 januae
2528 1082 2773 1156 poterat
2814 1074 3047 1151 claudi,
3082 1074 3207 1137 alia
3235 1082 3455 1156 aperta

1961 1179 2280 1247 manente,
2316 1173 2479 1234 sicut
2510 1173 2574 1233 in
2614 1172 2794 1235 ostiis
2826 1192 2969 1254 quae
3002 1172 3201 1235 fracta
3229 1191 3455 1237 vocan-

1965 1278 2086 1347 tur,
2121 1270 2435 1333 videmuS.
2461 1270 2538 1332 Et
2566 1270 2743 1351 juxta
2774 1271 2945 1333 hunc
2974 1271 3294 1352 duplicem
3319 1289 3455 1332 sen-

1963 1389 2127 1445 sum,
2181 1370 2369 1431 etiam
2418 1370 2588 1450 quod
2638 1370 2879 1431 dictum
2930 1378 3025 1433 est
3074 1371 3152 1433 de
3207 1369 3453 1433 ostiolis

1963 1467 2227 1544 oraculi,
2260 1468 2599 1549 dupliciter
2628 1467 3000 1550 explanatur
3022 1468 3207 1550 :quia
3236 1487 3458 1531 secun-

1962 1567 2112 1628 dum
2157 1567 2486 1647 quosdam,
2522 1566 2709 1629 ambo
2752 1566 2979 1629 ostiola
3020 1576 3201 1630 erant
3246 1567 3311 1628 in
3356 1586 3459 1629 ea-

1961 1666 2103 1728 dem
2137 1664 2397 1747 parietis
2442 1674 2640 1747 parte,
2686 1686 2885 1728 unum
2917 1666 2984 1728 in
3026 1666 3320 1730 exteriori
3353 1686 3457 1727 su-

1961 1763 2230 1846 perficie
2262 1763 2451 1841 muri,
2485 1765 2656 1827 aliud
2704 1765 2769 1827 in
2802 1765 3115 1842 interiori,
3149 1766 3241 1828 sic
3284 1765 3456 1847 quod

351 1862 680 1941 ingressus
711 1861 794 1923 ab
832 1861 1127 1924 orientali
1158 1861 1346 1943 plaga
1375 1862 1442 1923 in
1473 1861 1848 1923 exteriorem
1887 1856 1933 1919 B
1960 1863 2112 1924 dum
2161 1863 2349 1926 ambo
2398 1864 2611 1926 clausa
2654 1863 2934 1939 fuerunt,
2970 1864 3303 1927 videbatur
3354 1884 3457 1946 pa-

353 1960 580 2043 tompli
601 1968 844 2042 partem
869 1984 883 2033 ;
905 1964 984 2020 de
1013 1962 1212 2037 lignis
1241 1962 1564 2021 olivarum
1582 1984 1610 2031 ,⁰
1623 1970 1850 2037 postes·

345 2080 468 2137 que
496 2064 898 2135 anqulorum
942 2062 1249 2139 quinque,
1277 2060 1340 2120 id
1385 2067 1501 2135 est,
1540 2059 1714 2141 ipsos
1746 2077 1849 2140 po-

346 2164 474 2219 stes
508 2157 600 2219 ita
631 2156 954 2233 formavit,
988 2159 1159 2239 quod
1201 2158 1472 2239 quilibet
1505 2158 1705 2239 postis
1749 2176 1849 2220 se-

345 2257 634 2319 cundum
658 2256 1122 2337 longitudinem
1145 2276 1326 2319 suam
1347 2256 1570 2319 habuit
1589 2258 1848 2337 angulos

343 2355 662 2437 quinque.
697 2356 772 2417 Et
803 2364 871 2418 ut
904 2356 970 2417 in
1003 2355 1390 2419 Scholastica
1424 2354 1626 2417 fertur
1657 2356 1851 2418 histo-

349 2456 466 2531 ria,
517 2455 585 2516 in
624 2456 851 2536 quinto
901 2454 1134 2535 angulo
1186 2455 1415 2530 medio,
1461 2454 1580 2518 hoc
1630 2463 1727 2517 est
1778 2455 1844 2517 in

351 2553 570 2616 medio
597 2552 816 2633 anguli
843 2552 1078 2634 quinti,
1105 2552 1394 2615 cardines
1427 2553 1682 2615 stabant
1701 2552 1850 2615 affi-

353 2652 438 2729 xi,
463 2652 638 2715 circa
664 2670 828 2733 quos
858 2650 1088 2714 ostiola
1117 2651 1561 2715 movebantur.
1587 2652 1850 2714 Verum-

357 2758 572 2813 tamen
599 2749 864 2831 quidam
895 2758 1222 2830 exponunt
1253 2749 1340 2811 ita
1373 2749 1753 2832 supplendo,
1775 2750 1849 2812 Et

351 2858 574 2931 postes
603 2848 982 2929 angulorum
1025 2856 1207 2910 erant
1238 2848 1550 2930 quinque,
1597 2849 1846 2931 supple,

349 2947 745 3011 cubitorum.
793 2950 880 3009 Et
921 2950 1050 3007 duo
1091 2948 1256 3007 ostia
1297 2951 1377 3007 de
1417 2950 1616 3025 lignis
1659 2950 1854 3009 oliva-

1959 1962 2086 2024 ries
2132 1961 2241 2025 ille
2284 1982 2360 2025 cx
2404 1970 2670 2043 utraque
2718 1972 2897 2044 parte
2946 1963 3325 2037 continuus3
3358 1981 3455 2025 se-

1959 2062 2239 2123 cundum
2269 2061 2427 2124 alios
2459 2069 2671 2124 autem
2702 2071 2880 2124 erant
2914 2062 3005 2125 sic
3028 2062 3257 2144 posita,
3282 2062 3452 2143 quod

1960 2178 2159 2221 unum
2191 2159 2365 2221 stetit
2394 2159 2571 2239 juxta
2604 2160 2767 2222 latus
2793 2160 3210 2223 meridionale
3242 2180 3456 2223 oracu-

1959 2256 2028 2333 li,
2063 2257 2236 2319 aliud
2282 2257 2461 2337 juxta
2510 2257 2673 2320 latus
2722 2258 3096 2339 aquilonare
3145 2259 3213 2321 in
3264 2278 3449 2321 muro

1959 2354 2231 2431 oraculi,
2285 2355 2399 2435 qui
2440 2355 2763 2419 dividebat
2826 2357 2993 2420 inter
3042 2358 3341 2420 Sanctum
3391 2366 3453 2421 et

1961 2454 2259 2517 Sanctum
2292 2462 2678 2517 sanctorum.
2702 2459 2786 2517 Ει
2812 2458 3081 2533 sculpsit
3116 2459 3457 2519 Cherubim

1961 2562 2022 2613 et
2051 2558 2312 2631 palmas
2344 2564 2403 2614 ec
2440 2558 2782 2615 ca’laturas
2832 2558 3019 2617 valde
3066 2558 3412 2617 eminentes
3429 2580 3459 2629 ,-

1959 2655 2335 2731 operuitque
2349 2654 2566 2713 omnia
2586 2655 2854 2714 laminis
2875 2656 3087 2714 aureis
3105 2674 3287 2731 opere
3307 2676 3459 2733 qua·

1959 2753 2103 2819 dr0,
2126 2759 2314 2832 prout
2338 2750 2541 2813 forma
2560 2768 2781 2813 eorum
2809 2771 2955 2833 quae
2973 2752 3449 2834 operiebantur,

1962 2848 2192 2929 exegit,
2216 2852 2303 2909 ad
2330 2854 2647 2926 requlam,
2668 2849 2787 2912 hoc
2820 2858 2915 2912 cst
2942 2852 3022 2913 ad
3055 2850 3289 2914 lineam
3311 2874 3325 2926 3
3351 2852 3453 2915 vel

1965 2964 2170 3009 aureae
2203 2946 2328 3011 illae
2361 2946 2612 3011 laminae
2645 2945 2829 3011 factae
2862 2947 3123 3011 fuerunt
3150 2951 3459 3031 quadran·

351 3068 532 3107 rum.
567 3048 655 3107 Et
695 3046 964 3124 sculpsit
1011 3047 1084 3104 in
1127 3048 1218 3104 eis
1247 3046 1583 3124 picturam
1617 3048 1856 3107 Cheru·
1890 3044 1934 3109 C
1961 3045 2166 3126 gulari
2200 3044 2410 3128 figura
2432 3066 2575 3109 cum
2612 3046 2828 3109 lineali
2861 3046 3233 3111 directione.

351 3149 514 3218 bim,
569 3145 734 3224 siout
792 3143 1148 3227 expositum
1199 3153 1326 3222 est,
1371 3154 1433 3206 et
1473 3150 1854 3225 palmarum

349 3248 614 3324 species,
645 3256 704 3306 et
732 3246 1114 3322 anaylyplza
1160 3247 1347 3304 valde
1383 3247 1849 3323 prominentia,

355 3345 422 3406 id
453 3353 554 3407 est
601 3343 958 3406 eminentes
1009 3341 1288 3424 picturas
1330 3362 1440 3406 seu
1493 3342 1854 3425 prominen-

351 3453 452 3506 tes
473 3443 806 3506 caelaturas
828 3465 842 3516 ;
866 3451 926 3502 ec
958 3444 1116 3502 tea-ic
1145 3461 1220 3501 ea
1249 3462 1434 3514 aur0,
1463 3441 1524 3503 id
1556 3450 1653 3505 est
1682 3442 1856 3505 lami-

353 3543 460 3604 nis
489 3541 736 3616 aureis;
772 3551 832 3601 et
851 3542 1103 3618 operuit
1140 3551 1269 3601 tam
1296 3542 1636 3601 Cherubim
1656 3561 1854 3620 quam

343 3647 613 3720 palmas
641 3651 702 3701 ec
730 3649 937 3701 cetera
967 3659 1151 3700 aum.

436 3742 740 3820 Fecitque
787 3741 857 3798 in
913 3740 1190 3798 introitu
1242 3740 1483 3816 templi,
1533 3737 1597 3799 id
1642 3745 1738 3799 est
1786 3736 1852 3799 in

353 3839 604 3922 pariet-e
647 3835 966 3912 orientali,
1000 3855 1114 3917 per
1154 3855 1346 3917 quem
1395 3835 1750 3898 intrabatur
1788 3837 1853 3898 in

353 3939 637 4021 primam
669 3944 731 3998 et
765 3935 1140 3998 exteriorem
1181 3935 1402 4017 templi
1449 3943 1716 4017 partem,
1743 3957 1857 4016 po-

352 4049 478 4098 stes
508 4039 591 4097 de
619 4036 821 4112 liquis
848 4035 1175 4094 olivarum
1196 4037 1774 4113 quadranqulatoe,
1792 4035 1855 4097 id

355 4145 454 4200 est
485 4141 764 4216 quatuor
797 4131 1174 4213 angulorum
1211 4149 1224 4193 :
1259 4140 1322 4195 et
1350 4131 1441 4195 sic
1472 4142 1686 4214 postes
1717 4152 1855 4196 ora-

2043 3145 2128 3207 De
2158 3145 2441 3227 praelatis
2468 3145 2649 3209 ostiis
2680 3146 2904 3209 scribit
2934 3147 3229 3228 Magister
3262 3147 3327 3210 in
3359 3148 3455 3210 hi-

1963 3243 2176 3306 storiis
2215 3261 2227 3305 :
2262 3245 2451 3306 Fores
2483 3244 2619 3307 istae
2650 3253 2838 3308 tantae
2880 3246 3133 3309 fuerant
3162 3256 3459 3310 venusta-

1964 3342 2067 3418 tis,
2099 3350 2170 3404 ut
2215 3342 2406 3404 etiam
2436 3341 2634 3405 David
2683 3344 3071 3425 prophetans
3102 3347 3181 3408 de
3232 3346 3454 3428 templi

1963 3441 2415 3516 destructione,
2464 3461 2569 3504 eas
2620 3442 2997 3504 nominatim
3047 3446 3448 3527 expresserit,

1961 3540 2179 3602 dicens
2218 3557 2231 3602 :
2266 3539 2651 3602 Exciderunt
2672 3540 2903 3621 januas
2932 3542 3095 3623 ejus,
3129 3542 3355 3625 Atque,
3381 3553 3453 3608 ut
3504 3569 3739 3624 Pam-n.

1958 3639 2269 3720 Josephus
2299 3638 2407 3714 ait,
2435 3657 2560 3701 non
2593 3647 2727 3700 erat
2758 3638 2823 3699 in
2854 3639 2947 3702 eis
2978 3640 3220 3721 lignum
3244 3645 3451 3724 majus
3479 3637 3518 3677 ⁶·

1962 3738 2174 3820 palmo
2196 3755 2209 3798 :
2229 3738 2401 3819 quod
2437 3735 2597 3800 forte
2629 3738 2970 3801 notaturin
3002 3739 3167 3803 libro
3188 3742 3445 3822 Regum,

1961 3854 2162 3917 quum
2193 3835 2449 3912 dicitur,
2482 3833 2682 3917 Opere
2730 3836 2973 3917 quadro
3012 3839 3091 3900 ad
3141 3840 3447 3920 regulam.

1965 3934 2037 3995 Et
2068 3942 2204 3996 erat
2231 3934 2499 3996 altitudo
2524 3953 2741 3996 earum
2775 3935 3037 4016 triginta
3064 3937 3448 4017 cubitorum,

1966 4033 2316 4096 secundum
2357 4032 2757 4096 altitudinem
2799 4033 3124 4097 inferioris
3164 4053 3457 4101 coenacu-

1968 4131 2013 4192 li
2059 4149 2169 4193 seu
2211 4130 2407 4212 partis
2452 4129 2694 4212 templi.
2740 4131 2858 4194 Sed
2901 4134 3072 4214 quod
3120 4135 3274 4198 dicit
3316 4136 3455 4199 lati-

355 4235 513 4309 culi,
551 4231 871 4314 quierant
911 4230 1200 4311 quinque
1241 4230 1643 4310 angulorum,
1677 4239 1858 4294 erant
1889 4235 1940 4296 D
1970 4229 2255 4292 tudinem
2295 4249 2512 4292 earum
2556 4227 2752 4292 fuisse
2791 4229 3019 4310 viginti
3067 4233 3452 4314 cubitorum,

354 4332 650 4397 ornatius
701 4329 851 4392 sacti
900 4348 1096 4410 quam
1143 4329 1272 4404 isti,
1319 4329 1484 4392 sicut
1526 4330 1855 4392 oraculum

355 4431 648 4494 sanetius
680 4428 844 4504 fuit3
876 4439 935 4488 ec
965 4431 1092 4487 duo
1124 4431 1288 4488 ostia
1327 4432 1405 4488 de
1444 4431 1644 4506 liynis
1687 4433 1856 4490 abie-

347 4534 506 4610 9m's
537 4531 943 4590 altrinsecus.
979 4526 1131 4588 Nam
1166 4527 1331 4589 inter
1360 4527 1524 4589 ostia
1553 4527 1664 4590 illa
1695 4529 1854 4591 situs

355 4627 606 4693 exstitit
632 4625 832 4709 postis
863 4623 1092 4687 firmus
1124 4632 1186 4687 et
1227 4624 1505 4704 grandiS,
1541 4627 1619 4688 ad
1662 4646 1854 4708 quem

355 4725 862 4800 claudebantur3
915 4723 1136 4804 sicque
1185 4742 1312 4786 una
1357 4724 1550 4805 janua
1605 4723 1726 4787 suit
1779 4746 1855 4789 ex

357 4847 490 4889 una
537 4833 718 4907 parte
765 4823 964 4906 postis
1017 4822 1212 4898 illius,
1249 4831 1311 4885 et
1358 4823 1485 4885 alia
1533 4841 1608 4886 ex
1657 4824 1857 4887 altera

355 4924 564 5008 postis
611 4929 789 5003 parte
834 4937 847 4981 τ
894 4920 1130 4983 idcirco
1176 4920 1476 4982 dicuntur
1527 4920 1724 4986 fuisse
1774 4923 1857 4985 al-

353 5023 693 5086 trinsecus,
712 5023 796 5082 Εἰ
820 5029 1163 5099 utrumque
1182 5022 1416 5080 ostium
1435 5024 1683 5097 duplex
1700 5032 1853 5094 erac,

351 5133 498 5184 etse
523 5122 800 5181 invicem
826 5127 1040 5178 tenens
1064 5119 1494 5194 aperiebatur.
1514 5117 1687 5191 Quod
1711 5119 1859 5182 duo-

355 5220 480 5283 bus
531 5217 739 5280 modis
789 5215 1148 5297 exponitur.
1189 5215 1421 5293 Primo,
1455 5215 1609 5298 quia
1656 5237 1855 5280 unum

359 5315 684 5402 pendebat
707 5315 774 5377 in
803 5312 1098 5377 exteriori
1121 5313 1380 5396 parietis
1411 5313 1779 5397 superficie,
1795 5324 1860 5378 et

1967 4328 2220 4390 videtur
2267 4336 2431 4390 stare
2482 4346 2607 4391 non
2667 4346 2872 4409 posse,
2924 4331 3227 4411 quoniam
3284 4343 3487 4404 tanta.

1969 4427 2211 4490 exstitit
2244 4426 2464 4510 templi
2501 4427 2807 4491 latitudo:
2842 4427 3062 4510 sicque
3096 4431 3177 4494 ab
3210 4433 3454 4496 oriente

1969 4545 2096 4589 non
2131 4525 2359 4589 fuisset
2390 4545 2630 4588 murus,
2658 4525 2777 4589 Sed
2798 4546 2873 4590 ex
2905 4527 3071 4592 libro
3091 4529 3328 4610 Regum
3350 4551 3455 4614 pa-

1971 4633 2056 4688 tet
2097 4625 2564 4701 determinatio,
2604 4625 2714 4688 ubi
2764 4625 2854 4688 sic
2897 4626 3129 4707 legitur
3164 4629 3453 4693 :Ostium

1968 4723 2201 4806 duplex
2232 4731 2385 4800 erat,
2422 4732 2485 4786 et
2514 4743 2582 4787 se
2613 4724 2888 4788 invicem
2932 4733 3178 4804 tenenS,
3213 4729 3456 4810 aperie-

1968 4823 2170 4885 batur.
2206 4822 2353 4883 Erat
2382 4823 2677 4903 equidem
2724 4822 2989 4887 latitudo
3034 4827 3201 4888 muri
3231 4828 3451 4891 decem

1963 4920 2341 4997 cubitorum,
2363 4929 2423 4983 et
2442 4929 2757 5004 apertura,
2784 4920 2848 4982 in
2868 4941 2997 5003 qua
3024 4923 3235 5004 januae
3254 4933 3451 5004 erant,

1963 5019 2259 5082 similiter
2289 5019 2504 5082 decem
2542 5037 2555 5081 :
2592 5029 2655 5083 et
2695 5019 2783 5083 ita
2826 5019 2893 5082 in
2933 5040 3117 5084 muro
3156 5023 3452 5087 orientali

1964 5117 2341 5180 altrinsecus
2379 5127 2754 5200 supererant
2791 5119 3077 5200 quinque
3118 5121 3345 5184 cubiti.
3385 5125 3451 5186 ln

1965 5225 2259 5298 apertura
2278 5235 2429 5280 vero
2460 5225 2640 5279 erant
2668 5225 2939 5297 quatuor
2972 5217 3163 5298 soreS,
3187 5222 3331 5285 duae
3350 5241 3455 5285 ex-

1966 5315 2303 5392 trinsecuS,
2324 5324 2387 5378 et
2415 5316 2555 5378 duae
2576 5315 2980 5394 intrinsecuS,
3000 5337 3271 5400 quarum
3303 5341 3455 5396 una-,
