4359 6250
899 497 1248 544 ENARRATIO
1291 499 1353 543 IN
1399 497 1535 544 cAP.
1583 494 1732 542 xvm
1773 495 1932 540 LIBRI
1971 495 2169 540 TERTn
2209 491 2433 542 REGUH.
2480 515 2560 526 --
2600 493 2745 544 ΛΒΤ.
2790 491 2939 542 XXVI
3339 470 3455 538 707

357 677 571 739 tuum,
605 667 670 730 id
714 675 831 745 est,
866 669 1020 750 jube
1048 688 1196 732 eum
1237 667 1467 752 parari,
1503 676 1566 730 et
1605 667 1856 750 applica
1885 665 1938 728 A
1967 668 2260 730 colebant
2301 669 2663 732 Dominum.
2696 669 2775 729 Et
2816 666 3008 750 paulo
3050 673 3195 748 post
3236 663 3455 728 subdi-

352 783 500 827 eum
549 765 693 843 tibi,
727 775 798 828 ut
829 766 896 828 in
939 785 1014 828 eo
1058 765 1186 829 cito
1214 766 1470 830 veharis
1516 767 1585 828 in
1630 765 1854 828 urbem
1967 775 2070 828 tur
2114 766 2206 828 ibi
2243 784 2257 828 ε
2292 767 2368 828 Et
2413 786 2559 830 cum
2603 766 2941 829 Dominum
2991 765 3293 842 colerent,
3326 762 3453 826 diis
3512 775 3562 818 Ν
3586 776 3699 832 Reo-

349 863 590 926 Jezrael
633 865 916 943 nomine,
951 877 1010 926 et
1052 869 1356 926 descende
1397 886 1477 926 ree
1513 875 1768 943 occupet
1800 875 1856 924 te
1965 883 2224 946 quoque
2272 865 2403 927 suis
2452 864 2834 928 serviebant.
2886 864 3009 928 Nec
3060 882 3279 926 verum
3330 869 3448 938 est,
3482 841 3669 890 ¹v¹¹'³³·

342 963 607 1038 pluvia.
663 967 1002 1043 Quumque
1035 984 1101 1023 se
1145 973 1458 1024 verterent
1494 965 1620 1024 huo
1664 972 1856 1041 acque
1964 963 2138 1044 quod
2167 963 2378 1025 cultus
2410 963 2519 1026 Dei
2552 982 2680 1026 non
2712 970 2927 1044 posset
2954 981 3092 1024 esse
3120 961 3259 1023 sine
3298 958 3454 1022 cari-

351 1061 544 1130 illuc,
563 1081 700 1122 ecoe
727 1064 872 1124 coeli
899 1063 1333 1123 contenebrati
1357 1072 1534 1132 sunt,
1553 1071 1614 1122 et
1635 1063 1854 1130 nubes,
1967 1067 2112 1138 tate,
2156 1080 2354 1143 quum
2394 1061 2680 1124 Christus
2720 1061 2787 1123 in
2820 1060 3160 1142 Evangelio
3190 1079 3267 1122 ex
3294 1057 3453 1121 Isaia

349 1169 412 1218 ec
457 1169 713 1230 ventus,
736 1170 796 1221 et
824 1162 1006 1237 facta
1035 1171 1126 1222 esc
1145 1163 1385 1238 pluvia
1402 1161 1700 1236 yrandiS.
1734 1161 1854 1218 As-
1963 1159 2194 1240 allegat
2231 1178 2244 1220 :
2278 1161 2345 1223 ln
2389 1180 2625 1224 vanum
2672 1168 2881 1223 autem
2928 1160 3147 1222 colunt
3190 1177 3313 1221 mc.
3365 1157 3450 1218 De
3522 1174 3590 1219 ιι.
3617 1187 3730 1224 mx,

349 1261 630 1318 cendens
659 1261 882 1338 itaque
911 1262 1156 1330 Achab,
1187 1261 1352 1320 abiit
1373 1261 1446 1320 in
1469 1261 1742 1319 Iezrael.
1771 1260 1854 1318 Ec
1965 1256 2325 1321 Sarracenis
2362 1278 2619 1341 quoque
2662 1258 2989 1337 asseritur,
3020 1257 3192 1340 quod
3232 1254 3453 1319 colunt
3478 1238 3743 1351 ἔξᾊῖιξὲξξ·

351 1376 591 1416 manus
619 1359 894 1418 Domini
934 1359 1116 1435 faeta
1153 1367 1242 1419 esc
1284 1377 1476 1434 super
1511 1358 1752 1426 Etiam,
1788 1355 1848 1416 id
1964 1376 2162 1419 unum
2194 1358 2412 1434 Deum,
2448 1376 2717 1439 quorum
2750 1356 2959 1419 cultus
2991 1364 3088 1419 est
3118 1355 3258 1418 sine
3296 1352 3451 1416 cari·
3478 1365 3606 1414 vnd-

349 1461 470 1529 est,
505 1454 732 1517 divina
761 1455 962 1517 virtus
1006 1455 1396 1520 confortavit
1425 1474 1594 1532 eum,
1630 1463 1694 1517 et
1723 1453 1852 1536 spi·
1965 1464 2090 1519 tate
2125 1473 2139 1516 :
2188 1463 2253 1518 et
2294 1456 2587 1538 quamvis
2630 1454 2836 1518 cultus
2876 1455 2985 1518 Dei
3032 1453 3341 1518 formatus
3390 1460 3454 1514 et

351 1551 516 1614 ritus
548 1553 756 1615 divini
795 1553 1068 1617 fervoris
1099 1573 1244 1617 eum
1288 1553 1600 1630 accendit,
1636 1554 1850 1613 accin—
1961 1554 2325 1617 meritorius
2348 1563 2538 1637 atque
2559 1554 2826 1617 interior
2847 1553 3289 1637 principaliter
3311 1571 3455 1615 con-

349 1653 598 1730 ctisque
637 1653 900 1722 lumbiS,
939 1655 1238 1713 currebat
1281 1663 1431 1714 ante
1473 1654 1714 1723 Achab,
1749 1658 1850 1712 ut·
1961 1652 2144 1714 sistat
2191 1652 2259 1715 in
2300 1653 2451 1730 fide,
2486 1671 2599 1734 spe
2645 1660 2708 1716 et
2750 1652 3035 1728 caritate,
3059 1669 3453 1732 consequen-

351 1755 504 1829 pote
531 1768 793 1812 currum
815 1751 956 1832 ejus
978 1752 1363 1833 praeceden3‚
1387 1755 1583 1812 donec
1604 1751 1850 1810 veniret
1960 1758 2056 1812 ter
2085 1759 2297 1814 tamen
2328 1752 2393 1814 in
2428 1751 2699 1814 aliorum
2734 1769 2993 1832 quoque
3026 1749 3449 1815 observantiis

351 1849 427 1906 in
445 1849 724 1909 Jezrael.
750 1848 1020 1911 Tantum
1052 1849 1445 1931 gloriabatur
1482 1848 1546 1910 in
1577 1847 1845 1911 Domino
1887 1845 1932 1906 B
1961 1857 2422 1931 praeceptorum
2463 1850 2673 1912 cultus
2717 1849 2827 1912 Dei
2870 1848 3183 1926 consistit,
3219 1848 3347 1912 imo
3389 1856 3454 1910 et

349 1944 431 2008 dc
491 1945 974 2010 idololatrarum
1035 1947 1411 2029 dejectione,
1467 1945 1842 2011 idololatriae
1960 1947 2176 2029 aliquo
2226 1949 2415 2011 modo
2456 1948 2524 2009 in
2563 1947 2810 2010 actibus
2854 1947 3039 2010 bonis
3078 1965 3155 2010 ex
3193 1965 3445 2027 genere.

350 2043 826 2125 reprobatione,
851 2055 917 2108 et
944 2045 1148 2109 divini
1179 2044 1387 2110 cultus
1419 2045 1839 2128 promotione,
1958 2045 2134 2109 Unde
2154 2054 2217 2109 et
2238 2055 2457 2109 sancto
2477 2046 2817 2108 Eustachio
2838 2045 3044 2109 adhuc
3062 2045 3313 2126 gentili,
3338 2045 3449 2108 sed

349 2141 932 2226 impetrationeque
964 2144 1234 2226 pluviae3
1281 2153 1344 2207 et
1380 2163 1488 2208 eos
1519 2143 1841 2226 quierant
1959 2144 2205 2207 actibus
2254 2144 2705 2209 misericordiae
2749 2144 2934 2208 valde
2984 2143 3253 2219 intento,
3278 2144 3453 2210 locu.-

349 2239 420 2302 in
448 2241 710 2318 Jezrael,
745 2241 1092 2305 informare
1121 2243 1384 2325 optavit.
1958 2250 2060 2305 tus
2091 2250 2188 2305 est
2210 2241 2497 2305 Christus
2533 2260 2547 2303 :
2581 2241 2711 2322 Ego
2742 2261 2883 2304 sum
2911 2260 3106 2323 quem
3150 2241 3451 2322 ignorans

443 2339 628 2402 Circa
686 2339 1039 2421 praehabita
1092 2341 1420 2422 quaeritur,
1473 2359 1640 2403 anne
1679 2339 1848 2401 Elias
1959 2340 2138 2405 coliS.
2172 2341 2515 2419 Postremo,
2550 2341 2844 2423 quamvis
2889 2359 3017 2403 non
3064 2340 3147 2402 sit
3189 2358 3453 2404 conver-

349 2437 666 2519 peccavit,
699 2439 1018 2503 monendo
1050 2439 1326 2502 cultores
1356 2438 1501 2501 Baal
1533 2439 1610 2501 ad
1655 2437 1848 2500 sacri-
1961 2439 2227 2504 tibiliter
2257 2441 2448 2517 idem,
2483 2441 2682 2503 Deum
2713 2440 2923 2503 colere
2952 2448 3017 2503 et
3047 2439 3245 2502 Deum
3278 2440 3451 2502 time-

349 2535 684 2599 l'icandum
724 2536 806 2613 ei,
840 2545 1031 2619 atque
1076 2538 1155 2600 ad
1206 2538 1630 2601 invocandum
1673 2555 1841 2600 eum.
1961 2558 2046 2614 re,
2077 2539 2380 2620 quoniam
2410 2539 2648 2602 habent
2678 2557 2746 2601 se
2776 2538 2944 2601 sicut
2979 2556 3181 2620 genus
3212 2545 3276 2601 et
3306 2558 3449 2620 spe·

348 2634 822 2716 Respondetur,
875 2636 1046 2717 quod
1111 2654 1237 2698 non
1304 2635 1673 2698 hortabatur
1737 2653 1845 2698 eos
1959 2636 2112 2714 cieS‚
2147 2645 2359 2701 tamen
2389 2638 2586 2701 Deum
2626 2637 2872 2713 timere,
2907 2646 3004 2700 est
3033 2637 3243 2701 colere
3273 2656 3445 2716 eum,

347 2734 430 2795 ad
461 2732 709 2796 cultum
742 2733 1060 2797 idolorum
1091 2735 1351 2812 directe,
1389 2743 1458 2798 ut
1488 2734 1732 2799 scilicet
1763 2732 1851 2796 fa·
1959 2736 2308 2818 praesertim
2359 2736 2513 2818 quia
2562 2735 2627 2797 in
2679 2735 2845 2798 libro
2891 2734 3029 2811 Job,
3066 2734 3177 2797 ubi
3230 2744 3451 2799 nostra

349 2840 574 2894 cerent
613 2831 724 2894 illa
759 2833 842 2895 ad
885 2831 1202 2897 idolorum
1251 2835 1580 2911 honorem,
1616 2835 1726 2897 sed
1775 2841 1848 2896 ut
1961 2834 2150 2897 habet
2190 2834 2543 2911 translatio,
2579 2834 2737 2897 Ecce
2779 2834 2969 2896 timor
2998 2833 3273 2910 Domini,
3310 2835 3450 2916 ipsa
3504 2859 3589 2903 ,τοι
3604 2873 3743 2911 mm.

352 2929 644 2994 facerent
674 2930 806 3008 illa,
831 2939 1148 3012 quatenus
1170 2952 1283 3015 per
1313 2953 1388 2996 ea
1408 2933 1850 2997 ostenderetur
1960 2941 2056 2998 est
2085 2933 2399 3016 sapientia
2423 2956 2438 3008 ;
2474 2932 2665 2996 habet
2694 2930 3027 2996 translatio
3058 2939 3263 3009 vetuS,
3289 2932 3449 2996 Eece
3482 2924 3547 2966 ²⁸·

352 3048 580 3092 eorum
607 3028 904 3112 persidia,
939 3038 1002 3093 et
1041 3031 1176 3095 veri
1209 3032 1315 3094 Dei
1357 3032 1844 3114 omnipotentia,
1887 3029 1931 3093 C
1963 3032 2164 3115 pietas
2197 3051 2308 3095 seu
2339 3031 2549 3095 cultus
2580 3031 2712 3109 Dei,
2738 3030 2877 3113 ipsa
2906 3039 3002 3094 est
3032 3030 3369 3112 sapientia.

354 3130 468 3193 sed
509 3130 903 3211 permissive,
940 3148 1066 3193 non
1109 3131 1456 3209 inductive,
1492 3133 1842 3195 secundum
2059 3134 2291 3196 lterum
2344 3132 2503 3214 Lyra
2551 3132 2641 3193 ait
2686 3131 2753 3193 in
2802 3131 2996 3214 hujus
3046 3130 3453 3213 expositione

83 3240 322 3331 ,¹.⁰⁰’²'²·¹'¹⁸
353 3227 532 3309 quod
567 3226 856 3289 Christus
886 3227 1048 3290 dixit
1087 3230 1162 3291 ad
1199 3230 1588 3312 proditorem
1620 3248 1634 3291 :
1667 3228 1844 3303 Quod
1959 3230 2248 3313 capituli,
2302 3230 2475 3312 quod
2524 3229 2847 3312 prophetae
2894 3229 3038 3292 Baal
3079 3237 3449 3311 acceptave-

83 3322 139 3346 “’·
357 3324 544 3403 faciS,
582 3325 687 3388 fac
715 3325 930 3389 citius.
1962 3337 2110 3392 runt
2138 3328 2644 3411 propositionem
2673 3328 2847 3405 Eliae,
2882 3328 3176 3404 dicentiS,
3213 3328 3453 3391 Dentur

439 3423 520 3486 At
550 3442 703 3488 vero
737 3425 908 3488 circa
947 3425 1128 3501 illud,
1159 3425 1502 3509 Usquequo
1535 3426 1854 3489 claudica-
1963 3426 2146 3490 nobis
2181 3426 2307 3488 duo
2347 3425 2565 3503 boveS,
2596 3434 2742 3503 etc.,
2769 3426 2923 3508 quia
2959 3425 3273 3507 compulsi
3323 3425 3458 3489 fue-

354 3522 440 3585 tis
489 3522 560 3584 in
605 3523 764 3586 duas
811 3526 1067 3605 partes?
1113 3525 1341 3587 asserit
1389 3525 1596 3606 Lyra:
1630 3524 1844 3606 Aliqui
1961 3535 2109 3589 runt
2155 3526 2235 3587 ad
2286 3526 2405 3587 hoc
2441 3543 2479 3586 a
2526 3524 2765 3607 populo
2812 3524 3209 3606 approbante
3261 3524 3456 3588 verba

351 3638 579 3684 eorum
629 3620 927 3685 colebant
977 3623 1189 3699 Deum,
1225 3629 1482 3686 etcum
1532 3623 1653 3687 hoc
1680 3622 1849 3701 Baal,
1962 3624 2134 3687 Eliae.
2184 3621 2486 3697 Quocirca
2535 3622 2819 3704 loquitur
2863 3622 3091 3684 Paulus
3143 3622 3263 3685 iste
3297 3640 3313 3684 :
3348 3623 3457 3685 Po-

351 3719 527 3783 sicut
582 3718 663 3783 de
720 3720 1134 3783 Samaritanis
1193 3721 1426 3784 dicitur
1486 3721 1678 3784 infra.
1731 3722 1851 3785 Sed
1963 3731 2083 3787 test
2129 3722 2279 3800 dici,
2333 3721 2505 3804 quod
2554 3720 2879 3803 prophetae
2928 3720 3093 3797 Baal,
3140 3728 3442 3803 tanquam

353 3826 583 3883 eontra
611 3819 734 3882 hoc
777 3819 1002 3883 scribit
1031 3818 1230 3882 Rabbi
1261 3820 1493 3883 Paulus
1531 3838 1546 3882 ε
1583 3820 1855 3883 Samari·
1965 3820 2219 3904 penitus
2280 3819 2599 3897 infideleS,
2648 3818 2812 3882 sicut
2857 3836 2985 3881 non
3035 3818 3453 3883 confidebant

353 3919 492 3981 tani
541 3937 672 3982 non
720 3918 1016 3983 colebant
1046 3920 1267 3996 Deum,
1302 3920 1412 3983 sed
1461 3921 1614 3984 deos
1662 3939 1849 3995 suos;
1963 3922 2042 3983 de
2085 3918 2218 3981 suis
2260 3917 2679 3995 daemonibuS,
2705 3918 2875 4000 quod
2924 3916 3208 3981 facerent
3236 3916 3452 3999 ignem

355 4037 479 4081 nec
519 4017 693 4081 infra
733 4018 968 4082 dicitur
1009 4019 1088 4081 de
1137 4019 1252 4096 εἰς,
1287 4018 1410 4081 nisi
1459 4020 1630 4101 quod
1679 4020 1858 4083 time·
1962 4018 2367 4095 descendere,
2402 4017 2491 4080 ita
2534 4036 2653 4080 nec
2694 4016 3039 4080 credebant
3076 4016 3248 4098 quod
3282 4016 3452 4079 Elias

353 4116 517 4178 bant
538 4118 759 4180 Deum.
779 4117 970 4180 Aliud
993 4116 1164 4181 enim
1187 4125 1284 4181 est
1305 4118 1530 4181 timere
1551 4118 1768 4197 Deum,
1794 4127 1858 4182 et
1965 4118 2084 4181 hoc
2125 4116 2381 4180 faceret.
2415 4116 2510 4177 Ad
2558 4115 2730 4198 quod
2777 4114 2943 4192 dico,
2976 4114 3149 4196 quod
3193 4114 3439 4177 dictum

352 4214 536 4277 aliud
565 4216 776 4279 colere
804 4234 993 4280 eum:
1029 4216 1334 4298 quoniam
1365 4216 1557 4280 timor
1595 4217 1848 4283 servilis
1888 4219 1937 4281 D
1968 4217 2087 4280 hoc
2113 4215 2290 4278 Pauli
2333 4233 2463 4277 non
2493 4220 2799 4277 consonat
2844 4212 3063 4276 textui.
3100 4212 3231 4275 Nisi
3275 4213 3448 4277 enim

355 4320 731 4396 potestesse
761 4314 902 4377 sine
930 4315 1212 4391 caritate,
1239 4334 1368 4379 non
1400 4323 1614 4379 tamen
1646 4316 1854 4379 cultus
1968 4314 2292 4397 prophetae
2348 4311 2491 4375 Baal
2548 4311 2987 4388 credidissent,
3041 4310 3253 4395 ipsum
3312 4311 3457 4375 Baal

357 4412 496 4490 Dei,-
529 4412 744 4494 quiin
778 4412 930 4490 side,
964 4432 1077 4495 spe
1123 4422 1187 4477 et
1231 4414 1492 4477 caritate
1536 4414 1850 4491 consistit,
1967 4432 2154 4495 posse
2194 4412 2407 4493 ignem
2448 4412 2783 4474 desursum
2816 4410 3157 4493 deponere,
3191 4429 3321 4474 non
3366 4411 3463 4473 in-

357 4512 718 4573 secundum
765 4511 1212 4592 Augustinum.
1263 4513 1404 4575 Haec
1460 4511 1660 4575 Rabbi
1706 4513 1861 4575 Pau·
1967 4510 2274 4574 cidissent
2316 4529 2384 4573 se
2425 4508 2649 4573 cultris
2690 4517 2884 4592 atque
2926 4508 3231 4573 lanceolis
3259 4511 3462 4575 donec

361 4610 488 4687 luS,
520 4610 708 4691 cujus
737 4609 933 4673 verba
961 4620 1112 4673 sunt
1150 4610 1617 4675 inconsiderate
1649 4611 1857 4693 prola·
1969 4609 2279 4692 sanguine
2318 4608 2876 4692 perfunderentur,
2908 4616 2979 4669 ut
3006 4609 3107 4671 vel
3141 4608 3235 4672 sic
3277 4628 3462 4672 exau-

359 4716 450 4783 ta,
484 4707 794 4789 quoniam
833 4706 1002 4769 infra
1056 4708 1222 4771 libro
1269 4717 1496 4790 quarto
1547 4708 1856 4791 scriptum
1971 4709 2259 4771 dit-entur
2285 4727 2324 4770 a
2352 4706 2518 4769 Baal.
2556 4706 2627 4767 Hi
2657 4725 2917 4788 quoque
2944 4706 3059 4789 qui
3088 4707 3309 4771 colunt
3338 4706 3457 4768 fal-
3535 4732 3750 4789 swam,

127 4822 172 4865 xv
197 4824 305 4877 neq.
361 4814 464 4867 est
499 4823 514 4867 :
548 4804 956 4888 Unaquaeque
994 4824 1150 4887 gens
1190 4804 1496 4869 fabricata
1525 4814 1622 4870 est
1666 4807 1858 4870 deum
1971 4826 2072 4871 sos
2100 4808 2276 4881 deoS,
2300 4805 2617 4869 aestimant
2642 4822 2753 4867 eos
2774 4823 2959 4887 posse
2990 4804 3283 4868 conferre
3314 4804 3459 4868 sub·
3486 4798 3664 4902 ffivfflss
3688 4796 3755 4841 ¹⁸·

287 4888 330 4928 Ξ·
359 4922 578 4980 suum,
615 4913 1092 4987 posueruntque
1129 4922 1238 4967 eos
1283 4903 1348 4966 in
1382 4903 1550 4967 fanis
1599 4904 1860 4969 excelsis
1971 4907 2134 4970 sidia
2171 4914 2236 4969 et
2278 4906 2565 4981 salutem,
2599 4904 2765 4967 sicut
2812 4904 2881 4966 in
2924 4902 3091 4967 libro
3120 4903 3459 4988 Sapientiae
3584 4890 3595 4911 ’
3668 4890 3681 4903 ’

361 5022 512 5084 quae
558 5000 844 5065 fecerant
892 5002 1252 5081 Samaritae3
1285 5011 1349 5065 et
1391 5003 1595 5067 nihilo
1643 5004 1856 5066 minus
1973 5014 2036 5069 et
2062 5005 2222 5069 Isaia
2248 5002 2594 5067 manifeste
2623 5001 2915 5066 habetur.
