4359 6250
625 781 678 824 iv
687 781 799 836 περ.
815 796 858 833 v,

597 846 664 888 ιε.

887 475 1006 539 684

1457 492 1804 538 mumulo
1846 494 1908 538 m
1949 495 2087 541 CAP.
2131 494 2243 540 xm
2286 489 2443 536 1.le
2482 491 2683 538 Titum
2722 493 2949 541 amun.
2993 509 3074 520 -
3111 489 3257 536 ΛΒΤ.
3300 489 3409 536 111

889 665 1237 747 temporale
1264 663 1420 748 quid
1449 666 1799 746 rependere
1827 665 2052 740 voluit,
2079 664 2381 728 simonia·
2404 664 2458 726 A
2488 665 2589 726 lus
2618 682 2633 726 :
2666 663 3011 742 carissimi,
3036 664 3237 728 nolite
3263 664 3439 728 omni
3468 664 3725 745 spiritui
3754 663 3977 726 crede-
4058 679 4077 720 ι
4104 678 4253 720 10222

889 784 1034 828 cum
1079 763 1222 842 fuit,
1255 773 1441 848 prout
1479 761 1650 826 infra
1687 765 1766 826 de
1807 764 2084 826 Naaman
2121 763 2379 826 induce-

889 870 1012 925 tur.
1031 865 1383 942 Respondit
1399 866 1505 923 vir
1519 866 1642 924 Dei
1660 866 1748 924 ad
1767 883 1976 940 reycm
1991 865 2106 924 :Si
2123 864 2379 922 dederis

887 964 1056 1022 mihi
1089 963 1367 1022 mediam
1401 971 1658 1038 partem
1697 965 1926 1022 domus
1969 971 2117 1032 tuoe,
2145 960 2274 1023 imo
2314 968 2377 1022 et

885 1067 1083 1124 totam
1117 1059 1398 1136 domum,
1433 1067 1765 1141 totumque
1797 1077 2085 1140 regnum,
2118 1080 2249 1120 non
2282 1079 2377 1119 ve-

885 1160 1069 1220 niam
1118 1167 1341 1230 tecum,
1375 1179 1490 1218 nec
1530 1162 1852 1220 comedam
1878 1181 2140 1238 panem,
2173 1179 2378 1239 neque

886 1259 1097 1318 bibam
1128 1277 1368 1337 aquam
1399 1260 1472 1317 in
1505 1261 1632 1318 loco
1663 1260 1805 1320 istc.
1841 1261 1954 1320 Sic
1989 1261 2164 1318 enim
2196 1279 2377 1319 man-

883 1359 1114 1416 datum
1142 1365 1232 1416 est
1261 1357 1430 1416 milti
1451 1359 1521 1416 in
1545 1377 1830 1417 sermone
1849 1359 2142 1426 Domini,
2165 1365 2228 1419 et
2258 1374 2375 1438 pro

887 1453 1065 1516 nulla
1103 1473 1172 1517 re
1217 1454 1439 1517 mundi
1481 1454 1632 1518 licet
1673 1455 1780 1518 Dei
1815 1455 2185 1519 mandatum
2218 1475 2377 1538 prae-

884 1552 1176 1630 varicari‚
1217 1554 1660 1630 proecipientis
1699 1575 1722 1612 .·
1755 1556 1902 1617 Non
1940 1557 2221 1614 comedes
2260 1575 2376 1632 pa-

885 1671 1058 1720 nem,
1109 1671 1306 1730 neque
1351 1653 1516 1712 bibes
1565 1673 1832 1731 aquam,
1884 1671 1998 1712 nec
2037 1655 2375 1714 reverteris

875 1770 998 1827 per
1027 1751 1204 1810 viam
1225 1770 1354 1828 qua
1378 1751 1633 1811 venisti.
1657 1752 1842 1811 Abiit
1860 1769 2004 1827 erqo
2024 1770 2146 1828 per
2165 1753 2369 1812 aliam

2488 783 2577 839 re,
2598 765 2707 826 sed
2730 763 2992 846 probate
3022 763 3287 846 spiritus
3318 771 3527 824 utrum
3560 783 3635 825 ex
3658 763 3785 826 Deo
3814 763 3969 824 sint.
4002 754 4059 784 ¹''
4088 745 4128 783 ¹·

2488 865 2771 924 Comedit
2800 884 2947 940 erqo
2970 883 3211 940 panem
3240 865 3313 923 in
3333 866 3518 923 domo
3534 864 3704 940 ejus,
3722 873 3783 922 et
3814 864 3973 922 bibit

2486 981 2747 1040 aquam.

2568 1061 2903 1140 Quumque
2946 1063 3235 1120 sederent
3273 1063 3363 1120 ad
3404 1080 3716 1128 mensam,
3756 1061 3975 1136 sactus

2482 1167 2573 1218 est
2615 1178 2819 1218 sermo
2860 1160 3131 1218 Domini
3176 1161 3265 1218 ad
3292 1159 3671 1236 prophetam
3712 1161 3832 1238 qui
3870 1179 3973 1216 re-

2483 1259 2767 1317 dux-erat
2794 1277 2971 1327 eum,
2992 1257 3054 1318 id
3084 1265 3183 1319 est
3214 1257 3291 1318 ad
3321 1257 3971 1338 pseudoprophetam.

2484 1355 2643 1428 Quid
2672 1362 2881 1418 autem
2905 1355 3211 1418 Dominus
3230 1353 3460 1417 dixerit
3480 1354 3633 1416 huic
3662 1354 3831 1417 falso
3860 1373 3977 1436 per

2482 1452 2804 1533 angelum,
2842 1452 2907 1514 in
2941 1461 3113 1516 textu
3146 1471 3274 1515 non
3306 1453 3707 1534 exprimitur,
3742 1455 3855 1516 sed
3896 1473 3975 1516 ex

2486 1551 2901 1632 sequentibus
2948 1551 3224 1614 elicitur.
3267 1550 3687 1616 Annuntiavit
3734 1552 3977 1614 etenim

2486 1650 2544 1712 ei
2594 1651 2747 1732 quid
2792 1650 2999 1713 bonus
3030 1650 3139 1712 ille
3172 1650 3483 1732 Propheta
3532 1668 3841 1731 passurus
3886 1671 3981 1713 es-

2488 1757 2583 1811 set
2631 1767 2747 1831 pro
2792 1748 3232 1812 inobedientia
3279 1767 3441 1810 sua:
3476 1757 3538 1812 et
3577 1747 3797 1811 forsan
3844 1767 3977 1812 non

887 1851 1090 1918 viam,
1119 1858 1178 1908 et
1210 1869 1338 1909 non
1366 1858 1456 1909 est
1504 1869 1792 1910 reversus
1811 1869 1932 1927 per
1966 1853 2090 1910 iter
2117 1871 2243 1930 quo
2274 1871 2375 1910 ve-
2413 1848 2461 1911 B
2488 1847 2648 1910 vidit
2704 1847 2981 1909 exterius
3026 1846 3326 1928 angelum
3376 1846 3445 1908 in
3492 1847 3709 1928 aliqua
3768 1846 3978 1910 forma

884 1957 1071 2008 nerat
1103 1949 1176 2007 in
1205 1949 1449 2009 Bethel.

965 2048 1312 2122 Prophetes
1355 2055 1570 2107 autem
1606 2048 1878 2126 quidam
1907 2067 2099 2107 senex
2127 2048 2377 2108 habita-

886 2147 990 2205 bat
1020 2146 1092 2204 in
1129 2147 1372 2216 Betkel,
1404 2148 1494 2204 ad
1521 2166 1710 2225 quem
1742 2155 2057 2206 venerunt
2082 2148 2218 2222 filii
2243 2150 2376 2217 sui,

825 2261 834 2268 ·
883 2252 942 2302 et
972 2262 1172 2302 narra
1182 2252 1414 2302 verunt
1433 2245 1496 2302 ei
1516 2247 1735 2303 omnia
1765 2263 1958 2321 opera
1977 2265 2120 2323 quae
2138 2246 2379 2321 fecerat

886 2342 993 2400 vir
1022 2342 1144 2400 Dei
1185 2342 1306 2400 illa
1351 2344 1460 2401 die
1505 2343 1578 2402 in
1609 2345 1850 2403 Bethel.
1885 2345 1972 2403 Et
2001 2344 2192 2403 verba
2236 2363 2378 2422 quoe

887 2444 1133 2500 locutus
1160 2441 1383 2517 fuerat
1415 2443 1504 2500 ad
1541 2460 1776 2517 recem,
1797 2452 2236 2502 narraverunt
2266 2461 2379 2519 pa-

889 2540 976 2599 tri
993 2559 1128 2598 suc.
1144 2540 1232 2599 Et
1249 2540 1428 2599 discit
1447 2541 1537 2598 eis
1552 2549 1740 2616 pater
1759 2559 1980 2599 eorum
1997 2542 2160 2600 :Per
2178 2561 2379 2618 quam

885 2637 1062 2696 viam
1092 2637 1304 2698 abiit?
1337 2638 1761 2697 ostenderunt
1799 2637 1859 2695 ei
1885 2638 2020 2712 filii
2059 2639 2167 2697 sui
2198 2638 2377 2698 viam

879 2757 999 2814 per
1027 2756 1226 2813 quam
1265 2736 1514 2796 abierat
1557 2737 1661 2795 vir
1689 2737 1835 2805 Dei,
1862 2737 1980 2815 qui
2009 2746 2270 2797 venerat
2298 2740 2378 2796 de

883 2837 1079 2894 Juda.
1109 2837 1191 2895 Et
1222 2835 1318 2894 ait
1347 2835 1512 2910 filiis
1539 2835 1720 2893 suis:
1739 2836 2024 2895 Sternite
2053 2835 2222 2895 milei
2250 2836 2378 2895 asi-

886 2952 1070 2992 num.
1121 2934 1248 3001 Qui
1292 2952 1496 3011 quum
1542 2933 1942 3001 stravissent,
1982 2934 2271 2993 ascendit
2317 2943 2377 2993 et

2488 1944 2799 2022 sensibili,
2832 1945 2944 2007 sed
2982 1945 3048 2006 in
3088 1945 3153 2006 vi
3188 1944 3599 2024 imaginativa
3638 1945 3883 2007 audivit
3914 1955 3981 2009 et

2486 2043 2649 2108 vidit
2677 2045 2849 2125 quod
2881 2043 3196 2105 subditur.
3234 2047 3317 2106 Et
3348 2047 3741 2105 eat-clamavit
3770 2048 3860 2104 ad
3886 2047 3981 2105 vi-

2485 2162 2635 2202 rum
2654 2144 2801 2212 Dei,
2816 2144 2936 2222 qui
2954 2152 3217 2203 venerat
3238 2145 3317 2202 de
3332 2144 3530 2212 Juda,
3546 2144 3767 2202 dicens
3782 2163 3806 2201 .·
3824 2146 3981 2204 Haec

2483 2243 2647 2303 dicit
2676 2244 2994 2302 Dominus
3028 2263 3051 2300 .·
3084 2243 3253 2309 Quia
3282 2263 3409 2302 non
3448 2242 3743 2302 obediens
3779 2243 3980 2320 suisti

2484 2343 2586 2401 ori
2616 2343 2907 2411 Domini,
2937 2349 2997 2400 et
3038 2361 3169 2401 non
3213 2341 3547 2400 custodisti
3586 2342 3976 2400 mandatum

2485 2443 2655 2519 quod
2676 2441 2983 2516 praecepit
3016 2441 3134 2499 tibi
3161 2440 3482 2500 Dominus
3512 2441 3684 2499 Deus
3716 2447 3889 2508 tuus,
3914 2449 3977 2498 et

2484 2557 2777 2597 reversus
2817 2557 2906 2606 es,
2934 2546 2994 2597 et
3039 2538 3370 2597 comedisti
3420 2556 3683 2614 panem,
3720 2547 3781 2596 et
3820 2537 3979 2595 bibi-

2484 2637 2570 2696 sti
2598 2657 2837 2716 aquam
2870 2637 2941 2694 in
2976 2639 3103 2695 loco
3134 2639 3208 2695 in
3238 2656 3362 2713 quo
3387 2636 3698 2714 proecepit
3734 2637 3877 2705 tibi,
3894 2656 3977 2695 ne

2484 2737 2835 2796 comederes
2878 2754 3143 2810 panem,
3190 2753 3389 2813 neque
3432 2734 3667 2793 biberes
3708 2755 3975 2814 aquam,

2485 2853 2613 2894 non
2647 2834 2969 2911 inferetur
2998 2835 3275 2892 cadaver
3308 2841 3492 2892 tuum
3518 2833 3593 2891 in
3610 2835 3977 2908 sepulcrum

2477 2941 2747 3009 patrum
2790 2941 3075 3000 tuorum,
3107 2929 3170 2992 id
3214 2937 3331 3004 est,
3365 2929 3443 2991 ad
3492 2929 3765 3011 patriam
3806 2937 3975 2992 tuam

886 3031 1049 3090 abiit
1067 3039 1212 3106 post
1234 3032 1452 3090 virum
1473 3031 1621 3099 Dei,
1647 3039 1707 3090 et
1726 3031 1979 3090 invenit
1997 3050 2144 3090 eum
2162 3033 2378 3090 seden-
2411 3028 2456 3093 C
2488 3029 2671 3092 vivus
2704 3047 2831 3092 non
2866 3029 3227 3104 reverteriS‚
3262 3047 3379 3090 nec
3418 3027 3750 3110 sepelieris
3779 3028 3845 3090 in
3876 3047 3973 3091 ea.

888 3137 1012 3189 tem
1040 3130 1263 3188 subtus
1295 3131 1744 3189 terebinthum.
1783 3132 1865 3190 Et
1894 3131 1992 3189 ait
2021 3131 2130 3189 illi
2151 3150 2172 3188 .·
2202 3133 2377 3191 Tune

883 3248 946 3286 es
972 3226 1077 3285 vir
1106 3228 1249 3298 Dei,
1283 3229 1400 3306 qui
1427 3228 1661 3287 venisti
1687 3230 1766 3287 de
1783 3230 2377 3305 Juda?Respondit

886 3325 1002 3383 ille
1034 3345 1056 3384 .·
1090 3327 1225 3401 Ιιζᾳο
1273 3346 1439 3385 sum.
1474 3327 1791 3405 Dixitque
1838 3328 1927 3386 ad
1973 3346 2120 3387 eum
2151 3346 2173 3385 .·
2226 3328 2379 3389 Veni

889 3443 1136 3483 mecum
1184 3425 1474 3495 domum,
1507 3432 1581 3483 ut
1623 3426 1912 3485 comedas
1952 3443 2214 3501 panem.
2252 3427 2378 3493 Qui

885 3522 1025 3582 ait:
1049 3523 1197 3585 Non
1223 3541 1485 3600 possum
1523 3523 1785 3592 reverti,
1811 3542 2017 3601 neque
2047 3522 2269 3582 venire
2299 3532 2378 3584 te-

885 3639 1058 3690 cum,
1091 3639 1206 3679 nec
1250 3622 1574 3681 comedam
1613 3640 1883 3698 panem,
1915 3640 2119 3699 neque
2164 3622 2378 3682 bibam

886 3738 1127 3797 aquam
1157 3719 1230 3777 in
1263 3722 1391 3778 loco
1423 3719 1564 3789 istc,
1587 3720 1748 3798 quia
1778 3722 2023 3779 locutus
2049 3728 2140 3797 est
2158 3722 2379 3779 Domi-

885 3836 1009 3876 nus
1056 3818 1145 3876 ad
1192 3836 1317 3886 me,
1349 3818 1422 3876 in
1463 3836 1752 3877 sermone
1779 3819 2072 3887 Domini,
2105 3819 2324 3879 dicens
2353 3838 2376 3877 .·

887 3915 1036 3975 Non
1066 3918 1346 3975 comedes
1381 3934 1645 3992 panem,
1677 3924 1737 3975 et
1780 3934 1911 3975 non
1942 3917 2106 3974 bibes
2137 3936 2376 3995 aquam

886 4014 1002 4084 ibi,
1029 4034 1141 4073 nec
1162 4016 1498 4075 reverteris
1518 4033 1639 4091 per
1670 4016 1845 4075 viam
1875 4034 2006 4093 qua
2035 4015 2212 4075 ieris.
2250 4016 2378 4083 Qui

885 4113 984 4171 ait
1014 4129 1036 4171 .·
1058 4113 1143 4173 Et
1185 4132 1294 4189 eqo
1333 4114 1648 4191 propheta
1684 4134 1826 4174 sum
1856 4115 2096 4173 similis
2135 4116 2255 4175 tui.
2290 4116 2377 4175 Et

2487 3128 2792 3210 Denique,
2850 3127 3225 3211 prophetica
3283 3125 3586 3191 revelatio
3633 3145 3837 3210 quum
3892 3128 3977 3189 sit

2487 3228 2724 3290 donum
2764 3225 2983 3308 gratiae
3022 3226 3220 3306 gratis
3266 3226 3451 3301 datae,
3481 3226 3845 3288 communis
3880 3234 3979 3289 est

2488 3324 2674 3388 bonis
2719 3332 2783 3387 et
2832 3324 3055 3399 malis;
3092 3324 3312 3406 sicque
3361 3323 3561 3406 impio
3610 3324 3761 3389 huic
3810 3325 3981 3389 facta

2486 3431 2583 3486 est
2613 3421 2915 3486 revelatio
2946 3422 3079 3486 illa.

2572 3524 2905 3603 Quumque
2946 3525 3311 3584 comedisset
3338 3532 3398 3583 et
3438 3524 3711 3594 bibisset,
3743 3526 3980 3583 stravit

2488 3622 2750 3683 asinum
2794 3642 2987 3681 suum
3016 3624 3345 3699 Propheta
3383 3640 3568 3701 quem
3597 3622 3973 3681 redu-verat.

2491 3721 2617 3788 Qui
2634 3740 2835 3799 quum
2864 3721 3149 3789 abiisset,
3164 3721 3417 3781 invenit
3435 3738 3583 3779 eum
3603 3722 3697 3779 leo
3727 3721 3802 3779 in
3822 3720 3935 3779 via
3952 3742 3975 3779 .·

2484 3817 2594 3898 qui
2628 3816 2749 3893 le0‚
2785 3817 2911 3879 Deo
2944 3817 3036 3880 sic
3067 3817 3424 3894 ordinante,
3460 3814 3549 3878 ibi
3580 3816 3840 3880 advenit
3865 3818 3977 3879 du·

2484 3923 2591 3977 ctu
2638 3914 2848 3996 angeli
2895 3914 3242 3997 bonizquo
3282 3916 3475 3979 ductu
3522 3914 3828 3978 animalia
3872 3936 3976 3980 ve-

2486 4021 2718 4077 nerunt
2756 4014 2835 4076 ad
2875 4014 3003 4077 Noe
3040 4014 3109 4076 in
3154 4032 3399 4089 arcam3
3432 4023 3494 4075 et
3536 4016 3793 4087 occidit,
3841 4033 3971 4079 non

2486 4130 2717 4194 eorpus
2764 4112 2903 4194 ejus
2952 4112 3340 4191 dilaniando,
3376 4113 3484 4175 sed
3517 4110 3785 4176 forsitan
3826 4114 3977 4176 sim-

886 4214 1155 4287 angelus
1200 4214 1446 4271 locutus
1486 4221 1576 4272 est
1621 4214 1786 4271 milii
1827 4214 1900 4271 in
1941 4232 2229 4273 sermone
2259 4215 2378 4274 Do·
2407 4209 2457 4271 D
2487 4210 2738 4294 pliciter
2762 4210 3161 4289 suffocando,
3174 4212 3351 4293 juxta
3377 4230 3567 4292 quem
3600 4212 3861 4275 modum
3891 4212 3975 4275 Ie·

887 4310 1079 4377 mini,
1104 4310 1365 4369 dicens:
1386 4312 1605 4370 Reduc
1623 4330 1769 4371 eum
1793 4320 1996 4370 tecum
2018 4313 2090 4371 in
2111 4314 2375 4373 domum

890 4415 1094 4477 tuam,
1129 4417 1200 4467 ut
1229 4411 1514 4467 comedat
1533 4418 1878 4483 panem,et
1909 4410 2080 4469 bibat
2109 4431 2371 4489 aquam.

885 4506 1150 4582 Fefellit
1205 4528 1375 4577 eum,
1427 4516 1486 4565 et
1542 4508 1809 4567 reduoeit
1859 4528 2090 4568 secum.
2140 4508 2379 4571 Timuit

887 4603 1059 4666 enim
1091 4603 1200 4667 ille
1230 4603 1436 4667 bonus
1456 4604 1769 4686 Propheta
1797 4605 2130 4670 offendere
2150 4608 2369 4684 Deum,

887 4720 1014 4765 non
1046 4702 1405 4766 obediendo
1436 4702 1872 4766 commissioni
1923 4705 2158 4769 divinae
2194 4706 2378 4770 factae

887 4818 1000 4882 per
1051 4800 1367 4880 angelum,
1404 4809 1471 4863 ut
1506 4800 1753 4883 putavit
1787 4818 1802 4863 ε
1839 4810 2050 4865 tamen
2103 4822 2231 4866 non
2279 4804 2381 4867 de-

889 4898 1078 4961 bebat
1127 4899 1214 4961 ita
1266 4898 1542 4962 faciliter
1584 4901 1863 4977 credere,
1901 4901 2012 4964 sed
2043 4902 2378 4966 Dominum

893 4996 1211 5074 invocare,
1234 5006 1301 5060 ut
1328 4997 1451 5059 sibi
1476 5016 1667 5080 super
1687 4997 1807 5061 hoc
1827 4999 2158 5062 veritatem
2181 5011 2385 5065 osten-

894 5094 1092 5173 deret,
1149 5097 1686 5177 quemadmodum
1729 5096 1782 5157 si
1842 5096 2034 5159 alicui
2084 5108 2383 5181 appareat

890 5193 1036 5273 quis
1071 5193 1137 5256 in
1159 5194 1374 5276 specie
1402 5194 1738 5270 Christi,et
1769 5193 1936 5258 dicat
1965 5214 2032 5258 se
2061 5196 2381 5262 Christum

895 5308 968 5353 ac
989 5290 1210 5371 jubeat
1240 5293 1525 5355 adorare.
1546 5291 1689 5356 Ideo
1719 5292 1808 5355 ait
1835 5293 2106 5358 Joannes
2137 5306 2385 5378 aposto-

2485 4328 2639 4373 ones
2687 4310 3059 4373 occiderunt
3108 4317 3398 4372 sanetum
3449 4309 3760 4388 ignatium
3808 4330 3975 4372 mar-

2486 4417 2685 4491 tyrem
2720 4408 3243 4472 illustrissimum.
3270 4412 3355 4471 Ec
3378 4420 3516 4470 erat
3534 4412 3815 4469 cadaver
3830 4411 3975 4487 ejus

2477 4510 2838 4587 projectum
2876 4510 2949 4568 in
2999 4510 3254 4578 itinere,
3300 4506 3411 4569 ubi
3458 4514 3521 4571 et
3582 4507 3681 4570 leo
3740 4527 3973 4590 corpus

2488 4606 2871 4669 exstinctum
2921 4606 3213 4688 projecit,
3268 4614 3340 4668 ut
3396 4604 3633 4668 factum
3678 4626 3717 4668 a
3770 4616 3976 4669 trans-

2486 4704 2786 4767 euntibus
2820 4704 3141 4768 videretur
3190 4712 3267 4767 et·
3305 4704 3762 4785 publicaretur.
3796 4705 3973 4769 Unde

2488 4810 2771 4886 apparet,
2804 4804 2974 4884 quod
3026 4811 3281 4865 sanctus
3327 4802 3437 4866 ille
3484 4802 3795 4885 Propheta
3835 4805 3973 4868 viso

2488 4902 2693 4978 leone,
2727 4900 3061 4984 paululum
3090 4900 3439 4963 declinavit
3476 4921 3511 4965 a
3545 4902 3648 4964 via
3678 4920 3757 4965 ex
3794 4912 3974 4966 natu-

2491 5001 2607 5064 rali
2652 5000 2876 5064 mortis
2909 5000 3176 5063 timore:
3216 5008 3280 5063 et
3321 5008 3533 5063 tamen
3575 5001 3779 5083 ipsam
3817 5020 3976 5065 mor-

2488 5109 2613 5163 tem
2662 5099 3103 5181 aequanimiter
3133 5117 3249 5181 pro
3282 5118 3397 5161 sua
3432 5100 3619 5182 culpa
3648 5102 3970 5163 sustinuit.

2489 5202 2735 5262 Asinus
2784 5208 3001 5261 autem
3049 5200 3257 5259 stabat
3287 5199 3496 5274 juoeta
3557 5200 3779 5269 illum,
3826 5208 3975 5281 puta

2496 5299 2769 5375 leonem,
2794 5315 2921 5360 non
2955 5295 3213 5377 fugiens
3244 5314 3455 5377 neque
3484 5295 3693 5374 laesuS,
3710 5297 3817 5361 vel
3840 5296 3977 5379 jux-
