4359 6250
1520 481 1868 530 manzano
1911 483 1972 528 ln
2015 484 2152 530 ΕΔΒ.
2200 484 2259 529 lv
2304 484 2461 530 unm
2502 485 2671 532 Pnuu
2712 484 2938 532 REGUH.
2982 503 3063 514 --
3103 485 3247 531 am.
3292 485 3357 532 lx

2011 890 2663 978 ARTICULUS
2736 895 2858 978 IX

931 1165 1286 1211 Etuclna'rlo
1330 1163 1605 1209 carnum
1648 1164 1872 1218 QUARTI
1917 1165 1931 1210 1
1979 1165 2052 1209 ET
2093 1165 2335 1210 rACTUH
2380 1167 2509 1225 EST,
2554 1166 2615 1211 ΙΝ
2661 1167 2875 1213 manus
2920 1168 3067 1214 {Lus
3109 1169 3542 1214 cummanum
3583 1169 3933 1216 Pufflsnm.

1031 1444 1469 1509 DIMPLETIO
1491 1445 1726 1508 divinae
1753 1444 2293 1521 comminationis,
2314 1443 2381 1506 in
2414 1445 2465 1506 A
2498 1444 2809 1522 tribuum,
2860 1444 3096 1527 quibus
3157 1445 3567 1510 incumbebat
3624 1466 3780 1510 cura
3828 1448 3983 1513 boni

1053 1543 1304 1607 duobus
1335 1544 1842 1626 praecedentibus
1882 1543 2181 1626 capitulis
2222 1542 2385 1626 posi-

897 1650 998 1720 tae,
1024 1642 1146 1706 hoc
1178 1643 1316 1707 loco
1347 1642 1751 1706 describitur.
1777 1646 1862 1705 Et
1890 1646 2138 1720 factum
2161 1653 2274 1715 est,
2310 1645 2383 1703 in

893 1743 1116 1802 diebus
1147 1744 1284 1802 illis
1313 1753 1745 1804 convenerunt
1763 1743 2132 1804 Philistiim
2165 1744 2238 1801 in
2260 1761 2385 1819 pu-

893 1859 1119 1916 ynam‚
1155 1839 1217 1902 id
1249 1841 1454 1904 estad
1495 1841 1907 1923 pugnandum
1947 1849 2168 1903 contra
2209 1838 2385 1902 filios

896 1937 1108 2016 lsrael,
1143 1939 1256 2020 qui
1300 1959 1338 2001 a
1377 1948 1660 2021 tempore
1699 1938 2022 2002 Samsonis
2055 1946 2387 2020 coeperunt

618 2051 867 2104 Indicam.
901 2056 971 2101 se
1011 2055 1334 2120 opponere
1372 2037 1730 2115 philistaeis,
1774 2037 2008 2119 quibus
2051 2046 2199 2101 ante
2238 2057 2388 2118 qua-

607 2117 646 2159 ί.

634 2745 649 2788 Ι
672 2745 781 2801 fleo.
795 2758 866 2794 vu,

609 2812 673 2853 ¹2.

898 2136 1190 2217 draginta
1227 2156 1430 2200 annos
1471 2137 1843 2214 servierant,
1878 2145 1949 2199 ut
1987 2137 2053 2198 in
2095 2136 2261 2200 libro
2290 2137 2389 2198 Ju-

899 2235 1114 2297 dicum
1147 2235 1454 2318 scriptum
1495 2244 1611 2299 est.
1647 2239 1954 2313 Eyressus
1991 2246 2080 2298 est
2109 2257 2388 2316 namque

898 2337 1105 2395 Israel
1145 2335 1396 2396 obviam
1427 2337 1797 2397 philistiim
1839 2338 1912 2396 in
1947 2337 2287 2413 proelium,
2328 2345 2389 2396 et

901 2441 1387 2495 castrametatus
1425 2445 1514 2494 esc
1544 2433 1754 2511 lsrael,
1793 2433 1858 2496 id
1890 2441 2008 2510 est,
2045 2433 2166 2494 filii
2200 2432 2387 2496 Israel

902 2538 1251 2610 posuerunt
1279 2531 1448 2594 acies
1479 2550 1622 2594 suas
1653 2540 1845 2613 atque
1877 2531 2389 2608 tentoria,juoeca

2493 1543 2851 1608 communis
2886 1564 2901 1610 ε
2938 1548 3149 1614 Quare
3170 1547 3487 1623 percussit
3524 1567 3637 1608 nos
3664 1550 3987 1610 Dominus

2494 1644 2682 1703 hodie
2712 1663 2929 1704 coram
2956 1645 3370 1706 Philistiim?
3399 1644 3519 1708 hoc
3548 1653 3666 1721 est,
3698 1665 3817 1708 eur
3846 1666 3990 1729 per-

2494 1740 2670 1802 misit
2714 1759 2831 1802 nos
2872 1759 3021 1804 suos
3066 1741 3343 1804 cultores
3382 1742 3655 1824 percuti,
3690 1751 3757 1806 et
3793 1763 3989 1826 quos-

2495 1840 2641 1902 dam
2702 1846 2988 1902 nostrum
3048 1839 3255 1902 occidi
3303 1840 3383 1902 ab
3433 1839 3787 1904 idololatris
3842 1843 3989 1906 istis

2497 1938 3007 2002 incircumcisis?
3045 1938 3121 2000 Et
3152 1938 3219 2002 in
3250 1938 3349 2001 his
3381 1939 3595 2004 verbis
3626 1941 3991 2005 insinuave-

2496 2045 2667 2113 runt,
2703 2036 2917 2101 hostes
2960 2055 3107 2100 suos
3154 2037 3245 2098 nil
3290 2037 3594 2120 potuisse,
3640 2039 3767 2102 nisi
3810 2047 3993 2122 pote-

2497 2143 2656 2198 state
2706 2135 2797 2198 eis
2846 2155 2883 2197 a
2930 2135 3055 2198 Deo
3104 2153 3425 2213 concessa,
3478 2138 3645 2217 quod
3697 2138 3991 2201 omnium

2496 2233 2813 2296 bellorum
2874 2235 3235 2298 moderator
3294 2235 3377 2298 sit
3432 2235 3769 2312 DominuS,
3822 2237 3991 2298 dans

2499 2332 2897 2415 triumphum
2936 2331 3172 2414 quibus
3212 2333 3507 2410 voluerit,
3543 2343 3802 2417 propter
3838 2353 3993 2398 cau—

2499 2450 2601 2493 sas
2648 2450 2778 2494 suae
2825 2431 3154 2514 sapientiae
3202 2441 3404 2496 notas.
3455 2432 3557 2496 Sic
3604 2452 3753 2516 ergo
3798 2433 3991 2514 quasi

2497 2529 2873 2594 admirando
2914 2530 3111 2593 locuti
3152 2539 3321 2608 sunt,
3355 2531 3477 2594 Cur
3515 2530 3827 2614 percussit
3866 2549 3993 2597 nos

904 2631 1190 2706 lapidem
1224 2632 1587 2708 Adjutorii,
1626 2630 1689 2693 id
1729 2638 1826 2694 est
1866 2630 1932 2694 in
1964 2648 2190 2712 campo
2220 2629 2389 2692 circa
2424 2635 2470 2696 B
2498 2628 2801 2691 Dominus
2824 2630 2847 2689 2
2867 2629 2943 2690 Et
2971 2628 3188 2692 habita
3209 2629 3377 2693 inter
3396 2649 3464 2693 se
3484 2629 3845 2706 collatione,
3869 2650 3993 2712 pu-

903 2748 1123 2792 saxum
1164 2730 1426 2810 grande,
1461 2730 1632 2812 quod
1673 2731 1772 2810 (ut
1810 2729 1980 2792 infra
2025 2727 2256 2809 fertur)
2285 2747 2389 2804 vo-

903 2835 1112 2890 catum
1145 2836 1242 2891 est
1273 2827 1436 2909 lapis
1466 2827 1804 2909 Adjutorii,
1841 2834 2098 2910 propter
2129 2845 2387 2890 causam

901 2925 992 2988 ibi
1033 2926 1440 3008 descriptam.
1477 2926 1706 3008 Sicque
1749 2927 1927 3007 juxta
1965 2927 2256 2989 ordinem
2297 2925 2387 2988 hi-

900 3025 1133 3102 storiae,
1179 3025 1348 3088 istud
1395 3024 1629 3088 dicitur
1673 3044 1786 3108 per
1829 3029 2134 3110 πρόληψιν,
2181 3025 2246 3087 id
2290 3032 2387 3088 est

897 3124 1444 3207 anticipationem,
1487 3134 1796 3206 quantum
1846 3126 2210 3201 adnomen
2262 3122 2385 3187 loci

899 3221 1122 3298 istius;
1159 3224 1268 3286 sed
1300 3224 1592 3288 habendo
1632 3231 1990 3305 respectum
2018 3223 2098 3285 ad
2135 3230 2383 3305 tempus

893 3341 1024 3406 quo
1056 3322 1176 3385 ista
1205 3322 1565 3405 conscripta
1597 3329 1766 3400 sunt,
1794 3340 1921 3385 non
1953 3329 2048 3384 est
2076 3321 2386 3403 anticipa-

894 3421 1006 3497 tio,
1049 3421 1202 3503 quia
1233 3428 1385 3483 tunc
1427 3420 1602 3485 locus
1638 3420 1746 3483 ille
1787 3420 1879 3483 sic
1917 3419 2381 3502 appellabatur.

895 3524 1102 3583 Porro
1147 3520 1518 3583 Philisciim
1561 3529 1874 3579 venerunt
1923 3521 1996 3579 in
2036 3520 2279 3597 Aphec,
2321 3517 2385 3579 id

896 3627 992 3681 est
1040 3619 1120 3681 ad
1171 3618 1380 3681 locum
1428 3617 1520 3680 sic
1569 3617 1832 3693 dictum,
1869 3617 1980 3697 qui
2027 3615 2387 3699 pertinebat

893 3718 972 3781 ad
1004 3717 1228 3781 urbem
1263 3716 1523 3781 nomine
1549 3716 1805 3792 Jezrael,
1839 3726 1898 3777 et
1929 3718 2386 3777 inscruoeerunc

2498 2735 2817 2803 taverunt,
2852 2728 3024 2807 quod
3057 2735 3315 2811 propter
3343 2727 3696 2792 absentiam
3725 2747 3890 2792 arcae
3922 2729 3990 2792 id

2496 2825 2889 2906 contigisset.
2923 2826 3079 2888 Nam
3125 2827 3190 2888 in
3232 2825 3657 2891 desiccatione
3690 2827 3991 2892 Jordanis
4034 2844 4271 2887 amm.
4303 2859 4304 2878 ι

2496 2931 2561 2987 et
2589 2923 2943 2987 vastatione
2970 2923 3242 3001 Iericho,
3278 2944 3423 2988 arca
3457 2923 3579 2987 fuit
3606 2933 3750 2988 ante
3782 2943 3992 3007 popu·
4026 2909 4093 2953 ¹⁸²
4116 2909 4247 2952 ³³¹·

2497 3021 2628 3085 lum
2664 3023 3013 3104 deportata,
3050 3032 3120 3085 ut
3150 3031 3324 3105 patet
3353 3023 3421 3086 in
3454 3022 3619 3087 libro
3647 3024 3852 3087 Josue.
3872 3024 3990 3086 Ta—

2495 3141 2645 3185 men
2676 3122 2743 3185 in
2776 3121 3155 3186 circuitione
3183 3122 3457 3199 Jericho,
3488 3121 3854 3205 portabatur
3890 3122 3993 3185 in-
4024 3139 4266 3184 mann

2497 3230 2591 3285 ter
2634 3221 2972 3285 bellatores
3018 3230 3083 3284 et
3132 3222 3383 3303 vulgus,
3432 3222 3591 3285 Hinc
3634 3222 3922 3285 subdunt
3968 3242 3985 3285 :

2494 3324 2864 3398 Afferamus
2892 3324 2980 3381 ad
3019 3341 3131 3383 nos
3168 3324 3249 3381 de
3280 3323 3421 3382 Silo
3459 3341 3680 3381 arcam
3718 3323 3990 3397 foederis

2496 3422 2765 3481 Domini
2786 3438 2900 3501 per
2930 3418 3178 3483 Levitas
3211 3438 3323 3482 seu
3354 3419 3731 3482 sacerdotes.
3764 3418 3831 3481 ln
3863 3418 3989 3482 Nu-
4070 3438 4204 3480 Ν...
4224 3452 4271 3480 n.

2496 3535 2815 3581 merorum
2849 3516 3087 3580 etenim
3119 3516 3283 3581 libro
3309 3517 3599 3593 habetur,
3636 3518 3807 3598 quod
3838 3535 3989 3599 por-
4022 3502 4199 3555 ΜΕ

2498 3616 2687 3679 tanda
2747 3625 2881 3678 erat
2941 3635 3055 3698 per
3104 3615 3377 3679 LevitaS.
3427 3614 3711 3679 Praefatis
3770 3623 3987 3678 tamen
4042 3638 4271 3681 mamas.

2495 3716 2684 3778 Josue
2713 3714 3033 3797 capituliS,
3069 3715 3302 3794 legitur
3346 3723 3589 3797 portata
3631 3734 3741 3796 per
3782 3733 3991 3777 sacer-
4022 3704 4144 3748 *⁸⁶-

895 3819 1124 3887 aciem,
1169 3816 1234 3878 id
1283 3823 1400 3891 est,
1435 3814 1784 3877 exercitum
1828 3833 2014 3876 suum
2052 3814 2389 3877 ordinave-
2423 3818 2466 3881 C
2498 3814 2697 3878 doteS.
2722 3817 2804 3876 Ec
2834 3816 3052 3875 veniat
3083 3816 3157 3874 in
3188 3817 3394 3875 medio
3426 3816 3654 3884 nostri,
3686 3824 3757 3875 uc
3782 3817 3991 3875 salvet

897 3924 1067 3992 runt,
1093 3926 1318 3976 contra
1351 3917 1576 3976 Israel.
1615 3913 1768 3976 Nam
1810 3913 1994 3975 turba
2027 3912 2387 3977 inordinate

901 4015 1105 4078 locata
1137 4014 1203 4076 in
1237 4011 1479 4095 praelio,
1517 4031 1644 4076 non
1683 4020 1780 4074 est
1820 4011 1944 4074 nisi
1974 4011 2235 4076 victima
2278 4012 2388 4074 ho-

902 4113 1118 4190 stium,
1147 4112 1498 4175 secundum
1521 4110 1854 4191 Vegetium
1887 4110 2050 4172 libro
2071 4110 2149 4172 de
2170 4110 2257 4172 Re
2277 4110 2390 4172 mi-

903 4211 1095 4274 litari.
1129 4212 1305 4272 Inito
1335 4220 1552 4271 autem
1584 4210 1962 4278 certamine,
1995 4218 2169 4285 terya
2202 4211 2389 4270 vertit

901 4314 1109 4372 Israel
1137 4310 1521 4379 Philistoeis‚
1555 4319 1615 4370 et
1643 4329 1803 4370 coesa
1831 4316 1984 4368 sunt
2015 4310 2088 4367 in
2119 4309 2233 4367 illo
2265 4328 2391 4367 eer-

903 4410 1148 4470 tamine
1191 4409 1465 4485 passim,
1519 4406 1581 4468 id
1633 4414 1732 4469 est
1779 4404 2225 4481 communiter,
2271 4425 2391 4482 per

901 4527 1109 4584 aym-3,
1143 4507 1335 4586 quasi
1381 4516 1661 4585 quatuor
1709 4506 1922 4565 ‘millia
1977 4506 2269 4565 virorum
2312 4523 2389 4566 cx

897 4605 1108 4669 Israel.
1143 4606 1295 4667 Nam
1326 4612 1390 4667 et
1420 4604 1696 4687 populus
1730 4603 1917 4665 Israel
1949 4602 2390 4685 multipliciter

899 4711 1033 4769 erat
1082 4703 1447 4786 culpabiliS,
1482 4712 1546 4766 et
1595 4700 1914 4766 sacrificia
1961 4702 2176 4766 debita
2224 4702 2391 4765 male

899 4801 1230 4886 persolvit.

979 4903 1064 4962 Et
1094 4921 1381 4961 reversus
1409 4910 1499 4961 esc
1520 4904 1804 4978 populus
1833 4903 1921 4961 ad
1939 4910 2175 4970 castra,
2202 4898 2263 4961 id
2296 4908 2391 4962 est

2498 3933 2610 3974 nos
2643 3916 2724 3973 de
2753 3933 2954 3973 manu
2986 3914 3406 3973 inimicorum
3436 3922 3819 3974 nostrorum.

2580 4014 2765 4073 Misit
2794 4031 2940 4088 erqo
2959 4016 3245 4091 populus
3283 4011 3591 4093 quosdam
3632 4010 3883 4073 Levitas
3927 4020 3990 4074 et

2501 4111 2858 4174 sacerdotes
2890 4111 2962 4171 in
2986 4113 3152 4180 Silo,
3181 4120 3241 4171 et
3274 4114 3563 4173 tulerunt
3592 4112 3745 4171 inde
3763 4132 3989 4172 aream

2499 4210 2761 4287 foederis
2783 4209 3051 4269 Domini
3078 4209 3480 4269 eoeercituum
3512 4229 3535 4268 .·
3564 4227 3709 4289 quae
3738 4207 3993 4272 diceba·

2502 4316 2605 4369 tur
2634 4326 2779 4369 arca
2812 4305 3072 4369 i'oederis
3096 4305 3369 4382 Domini,
3404 4306 3557 4388 quia
3586 4306 3651 4368 in
3686 4326 3761 4370 ea
3787 4307 3992 4371 conti-

2500 4405 2817 4468 nebantur
2850 4403 3082 4467 tabulae
3109 4404 3495 4481 testamenti,
3529 4424 3642 4487 per
3676 4406 3845 4487 quod
3876 4406 3991 4469 Do.-

2500 4502 2713 4565 minus
2738 4502 2883 4564 iniit
2905 4511 3159 4584 pactum
3182 4511 3247 4564 et
3267 4501 3477 4566 soedus
3509 4503 3822 4585 percussit
3840 4522 3988 4565 cum

2498 4601 2688 4667 Israel
2724 4625 2740 4676 3
2788 4602 3064 4663 sedentis
3092 4620 3284 4678 super
3317 4604 3679 4663 Cherubim.
3710 4602 3776 4663 In
3822 4601 3989 4669 libro

2498 4698 2694 4764 Exodi
2716 4698 3118 4777 describitur,
3139 4699 3308 4780 quod
3330 4698 3841 4782 propitiatorium
3864 4698 3991 4762 fuit
4044 4726 4273 4769 emam.

2500 4799 2681 4863 sedes
2726 4797 2835 4861 Dei
2882 4796 2948 4859 in
2993 4796 3221 4860 Sancto
3264 4805 3649 4861 sanctorum.
3673 4796 3797 4860 Cur
3830 4814 3987 4877 ergo
4022 4792 4105 4835 ²³·-

2500 4898 2735 4961 dicitur
2785 4897 2949 4960 Deus
2998 4896 3226 4959 sedens
3276 4914 3469 4977 super
3514 4895 3877 4971 Cherubim,
3924 4905 3991 4959 et

899 5000 978 5063 ad
1031 4998 1304 5062 tentoria
1344 5017 1459 5061 sua
1501 5015 1516 5059 ε
1552 4998 1726 5079 quod
1779 5005 1904 5060 tam
1944 4999 2023 5060 de
2061 4998 2386 5075 Israelitis,
2422 5006 2473 5067 D
2502 5015 2631 5060 non
2661 4995 2875 5078 potius
2906 5012 3098 5075 super
3127 4993 3684 5076 propitiatorium?
3712 4994 3993 5076 Respon-

901 5116 1095 5180 quam
1154 5097 1232 5159 de
1280 5095 1615 5159 Philistaeis
1662 5094 1868 5177 accipi
1917 5105 2146 5178 potest.
2199 5100 2393 5159 Dixe-

903 5206 1183 5277 rumque
1213 5198 1487 5273 majores
1517 5204 1682 5255 natu
1710 5198 1790 5255 de
1816 5198 2048 5265 Israel,
2064 5194 2130 5257 id
2160 5203 2259 5257 est
2289 5214 2395 5258 no-

903 5293 1167 5359 biliores
1205 5302 1270 5357 et
1314 5294 1509 5357 duces
1558 5294 1873 5356 exercitus
1917 5313 2030 5356 seu
2070 5292 2395 5375 principes

2500 5097 2686 5158 detur
2714 5093 2886 5175 quod
2919 5092 3085 5169 ideo,
3104 5091 3257 5174 quia
3287 5093 3635 5155 secundum
3668 5112 3857 5154 unam
3889 5111 3993 5155 ex·

2503 5193 2913 5278 positionem,
2932 5210 3075 5273 quae
3096 5210 3209 5273 per
3238 5190 3433 5255 verba
3452 5192 3587 5255 haec
3616 5190 3993 5255 confirmari

2504 5292 2779 5369 videtur,
2798 5288 3315 5373 propitiatorium
3345 5289 3506 5353 illud
3534 5298 3671 5353 erat
3700 5290 3997 5371 quaedam
