4359 6250
974 468 1323 515 muniunto
1367 471 1426 516 ΙΝ
1471 472 1607 516 CAP-
1655 471 1739 518 XX
1781 473 1938 518 me
1982 473 2234 520 SECUNDI
2276 475 2499 520 REGUM.
2545 494 2625 526 -,-
2666 477 2807 520 Ass'l'.
2855 477 2983 522 XXX

3402 460 3514 522 551

505 637 706 696 Discit
737 648 954 699 aute-m
984 659 1103 698 reae
1123 644 1380 704 Amasoe
1401 663 1423 702 .·
1449 647 1730 705 Convoca
1757 645 1925 705 milei
1953 644 2003 710 A
2036 655 2104 706 tu
2149 649 2369 722 effredi
2401 657 2653 726 poterat
2694 659 2753 708 ei
2789 660 3139 726 percutere.
3175 649 3357 713 llium
3406 672 3517 715 seu

411 753 645 794 omnes
692 737 862 798 viros
890 740 1065 800 suda
1103 741 1175 799 in
1212 743 1386 802 diem
1436 743 1720 814 certium,
1753 752 1811 802 et
1853 753 1923 803 tu

411 835 642 893 adesto
663 853 973 911 praesens,
1001 835 1065 898 id
1097 845 1214 914 est,
1235 857 1380 903 cum
1407 839 1499 902 eis
1532 839 1667 902 redi
1697 839 1775 902 ad
1797 859 1918 916 me,

415 938 496 991 ut
528 930 596 992 in
631 950 856 995 eorum
887 937 1226 1015 praesent-ia
1248 938 1632 1001 constituam
1664 947 1726 1002 te
1756 938 1924 1020 prin-

411 1027 638 1110 cipem
669 1031 937 1110 militiae,
965 1042 1034 1094 ut
1065 1034 1267 1116 aliqui
1296 1036 1539 1099 dicunt.
1563 1039 1745 1100 Abiit
1774 1058 1920 1115 erqo

411 1131 700 1200 Amasa,
743 1140 816 1192 ut
858 1145 1229 1195 convocaret
1268 1138 1468 1196 Iuda.
1515 1139 1596 1198 Εἰ
1636 1147 1922 1200 moratus

409 1237 512 1288 est
539 1238 733 1290 extra
753 1234 1080 1308 placitum
1109 1237 1283 1314 quod
1315 1237 1378 1294 ei
1405 1245 1723 1296 statuerat
1752 1256 1867 1296 reae
1898 1257 1920 1296 .·

413 1322 488 1387 id
521 1334 642 1403 est,
681 1327 853 1392 infra
881 1338 1009 1393 tres
1043 1331 1180 1394 dies
1210 1351 1339 1396 non
1368 1333 1580 1410 rediit,
1616 1333 1768 1414 quia
1796 1332 1923 1396 for-

415 1425 615 1488 tassis
648 1426 749 1488 ins
753 1447 822 1490 ra
851 1429 1130 1511 spatium
1152 1431 1313 1495 illud
1347 1452 1473 1497 non
1499 1435 1705 1516 potuit
1735 1452 1923 1514 nego-

415 1523 586 1586 tium
633 1524 1008 1609 adimplere,
1041 1531 1143 1593 vel
1174 1531 1348 1594 aliud
1392 1532 1921 1615 impedimentum

416 1623 478 1684 ei
513 1625 818 1687 occurrit.
853 1629 970 1688 Ait
1010 1639 1228 1691 autem
1258 1635 1476 1692 David
1521 1637 1608 1693 ad
1637 1634 1868 1694 Abisai
1897 1651 1920 1694 .·

417 1723 608 1784 Num
641 1726 853 1801 mayis
883 1725 1244 1803 afflicturus
1273 1739 1361 1790 esi
1403 1751 1518 1790 nos
1545 1733 1710 1792 Seba
1735 1733 1919 1809 filius

2033 744 2139 822 ile,
2175 744 2409 808 dicitur
2441 745 2813 809 intestinum
2845 766 3133 829 parvum,
3158 750 3516 828 rotundum,

2033 842 2295 906 renibus
2345 844 2642 909 animalis
2689 845 3041 908 adhaerenS.
3083 846 3172 907 Ex
3216 845 3315 909 his
3368 848 3521 910 satis

2033 950 2317 1023 apparet,
2352 943 2524 1023 quod
2561 942 2715 1006 Joab
2755 943 2952 1006 exivit
2984 963 3129 1007 cum
3154 944 3386 1032 ‚Abisai
3416 964 3522 1009 vo—

2033 1040 2171 1104 lens
2214 1041 2467 1122 placere
2512 1041 2667 1123 regi,
2702 1061 2891 1125 quem
2933 1041 3228 1120 offendit,
3265 1043 3523 1107 Absalo-

2033 1158 2179 1202 nem
2211 1147 2432 1203 contra
2457 1140 2619 1220 regis
2649 1140 2989 1222 imperium
3022 1141 3389 1204 occidendo.
3416 1145 3525 1203 Di-

2029 1241 2132 1298 mic
2176 1239 2397 1317 itaque
2441 1241 2600 1299 Joab
2641 1241 2729 1299 ad
2770 1241 3081 1300 Amasam
3109 1259 3132 1298 .·
3162 1242 3383 1309 Salve,
3425 1242 3524 1302 mi

2030 1337 2261 1413 frater.
2295 1334 2697 1399 Consuetudo
2735 1336 2907 1398 enim
2947 1335 3261 1399 nobilium
3300 1346 3416 1415 est,
3450 1347 3523 1401 ut

2031 1433 2488 1513 consanguinei
2520 1453 2587 1496 se
2620 1433 2894 1497 invicem
2926 1443 3157 1498 vocent
3188 1433 3416 1498 fratres
3446 1456 3520 1500 ac

2033 1549 2303 1594 sororeS.
2342 1531 2419 1593 Et
2450 1540 2577 1594 tam
2622 1550 2912 1596 amoroso
2943 1552 3090 1595 eum
3122 1533 3381 1597 nomine
3418 1554 3521 1617 ap-

2032 1629 2319 1712 pellavit,
2356 1638 2426 1692 ut
2465 1630 2576 1693 ille
2606 1631 2820 1692 minus
2862 1630 2986 1693 sibi
3017 1641 3401 1712 praecaveret
3439 1634 3518 1696 de

2032 1729 2202 1791 dolo,
2259 1732 2343 1791 Ec
2403 1731 2608 1790 tenuit
2658 1750 2863 1790 manu
2907 1733 3173 1792 deestera
3232 1741 3519 1792 mentum

417 1823 692 1891 Bochri,
723 1844 921 1902 quam
951 1827 1237 1888 Absalon
1260 1829 1291 1887 ἒ
1319 1827 1383 1889 id
1415 1835 1532 1906 est,
1567 1846 1695 1892 non
1740 1829 1920 1892 decet
1957 1831 2002 1892 B
2030 1829 2306 1900 Amasae,
2339 1829 2528 1907 quasi
2552 1831 2845 1888 osculans
2880 1849 3051 1890 eum.
3084 1831 3291 1891 Porro
3320 1832 3520 1891 Ama-

415 1926 491 1980 ut
523 1921 971 2001 permittamus
1004 1942 1118 1986 nos
1151 1924 1442 1988 infestari
1467 1927 1547 1989 ab
1568 1945 1642 1990 eo
1673 1927 1915 2006 duriuS,

415 2036 616 2098 quam
649 2039 766 2083 nos
799 2021 1079 2085 Absalon
1113 2023 1477 2088 infestavit:
1507 2028 1678 2108 quod
1707 2035 1918 2090 tamen

418 2115 634 2195 fieret,
669 2120 726 2182 si
757 2123 1272 2202 permitteremus
1313 2144 1460 2187 eum
1490 2125 1601 2188 diu
1647 2125 1920 2208 impuni-

416 2225 581 2294 tum,
618 2218 710 2280 ita
736 2221 910 2300 quod
945 2221 1042 2285 vel
1078 2221 1217 2304 ipse
1246 2222 1346 2286 vel
1385 2223 1550 2286 alius
1576 2225 1920 2287 constitue-

418 2325 597 2378 retur
629 2336 739 2380 rex
767 2319 1068 2383 undecim
1099 2321 1405 2384 tribuum.
1439 2326 1610 2384 Tolle
1627 2344 1774 2401 erqo
1793 2345 1920 2384 ser-

417 2437 526 2476 vos
543 2421 804 2479 domini
825 2421 944 2488 cui,
961 2419 1026 2481 id
1047 2428 1143 2482 est
1173 2430 1556 2502 pugnatores
1587 2441 1660 2485 ac
1681 2422 1918 2486 milites

415 2515 532 2596 qui
565 2524 751 2578 erant
773 2516 873 2579 vel
905 2517 1112 2580 adhuc
1143 2525 1293 2580 sunt
1313 2520 1431 2582 sub
1451 2519 1605 2583 Joab
1628 2521 1918 2603 principe

414 2613 704 2675 militum
740 2631 754 2675 ε
791 2614 901 2696 qui
927 2623 1139 2678 tamen
1171 2618 1523 2681 secundum
1555 2618 1916 2698 Magistrum

417 2710 484 2773 in
517 2711 830 2790 historiiS,
847 2715 976 2794 jam
1012 2712 1137 2776 fuit
1165 2734 1202 2776 a
1224 2715 1586 2799 principatu
1618 2716 1730 2780 illo
1751 2737 1918 2780 amo-

417 2819 542 2888 tuS,
579 2811 682 2876 vel
719 2813 1070 2875 secundum
1112 2813 1294 2892 alios,
1330 2817 1743 2879 amovendus,
1773 2816 1918 2880 Pro-

414 2919 560 2992 pter
612 2911 788 2992 quod
839 2911 1038 2974 David
1091 2931 1217 2975 non
1268 2914 1590 2978 commisit
1637 2915 1696 2977 ei
1746 2915 1913 2978 istud

2028 1946 2102 1986 sa
2130 1945 2261 1986 non
2292 1928 2648 1987 observavit
2678 1929 2984 2001 yladium
3021 1947 3209 2004 quem
3252 1930 3519 1989 habebat

2027 2024 2292 2094 Joab‚id
2324 2032 2440 2100 est,
2460 2043 2497 2086 a
2525 2024 2973 2088 vulneratione
2994 2024 3190 2105 gladii
3223 2043 3350 2088 non
3370 2045 3521 2108 prae-

2017 2121 2196 2185 cavit
2231 2140 2245 2184 ε
2280 2129 2344 2185 et
2373 2120 2639 2185 forsitan
2671 2141 2789 2185 nec
2816 2123 3098 2203 gladium
3128 2123 3515 2202 attendebat,

2030 2239 2146 2287 nec
2177 2221 2330 2282 mali
2362 2219 2517 2302 quid
2541 2220 2981 2303 suspicabatur
3010 2222 3089 2284 de
3109 2221 3514 2300 consobrine,

2029 2338 2185 2402 pace
2210 2318 2341 2401 jam
2367 2319 2533 2382 facta
2563 2338 2676 2401 per
2702 2338 2929 2400 regem,
2951 2329 3011 2382 et
3037 2320 3227 2403 culpa
3257 2339 3370 2383 sua
3394 2321 3519 2386 sibi

2029 2418 2306 2480 dimissa.
2337 2420 2463 2488 Qui
2484 2420 2801 2496 percussit
2830 2439 2978 2479 eum
3007 2421 3079 2479 in
3106 2423 3323 2490 lacere,
3343 2431 3404 2482 et
3430 2423 3521 2498 ef-

2027 2518 2211 2594 fudit
2243 2518 2553 2578 intestina
2582 2518 2722 2594 ejus
2755 2519 2826 2577 in
2860 2527 3116 2590 terram,
3140 2528 3199 2579 et
3228 2530 3519 2581 mortuus

2026 2625 2136 2676 est.
2178 2615 2356 2677 Unde
2402 2622 2621 2697 patent
2664 2614 3033 2692 crudelium,
3078 2615 3347 2694 falsitaS,
3393 2619 3519 2681 cal-

2029 2713 2265 2791 liditas,
2303 2713 2626 2775 simulatio
2658 2712 2839 2795 impii
2869 2713 3046 2791 Joab,
3075 2715 3188 2796 qui
3218 2717 3519 2795 strenuis-

2028 2812 2263 2875 simum
2304 2811 2607 2893 juvenem
2656 2812 2985 2895 proprium
3035 2813 3513 2892 consobrinum,

2025 2929 2218 2992 quem
2267 2918 2483 2991 aperte
2534 2910 2835 2974 invadere
2884 2928 3013 2975 non
3062 2912 3351 2990 audebat,
3386 2919 3517 2976 tam

413 3008 773 3089 negotium.
819 3011 1112 3074 Attamen
1161 3011 1424 3094 quidam
1465 3012 1706 3090 dicunt,
1744 3014 1915 3095 quod
1951 3007 1995 3072 C
2026 3007 2375 3090 proditorie
2406 3016 2595 3090 atque
2625 3008 2971 3073 saevissime
3001 3029 3131 3074 uno
3174 3009 3304 3074 ictu
3348 3012 3518 3075 occi-

409 3106 571 3170 Joah
601 3108 737 3189 jam
771 3105 893 3170 fuit
933 3109 1163 3172 absens
1194 3110 1272 3172 ad
1317 3112 1792 3191 congregandos
1823 3111 1916 3175 vi-

413 3225 522 3269 ros
553 3206 670 3289 qui
701 3208 1103 3272 adhaeserant
1137 3208 1333 3273 David
1369 3210 1500 3289 regi
1533 3210 1597 3271 in
1631 3230 1918 3292 persecu·

417 3306 596 3369 tione
632 3305 864 3370 Saulis,
909 3306 1084 3381 Quod
1127 3325 1252 3371 non
1298 3308 1574 3384 videtur,
1625 3308 1780 3389 quia
1823 3328 1916 3371 se-

413 3407 703 3469 cundum
734 3406 1102 3488 Josephum,
1134 3407 1290 3470 Joab
1318 3405 1443 3470 suit
1473 3427 1772 3490 praesenS‚
1800 3428 1916 3471 nec

413 3513 682 3587 propter
744 3504 890 3569 illos
951 3513 1080 3567 tam
1145 3525 1380 3588 paucos
1441 3508 1916 3588 congregandos

411 3612 790 3686 oportuerat
838 3603 1048 3686 ipsum
1096 3603 1250 3667 Joab
1293 3605 1489 3668 exire.
1521 3606 1652 3669 lmo
1693 3625 1918 3669 secun-

411 3702 570 3765 dum
599 3702 958 3784 Josephum,
979 3701 1074 3763 illi
1104 3701 1246 3779 viri,
1267 3702 1381 3783 qui
1411 3712 1591 3765 erant
1614 3703 1912 3781 sexcenti,

412 3800 716 3863 'exierunt
746 3818 894 3862 cum
924 3800 1119 3862 David
1154 3799 1463 3880 fugiente,
1497 3810 1560 3863 et
1591 3801 1915 3864 redierunt

412 3917 564 3962 cum
615 3916 714 3961 eo.
761 3898 1068 3979 Denique,
1110 3916 1186 3961 ex
1235 3898 1450 3963 statim
1498 3899 1913 3980 sequentibus

415 3996 788 4074 innotescit,
823 3997 997 4077 quod
1024 3996 1181 4059 Joab
1214 3995 1336 4059 suit
1369 3998 1435 4059 in
1465 3997 1570 4061 via
1600 4017 1739 4060 cum
1771 3997 1915 4059 Abi-

411 4097 508 4159 sai
535 4122 553 4173 ;
589 4114 710 4159 nec
743 4094 876 4157 ulla
906 4093 988 4156 fit
1013 4094 1277 4172 mentio,
1304 4097 1475 4177 quod
1508 4096 1574 4157 in
1606 4096 1710 4159 via
1740 4095 1916 4159 venit

2026 3106 2141 3184 dit,
2190 3106 2344 3189 quia
2390 3128 2505 3169 nec
2544 3111 2896 3171 secundum
2926 3112 3166 3171 vulnus
3194 3113 3515 3189 apposuit.

2025 3206 2342 3269 Percussit
2372 3214 2587 3269 autem
2612 3225 2755 3270 eum
2788 3227 2982 3271 manu
3016 3207 3287 3285 sinistra,
3308 3217 3370 3273 et
3400 3210 3519 3272 sub

2026 3304 2239 3387 specie
2269 3304 2566 3368 amicitiae
2596 3324 2669 3368 ac
2700 3306 2900 3369 osculi
2932 3306 3392 3385 blandimento,
3417 3327 3521 3390 ap-

2026 3411 2379 3486 paratuque
2411 3403 2598 3467 faciei
2632 3423 2856 3468 sereno
2889 3413 3129 3468 tantam
3161 3406 3314 3469 texit
3345 3425 3520 3469 men-

2025 3502 2108 3565 tis
2139 3520 2270 3564 suae
2318 3502 2625 3566 saevitiam
2668 3509 2857 3583 atque
2898 3502 3230 3580 invidiam,
3266 3523 3338 3567 ac
3390 3512 3519 3567 tan·

2026 3610 2160 3664 tum
2192 3601 2515 3665 commisit
2547 3599 2890 3683 flagitium.

2104 3700 2317 3777 Porr0,
2351 3708 2421 3763 ut
2465 3700 2531 3762 in
2564 3700 2950 3785 Scholastica
2989 3700 3191 3763 fertur
3220 3701 3509 3780 historia,

2021 3800 2175 3865 Joab
2212 3807 2345 3862 arte
2378 3799 2653 3880 quadam
2692 3798 3001 3861 simulans
3041 3798 3225 3880 quasi
3264 3797 3513 3881 gladius

2023 3897 2359 3962 cecidisset
2402 3904 2465 3960 et
2508 3896 2819 3979 reciperet
2861 3916 3030 3974 eum,
3068 3897 3413 3980 improvise
3452 3907 3516 3961 ct

2024 3996 2235 4060 subito
2269 3995 2430 4058 latus
2462 3994 2704 4057 Amasae
2734 3993 3104 4076 perforavit,
3140 4004 3203 4059 et
3229 3995 3509 4076 gladium

2025 4095 2433 4170 extrahendo,
2470 4094 2701 4157 vulnus
2751 4092 2843 4156 sic
2892 4094 3088 4171 auxit,
3136 4096 3305 4176 quod
3355 4094 3517 4158 inte-

409 4196 492 4261 ad
525 4214 674 4257 eum
707 4213 855 4256 cum
885 4194 1284 4274 congregatis
1315 4193 1393 4256 ab
1426 4194 1578 4276 ipso.
1598 4197 1684 4265 Ec
1705 4214 1915 4272 perse·
1945 4193 1994 4254 D
2025 4194 2191 4256 stina
2222 4194 2436 4275 elapsa
2466 4199 2635 4254 sunt.
2662 4191 2820 4255 Hinc
2842 4190 3037 4255 refert
3059 4192 3221 4275 Lyra
3247 4194 3416 4275 quod
3447 4194 3513 4257 in

413 4314 612 4374 quere
639 4314 811 4366 eum,
837 4314 918 4352 ne
946 4295 1114 4370 forte
1144 4294 1444 4353 inveniat
1465 4295 1757 4354 civitates
1782 4314 1914 4354 mu-

409 4396 610 4465 nicas,
629 4401 691 4452 et
708 4393 982 4469 effuqiat
1002 4410 1131 4451 nos.
1161 4393 1418 4467 quressi
1433 4401 1588 4451 sunt
1607 4410 1752 4468 erqo
1771 4412 1916 4452 cum

411 4514 482 4553 eo
523 4494 663 4553 viri
697 4493 882 4563 Joab,
919 4491 1169 4551 Ceretlzi
1206 4510 1453 4569 quoque
1489 4501 1548 4549 et
1589 4492 1913 4561 I’lzeleihi,

411 4602 474 4653 et
515 4612 736 4652 omnes
779 4590 1027 4649 robusti
1065 4589 1370 4649 exierunt
1413 4591 1492 4647 de
1531 4591 1908 4660 Jerusalem,

411 4695 504 4753 ad
532 4692 1047 4770 persequendum
1081 4689 1244 4749 Seba
1277 4689 1498 4765 filium
1531 4690 1786 4749 Bochri.

499 4793 840 4867 Quumque
859 4788 968 4845 illi
985 4787 1400 4863 essentjuoeta
1422 4787 1706 4861 lapidem
1719 4806 1912 4863 gyran-

411 4894 566 4951 dem
603 4888 724 4968 qui
763 4895 854 4945 est
895 4886 970 4943 in
1007 4885 1291 4953 Gabaon,
1340 4886 1584 4944 Amasa
1629 4886 1908 4959 veniens,

411 4986 704 5049 occurrit
745 4986 860 5045 eis,
893 4984 1104 5044 Porro
1130 4983 1289 5042 Joab
1331 4984 1592 5042 vestitus
1630 4992 1768 5043 erat
1815 4994 1913 5044 tu-

415 5087 571 5147 nica
600 5084 830 5143 stricta
860 5083 949 5141 ad
989 5099 1362 5140 mensuram
1397 5081 1654 5139 habitus
1689 5082 1820 5152 sui,
1851 5092 1912 5142 ei

411 5188 693 5261 desuper
701 5179 932 5257 yladio
952 5178 1274 5239 accinctus
1293 5180 1685 5254 dependente
1713 5198 1914 5257 usque

412 5282 505 5339 ad
527 5280 656 5338 ilia
687 5278 764 5337 in
795 5277 1060 5353 υαρίηα,
1093 5277 1212 5355 qui
1239 5274 1600 5351 fabricatus
1632 5275 1759 5334 levi
1789 5296 1913 5335 mo·

2023 4291 2284 4355 Hebraeo
2315 4290 2605 4366 habetur,
2640 4289 2805 4352 Exiit
2850 4290 3096 4353 scilicet
3124 4290 3295 4353 ensis
3326 4299 3389 4354 et
3417 4311 3518 4355 ce-

2023 4389 2178 4453 cidit
2208 4407 2222 4451 :
2255 4389 2406 4471 quia
2434 4388 2735 4451 videlicet
2764 4387 2918 4452 Joab
2949 4407 3026 4452 ex
3063 4390 3390 4471 proposito
3429 4390 3518 4453 ita

2023 4488 2360 4569 disposuit,
2394 4495 2463 4548 ut
2502 4486 2754 4549 caderet
2785 4486 3037 4567 gladius
3078 4488 3157 4551 dc
3188 4487 3419 4569 vagina
3449 4489 3515 4551 in

2024 4596 2279 4663 terram,
2314 4594 2629 4667 quatenus
2678 4584 2908 4647 Amasa
2956 4585 3296 4649 aestimaret
3342 4576 3514 4668 quod

2021 4685 2176 4749 Joab
2218 4686 2457 4748 levaret
2498 4683 2779 4765 gladium
2830 4684 2908 4746 ad
2961 4685 3397 4765 reponendum
3447 4686 3513 4749 in

2023 4784 2341 4863 vaginam,
2378 4800 2505 4844 non
2546 4782 2627 4843 ad
2670 4781 3160 4845 vulnerandum.

2103 4882 2339 4944 Verum
2370 4889 2439 4942 ut
2470 4879 2710 4943 dictum
2745 4887 2839 4941 est
2871 4880 3255 4961 praecedenti
3285 4880 3516 4944 articu-

2025 4979 2108 5057 10,
2131 4979 2287 5043 Joab
2306 4956 2553 5042 ‘occidit
2570 4977 2867 5040 Amasam
2898 4978 3119 5041 eadem
3151 4998 3361 5057 causa,
3386 4998 3517 5063 qua
3566 5005 3601 5049 ιι
3622 5006 3803 5063 neam,

2022 5078 2342 5144 occiderat
2391 5077 2622 5153 Abner‚
2673 5094 2753 5139 ne
2800 5076 3045 5139 scilicet
3082 5077 3511 5162 principatum
3541 5070 3609 5113 ²⁷·

2024 5176 2343 5242 obtineret
2372 5174 2640 5237 militiae.
2668 5173 3038 5256 Specialiter
3066 5193 3325 5258 quoque
3356 5177 3513 5240 indi-

2025 5274 2359 5356 gnabatur,
2406 5293 2480 5337 ac
2526 5272 2850 5335 invidebat
2900 5273 3140 5357 nepoti,
3185 5275 3357 5356 quod
3405 5276 3514 5340 ille
