4359 6250
1084 515 1431 561 amanum
1475 515 1537 560 m
1580 515 1714 560 car.
1762 515 1892 561 xxu
1936 515 2093 560 unm
2136 515 2305 561 rann
2347 514 2569 562 neuun.
2615 532 2696 556 —.
2738 513 2879 559 Am.
2926 512 3120 559 xxxlx
3521 494 3632 558 381

1550 923 2199 1010 ARTICULUS
2273 925 2646 1010 XXXIX

992 1197 1371 1244 DsscLAnAuo
1414 1196 1687 1242 capl‘ruu
1729 1195 1990 1242 vlcsssml
2032 1196 2288 1242 SECUNDI
2327 1197 2341 1240 2
2390 1197 2556 1242 Aml'r
2598 1195 2754 1242 ERGO
2797 1197 2940 1242 mm:
2981 1198 3191 1243 nAvm.

674 1477 1085 1542 APlTULUM
1130 1497 1409 1561 praesens
1457 1485 1727 1554 enarrat,
1761 1477 2038 1559 qualiter
2068 1475 2120 1538 A
2149 1477 2238 1541 ibi
2283 1477 2671 1560 expositores
2721 1496 2735 1540 τ
2785 1479 2914 1541 imo
2957 1487 3178 1543 contra
3227 1481 3427 1561 legem
3480 1480 3626 1558 fuit,

691 1578 1023 1642 occasione
1062 1578 1258 1642 David
1301 1576 1622 1641 interfecti
1654 1585 1805 1640 sunt
1835 1595 2041 1640 saeer—
2148 1577 2398 1657 exigere
2437 1577 2516 1640 ab
2565 1577 2782 1659 aliquo
2823 1577 3080 1641 natione
3113 1579 3330 1643 Judaeo
3379 1579 3640 1643 solutio-
3687 1599 3931 1652 amana,

522 1676 749 1754 doteS,
782 1686 847 1740 et
895 1677 1049 1740 urbs
1098 1696 1317 1741 eorum
1368 1696 1515 1741 cum
1564 1676 1862 1740 omnibus
1907 1675 2041 1738 suis
2151 1693 2296 1738 nem
2335 1675 2696 1737 debitorum
2741 1674 2808 1737 in
2853 1695 3156 1756 magnum
3201 1677 3374 1741 illius
3419 1696 3641 1758 grava-
3669 1665 3737 1706 ²⁵·

526 1785 814 1842 vastata.
847 1779 1033 1839 Abiit
1073 1795 1221 1854 erqo
1262 1778 1417 1838 inde
1448 1778 1690 1845 David,
1724 1773 1969 1838 scilicet
2008 1793 2044 1836 a
2152 1792 2322 1849 men,
2357 1792 2469 1836 seu
2499 1773 2669 1835 ultra
2699 1773 2902 1855 ipsius
2926 1774 3116 1837 vireS.

528 1893 699 1954 rege
738 1875 952 1952 Achis,
986 1885 1047 1938 ec
1090 1878 1269 1954 fugit
1313 1877 1387 1936 in
1433 1879 1807 1952 speluncam
1860 1875 2043 1936 Odoz-
2234 1875 2317 1933 Ec
2340 1875 2666 1952 profectus
2695 1882 2784 1932 est
2804 1875 3023 1933 David
3052 1875 3208 1935 inde
3237 1876 3310 1936 in
3329 1876 3631 1952 Maspha,

164 1993 361 2036 ,νωμᾶ
384 2006 487 2044 m,
530 1979 709 2034 lam.
734 1973 955 2036 Odolla
993 1972 1117 2036 fuit
1157 1974 1311 2035 urbs
1351 1980 1533 2035 terrae
1569 1970 2037 2054 promissioniS,
2152 1989 2295 2048 quoe
2312 1980 2402 2030 est
2424 1971 2636 2041 Moab,
2653 1970 2773 2033 hoc
2795 1978 2891 2033 est
2921 1971 2998 2032 ad
3032 1971 3252 2034 urbem
3283 1971 3374 2034 sie
3403 1973 3639 2037 dictam

118 2060 199 2098 ’δ’
530 2072 734 2154 juxta
779 2092 972 2154 quam
1031 2080 1166 2135 erat
1212 2071 1519 2154 spelunca
1566 2070 1857 2151 grandiS,
1912 2069 2039 2131 imo
2155 2068 2340 2130 sitam
2364 2069 2429 2129 in
2451 2068 2708 2148 regione
2728 2068 3141 2132 Moabitarum
3169 2071 3374 2152 :quod
3404 2070 3644 2134 dicitur

532 2171 771 2233 multae
814 2189 1103 2234 cavernae
1145 2178 1209 2232 et
1251 2189 1465 2250 rupeS.
1492 2168 1567 2230 Et
1606 2176 1741 2230 erat
1780 2167 1872 2229 ibi
1914 2186 2049 2228 mu·
2156 2166 2232 2228 ad
2261 2164 2698 2228 differentiam
2729 2167 2904 2229 urbis
2936 2167 3028 2231 sic
3061 2168 3416 2250 appellatae,
3453 2169 3522 2232 in
3552 2189 3646 2233 re-

534 2269 912 2332 nitissimus
955 2270 1153 2332 loeus.
1182 2269 1267 2331 De
1314 2268 1430 2330 hac
1471 2267 1629 2330 urbe
1671 2266 1940 2329 habetur
1978 2265 2046 2328 in
2153 2282 2282 2344 gno
2301 2264 2489 2327 Israel
2513 2264 2774 2327 situatae.
2793 2269 2876 2327 Et
2893 2268 3072 2328 dixit
3092 2270 3181 2326 ad
3200 2287 3410 2344 reqem
3427 2271 3647 2330 Moab:

110 2389 375 2437 mena.
401 2391 489 2430 15.
534 2367 811 2430 Michaea
844 2386 859 2430 ζ
890 2367 1103 2450 Usque
1142 2367 1221 2429 ad
1264 2365 1552 2429 Odollam
1591 2365 1807 2431 veniet
1843 2364 2047 2445 gloria
2157 2367 2441 2435 Maneat,
2474 2384 2606 2436 ore,
2625 2374 2814 2442 pater
2845 2384 3020 2426 meus
3048 2375 3110 2426 ec
3139 2375 3343 2427 mater
3376 2387 3516 2429 mea
3549 2388 3649 2429 vo·

536 2466 959 2536 lsraeLQuod
978 2487 1183 2547 quum
1201 2466 1533 2527 audissent
1554 2468 1793 2545 fratres
1811 2465 1969 2540 ejus,
1986 2473 2047 2522 et
2155 2463 2423 2532 hiscum,
2459 2461 2523 2524 id
2573 2471 2667 2525 est
2719 2463 2783 2524 in
2836 2463 2993 2527 urbe
3043 2471 3171 2541 tua,
3203 2469 3402 2526 donec
3446 2468 3649 2528 sciam

528 2568 762 2626 omnis
775 2568 1007 2626 domu-s
1020 2567 1233 2642 patris
1252 2565 1419 2642 eju-3,
1436 2563 1499 2626 id
1532 2571 1629 2626 est
1658 2561 1909 2642 cognati
1942 2561 2045 2624 sui
2153 2561 2317 2640 qaid
2342 2563 2551 2637 faciat
2583 2564 2751 2623 mihi
2783 2566 2978 2634 Deus,
3009 2563 3130 2626 hoc
3162 2572 3278 2640 est,
3322 2564 3523 2627 donec
3557 2565 3648 2628 vi·-

526 2663 919 2746 propinqui,
943 2666 1407 2724 descenderunt
1435 2665 1523 2722 ad
1553 2682 1699 2722 eum
1732 2663 1913 2722 illuc.
1948 2660 2037 2722 Ex
2085 2664 2125 2725 B
2152 2658 2336 2721 deam
2379 2659 2618 2723 exitum
2660 2659 2852 2741 hujus
2897 2663 3358 2743 persecutionis
3403 2682 3561 2727 meze
3604 2684 3641 2726 a

516 2781 675 2843 quo
704 2762 978 2837 videtur,
1005 2762 1175 2842 quod
1207 2760 1353 2824 Saul
1388 2758 1721 2824 ebannivit
1754 2778 1862 2822 eos
1894 2777 2039 2840 pro-
2152 2757 2322 2834 Saul,
2347 2766 2411 2821 et
2439 2771 2776 2841 quousque
2803 2761 2966 2822 Deus
2997 2781 3099 2824 me
3130 2761 3380 2826 liberet.
3403 2763 3493 2824 Ex
3523 2763 3646 2828 isto

520 2869 689 2943 pter
716 2860 933 2936 David,
968 2860 1070 2926 vel
1104 2858 1401 2941 persequi
1447 2859 1663 2941 eoepit.
1701 2860 1787 2919 Ec
1817 2877 2039 2919 conve·
2148 2854 2421 2932 elicitur,
2441 2857 2614 2938 quod
2644 2877 2762 2920 nec
2782 2858 3154 2940 parentibus
3185 2859 3645 2942 David,quam-

519 2968 789 3020 nerunt
819 2961 908 3020 ad
938 2979 1086 3019 eum
1114 2979 1329 3019 omnes
1361 2960 1480 3038 qui
1510 2968 1697 3018 erant
1730 2959 1803 3018 in
1832 2976 2037 3035 anyu-
2148 2953 2244 3017 vis
2283 2955 2466 3018 valde
2511 2955 2814 3037 antiquiS,
2841 2955 3024 3020 licuit
3064 2957 3130 3020 in
3178 2965 3346 3021 terra
3380 2967 3442 3022 et
3487 2959 3645 3023 urbe

516 3059 675 3118 ssia
694 3059 1055 3129 constituti,
1070 3057 1134 3119 id
1158 3064 1254 3120 est
1282 3056 1419 3118 dire
1438 3054 1673 3118 afflicti
1704 3061 1767 3118 et
1798 3054 2037 3137 injuste
2146 3072 2262 3114 sua
2290 3071 2568 3116 manere.
2593 3053 2770 3117 Unde
2798 3065 3086 3139 apparet,
3120 3058 3292 3140 quod
3329 3065 3458 3121 tota
3499 3077 3646 3142 pro-

520 3156 959 3238 suppeditati,
991 3165 1051 3216 et
1079 3157 1363 3235 oppressi
1401 3176 1526 3217 oere
1566 3158 1803 3227 aliene,
1840 3155 1905 3216 id
1944 3162 2039 3217 est
2146 3153 2364 3234 genies
2404 3152 2600 3217 David
2648 3153 2772 3215 fuit
2811 3154 3073 3219 bannita
3102 3177 3139 3220 a
3174 3157 3345 3221 Saul.
3381 3160 3466 3219 Ec
3497 3160 3647 3219 reli-

520 3254 783 3317 debitis
812 3252 1209 3336 praegravati,
1243 3272 1386 3334 quae
1425 3253 1673 3317 solvere
1713 3272 1843 3316 non
1876 3254 2039 3318 vale-
2146 3254 2289 3333 quic
2325 3274 2426 3313 eos
2467 3264 2617 3314 ante
2648 3254 2888 3329 faeiem
2931 3257 3098 3332 reqis
3131 3258 3341 3330 Moab,
3376 3256 3488 3338 qui
3536 3277 3640 3321 ac-

522 3354 807 3429 hant‚ec
844 3372 1069 3414 amaro
1110 3354 1358 3421 animo,
1395 3358 1655 3433 propter
1704 3370 1888 3415 casus
1939 3353 2042 3414 ad-
2146 3349 2392 3431 quievit
2421 3349 2718 3432 precibus
2750 3350 2945 3414 David
2977 3351 3080 3414 cui
3112 3354 3461 3433 condoluit,
3483 3356 3638 3438 quia

524 3469 803 3525 versos;
852 3461 911 3511 ec
940 3455 1153 3532 factus
1185 3460 1275 3511 est
1303 3470 1527 3510 eoram
1554 3452 1876 3527 princeps.
1914 3450 2036 3513 Hos
2146 3448 2442 3529 etipsum
2472 3448 2619 3511 Saul
2650 3448 2872 3527 odivit,
2899 3469 2936 3511 a
2964 3469 3092 3532 quo
3119 3450 3254 3531 jam
3278 3451 3487 3517 fuerat
3518 3454 3640 3516 im-
3697 3470 3931 3526 meam,

526 3549 748 3614 David
780 3549 1081 3631 suscepit,
1117 3567 1245 3611 non
1286 3548 1365 3610 ad
1406 3546 1775 3610 faciendum
1819 3544 2037 3629 aliqua
2149 3555 2487 3627 pugnatuS,
2526 3555 2594 3608 ut
2638 3566 2832 3628 supra
2871 3556 3183 3610 narratur.
3227 3552 3640 3613 Man-serunt·
3670 3536 3739 3577 ⁴⁷·

526 3648 721 3712 mala
764 3666 987 3711 eorum
1032 3646 1292 3723 auxilio,
1346 3646 1456 3709 sed
1506 3646 1661 3727 quia
1707 3646 2036 3709 condoluit
2149 3648 2467 3722 queapud
2484 3665 2631 3705 eum
2649 3647 2898 3706 eunctis
2921 3648 3146 3707 diebus
3170 3650 3404 3727 quibus
3421 3652 3643 3711 David

524 3747 665 3823 εἰς,
699 3753 761 3809 et
800 3764 909 3809 eos
940 3744 1145 3810 voluit
1187 3744 1527 3808 consolari.
1562 3744 1823 3826 Propter
1867 3744 2037 3825 quod
2148 3742 2284 3818 fuit
2316 3745 2388 3802 in
2401 3743 2732 3819 praesidio,
2759 3743 2876 3805 hoc
2909 3752 3005 3805 est
3038 3744 3101 3805 in
3133 3745 3541 3826 expeditione
3571 3746 3636 3809 in

524 3854 605 3911 et
652 3842 1085 3925 confugerunt
1123 3842 1203 3904 ad
1248 3862 1418 3920 eum,
1452 3842 1723 3905 scientes
1768 3861 1915 3905 eum
1950 3842 2045 3903 in-
2076 3840 2119 3901 C
2150 3858 2279 3919 qua
2321 3840 2706 3904 munitiones
2751 3842 2828 3903 ad
2873 3844 3258 3906 manendum
3310 3844 3629 3925 quaesivit.

518 3945 719 4027 juste
738 3942 1092 4023 expulsum,
1109 3948 1173 4003 et
1190 3940 1738 4019 confidentes-suo
1761 3948 2044 4021 tempore
2150 3937 2288 4014 Vel,
2315 3938 2382 4000 In
2417 3940 2731 4020 praesidio,
2769 3940 2834 4003 id
2875 3949 2971 4004 est
3001 3941 3264 4023 praefato
3297 3942 3632 4022 fortaliti0,

522 4041 803 4125 plenius
824 4038 1092 4103 relevari
1122 4057 1237 4121 per
1268 4038 1500 4120 ipsum,
1521 4037 1675 4119 quia
1704 4037 2045 4119 sperabant
2154 4035 2220 4099 in
2258 4056 2388 4119 quo
2417 4039 2514 4118 (ut
2545 4037 2774 4118 fertur)
2805 4059 2912 4103 rex
2956 4040 3133 4103 Moab
3173 4041 3511 4107 collocavit
3550 4042 3642 4127 ip-

526 4159 699 4203 eum
743 4139 811 4200 in
851 4138 1027 4201 brevi
1074 4137 1581 4219 promovendum
1621 4138 1699 4199 ad
1750 4153 2041 4217 regnum.
2152 4156 2294 4199 sum
2343 4137 2535 4199 David
2585 4145 2648 4200 et
2695 4138 2863 4201 viros
2919 4138 3083 4220 ejuS,
3149 4158 3349 4223 prope
3403 4151 3632 4206 terram

528 4238 843 4319 Suscepit
872 4236 1067 4299 etiam
1096 4254 1227 4311 eoS‚
1254 4243 1566 4298 uteorum
1598 4235 1886 4299 subsidio
1920 4244 2047 4298 tue·
2153 4236 2617 4317 promissionis,
2663 4236 2813 4309 Quis
2863 4246 3073 4301 autem
3127 4238 3320 4304 fuerit
3368 4241 3488 4305 iste
3532 4262 3640 4305 rex

528 4344 728 4399 retur
746 4354 815 4397 se
846 4334 1158 4417 ipsum‚et
1188 4331 1586 4396 adversarios
1616 4332 2041 4397 Israelitarum
2155 4336 2352 4411 Moab,
2378 4335 2544 4415 apud
2575 4353 2766 4415 quem
2797 4346 3169 4399 manserunt
3201 4349 3494 4419 parentes
3525 4341 3640 4403 Da-

530 4432 854 4497 int'ideles
882 4439 1397 4513 persequeretur.
1436 4435 1856 4509 Fueruntque
1894 4450 2041 4492 cum
2156 4432 2286 4509 vid,
2319 4440 2382 4495 et
2412 4432 2552 4494 aliae
2581 4451 2866 4514 personae
2897 4434 3138 4497 debiles
3181 4455 3294 4497 seu
3331 4438 3636 4520 antiquae,

530 4554 617 4594 eo
637 4532 835 4612 quasi
850 4530 1321 4609 qualrinyenti
1352 4531 1507 4590 viri.
1525 4529 1703 4591 Circa
1732 4529 1867 4591 haec
1900 4528 2047 4591 scri-
2154 4550 2300 4611 quae
2339 4548 2486 4593 eum
2529 4530 2711 4612 sequi
2751 4532 3124 4613 nequibant,
3152 4533 3512 4616 inquiretur
3543 4537 3640 4600 in-
3693 4560 3728 4604 ιι
3749 4561 3920 4616 ηιμ.

154 4661 175 4703 1
197 4659 495 4711 agyam,
534 4630 649 4694 bit
680 4628 943 4710 quidam
973 4626 1163 4701 :Quia
1186 4626 1380 4689 David
1401 4627 1532 4708 jam
1564 4635 1698 4689 erat
1729 4646 1837 4689 rex
1867 4626 2049 4688 inun—
2160 4628 2259 4690 fra
2285 4628 2450 4690 libro
2480 4630 2781 4692 secundo.

118 4728 213 4767 ¹³·
537 4738 719 4804 ctuS,
756 4734 1002 4809 poterat
1034 4725 1099 4787 in
1130 4725 1241 4787 tali
1272 4743 1422 4787 casu
1454 4724 1839 4787 solutionem
1872 4723 2050 4786 debi-
2236 4730 2548 4807 Dixitque
2583 4730 2727 4789 Gad
2753 4732 3065 4807 propheta
3101 4732 3189 4791 ad
3216 4733 3436 4792 David
3456 4754 3480 4793 .·
3514 4736 3642 4796 No-

539 4838 766 4891 torum
798 4825 1199 4907 prolongare,
1224 4831 1287 4885 et
1318 4822 1382 4884 in
1414 4822 1707 4904 pluribus
1741 4821 2051 4885 forefacta
2158 4827 2210 4885 ci
2239 4846 2496 4887 manere
2526 4827 2600 4885 in
2623 4829 2934 4904 proesidio
2972 4827 3103 4907 Jam
3146 4827 3412 4910 praefato
3439 4855 3454 4905 3
3490 4852 3642 4910 pro-

534 4922 996 4989 relaxare.Sed
1026 4930 1249 4985 contra
1270 4922 1389 4983 hoe
1410 4920 1606 5001 objici
1640 4929 1869 5003 potest,
1892 4922 2046 5002 quia
2153 4926 2434 5001 fici-scere
2479 4942 2554 4986 ex
2598 4924 2714 4988 hac
2755 4934 2940 5002 terra,
2973 4935 3033 4986 ec
3077 4930 3240 4987 vade
3282 4930 3356 4989 in
3398 4939 3636 4994 terram

536 5043 683 5087 non
732 5030 867 5085 erat
910 5021 1211 5083 inunctus
1264 5020 1328 5081 in
1370 5036 1604 5099 regem,
1642 5020 1731 5081 ita
1782 5027 1853 5081 ut
1900 5027 2047 5081 ante
2076 5026 2349 5087 DJuda.
2399 5022 2514 5084 Per
2573 5030 2802 5084 terram
2859 5023 3039 5100 Juda,
3093 5034 3303 5106 potest
3363 5026 3642 5111 intelligi

536 5121 763 5186 Saulis
812 5128 1084 5183 mortem
1134 5126 1457 5199 regnaret,
1511 5127 1621 5181 aut
1669 5118 2047 5181 auctoritate
2156 5120 2517 5202 specialiter
2551 5128 2714 5182 terra
2752 5122 3175 5202 possessionis
3219 5123 3424 5187 tribus
3459 5126 3637 5204 Juda,

542 5222 955 5300 fungeretur,
993 5238 1103 5281 seu
1129 5216 1574 5299 jurisdictione
1604 5217 1823 5297 regali,
1852 5226 1922 5281 ut
1952 5218 2049 5280 di-
2157 5219 2224 5281 in
2254 5237 2382 5299 qua
2409 5218 2605 5280 David
2639 5226 2884 5299 poterat
2912 5218 3111 5281 tutius
3142 5221 3474 5300 demorari,
3503 5232 3640 5286 tan-

536 5329 729 5387 etum
758 5327 855 5381 est
878 5335 1092 5399 supra,
1118 5326 1182 5378 et
1209 5316 1632 5379 communiter
1662 5316 1886 5379 dicunt
1920 5317 2043 5379 hoc
2154 5334 2346 5397 quam
2388 5324 2571 5378 natus
2611 5336 2686 5378 ex
2729 5315 2894 5378 tribu
2926 5316 3058 5379 illa.
3095 5318 3206 5382 Vel
3249 5338 3361 5401 per
3398 5330 3630 5389 terram
