4359 6250
94 1861 263 1916 {⁸292

74 1929 133 1969 ¹3.

962 493 1311 542 ENARRATIO
1354 493 1415 540 ΙΝ
1459 491 1596 538 cAP.
1642 490 1708 536 lu
1750 489 1910 536 unm
1953 490 2204 536 SECUND!
2245 490 2470 538 REGUM.
2516 509 2596 520 —
2640 492 2780 537 ΛΒΤ.
2829 492 2866 534 V

3337 475 3456 538 449

352 666 935 749 plorare5quamvis
956 664 1269 749 separatio
1293 663 1643 728 secundum
1666 678 1856 722 unam
1886 658 1937 720 A
1960 677 2138 736 qam,
2162 671 2236 722 ut
2264 682 2635 740 conqreqem
2665 667 2754 724 ad
2787 673 2842 724 te
2869 665 3208 724 dominum
3239 679 3452 726 meum

350 765 939 830 considerationem
984 765 1065 827 sit
1108 765 1389 846 placens,
1426 765 1511 823 Et
1552 762 1730 820 diaeit
1772 761 1859 819 ad

350 884 507 924 eum
554 867 773 926 Abner
805 884 827 926 .·
876 867 1067 938 Vade,
1114 872 1448 924 revertere.
1487 862 1613 930 Qui
1658 878 1861 918 rever-

350 983 469 1022 sus
498 973 611 1024 est.

446 1061 823 1128 Sermonem
861 1081 1108 1142 quoque
1142 1061 1375 1120 intulit
1404 1061 1621 1120 Abner
1649 1058 1737 1116 ad
1771 1075 1863 1114 se-

352 1159 579 1218 niores
609 1160 837 1232 Israel,
872 1159 935 1220 id
969 1167 1065 1221 est
1096 1158 1377 1220 tribuum
1408 1155 1615 1234 adhuc
1655 1152 1862 1215 adhae-

250 1287 257 1295 -
350 1255 647 1318 rentium
697 1255 981 1320 isboseth
1034 1256 1190 1336 regi,
1243 1273 1547 1337 quarum·
1578 1251 1859 1315 seniores

355 1353 765 1430 convocavit,
800 1363 869 1416 ut
900 1373 1013 1436 per
1042 1373 1153 1417 eos
1185 1352 1593 1436 persuaderet
1624 1358 1688 1413 et
1716 1348 1860 1411 aliis

354 1452 540 1530 quod
573 1453 845 1529 volebat,
869 1455 1089 1514 dicens
1109 1475 1132 1512 :
1163 1456 1315 1513 Tam
1346 1453 1487 1511 heri
1514 1470 1713 1529 quam
1742 1467 1864 1507 nu-

354 1550 779 1620 diustertius,
821 1550 885 1612 id
923 1558 1021 1612 est
1060 1557 1345 1631 tempore
1390 1566 1518 1610 non
1565 1546 1675 1609 diu
1722 1562 1862 1608 evo-

359 1646 529 1722 luto,
563 1657 627 1720 et
656 1647 848 1711 etiam
882 1657 1168 1731 tempore
1200 1648 1311 1709 diu
1352 1646 1591 1728 elapso,
1628 1665 1863 1724 quaere-

358 1747 535 1809 batis
553 1750 778 1808 David
797 1758 869 1809 ut
891 1756 1188 1825 reynaret
1207 1765 1399 1822 super
1420 1765 1542 1814 vo-5,
1557 1741 1863 1806 defuncto

356 1951 539 2010 ctum
574 1964 611 2006 a
643 1944 935 2008 Samuele
964 1952 1025 2006 et
1058 1962 1197 2006 esse
1224 1941 1629 2024 aptissimum
1661 1941 1741 2003 ad
1772 1958 1863 2002 re-

354 2044 719 2123 gnandum,
744 2043 1088 2125 ipsumque
1116 2040 1399 2104 Isboseth
1432 2041 1510 2102 ad
1543 2039 1662 2102 hoc
1693 2056 1865 2120 pror-

356 2161 475 2204 sus
504 2141 843 2224 ineptum.
880 2141 1059 2204 Unde
1106 2140 1380 2216 elicitur,
1430 2139 1601 2220 quod
1650 2137 1863 2200 Abner

354 2241 444 2302 ad
498 2249 753 2323 tempus
802 2247 1117 2304 averterat
1164 2257 1272 2302 eos
1317 2257 1354 2300 a
1397 2237 1616 2300 David.
1667 2238 1863 2300 Nune

352 2359 513 2417 erqo
531 2341 732 2416 facite
753 2339 947 2402 David
977 2357 1169 2420 super
1193 2356 1305 2400 vos
1335 2336 1696 2419 praesidere,
1717 2354 1861 2415 quo-

354 2439 552 2498 niam
594 2439 913 2499 Dominus
958 2442 1207 2497 locutus
1245 2445 1335 2496 est
1373 2439 1461 2495 ad
1498 2435 1719 2495 David
1747 2451 1862 2514 pet·

353 2535 734 2618 Prophetas,
770 2545 925 2618 puta
956 2553 1071 2617 per
1100 2533 1457 2596 Samuelem
1488 2541 1552 2594 et
1581 2530 1733 2606 Gad,
1765 2532 1863 2590 di-

354 2655 511 2695 cens
552 2656 576 2695 .·
621 2639 705 2698 In
754 2655 979 2705 manu,
1036 2634 1100 2695 id
1149 2641 1244 2694 est
1292 2649 1408 2713 per
1454 2629 1857 2712 obsequium,

358 2741 747 2816 potestatem
798 2742 860 2796 et
922 2750 1189 2811 regnum
1246 2732 1418 2790 servi
1467 2731 1593 2790 mei
1639 2730 1863 2791 David

354 2835 624 2894 salvabo
658 2835 981 2910 populum
1028 2851 1243 2892 meum
1286 2831 1494 2890 Israel
1538 2831 1616 2888 de
1660 2847 1863 2888 manu

358 2932 902 3001 Philistinorum,
927 2929 1037 3011 qui
1070 2936 1354 3010 tempore
1385 2927 1531 2989 Saul
1564 2946 1637 2990 ac
1666 2924 1863 2988 David

1966 777 2175 834 reyem
2204 763 2583 822 universum
2603 764 2628 788 *
2647 766 2877 833 Israel,
2899 761 3066 825 sicut
3091 759 3452 842 expositum

1969 865 2085 932 est,
2117 868 2177 918 et
2218 861 2435 920 ineam
2475 871 2678 921 tecum
2718 865 2955 941 foeduS‚
2988 859 3048 921 id
3089 868 3208 936 est,
3241 858 3456 922 amici-

1969 954 2073 1017 tiae
2116 965 2394 1037 pactum,
2429 960 2599 1041 quod
2643 959 2766 1022 feei
2812 968 3020 1022 tecum
3061 966 3322 1033 secrete,
3358 975 3457 1020 co-

1969 1072 2104 1115 ram
2153 1055 2453 1120 omuibus
2505 1077 2826 1137 renovem,
2870 1067 3184 1140 quatenus
3235 1073 3454 1118 secure

1970 1154 2246 1218 subdant
2275 1176 2345 1220 se
2377 1157 2515 1234 tibi,
2549 1168 2609 1219 et
2639 1161 2910 1236 imperes
2937 1159 3258 1226 omnibus,
3287 1157 3455 1216 sicut

1968 1256 2290 1316 desiderat
2319 1259 2546 1318 anima
2579 1267 2712 1318 tua.
2747 1256 2862 1319 Per
2901 1256 3020 1318 hoc
3061 1273 3190 1318 non
3232 1261 3328 1316 est
3363 1252 3459 1315 in-

1972 1351 2408 1434 telligendum,
2444 1356 2614 1437 quod
2658 1355 2853 1417 David
2893 1353 3297 1418 afficiebatur
3332 1369 3460 1414 am-

1971 1448 2205 1514 bitiose
2232 1453 2310 1514 ad
2342 1452 2824 1528 dominandum,
2853 1453 2960 1516 sed
2983 1452 3153 1533 quod
3187 1447 3458 1534 appetiit

1972 1567 2244 1630 praeesse
2265 1550 2509 1614 utiliter
2529 1559 2719 1632 atque
2734 1550 3022 1633 pacifice,
3042 1569 3334 1632 quaerens
3356 1549 3462 1612 bo—

1976 1666 2127 1709 num
2148 1667 2505 1726 commune,
2527 1668 2654 1712 non
2677 1649 3008 1732 proprium
3029 1658 3092 1712 et
3114 1649 3455 1731 privatum.

2056 1749 2268 1814 Quum
2297 1767 2444 1825 erqo
2466 1751 2834 1810 deduoeisset
2854 1751 3074 1810 David
3105 1749 3316 1830 ipsum
3338 1749 3462 1808 Ab·

266 1875 325 1911 w,
358 1844 580 1918 Saule.
635 1845 971 1910 Sciverunt
1018 1845 1193 1908 enim
1242 1843 1438 1908 David
1488 1859 1627 1906 esse
1679 1842 1865 1904 inun-
1894 1843 1945 1905 ’Β
1972 1865 2113 1915 ner,
2142 1845 2352 1909 eundo
2398 1865 2543 1908 cum
2592 1845 2804 1909 Abner
2851 1865 2966 1928 per
3015 1847 3292 1928 spatium
3343 1844 3460 1908 ali-

1970 1953 2282 2025 quantum
2332 1954 2591 2026 propter
2639 1945 3062 2008 reverentiam
3110 1945 3344 2021 Abner,
3397 1953 3458 2004 et

1974 2046 2083 2104 ille
2126 2047 2268 2105 isset
2308 2047 2381 2106 in
2412 2066 2598 2124 pace,
2629 2049 2851 2106 statim
2881 2047 3076 2123 pueri
3116 2047 3356 2116 David,
3393 2043 3456 2104 id

1972 2150 2067 2205 est
2096 2142 2373 2206 ministri
2405 2152 2468 2206 et
2499 2143 2757 2220 militeS,
2793 2143 3260 2224 bellatoresque
3291 2141 3458 2224 ejuS‚·

1968 2251 2029 2302 et
2053 2244 2212 2303 Joab
2241 2251 2553 2304 venerunt
2580 2246 2755 2304 eoesis
2789 2245 3172 2313 latronibuS‚
3193 2241 3304 2323 qui
3337 2249 3460 2304 ter-

1974 2359 2104 2403 ram
2155 2340 2343 2403 lsrael
2389 2341 2810 2418 intraverunt,
2843 2340 3146 2404 defuncto
3193 2341 3362 2417 Saul,
3399 2349 3459 2403 et

1972 2439 2223 2502 duobus
2278 2439 2530 2521 regibus
2585 2449 2806 2504 cont-ra
2858 2461 2926 2503 se
2976 2440 3454 2516 dimicantibuS,

1970 2558 2117 2598 cum
2139 2541 2369 2614 praeda
2402 2559 2638 2616 mayna
2670 2541 2891 2611 nimis,
2908 2558 3102 2621 quam
3135 2547 3310 2602 extra
3343 2546 3462 2600 ter·

1972 2653 2104 2698 ram
2150 2635 2338 2700 lsrael
2383 2646 2784 2718 acceperunt,
2820 2638 2921 2700 vel
2963 2638 3030 2700 in
3069 2646 3236 2701 terra
3270 2637 3460 2699 lsrael

1974 2733 2328 2796 latronibus
2348 2735 2780 2816 praedantibus
2811 2735 3224 2800 abstulerunt.
3243 2738 3459 2798 Abner

1970 2844 2188 2896 autem
2235 2855 2366 2896 non
2413 2845 2554 2897 erat
2599 2857 2747 2897 cum
2793 2838 3008 2898 David
3049 2839 3124 2897 in
3169 2838 3454 2906 Hebron,

1971 2933 2131 3010 quia
2144 2933 2298 3009 jam
2325 2933 2664 2994 dimiserat
2691 2955 2860 3006 eum,
2883 2943 2943 2994 et
2965 2936 3292 3011 profectus
3321 2936 3462 3014 fue-

357 3047 499 3111 prae
518 3028 749 3092 ceteris
779 3027 1082 3110 gentibus
1112 3034 1297 3090 erant
1326 3025 1577 3088 molesti
1610 3024 1768 3086 siliis
1789 3023 1867 3085 Is·
1898 3028 1941 3091 C
1972 3039 2078 3092 rat
2108 3032 2181 3091 in
2207 3050 2399 3109 pace;
2427 3039 2488 3090 et
2505 3033 2662 3092 Joab
2682 3042 2742 3093 et
2769 3033 2977 3092 omnis
3004 3034 3321 3093 exereitus
3339 3035 3458 3113 qui

362 3128 602 3209 rael,et
631 3130 928 3191 omnium
958 3128 1379 3187 inimicorum
1407 3126 1569 3203 ejus.
1588 3128 1864 3185 Locutus

356 3238 457 3289 est
487 3238 707 3305 nutem
726 3229 943 3289 Abner
960 3228 1160 3288 etiam
1178 3228 1266 3285 ad
1286 3225 1665 3301 Benjamin,
1682 3222 1747 3284 id
1767 3229 1865 3285 est

360 3325 609 3389 tribum
650 3324 1007 3405 Benjamin,
1040 3342 1185 3405 quae
1224 3322 1425 3402 magis
1463 3320 1705 3384 zelabat
1746 3339 1861 3402 pro

359 3424 675 3501 lsboseth,
696 3431 999 3505 tanquam
1031 3430 1181 3486 nato
1202 3421 1281 3485 de
1306 3420 1614 3499 sanguine
1646 3438 1783 3497 suo,
1802 3426 1863 3481 et

356 3524 495 3606 jam
531 3523 645 3585 diu
674 3522 985 3605 pugnavit
1014 3540 1133 3604 pro
1161 3538 1238 3583 eo
1272 3537 1286 3581 :
1322 3527 1387 3582 et
1416 3517 1510 3581 illi
1544 3519 1621 3581 de
1649 3518 1865 3600 Benja-

358 3623 503 3685 min
532 3631 717 3685 erant
746 3620 1081 3685 domestici
1113 3618 1395 3682 lsboseth
1430 3626 1623 3699 atque
1654 3626 1865 3681 custo-

358 3723 479 3785 des
508 3721 739 3803 capitis
771 3720 974 3797 sui,et
994 3718 1177 3782 valde
1208 3716 1409 3779 invite
1435 3716 1864 3798 permiserunt

362 3820 611 3902 regiam
641 3819 1018 3899 dignitatem
1051 3813 1381 3878 transferri
1416 3815 1495 3877 de
1538 3814 1708 3878 tribu
1749 3833 1863 3877 sua

359 3920 443 3982 ad
478 3917 687 3995 ,aliam
748 3916 1011 3978 tribum.
1068 3914 1209 3978 ldeo
1258 3911 1631 3992 diligentius
1682 3922 1864 3975 erant

363 4015 697 4091 monendi,
724 4022 795 4076 ut
824 4012 1303 4095 acquiescerent
1332 4010 1719 4093 promotioni
1750 4012 1865 4075 Da-

361 4116 473 4179 vid
528 4114 596 4176 in
650 4131 861 4193 regem
912 4130 1106 4193 super
1154 4128 1284 4174 eos.
1338 4110 1497 4172 Ecce
1546 4110 1864 4191 quomodo

1970 3138 2109 3189 erat
2137 3149 2286 3189 cum
2313 3149 2408 3196 eo,
2433 3140 2651 3206 postea
2689 3140 3018 3191 venerant.
3054 3132 3454 3193 Nuntiatum

1970 3236 2058 3287 est
2084 3228 2303 3305 itaque
2329 3224 2452 3307 ipsi
2469 3229 2626 3287 Joab
2643 3248 2684 3287 a
2703 3230 3128 3288 narrantibus
3156 3228 3456 3292 domesti-

1970 3323 2062 3386 cis
2102 3323 2299 3389 David
2338 3340 2352 3386 :
2394 3326 2576 3385 Venit
2605 3327 2823 3386 Abner
2857 3328 3043 3404 filius
3073 3328 3208 3391 Ner
3235 3330 3324 3387 ad
3363 3348 3459 3387 re-

1963 3442 2135 3499 yem,
2164 3433 2225 3484 et
2268 3425 2522 3483 dimisit
2561 3444 2735 3494 eum,
2764 3434 2824 3485 et
2851 3426 3014 3485 abiit
3053 3426 3126 3485 in
3153 3446 3333 3505 pace.
3369 3428 3454 3487 Et

1972 3524 2296 3599 inyressus
2323 3531 2414 3581 est
2440 3524 2598 3583 Joab
2627 3525 2715 3583 ad
2744 3542 2978 3599 reqem,
3009 3534 3068 3585 et
3099 3526 3196 3585 ait
3226 3545 3250 3583 .·
3283 3526 3455 3594 Quid

1968 3622 2184 3697 fecisti
2203 3622 2234 3680 ?
2261 3619 2446 3701 quasi
2496 3620 2687 3697 dicat,
2734 3621 2988 3685 lncaute
3037 3623 3246 3704 egisti.
3294 3626 3456 3684 Ecce

1971 3720 2146 3779 venit
2174 3720 2393 3780 Abner
2430 3721 2519 3779 ad
2558 3728 2635 3781 te.
2673 3722 2884 3788 Quare
2925 3722 3238 3782 dimisisti
3281 3743 3451 3794 eum,

1970 3828 2031 3879 et
2057 3819 2242 3889 abiit,
2261 3827 2320 3877 et
2349 3819 2650 3878 recessit?
2678 3819 2950 3895 I9noras
2977 3822 3216 3891 Abner,
3239 3820 3304 3883 id
3335 3829 3452 3897 est,

1974 3935 2100 3979 non
2131 3914 2405 3978 attendis
2438 3913 2934 3978 fraudulentiam
2979 3916 3171 3997 hujus
3211 3918 3446 3995 Abner,

1970 4018 2190 4093 filium
2212 4015 2366 4083 Ner,
2387 4016 2697 4092 quoniam
2717 4017 2805 4074 ad
2823 4018 2939 4075 hoc
2961 4018 3136 4077 venit
3165 4019 3254 4077 ad
3283 4026 3360 4089 te,
3382 4027 3454 4078 ut

1971 4116 2286 4191 deciperet
2327 4122 2409 4182 te,
2438 4122 2498 4173 et
2535 4114 2724 4172 sciret
2761 4116 3010 4174 exitum
3053 4123 3237 4175 tuum
3265 4125 3324 4175 et
3356 4118 3459 4176 in-

362 4213 779 4297 omnipotens
810 4226 885 4275 ac
914 4208 1423 4292 sapientissimus
1445 4209 1623 4285 DeuS‚
1645 4229 1723 4271 ex
1747 4227 1866 4271 ma·
1896 4210 1945 4271 D
1975 4213 2242 4272 troitum
2275 4220 2558 4280 tuum,et
2586 4221 2789 4273 nosset
2809 4214 3031 4273 omnia
3051 4233 3194 4292 quoe
3213 4214 3376 4291 aqis,
3395 4213 3461 4276 id

364 4314 447 4379 lis
476 4312 657 4389 elicit
689 4310 857 4374 bona
891 4328 905 4371 :
940 4308 1095 4391 quia
1124 4327 1201 4371 ex
1231 4307 1325 4369 ira
1354 4306 1589 4384 Abner,
1615 4324 1867 4388 proces-

364 4414 449 4476 sit
480 4414 603 4475 boc
636 4410 903 4475 bonum.

470 4512 776 4590 Venitque
819 4507 1033 4571 Abner
1079 4508 1168 4567 ad
1212 4506 1433 4566 David
1482 4506 1556 4565 in
1607 4508 1863 4566 Hebron

362 4634 519 4675 cum
550 4611 794 4688 viginti
834 4609 1021 4677 viris,
1042 4614 1264 4679 ,certus
1306 4606 1385 4667 de
1426 4602 1710 4667 amicitia
1752 4605 1867 4667 Da-

364 4710 497 4787 vid,
537 4708 681 4772 ideo
724 4724 963 4789 paucos
1001 4712 1065 4767 et
1102 4702 1511 4767 honorabiles
1556 4702 1726 4765 viros
1770 4720 1868 4764 se-

362 4828 515 4873 cum
547 4804 833 4870 adduxit.
854 4807 937 4867 E't
966 4804 1121 4884 fecit
1142 4802 1361 4863 David
1380 4802 1599 4861 Abner
1618 4808 1676 4859 et
1702 4801 1866 4860 viris

361 4910 502 4969 suis
548 4906 668 4986 qui
710 4912 1019 4965 venerant
1057 4921 1205 4962 cum
1242 4920 1337 4970 ec,
1367 4900 1764 4972 convivium,
1801 4898 1865 4960 id

364 5012 486 5081 est,
536 5002 885 5085 magnifice
933 5000 1216 5080 suscepit
1265 4998 1475 5081 ipsum
1525 4996 1758 5074 Abner,
1804 5006 1867 5060 et

367 5104 641 5169 solenne
670 5099 1036 5164 convivium
1069 5097 1359 5161 exhibuit
1379 5097 1438 5158 ei
1460 5114 1533 5159 ac
1554 5096 1711 5159 viris
1736 5096 1867 5159 suis

370 5204 439 5265 in
470 5197 1060 5283 signumamicitiae
1088 5205 1152 5259 et
1180 5194 1767 5259 confoederationiS.
1786 5198 1871 5257 Et

368 5302 555 5377 dixit
568 5300 791 5371 Abner
813 5295 981 5367 facto
1011 5294 1306 5359 convivio
1326 5296 1413 5353 ad
1436 5294 1653 5353 David
1670 5311 1692 5354 .·
1709 5296 1869 5353 Sur-

629 5431 696 5481 T.
731 5431 779 5481 3.

1920 4339 1930 4345 ·
1973 4317 2091 4386 est,
2108 4316 2180 4369 ut
2209 4308 2640 4371 consideraret
2667 4309 2944 4391 qualiter
2970 4310 3054 4372 sit
3073 4310 3456 4393 dispositum

1974 4414 2182 4471 tecum
2221 4412 2284 4469 et
2321 4405 2388 4467 in
2427 4406 2616 4469 domo
2656 4413 2785 4483 tua,
2819 4408 3040 4489 sicque
3085 4419 3460 4489 agnosceret

1973 4504 2246 4586 qualiter
2285 4504 2486 4585 possit
2525 4513 2587 4567 te
2616 4503 2868 4569 facilius
2909 4510 3253 4589 superare?
3285 4508 3462 4572 Unde

1973 4602 2326 4664 Alexander
2345 4602 2602 4683 Magnus
2633 4602 2752 4665 sub
2783 4603 3004 4666 babitu
3034 4603 3244 4669 alieno
3275 4606 3470 4669 intra-.

1975 4701 2069 4764 vit
2098 4718 2212 4781 pro
2245 4700 2354 4762 tali
2395 4719 2584 4764 causa
2623 4702 2926 4782 palatium
2966 4703 3136 4767 Darii
3177 4705 3364 4785 regiS,
3400 4713 3465 4769 et

1976 4797 2085 4861 alii
2117 4798 2336 4880 plures
2367 4797 2652 4861 fecerunt
2682 4799 2938 4862 similia.
2956 4801 3072 4863 Per
3101 4801 3234 4865 haec
3265 4802 3462 4867 verba

1976 4896 2247 4961 tentavit
2273 4895 2426 4959 Joab
2465 4904 2706 4960 mutare
2747 4906 2811 4960 et
2847 4897 3158 4963 inclinare
3201 4920 3311 4966 cor
3349 4902 3460 4965 Da·

1977 4995 2085 5058 vid
2114 4995 2194 5058 ad
2229 4994 2598 5058 violandum
2644 4995 2874 5059 initum
2915 4994 3126 5060 foedus
3165 5018 3309 5062 eum
3341 4999 3464 5062 Ab·

1976 5112 2125 5168 ner3
2169 5093 2280 5155 sed
2325 5093 2520 5156 David
2564 5112 2692 5156 non
2731 5095 3003 5157 credidit
3039 5097 3252 5160 verbis
3281 5096 3457 5175 Joa'b,

1976 5190 2129 5273 quia
2156 5198 2220 5253 et
2245 5190 2508 5253 aliunde
2537 5192 2796 5271 agnovit
2830 5192 3213 5273 probitatem
3259 5195 3462 5277 ipsius

1975 5290 2191 5352 Abner
2217 5297 2408 5371 atque
2438 5289 2746 5352 versutias
2776 5289 2952 5352 Joab.

3157 5426 3220 5477 29

3513 775 3534 796 ''
3559 788 3727 818 omnem
