4359 6250
894 480 1019 544 212
1602 492 1982 542 ‚lemannum
2024 492 2087 538 ιΝ
2129 490 2267 539 ω.
2313 489 2398 535 xx
2438 488 2710 536 mmcmr.
2755 507 2836 518 -
2875 489 3018 534 aar.
3064 486 3261 536 xxxm

1895 942 2544 1032 ARTICULUS
2615 942 2999 1028 XXXIII

1220 1251 1531 1298 Exposl'rlo
1576 1248 1850 1296 camum
1894 1245 2154 1292 vtcsssml
2198 1246 2212 1292 :
2261 1242 2511 1290 EGRESSI
2554 1242 2774 1298 ruent:
2817 1242 2967 1287 SUNT
3008 1240 3205 1288 oum-:s
3247 1240 3389 1286 mnu
3431 1240 3667 1286 ISRAEL.

1045 1558 1299 1622 EORUM
1325 1558 1495 1640 justa
1536 1553 1878 1618 debellatio
1922 1551 2108 1614 modo
2153 1549 2391 1612 deseri·
2421 1548 2472 1610 A
2499 1550 2616 1612 daei
2666 1559 2856 1632 atque
2899 1548 3191 1630 gentileS.
3229 1551 3720 1626 Quadrinyenta
3767 1551 3990 1610 millia

1063 1658 1258 1721 bitur.
1295 1658 1552 1735 Eyressi
1587 1659 1801 1735 itaque
1830 1663 1983 1714 sunt
2012 1671 2227 1712 omnes
2257 1651 2392 1726 filii
2493 1651 2788 1726 peditum
2829 1659 3292 1726 pugnatorum.
3347 1649 3503 1710 Hinc
3551 1646 3696 1711 elici
3748 1657 3978 1731 potest,

898 1763 1109 1820 Israel
1129 1778 1153 1819 .·
1182 1775 1311 1820 non
1342 1754 1720 1836 simpliciter
1750 1770 1995 1828 omneS,
2029 1750 2137 1812 scd
2167 1767 2390 1812 omnes

900 1858 979 1920 de
998 1856 1233 1938 quibus
1266 1855 1331 1916 in
1364 1854 1494 1916 fine
1515 1850 1929 1935 praecedentis
1960 1848 2226 1930 capituli
2250 1865 2394 1910 con-

902 1951 1180 2030 tinetu'r3
1212 1965 1272 2015 ec
1312 1956 1567 2031 pariter
1614 1951 2003 2028 conyreqati,
2046 1949 2237 2028 quasi
2285 1949 2392 2006 vir

899 2075 1071 2115 unus
1104 2057 1183 2113 de
1212 2055 1361 2114 Dan
1404 2072 1605 2131 usque
1634 2051 1963 2118 Bersabee,
2006 2047 2126 2108 hoc
2171 2055 2268 2108 est
2311 2045 2390 2107 de

901 2151 1409 2216 extremitatibus
1455 2158 1635 2212 terrae
1674 2144 2115 2230 promissionis
2144 2165 2181 2206 a
2211 2152 2390 2225 parte

895 2252 1282 2334 aquilonari,
1302 2251 1370 2312 in
1390 2269 1519 2330 qua
1548 2256 1683 2311 erat
1714 2246 1917 2309 tribus
1950 2254 2011 2308 et
2045 2243 2196 2306 urbs
2227 2244 2381 2319 Dan,

2499 1747 2668 1828 quod
2696 1746 2816 1808 filii
2843 1747 3028 1810 lsrael
3061 1745 3262 1828 magis
3291 1745 3700 1829 multiplicati
3723 1745 3986 1808 fuerunt

2501 1844 2562 1906 in
2595 1845 2881 1927 AEgypto,
2917 1864 3043 1909 non
3075 1846 3368 1910 obstante
3403 1845 3492 1908 ibi
3529 1863 3746 1908 eorum
3789 1845 3988 1908 servi-

2501 1951 2632 2006 tute
2652 1945 3050 2024 gravissima,
3065 1944 3296 2006 deinde
3314 1945 3381 2006 in
3409 1944 3774 2020 solitudine,
3792 1961 3984 2025 quam

2499 2041 2564 2102 in
2596 2050 2762 2104 terra
2791 2042 3230 2124 promissionis
3260 2043 3612 2123 hucusque.
3639 2041 3894 2123 Nempe,
3929 2041 3981 2102 si

2498 2140 2598 2202 his
2643 2140 3124 2222 quadringentis
3175 2141 3460 2202 millibus
3509 2141 3824 2203 addantur
3867 2139 3985 2220 qui

2497 2237 2860 2316 defuerunt,
2895 2239 3193 2304 videlicet
3232 2239 3596 2320 Benjamitae
3635 2247 3702 2300 et
3739 2237 3984 2301 habita-

2499 2345 2664 2400 tores
2705 2337 2888 2400 Jabes
2931 2337 3162 2400 Galaad
3211 2338 3324 2419 qui
3373 2338 3654 2412 deerant,
3700 2344 3768 2398 ut
3813 2333 3984 2398 infra
4041 2353 4282 2397 naseam

2499 2449 2810 2518 narratur,
2845 2440 3050 2504 adhuc
3095 2459 3342 2503 summa
3381 2439 3652 2502 multum
3692 2437 3918 2502 deficit
3947 2456 3984 2500 a
4013 2419 4060 2457 ⁸·

2497 2559 2745 2602 summa
2776 2558 3017 2616 eorum,
3039 2540 3114 2602 ad
3137 2559 3329 2620 quam
3362 2539 3428 2599 in
3459 2538 3666 2620 prima
3695 2557 3983 2600 numera·
4039 2550 4282 2592 Nun-2⁸2·-

2499 2638 2690 2715 tione,
2731 2647 2792 2699 et
2837 2639 2986 2699 item
3032 2638 3110 2699 ab
3151 2657 3225 2700 ea
3262 2637 3343 2700 ad
3382 2655 3574 2718 quam
3605 2635 3670 2698 in
3703 2637 3982 2699 secunda
4013 2649 4280 2753 Sim-un-

901 2369 1105 2432 usque
1152 2350 1229 2412 ad
1278 2357 1522 2431 partem
1569 2346 1933 2421 australem,
1972 2345 2038 2406 in
2084 2362 2214 2425 qua
2264 2341 2389 2404 fuit

902 2449 1127 2512 civitas
1175 2446 1500 2522 Bersabee,
1541 2455 1600 2506 et
1651 2455 1821 2504 terra
1870 2444 2149 2510 Galaad,
2182 2440 2246 2501 id
2295 2447 2390 2501 est

902 2547 1105 2609 tribus
1148 2544 1333 2608 Israel
1382 2544 1549 2605 ultra
1582 2543 1920 2604 Jordanem
1964 2539 2030 2600 in
2074 2547 2240 2600 terra
2275 2537 2390 2599 Ga-

632 2639 870 2716 nasein,
902 2646 1063 2723 laad,
1106 2653 1169 2706 et
1214 2643 1628 2706 circumcirca
1674 2647 2017 2715 moranteS,
2062 2636 2386 2718 aliquibus

606 2731 649 2771 ⁸·
900 2754 1109 2807 tamen
1155 2741 1455 2823 demptiS,
1492 2748 1562 2802 ut
1605 2737 1777 2800 infra
1826 2736 2115 2810 habetur,
2151 2739 2240 2794 ad
2269 2737 2388 2795 Do·
2421 2733 2466 2794 B
2498 2735 2936 2798 numeratione
2967 2737 3408 2799 ascenderunt.

896 2845 1153 2904 minum
1202 2843 1275 2901 in
1319 2839 1618 2916 Maspha,
1662 2837 1781 2899 hoc
1829 2843 1925 2898 est
1974 2834 2039 2896 in
2090 2834 2229 2896 loco
2279 2840 2387 2894 aut

896 2939 1133 3021 oppido
1179 2938 1271 3002 sic
1319 2945 1563 3003 vocato.
1614 2939 1701 2998 Et
1746 2954 1960 2995 omnes
2000 2934 2234 3010 anyuli
2267 2953 2385 3010 po-

888 3041 1223 3115 pulorum,
1266 3037 1330 3099 id
1370 3045 1467 3100 est
1511 3035 1577 3096 in
1621 3031 1919 3096 extremis
1965 3031 2383 3093 terminorum

899 3135 1179 3199 tribuum
1214 3136 1405 3199 Israel
1441 3136 1871 3206 demoranteS,
1903 3141 1963 3191 et
1993 3140 2238 3191 cunctae
2269 3132 2386 3190 tri-

898 3236 1011 3294 bus
1056 3236 1286 3304 Israel,
1330 3240 1767 3297 verumtamen
1830 3227 2001 3289 tribu
2052 3227 2382 3309 Benjamin

896 3334 1171 3416 dempta,
1207 3337 1280 3394 in
1307 3335 1637 3393 ecelesiam
1658 3332 1895 3408 populi
1926 3331 2046 3389 Dei
2084 3348 2385 3389 convene-

896 3442 1075 3493 runt.
1093 3431 1227 3494 Jam
1252 3432 1493 3494 dictum
1519 3438 1615 3493 est
1641 3428 1816 3509 quod
1846 3435 2286 3490 convenerunt
2316 3427 2382 3487 in

896 3529 1187 3611 Maspha3
1230 3546 1419 3611 porro
1462 3530 1687 3590 domus
1732 3545 1845 3588 seu
1896 3524 2380 3588 tabernaculum

896 3628 1006 3690 Dei
1040 3627 1159 3691 fuit
1189 3628 1395 3689 adhuc
1416 3626 1482 3688 in
1510 3625 1641 3688 Silo
1662 3642 1676 3685 z
1700 3623 2019 3706 quomodo
2041 3640 2190 3703 ergo
2214 3642 2384 3687 nunc

896 3726 1151 3803 dicitur,
1171 3726 1342 3807 quod
1361 3730 1800 3787 convenerunt
1829 3722 1894 3783 in
1924 3722 2261 3785 ecclesiam
2284 3740 2386 3803 po-

2575 2839 3140 2916 Interroqacusqae
3169 2837 3394 2896 Levita
3435 2837 3711 2895 maritus
3759 2837 3984 2894 mulie-

2497 2936 2589 2994 ris
2609 2936 2982 3011 interfectae,
3001 2938 3312 3014 quomodo
3335 2943 3589 2994 cantum
3617 2937 3820 2994 scelus
3841 2953 3984 3010 per-

2487 3042 2818 3110 petratum
2847 3043 3043 3094 esset:
3074 3033 3153 3094 de
3188 3050 3318 3113 qua
3359 3051 3426 3094 re
3463 3031 3803 3095 voluerunt
3845 3049 3982 3094 cer-

2497 3133 2621 3195 tius
2644 3131 2998 3209 informari,
3014 3132 3308 3214 quamvis
3327 3131 3458 3211 jam
3479 3130 3637 3193 illud
3659 3130 3980 3193 audierint

2495 3250 2606 3312 per
2635 3231 2892 3293 nuntios
2923 3231 3084 3312 ejuS.
3119 3230 3471 3293 Voluerunt
3498 3247 3755 3311 quoque
3785 3246 3982 3309 agno-

2493 3350 2689 3407 scere,
2711 3349 2792 3391 an
2812 3330 2952 3411 ejus
2973 3327 3260 3393 recitatio
3281 3328 3524 3391 nuntiis
3543 3328 3978 3404 concordaret,

2492 3428 2796 3509 quoniam
2830 3427 3066 3491 factum
3100 3426 3539 3509 principaliter
3568 3426 3774 3507 tetigit
3807 3446 3980 3489 eum.

2490 3528 2842 3604 Respondit
2858 3549 2880 3587 .·
2903 3528 3057 3588 Veni
3089 3529 3161 3587 in
3187 3528 3407 3588 Gabaa
3441 3526 3794 3604 Benjamin
3823 3545 3976 3585 cum

2493 3646 2692 3685 uxore
2721 3646 2886 3695 mea,
2909 3628 3192 3706 illucque
3220 3626 3483 3686 diverti.
3508 3628 3594 3686 Et
3621 3644 3753 3685 ecce
3782 3626 3984 3685 leomi-

2495 3745 2603 3784 nes
2639 3726 2925 3785 civitatis
2972 3726 3155 3784 illius
3198 3724 3760 3784 circumdederunt
3802 3733 3982 3783 nocte

898 3824 1032 3906 puli
1063 3824 1218 3887 Dei?
1246 3822 1706 3904 Respondetur‚
1740 3821 1915 3902 quod
1960 3821 2232 3883 ecclesia
2277 3840 2387 3904 po-
2493 3828 2756 3885 domum
2787 3825 2859 3883 in
2890 3844 3020 3903 qua
3049 3824 3407 3893 manebam,
3427 3822 3546 3885 hoc
3574 3829 3690 3899 est,
3715 3821 3978 3901 quidam

898 3921 1034 4004 puli
1066 3921 1176 3984 Dei
1206 3928 1467 3984 vocatur
1496 3918 1599 3981 hic
1632 3918 2061 3995 intransitive,
2096 3918 2234 4001 ipse
2274 3919 2384 3981 Dei
2416 3915 2461 3979 C
2495 3921 2614 3985 viri
2637 3921 2829 3983 Belial
2861 3929 3004 4002 post
3032 3921 3184 3983 solis
3205 3938 3500 3983 occasum
3521 3918 3844 3983 vallabant
3874 3918 3982 3981 ho-

898 4020 1175 4102 populus
1222 4025 1661 4098 congregatuS,
1713 4017 1878 4079 sicut
1926 4026 1989 4079 et
2038 4018 2385 4083 multitudo
2495 4020 2756 4103 spitium
2785 4039 3022 4095 meum,
3046 4024 3315 4080 volentes
3345 4040 3442 4081 me
3461 4020 3764 4090 occidere,
3787 4017 3852 4079 id
3879 4026 3981 4079 est

896 4116 1426 4180 Christifidelium
1468 4134 1638 4177 nunc
1682 4115 2040 4197 appellatur
2075 4116 2380 4179 Ecclesia.
2494 4138 2607 4199 per
2645 4114 3052 4182 concubitum
3084 4124 3306 4179 contra
3334 4126 3626 4178 naturam
3657 4135 3862 4198 usque
3890 4116 3972 4178 ad

895 4215 1509 4295 Conveneruntergo
1540 4214 1605 4275 in
1636 4213 1971 4277 ecclesiam
2002 4213 2224 4296 populi
2246 4214 2378 4291 Dei,
2494 4225 2760 4279 mortem
2792 4215 3106 4296 affligere,
3127 4216 3476 4278 secundum
3507 4234 3698 4277 unam
3729 4233 3890 4297 expo
3905 4215 3984 4276 si-

894 4311 1048 4393 quia
1076 4320 1285 4393 partes
1318 4311 1539 4394 populi
1569 4330 1680 4373 seu
1710 4310 2129 4393 particulares
2176 4312 2382 4375 tribus
2494 4316 2730 4377 tionem
2761 4315 2828 4376 in
2859 4314 3238 4396 praecedenti
3270 4313 3540 4377 articulo
3573 4322 3840 4387 tactam;
3877 4314 3979 4377 vel

894 4419 957 4473 et
984 4418 1224 4486 turmae,
1246 4408 1693 4473 confluxerunt
1724 4410 1802 4472 ad
1836 4418 2058 4486 totum,
2081 4410 2211 4473 imo
2239 4429 2386 4474 con·
2493 4414 2842 4476 secundum
2859 4412 3115 4495 Josephi
3143 4412 3532 4495 opinionem,
3555 4412 3858 4477 volebant
3889 4411 3984 4473 in-

898 4506 1161 4571 fluendo
1192 4516 1392 4570 totum
1422 4508 1909 4570 constituerunt.
1934 4507 2205 4570 Possunt
2232 4527 2385 4589 quo-
2495 4510 2618 4575 terf
2622 4512 2787 4575 icere
2806 4511 3039 4587 virum,
3060 4511 3184 4572 nisi
3209 4529 3430 4574 eorum
3452 4509 3762 4574 voluntati
3795 4530 3978 4573 suam

897 4626 1023 4687 que
1051 4626 1165 4689 per
1184 4606 1449 4686 angulos
1478 4606 1881 4687 populorum,
1908 4605 2232 4688 principes
2269 4627 2381 4671 seu
2493 4619 2834 4693 exponeret
2877 4610 3233 4691 conjugem.
3269 4609 3380 4671 Est
3407 4616 3618 4672 autem
3647 4609 3802 4671 satis
3832 4628 3980 4692 pro-

900 4705 1284 4787 principales
1330 4704 1395 4766 iu
1443 4704 1734 4767 tribubus
1777 4704 2119 4785 designari.
2154 4704 2386 4779 Quem·
2494 4708 2726 4785 babile,
2760 4709 2929 4791 quod
2975 4707 3212 4770 femina
3252 4707 3362 4770 illa
3401 4706 3520 4769 fuit
3561 4707 3836 4769 multum
3865 4708 3976 4769 de-

900 4804 1239 4866 admodum
1263 4804 1435 4865 enim
1465 4803 1663 4865 latera
1681 4813 2069 4866 concurrunt
2100 4804 2165 4865 in
2198 4822 2386 4884 angu-
2497 4826 2663 4886 cora,
2699 4815 2761 4869 et
2789 4807 2961 4889 quod
2995 4807 3134 4888 ejus
3176 4806 3718 4889 pulchritudinem
3763 4825 3982 4888 perce-

903 4902 987 4980 lo,
1007 4904 1098 4967 sic
1117 4922 1485 4966 communes
1516 4911 1578 4965 et
1603 4903 1892 4982 vulgares
1922 4912 2388 4966 connectuntur
2499 4914 2730 4987 perunt
2774 4904 3134 4987 pravissimi
3181 4904 3298 4965 illi.
3338 4907 3420 4966 Ει
3461 4925 3732 4966 umorem
3779 4926 3988 4965 meam

652 5024 874 5075 laxum,
906 5001 971 5064 in
1004 5000 1441 5084 superioribus
1472 5002 1625 5063 suiS.
1660 5001 1836 5063 Unde
1876 5009 1939 5064 et
1969 5002 2258 5064 Christus
2303 5003 2391 5063 la—
2499 5004 2872 5063 incredibili
2891 5005 3190 5063 libidinis
3207 5004 3434 5079 furore
3453 5014 3766 5071 vexantes,
3783 5002 3847 5064 id
3869 5012 3992 5080 est,

608 5086 875 5205 ffiffl‘jgj
907 5101 1004 5183 pis
1035 5099 1355 5179 angularis
1395 5109 1491 5163 est
1529 5100 1909 5181 appellatuS,
1942 5100 2095 5182 quia
2137 5101 2202 5162 in
2251 5101 2390 5182 ipso
2422 5102 2471 5164 D
2502 5101 2914 5164 immoderate
2942 5110 3006 5163 et
3043 5100 3486 5163 innaturaliter
3523 5119 3664 5163 eam
3715 5108 3994 5163 tractan-

606 5225 650 5263 ιι,
672 5214 739 5253 2⁰-
904 5208 1206 5280 tanquam
1239 5198 1305 5259 in
1337 5198 1592 5278 angulo,
1627 5198 1953 5280 conjuncti
1984 5207 2133 5261 sunt
2166 5218 2282 5281 per
2313 5199 2393 5261 fi·
2502 5208 2616 5262 tes.
2665 5199 2739 5260 Et
2790 5208 2957 5262 recte
3003 5198 3112 5274 ait,
3159 5198 3470 5262 Libidinis
3523 5198 3740 5263 furore
3776 5216 3790 5260 τ
3835 5198 3994 5281 quia

904 5298 1049 5360 dem
1079 5304 1142 5357 et
1171 5295 1498 5358 caritatem
1528 5295 1749 5378 populi
1780 5296 1928 5373 duo,
1962 5297 2266 5361 videlicet
2294 5297 2392 5359 Ju-
2500 5306 2627 5359 tam
2669 5295 3263 5360 irrefrenatissimus
3307 5297 3842 5380 concupiscentiae
3891 5316 3996 5360 ar-
