4359 6250
1013 519 1361 566 mannum
1404 521 1466 565 IN
1509 519 1644 566 CAP.
1693 517 1730 561 V
1773 515 1928 562 LIBRI
1973 516 2140 562 Palm
2184 517 2407 564 amun.
2453 537 2535 548 —-
2576 519 2717 564 ΛΒΤ.
2764 519 2829 564 xl

3342 501 3460 568 287

353 691 714 755 voluerunt
759 694 840 755 ad
889 713 1062 769 eum,
1114 691 1298 774 cujus
1357 689 1858 776 insuperabilem
1897 686 1948 749 A
1977 706 2091 751 cur
2121 688 2227 750 isti
2258 688 2608 754 idololatrae
2648 709 2775 755 non
2808 693 3215 776 projecerunt
3250 713 3461 758 arcam

353 789 860 870 experiebantur
881 792 1251 874 potentiam.
1269 795 1350 854 Et
1372 795 1706 860 mittentes,
1723 807 1868 847 con-

347 900 800 965 yreqaverunt
854 911 1072 951 omnes
1125 901 1424 968 satrapas
1477 888 1862 952 Philistina-

357 1007 520 1048 rum
556 991 645 1048 ad
669 1009 755 1060 se,
778 999 840 1050 ec
866 992 1220 1050 dixerunt:
1241 991 1414 1059 Quid
1441 989 1756 1065 faciemus
1787 987 1866 1044 de

357 1105 522 1146 arca
565 1089 690 1148 Dei
729 1091 937 1149 Israel
968 1091 998 1148 β
1037 1091 1531 1166 Responderunt
1571 1084 1812 1146 Getlzoei
1841 1102 1864 1142 .·

362 1185 920 1247 Circumducatur
945 1207 1101 1246 arca
1123 1189 1246 1247 Dei
1267 1189 1472 1248 Israel
1499 1206 1523 1244 :
1544 1183 1696 1266 quia
1727 1199 1866 1264 spe-

357 1281 598 1344 rabant
644 1284 815 1365 quod
866 1283 934 1346 in
984 1284 1128 1347 aliis
1176 1283 1446 1348 urbibus
1496 1301 1624 1345 non
1677 1279 1864 1343 fieret

361 1388 634 1462 propter
677 1401 818 1444 eam
857 1382 1302 1466 hujuscemodi
1345 1383 1570 1465 plaga3
1616 1379 1717 1443 vel
1763 1397 1867 1441 ex-

359 1478 566 1560 periri
599 1480 921 1558 volebant,
956 1502 1038 1545 an
1083 1492 1342 1565 propter
1377 1499 1589 1545 arcam
1630 1497 1743 1542 seu
1782 1475 1865 1538 ob

357 1576 509 1657 ejus
544 1579 948 1660 praesentiam
981 1581 1387 1660 infligeretur
1417 1580 1510 1643 eis
1541 1579 1652 1641 illa
1681 1578 1867 1660 puni-

363 1675 480 1752 tio,
516 1678 690 1757 quod
724 1686 933 1742 tamen
965 1679 1161 1742 Azotii
1194 1678 1349 1742 sassi
1378 1680 1508 1760 jam
1541 1686 1743 1741 erant.
1781 1679 1866 1738 Et

359 1778 954 1839 circumduoeerunt
1001 1799 1224 1840 arcam
1267 1780 1390 1838 Dei
1437 1780 1666 1839 Israel.
1716 1777 1866 1837 Illis

1977 786 2152 849 illam
2184 787 2248 850 in
2288 787 2537 867 ignem3
2580 789 2705 866 vel,
2739 808 2853 852 cur
2882 809 3011 855 non
3046 791 3463 856 conciderunt

1974 903 2114 946 eam
2164 885 2233 946 in
2284 885 2507 948 frusta.
2556 886 2959 969 Respondere
3008 889 3153 970 quis
3203 889 3457 971 poterit,

1974 983 2127 1064 quia
2156 985 2255 1063 (ut
2285 977 2579 1048 Salomon
2622 988 3033 1068 protestatur)
3064 1005 3190 1051 non
3231 996 3326 1050 est
3368 1008 3465 1051 sa-
3520 1011 3753 1066 Prema,

1974 1081 2383 1163 pientia,non
2416 1092 2512 1146 est
2542 1083 2973 1162 scientia‚non
2994 1093 3091 1148 est
3120 1086 3461 1150 consilium
3493 1077 3559 1118 ³⁰·

1974 1189 2194 1244 contra
2238 1181 2597 1259 Dominum,
2630 1183 2739 1264 qui
2788 1182 3083 1246 immutat
3119 1185 3310 1248 corda
3352 1186 3464 1250 ho-
3508 1209 3592 1253 ,τοι
3606 1213 3755 1262 xum.

1975 1280 2247 1358 minum,
2280 1289 2344 1344 et
2371 1300 2776 1365 quocumque
2805 1283 3097 1361 voluerit,
3132 1285 3325 1349 vertit
3361 1305 3457 1350 ea.
3490 1307 3761 1364 memma.

1975 1378 2112 1460 lpse
2143 1387 2355 1442 autem
2388 1380 2593 1444 noluit
2622 1381 2740 1445 hoc
2772 1382 3027 1446 habere.
3072 1383 3208 1462 Vel,
3252 1392 3325 1448 ut
3353 1386 3463 1448 ali-

1975 1475 2085 1557 qui
2117 1475 2484 1558 opinantur,
2505 1496 2632 1542 non
2655 1479 2973 1543 audebant
2992 1481 3111 1544 hoc
3136 1482 3368 1560 facere,
3384 1502 3467 1547 ne

1977 1575 2195 1657 pejora
2214 1573 2306 1638 eis
2328 1576 2708 1640 acciderent.
2726 1578 2939 1659 ltaque
2952 1579 3132 1661 juxta
3151 1580 3461 1660 Glossam‚

1974 1673 2146 1754 justo
2174 1673 2284 1736 Dei
2315 1675 2558 1756 judicio
2589 1677 2910 1739 communi
2952 1677 3138 1760 plaga
3176 1681 3463 1761 percussi

1975 1780 2144 1848 sunt,
2179 1771 2332 1854 quia
2362 1773 2553 1856 culpa
2581 1793 2799 1838 eorum
2841 1773 2962 1838 ruit
2992 1778 3377 1840 communiS.

359 1884 588 1935 autem
633 1877 1260 1937 circumducentibus
1298 1897 1466 1945 eam,
1497 1878 1689 1954 fiebat
1733 1894 1868 1936 ma·
1900 1869 1947 1932 B
2053 1869 2330 1951 Hystica,
2375 1891 2487 1955 per
2516 1891 2726 1934 arcam
2758 1872 3141 1954 intelligitur
3170 1876 3461 1941 Christus
3560 1901 3722 1946 Sonans

359 1991 494 2033 nus
529 1975 796 2034 Domini
827 1976 948 2035 Dei
969 1994 1089 2052 per
1115 1977 1410 2052 sinyulas
1444 1977 1734 2035 civitates
1769 1975 1868 2032 in-

360 2073 768 2150 terfectionis
801 2095 1054 2151 maynae
1091 2077 1292 2135 nimis
1311 2099 1338 2146 ,·
1377 2084 1438 2134 et
1469 2075 1867 2150 percutiebat

361 2175 548 2232 viros
583 2175 1100 2252 uniuscujusque
1138 2174 1317 2233 urbis
1355 2194 1397 2233 a
1425 2192 1633 2249 parvo
1663 2191 1864 2250 usque

361 2274 456 2332 ad
477 2272 816 2348 majorem,
836 2270 947 2351 qui
980 2279 1042 2332 et
1075 2289 1202 2352 prae
1236 2269 1494 2333 feminis
1525 2276 1706 2332 erant
1735 2269 1868 2331 cul-

361 2368 664 2450 pabiles;
716 2379 777 2430 et
821 2372 1403 2448 computrescebant
1429 2370 1867 2446 prominentes

357 2473 614 2530 extales
641 2489 889 2540 eorum,
921 2468 988 2530 id
1027 2475 1145 2544 est,
1181 2476 1475 2532 extremm
1514 2475 1724 2550 partes
1764 2485 1868 2530 co-

363 2585 514 2628 rum
549 2586 663 2649 per
691 2585 851 2648 quas
883 2566 1307 2629 immunditiae
1335 2566 1736 2629 emittuntur.
1761 2569 1870 2628 In-

365 2668 719 2745 ieruntque
764 2668 1112 2726 consilium
1167 2670 1430 2738 Getam,
1467 2675 1526 2726 et
1574 2669 1868 2743 fecerunt

359 2767 496 2825 sibi
523 2767 699 2826 sedes
729 2767 1060 2842 pelliceas,
1091 2772 1309 2848 utpote
1349 2765 1727 2828 mollissima
1772 2783 1867 2826 se-

361 2863 552 2938 dilia,
590 2869 660 2924 ut
699 2863 913 2924 minus
951 2861 1402 2944 affligerentur
1431 2861 1737 2926 sedendo.
1774 2860 1869 2923 Si-

359 2961 637 3042 quidem
689 2961 801 3023 illa
853 2981 998 3044 pars
1050 2961 1242 3039 sedis,
1289 2981 1481 3044 super
1528 2978 1722 3043 quam
1771 2958 1868 3020 in-

1976 1989 2090 2032 seu
2122 1971 2261 2052 ejus
2292 1971 2673 2035 humanitas.
2708 1973 2823 2036 Per
2852 1973 3274 2055 deiectionem
3311 1996 3463 2058 ergo
3508 1965 3732 2022 ''mum“

1975 2077 2038 2131 et
2067 2070 2613 2134 detruncationem
2649 2072 2883 2152 Dagon,
2923 2074 3337 2155 prael'igurata
3366 2085 3463 2140 est

1976 2168 2322 2232 destructio
2370 2169 2687 2234 idolorum
2734 2170 2973 2254 ubique
3019 2181 3353 2254 terrarum,
3387 2195 3467 2238 ex

1975 2267 2291 2350 spirituali
2312 2268 2695 2333 adductione
2716 2270 3057 2335 Salvatoris
3080 2291 3193 2354 per
3208 2274 3471 2356 Aposto-

1976 2367 2182 2432 lorum
2215 2367 2728 2450 praedicationem
2751 2369 2829 2433 ad
2859 2380 3102 2452 gentes
3119 2373 3233 2436 Per
3254 2374 3473 2438 vulne-

1975 2467 2288 2530 rationem
2318 2486 2574 2550 quoque
2604 2477 2668 2532 et
2698 2469 3212 2536 intersectionem
3244 2472 3471 2538 inside-

1977 2567 2134 2629 lium
2156 2566 2978 2649 allophylorum,designata
2999 2580 3095 2634 est
3117 2572 3470 2654 spiritualis

1976 2665 2317 2729 obcaecatio
2346 2673 2539 2746 atquc
2570 2675 2875 2748 penpetua
2896 2669 3220 2734 damnatio
3250 2689 3471 2734 eorum

1977 2763 2087 2844 qui
2120 2763 2535 2825 christianam
2568 2763 2912 2827 noluerunt
2942 2768 3225 2849 recipere
3249 2768 3465 2833 fidem.

1975 2863 2090 2925 Per
2134 2861 2617 2926 philistinorum
2668 2881 2819 2927 vero
2868 2866 3348 2946 percussionem
3399 2867 3467 2931 in

1977 2960 2257 3037 natibuS,
2271 2969 2825 3042 praemonstratum
2846 2971 3162 3041 censetur,
3178 2967 3349 3047 quod
3374 2967 3465 3044 hi,

359 3059 761 3125 cumbebant
819 3067 998 3143 parte
1046 3080 1174 3143 qua
1226 3060 1551 3138 sedemuS,
1605 3067 1740 3121 erat
1789 3057 1868 3120 de
1902 3055 1947 3120 C
1977 3057 2088 3141 qui
2135 3077 2213 3121 ex
2262 3077 2377 3121 sua
2434 3058 2793 3141 arrogantia
2848 3069 2913 3125 et
2968 3064 3464 3147 praesumptione

361 3159 654 3241 pellibus
695 3158 965 3223 forsitan
996 3160 1238 3224 ovium.

447 3261 785 3320 Miserunt
825 3279 972 3338 erqo
1012 3280 1234 3321 arcam
1269 3260 1538 3322 Domini
1576 3260 1649 3318 in
1677 3259 1871 3319 Acca-

361 3378 512 3419 ron.
567 3361 906 3439 Quumque
945 3360 1216 3420 venisset
1255 3380 1408 3419 arca
1447 3357 1718 3419 Domini
1747 3355 1871 3416 Dei

361 3459 440 3517 in
483 3458 805 3529 Accaron,
856 3462 1386 3518 exclamaverunt
1437 3454 1866 3521 Acearonitae,

360 3557 655 3615 dicentes
687 3576 710 3616 .·
733 3558 1177 3617 Adduoeerunt
1216 3559 1304 3617 ad
1344 3576 1456 3616 nos
1494 3574 1718 3615 arcam
1747 3553 1868 3612 Dei

362 3656 606 3723 Israel,
639 3664 712 3714 ut
751 3656 1106 3731 interficiat
1148 3675 1262 3715 nos
1299 3662 1358 3714 et
1393 3656 1714 3731 populum
1757 3670 1868 3711 no-

361 3762 606 3811 strum.
633 3752 957 3813 Miserunt
987 3753 1206 3832 itaque
1234 3762 1296 3812 et
1322 3758 1869 3828 conyreyaverunt

365 3870 590 3910 omnes
619 3860 918 3928 satrapas
947 3852 1459 3912 Philistinorum
1481 3870 1504 3909 .·
1525 3846 1638 3930 qui
1685 3847 1870 3929 quin-

367 3967 500 4029 que
521 3956 728 4024 erant‚
745 3949 923 4030 juxta
955 3966 1294 4011 numerum
1315 3947 1603 4029 quinque
1635 3945 1871 4029 princi-

369 4046 624 4128 palium
665 4045 946 4108 urbium.
984 4048 1114 4115 Qui
1149 4049 1464 4106 dixerunt
1493 4066 1516 4105 .·
1548 4044 1873 4105 Dimittite

367 4166 600 4207 aream
631 4148 756 4207 Dei
785 4150 1012 4217 Israel,
1045 4156 1109 4205 et
1138 4154 1502 4205 revertatur
1540 4146 1614 4205 in
1656 4148 1865 4203 locum

1975 3165 2349 3221 manserunt
2408 3157 2742 3236 increduli,
2798 3170 3170 3224 meruerunt
3220 3163 3331 3243 (ut
3376 3165 3469 3227 ait

1977 3255 2494 3338 Apostolus)dari
2516 3255 2583 3318 in
2607 3257 2946 3339 reprobum
2980 3270 3469 3345 sensum,atque
3505 3288 3761 3337 amhae.

1979 3354 2438 3437 ignominiosas
2469 3354 2751 3418 incidere
2781 3357 3108 3437 passiones
3139 3360 3375 3423 carnali
3386 3369 3474 3424 ta-

1977 3453 2060 3515 tis
2087 3454 2364 3515 exterius
2395 3452 2843 3535 prominentiS‚
2880 3453 2945 3515 id
2985 3464 3102 3533 est,
3138 3477 3344 3540 usque
3383 3461 3463 3523 ad

1979 3550 2136 3613 vitia
2178 3559 2398 3614 contra
2440 3558 2728 3614 naturam
2771 3570 2839 3615 se
2883 3555 3315 3619 extendentes,
3364 3559 3473 3622 Po-

1979 3657 2237 3726 strem0‚
2272 3668 2385 3731 per
2425 3650 2545 3712 hoc
2584 3651 2756 3731 quod
2789 3651 3078 3714 fecerunt
3106 3672 3319 3717 arcam
3349 3656 3471 3719 cir-

1979 3747 2276 3810 cumduci
2320 3749 2398 3810 ad
2449 3748 2926 3829 experiendum,
2962 3769 3042 3812 an
3093 3752 3297 3834 plagae
3340 3754 3469 3818 inae

1985 3844 2218 3908 fierent
2248 3864 2394 3909 vere
2435 3864 2471 3908 a
2512 3846 2635 3909 Deo
2665 3846 2852 3909 lsrael
2898 3856 3158 3930 propter
3200 3869 3475 3933 praesen-

1980 3945 2134 4007 tiam
2185 3962 2369 4020 arcae,
2414 3944 2743 4024 designata
2792 3954 2889 4007 est
2938 3946 3295 4026 curiositati,
3344 3950 3475 4014 imo

1981 4042 2365 4125 perversitas
2399 4050 2463 4105 et
2493 4043 2685 4105 stulta
2717 4041 3038 4107 subtilitas
3072 4046 3475 4131 philosopho-

1984 4160 2125 4204 rum
2165 4149 2231 4205 et
2270 4149 2681 4222 tyrannorum
2719 4149 2783 4203 et
2821 4141 3095 4207 aliorum
3125 4146 3476 4212 obstinato-

365 4266 594 4315 suum,
621 4244 684 4306 id
705 4245 901 4307 estad
932 4244 1241 4326 populum
1272 4243 1483 4317 lsrael,
1503 4243 1605 4306 vel
1637 4244 1715 4305 ad
1739 4242 1870 4305 Silo
1905 4246 1956 4309 D
1987 4259 2148 4317 rum,
2185 4239 2539 4323 Porphyrii,
2561 4239 2821 4318 saliani,
2845 4240 3164 4321 AverroiS,
3188 4244 3377 4324 Celsi,
3411 4255 3475 4309 et

369 4364 486 4407 seu
519 4343 588 4405 in
623 4343 1104 4407 tabernaculum
1137 4342 1412 4419 Domini,
1432 4351 1493 4402 et
1512 4363 1643 4403 non
1677 4344 1870 4403 inter-

365 4446 556 4519 ficiat
577 4462 720 4513 nos,
753 4442 818 4504 id
849 4450 966 4519 est,
1000 4450 1259 4524 propter
1289 4441 1429 4522 ejus
1466 4440 1868 4523 praesentiam

371 4560 502 4603 non
537 4540 1031 4617 interficiamur,
1049 4562 1198 4601 cum
1211 4545 1449 4619 populo
1471 4550 1702 4601 nostr0.
1722 4538 1872 4601 Mul-

371 4640 418 4701 ti
465 4640 718 4722 quippe
760 4658 837 4702 ex
886 4638 1090 4722 plagis
1140 4637 1458 4721 praetactis
1507 4638 1868 4702 morieban-

371 4747 498 4801 tur.
535 4740 766 4801 Fiebat
793 4740 970 4799 enim
993 4756 1204 4815 pavor
1233 4738 1458 4798 mortis
1489 4739 1560 4797 in
1591 4738 1870 4813 sinyulis

373 4840 670 4909 urbibus,
709 4846 770 4897 et
805 4837 1203 4913 yravissima
1247 4838 1434 4896 valde
1477 4854 1712 4895 manus
1753 4837 1872 4895 Do-

371 4939 548 4997 mini
598 4938 742 4997 Dei.
796 4936 942 4994 Viri
988 4954 1234 5014 quoque
1281 4936 1398 5013 qui
1447 4934 1691 4993 mortui
1738 4953 1868 4993 non

372 5038 668 5113 fuerant,
696 5034 1230 5111 percutiebantur
1261 5034 1330 5091 in
1359 5033 1693 5092 secretiore
1722 5047 1875 5109 par-

375 5146 434 5195 te
469 5134 759 5203 natium,
781 5142 842 5192 et
883 5132 1257 5192 ascendebat
1303 5133 1598 5190 ululatus
1643 5131 1871 5191 unius-

371 5234 692 5310 cujusque
717 5231 1006 5290 civitatis
1027 5230 1100 5289 in
1119 5232 1372 5290 coelum.
1397 5226 1600 5301 Quaeri
1634 5235 1864 5311 potest,

1985 4337 2419 4402 consimilium
2446 4338 2597 4420 :qui
2630 4338 2919 4402 videntes
2951 4340 3157 4422 signa,
3184 4344 3475 4425 prodigia

1984 4445 2176 4519 atque
2208 4436 2514 4500 miracula
2543 4445 2907 4500 sanctorum
2929 4438 3377 4521 Apostolorum
3412 4454 3475 4509 et

1984 4535 2476 4617 apostolicorum
2526 4534 2834 4613 virorum,
2872 4536 2996 4600 nisi
3048 4548 3197 4602 sunt
3246 4560 3320 4605 ea
3367 4544 3475 4606 ob-

1984 4652 2240 4697 scurare
2271 4640 2334 4695 et
2362 4633 2741 4711 annihilare,
2759 4634 3044 4698 volentes
3067 4656 3141 4701 ea
3172 4640 3474 4704 reducere

1983 4733 2062 4795 ad
2097 4750 2320 4795 causas
2351 4731 2669 4795 naturales
2698 4733 3004 4812 occultaS,
3038 4736 3139 4798 vel
3172 4737 3250 4799 ad
3283 4739 3475 4819 magi-

1981 4851 2088 4895 cas
2133 4838 2323 4906 arteS,
2378 4830 2513 4893 sive
2562 4830 2640 4892 ad
2680 4831 3033 4896 diabolicas
3073 4852 3227 4916 opes
3267 4845 3332 4899 et
3368 4856 3473 4901 co-

1981 4929 2383 5011 operationes
2420 4944 2433 4989 :
2469 4927 2581 5010 qui
2612 4947 2833 4993 omnes
2864 4930 3259 5011 defecerunt,
3298 4954 3474 4998 scru-
3501 4963 3580 5006 ρ..
3597 4966 3764 5015 unu-1.

1984 5035 2187 5090 tantes
2227 5026 2557 5103 scrutinia,
2592 5034 2655 5089 et
2696 5028 3087 5110 deceperunt
3129 5030 3195 5093 in
3241 5033 3469 5113 primis

1983 5142 2050 5189 se
2089 5126 2283 5208 ἰρεοε,
2326 5144 2399 5187 ac
2428 5123 2587 5186 alios
2620 5126 2853 5188 multos
2889 5144 3163 5208 quorum
3198 5132 3461 5196 nomina
3513 5152 3651 5209 Apoe.
3664 5166 3763 5207 xm,

1982 5226 2219 5308 scripta
2248 5243 2373 5287 non
2404 5231 2586 5287 erant
2616 5223 2682 5285 in
2717 5223 2880 5289 libro
2908 5226 3077 5292 vitae.
3500 5218 3541 5259 ⁸·
