4359 6250
691 1661 707 1706 1
733 1663 843 1706 Par.
860 1675 917 1714 xi,

653 1729 696 1768 3¹
717 1741 728 1778 ς
750 1741 821 1778 xu,
842 1729 915 1776 163

652 1789 697 1894 ιε

646 2748 780 2792 lPar.
798 2763 852 2800 ιιι,
869 2751 906 2794 ί.

956 477 1075 540 446

1559 491 1904 539 ιιΝΑιιιιΑι-ιο
1946 491 2007 536 ιιι
2050 491 2187 536 ω.
2234 488 2301 534 ιιι
2341 488 2498 534 mnu
2541 489 2792 536 sacurem
2833 471 3081 536 mentm.¹
3102 509 3182 520 —
3221 490 3364 536 Αιιτ.
3411 491 3448 536 v

949 665 1191 729 ralibus
1224 672 1286 728 et
1316 663 1755 746 spiritualibus
1793 661 1981 726 bonis
2026 659 2444 744 prosperabar.
2469 657 2522 720 A
2549 661 2836 745 accipere
2866 661 3227 742 conjugem,
3265 661 3419 726 fecit
3449 662 3507 726 ei
3539 661 3882 746 praescindi
3925 682 4032 725 un-

947 771 1074 841 tur,
1096 772 1159 826 et
1189 782 1302 846 per
1334 781 1480 826 suos
1512 761 1838 824 ministros
1876 759 1999 822 fuit
2030 758 2432 834 victoriosus,

942 873 1002 922 et
1028 883 1275 940 semper
1295 883 1359 922 se
1390 865 1526 939 ipso
1558 861 1898 932 robustior,
1924 858 1988 921 id
2012 866 2129 934 est,
2151 856 2436 939 quotidie

943 960 1009 1023 in
1049 958 1425 1024 fortitudine
1453 967 1515 1022 et
1549 959 1950 1022 subditorum
1994 953 2438 1038 multiplicati-

938 1077 1063 1122 one
1106 1078 1400 1123 crescens
1441 1078 1515 1121 ac
1558 1056 1808 1132 fortior,
1854 1074 2046 1138 quam
2091 1053 2216 1117 fuit
2262 1061 2432 1116 ante.

940 1158 1095 1221 Nam
1126 1165 1196 1219 ut
1224 1159 1315 1221 ait
1343 1156 1719 1220 Guillelmus
1749 1153 2145 1230 ParisiensiS,
2182 1150 2438 1215 fortitu-

938 1257 1022 1320 do
1043 1255 1353 1339 principis
1384 1253 1679 1319 consistit
1702 1252 2021 1336 praecipue
2046 1250 2113 1313 in
2141 1257 2437 1333 prompta

940 1364 1131 1437 atque
1188 1363 1539 1437 spontanea
1584 1351 1950 1415 obedientia
2006 1349 2432 1412 subditorum.

946 1459 1187 1516 Domus
1232 1464 1451 1514 autem
1498 1455 1668 1514 Saul
1716 1454 2073 1512 decrescens
2122 1447 2436 1528 quotidie,

946 1552 1191 1616 viribus
1240 1560 1303 1615 et
1352 1569 1618 1614 numero
1673 1566 2112 1631 personarum.
2167 1545 2324 1608 Nam
2375 1551 2438 1606 et

946 1651 1135 1713 multi
1163 1651 1243 1714 de
1269 1649 1601 1731 Benjamin
1634 1648 2063 1729 confugerunt
2098 1645 2177 1707 ad
2211 1641 2432 1718 David,

905 1758 1009 1812 'et
1040 1749 1225 1812 multi
1258 1769 1333 1812 ex
1364 1749 1456 1811 eis
1490 1746 1749 1810 suerunt
1778 1745 1996 1822 occisi,
2031 1752 2101 1806 ut
2130 1741 2338 1826 patuit
2368 1740 2436 1802 in

946 1847 1204 1909 litterali
1244 1846 1641 1929 expositione
1680 1842 2096 1927 praecedentis
2141 1837 2431 1922 capituli,
2473 1841 2518 1904 B
2546 1843 2771 1906 Liam·
2807 1845 3087 1908 Dormiat
3132 1853 3344 1908 tecum
3387 1845 3506 1908 hac
3549 1855 3752 1923 nocte,
3786 1846 3852 1908 in
3899 1865 4020 1928 qua
4079 1857 4196 1900 σει-ι
4179 1871 4244 1903 ιιι,

943 1955 1053 2009 aut
1081 1947 1149 2008 in
1182 1954 1376 2009 textu.
1395 1944 1567 2006 Multi
1602 1961 1859 2025 quoque
1887 1961 1963 2005 ex
1994 1939 2324 2022 Benjamin
2349 1935 2438 2000 vi-

940 2047 1163 2110 dentes
1195 2044 1407 2126 ipsum
1439 2042 1636 2108 David
1667 2038 2028 2124 prosperari
2062 2046 2125 2102 et
2148 2053 2435 2100 crescere

940 2145 1119 2210 omni
1160 2145 1285 2220 die,
1322 2149 1722 2206 retraxerunt
1760 2158 1828 2202 se
1866 2136 1948 2202 ab
1985 2135 2308 2219 adjutorio
2353 2135 2438 2196 Is-

940 2243 1187 2307 boseth.

1022 2345 1307 2422 Natique
1335 2350 1487 2401 sunt
1514 2360 1627 2399 sex
1644 2339 1779 2416 ficii
1800 2339 2019 2398 David
2048 2337 2121 2397 in
2144 2337 2425 2395 Hebron.

944 2444 1221 2521 finitque
1236 2439 1700 2517 primoqenitus
1718 2437 1857 2513 ejus
1872 2438 2126 2497 Amnon
2144 2437 2227 2493 de
2241 2434 2434 2494 Achi-

938 2560 1133 2602 noam
1158 2539 1599 2608 Jezraeeitide,
1622 2547 1680 2596 ec
1703 2544 1846 2612 post
1874 2554 2025 2594 eum
2056 2534 2321 2594 Cheleab
2352 2534 2432 2591 de

938 2639 1207 2714 Abi9ail
1244 2657 1445 2697 uoeore
1486 2637 1699 2698 Nabal
1742 2635 2041 2694 Car-meli.
2076 2631 2286 2692 Primo
2328 2629 2432 2690 Pa-

938 2737 1377 2818 ralipomenon
1409 2733 1574 2796 libro
1607 2731 2046 2813 legitur,quod
2077 2731 2156 2792 de
2179 2727 2428 2809 Abigail

937 2834 1159 2897 babuit
1209 2833 1421 2896 filium
1472 2831 1731 2895 nomine
1784 2829 2026 2892 Daniel.
2067 2828 2428 2910 Responde-

937 2940 1061 3008 tur,
1094 2931 1265 3013 quod
1300 2929 1479 2991 silius
1510 2929 1630 2992 iste
1664 2927 1787 2990 fuit
1816 2926 2165 3002 binomiuS,
2201 2933 2264 2989 et
2299 2925 2426 3007 pri-

2545 778 2700 841 gues
2732 770 2793 824 et
2824 761 2959 824 radi
2994 761 3365 843 capi1108,et
3399 770 3537 843 post
3569 763 3646 824 ad
3673 781 3808 824 eam
3843 762 4032 824 intra—

2548 859 2676 923 vit:
2703 860 2875 941 quod
2907 861 3256 923 secundum
3289 860 3492 940 legem
3525 860 3768 924 licitum
3791 859 3944 936 fuit,
3965 869 4030 922 ut
4057 876 4240 982 unam„

2547 967 2721 1040 patet
2747 958 2811 1020 in
2833 958 3330 1022 Deuteronomio.
3348 963 3623 1029 Quartus
3641 971 3856 1042 crucem
3875 963 4032 1020 Ado-

2547 1058 2693 1118 nias
2721 1059 2904 1135 filius
2925 1059 3236 1136 Hayqitk.
3263 1061 3348 1120 Ec
3375 1059 3646 1138 quintus
3665 1059 4028 1136 Sapluuln‘a

2543 1157 2728 1232 filius
2765 1157 3009 1217 Abical.
3045 1159 3282 1218 Sextus
3319 1177 3566 1236 quoque
3591 1159 3924 1218 Jethraam
3955 1159 4030 1216 de

2545 1357 2881 1428 stamento,
2917 1351 3029 1434 qui
3075 1371 3151 1416 ex
3191 1351 3413 1416 divina
3462 1353 3880 1434 inspiratione
3923 1361 4028 1414 aut

2545 1449 3013 1531 dispensatione
3033 1449 3394 1513 habuerunt
3416 1450 3630 1532 plures
3650 1470 3889 1528 uxores,
3901 1450 4028 1512 uni-

2545 1548 2778 1630 cuique
2816 1549 3071 1611 illarum
3113 1549 3470 1612 successive
3505 1557 3570 1612 et
3599 1557 3882 1660 tempore
3915 1567 4024 1612 suo

2547 1646 2896 1710 reddebant
2941 1646 3226 1711 debitum
3273 1647 3506 1724 carniS,
3541 1647 3704 1712 sicut
3741 1649 3807 1710 in
3837 1647 4026 1712 Gene-

2545 1743 2599 1806 si
2645 1753 2892 1808 constat
2928 1747 3009 1809 de
3042 1745 3254 1809 Jacob.
3291 1746 3467 1809 Unde
3502 1746 3730 1810 Rachel
3760 1747 3920 1810 dixit
3949 1748 4022 1808 ad

2545 1941 2791 2006 scilicet
2831 1961 3080 2007 mecum
3125 1944 3433 2008 dormiret
3470 1964 3546 2008 ex
3587 1945 3887 2027 temporis
3934 1963 4023 2006 rc-
4047 1925 4102 1962 ¹⁵·

2545 2041 2894 2120 volutione,
2913 2042 3292 2124 dierumque
3321 2043 3584 2108 circulo.
3605 2043 3680 2105 Et
3709 2043 3794 2106 ita
3821 2043 4019 2124 egisse

2546 2139 2755 2221 ipsum
2787 2140 3008 2218 David,
3041 2140 3346 2223 probatur
3375 2161 3452 2206 ex
3479 2150 3652 2204 textu
3685 2141 3824 2205 isto.

2622 2239 2854 2301 lterum
2896 2239 3224 2321 quaeritur,
3258 2258 3374 2303 cur
3414 2240 3730 2304 Jethraam
3773 2241 4018 2303 dicatur

2543 2345 2728 2400 natus
2758 2338 2837 2401 de
2866 2337 3022 2419 Egla
3051 2357 3246 2402 uxore
3276 2339 3494 2416 David,
3529 2339 3714 2421 quasi
3743 2339 3850 2402 alii
3895 2338 4018 2400 nati

2542 2454 2672 2499 non
2713 2444 2928 2500 essent
2970 2455 3046 2499 ex
3090 2438 3227 2519 ejus
3277 2437 3631 2500 uxoribus?
3675 2437 4018 2520 Respondet

2539 2533 2760 2598 Glossa
2793 2552 2808 2596 t
2843 2534 2984 2598 Haec
3015 2544 3111 2598 est
3139 2535 3386 2612 Michol,
3420 2554 3562 2617 quae
3599 2536 3764 2599 inter
3791 2536 4016 2598 multas

2541 2631 2677 2694 sola
2709 2632 2942 2696 dicitur
2976 2651 3154 2710 uxor,
3189 2633 3494 2714 quoniam
3533 2653 3674 2696 eam
3716 2635 3778 2696 in
3815 2634 4018 2697 adole-

2541 2731 2781 2794 scentia
2812 2731 3084 2813 primam
3113 2732 3380 2814 accepit,
3413 2751 3558 2814 quae
3588 2733 3652 2794 in
3687 2741 3866 2815 partu
3907 2733 4018 2794 fer-
4057 2751 4242 2804 mmm.

2542 2837 2641 2891 tur
2669 2830 2928 2894 obiisse.
2963 2831 3121 2893 Hinc
3159 2839 3224 2894 et
3259 2830 3372 2894 alii
3411 2830 3656 2909 dicunt,
3689 2831 3910 2895 nichol
3945 2829 4014 2892 ri·
4039 2817 4094 2856 ³⁷·

2538 2927 2624 2991 lia
2645 2928 2791 2991 Saul
2815 2936 3074 2992 vocatur
3092 2928 3198 2991 hic
3218 2929 3389 3010 Egla,
3407 2929 3470 2993 id
3491 2939 3588 2993 est
3609 2930 3830 3008 vitula,
3847 2931 4014 3012 juxta

935 3049 1041 3093 mo
1070 3038 1330 3094 vocatus
1362 3036 1458 3092 est
1488 3027 1727 3104 Daniel,
1763 3035 1825 3089 et
1864 3026 2096 3089 deinde
2125 3024 2422 3088 Cheleab.
2463 3028 2508 3092 C
2538 3026 2990 3109 proprietatem
3023 3027 3255 3107 linguae
3285 3026 3581 3106 Hebraeae,
3616 3029 3766 3110 quia
3805 3027 3924 3090 ruit
3959 3027 4012 3090 ei

934 3128 1241 3204 Quocirca
1269 3128 1491 3191 dicunt
1520 3127 1779 3209 quidam
1811 3126 2075 3202 Hebraei,
2096 3125 2268 3207 quod
2301 3124 2426 3187 cito

934 3237 1081 3311 post
1123 3236 1390 3291 mortem
1436 3224 1651 3301 Nabal,
1692 3224 1888 3289 David
1932 3222 2112 3287 duxit
2160 3241 2422 3287 uxorem

937 3327 1112 3389 illius
1142 3327 1325 3389 istam
1347 3324 1595 3405 Abigail
1616 3323 1955 3405 conjugem
1978 3340 2204 3404 :quam
2227 3342 2426 3405 quum

937 3427 1434 3508 impraegnasset,
1477 3423 1738 3505 quidam
1780 3422 2208 3503 opinabantur
2255 3423 2426 3503 quod

847 3521 862 3535 “
935 3543 1011 3588 ex
1040 3523 1235 3587 Nabal
1268 3522 1685 3604 concepisset,
1720 3520 1864 3583 ideo
1896 3539 2163 3602 puerum
2209 3529 2424 3583 natum

639 4906 895 4951 Numxxxvr

935 3622 1131 3688 David
1171 3621 1425 3685 vocavit
1464 3618 1809 3695 Danielem,
1846 3619 2015 3699 quod
2057 3618 2430 3701 interpreta-

937 3730 1038 3783 tur
1063 3719 1399 3803 judicium,
1422 3719 1643 3781 dicens
1670 3716 1953 3779 :Judicct
1978 3716 2287 3780 Dominus
2320 3736 2428 3779 cu-

931 3819 1036 3901 jus
1070 3817 1267 3901 patris
1300 3818 1384 3880 sit
1422 3815 1603 3878 filius
1643 3815 1797 3889 iste3
1832 3824 2113 3897 tuncque
2156 3815 2429 3879 miracu-

935 3918 1069 3981 lose
1099 3915 1313 3980 vultus
1345 3912 1650 3977 infantuli
1679 3912 2069 3975 assimilatus
2100 3920 2198 3976 est
2218 3912 2426 3977 vultui

2535 3127 2878 3209 conjuncta
2907 3126 2973 3188 in
3006 3126 3361 3209 juventute,
3389 3125 3643 3209 fuitque
3674 3128 3797 3210 ipsi
3825 3126 4012 3191 David

2537 3225 2808 3288 multum
2847 3225 3098 3289 dilecta.
3135 3225 3311 3289 Unde
3349 3235 3414 3289 et
3453 3226 3718 3291 Samson
3753 3227 3912 3289 dixit
3937 3228 4008 3289 de

2538 3324 2746 3406 prima
2789 3342 2904 3386 sua
2946 3343 3142 3388 uxore
3175 3341 3191 3386 :
3226 3323 3290 3387 Si
3331 3342 3459 3387 non
3499 3325 3795 3389 arassetis
3835 3326 3900 3387 in
3931 3324 4016 3387 vi·
4057 3338 4236 3382 msam.

2537 3421 2670 3483 tula
2712 3441 2874 3485 mea.
2920 3421 3044 3483 Alii
3089 3430 3299 3485 tamen
3344 3421 3743 3503 probabilius
3779 3424 4008 3497 dicunt,
4039 3406 4093 3445 ¹⁸·

2535 3521 2706 3602 quod
2751 3529 3011 3603 propter
3055 3520 3572 3602 inquietudinem
3616 3530 3809 3603 atque
3849 3521 4017 3585 lasci·

2536 3618 2703 3683 viam
2737 3619 2968 3696 cordiS,
3004 3626 3241 3683 vocatae
3273 3619 3402 3681 sint
3433 3619 3670 3683 vitulae.
3703 3620 3782 3683 Et
3810 3638 4015 3702 quam·

2538 3717 2636 3780 vis
2659 3717 2722 3779 in
2745 3716 2942 3782 veteri
2972 3716 3110 3798 lege
3131 3717 3310 3779 licuit
3335 3717 3444 3780 uni
3469 3717 3702 3782 habere
3721 3720 4013 3801 conjuges

2539 3815 2776 3897 plureS,
2809 3816 3016 3898 prima
3047 3824 3255 3879 tamen
3288 3816 3656 3899 specialiter
3685 3836 3760 3881 ac
3791 3816 4015 3900 princi-

2537 3914 2766 3996 paliter
2815 3932 2973 3977 uxor
3018 3913 3463 3997 appellabatur
3498 3933 3512 3977 :
3549 3925 3810 3998 propter
3854 3914 4014 3997 quod

934 4016 1145 4079 David.
1167 4014 1404 4077 Idcirco
1429 4032 1506 4076 ex
1534 4020 1685 4075 tunc
1716 4030 1874 4093 puer
1898 4019 2305 4093 nuncupatus
2333 4020 2430 4074 est
2532 4012 2724 4076 Jacob
2755 4012 2915 4075 dixit
2945 4013 3024 4075 de
3054 4012 3343 4091 Rachele,
3379 4032 3572 4095 quam
3617 4014 3890 4096 primam
3925 4033 4013 4076 ac·

933 4114 1231 4191 Cheleab,
1266 4112 1437 4194 quod
1481 4111 1958 4192 interpretatur,
1992 4110 2176 4192 quasi
2223 4118 2424 4191 pater,

938 4213 1002 4276 id
1042 4219 1139 4276 est
1167 4211 1398 4274 similis
1428 4209 1617 4293 patri.
1652 4212 1859 4271 Porro
1894 4209 2119 4269 certius
2145 4210 2424 4270 Absalon
2460 4212 2509 4274 D
2539 4209 2742 4271 rantia
2791 4207 2942 4272 facti
2993 4209 3202 4292 primo
3249 4210 3621 4289 cognovit:

936 4313 1121 4389 filius
1150 4310 1429 4373 Maaclza
1458 4309 1618 4386 filiae
1644 4308 1939 4369 Tkolmai
1968 4308 2137 4383 reyis
2170 4310 2422 4368 Gessur.

935 4409 1167 4472 Gessur
1207 4416 1272 4470 et
1313 4405 1591 4483 Gessuri,
1625 4412 1723 4468 est
1762 4405 1982 4467 eadem
2027 4404 2223 4484 regio.
2257 4403 2428 4478 Quae·

936 4507 1219 4584 ritur,an
1252 4504 1435 4567 licuit
1464 4503 1661 4568 David
1693 4502 1828 4584 regi
1860 4520 2113 4565 sumere
2146 4503 2426 4585 puellam

937 4605 1114 4668 illam
1161 4602 1465 4686 gentilem
1520 4602 1587 4663 in
1634 4602 1996 4683 conjugem.
2047 4601 2125 4663 Et
2174 4601 2426 4666 videtur

936 4705 1107 4786 quod
1156 4721 1307 4779 non,
1344 4708 1479 4764 tum
1518 4699 1673 4781 quia
1715 4700 1933 4783 dispar
1976 4700 2188 4764 cultus
2232 4701 2423 4763 etiam

939 4813 1091 4866 tunc
1144 4801 1393 4865 videtur
1450 4798 1929 4861 matrimonium
1990 4798 2420 4881 impedivisse,

897 4938 909 4957 .
939 4910 1073 4964 tum
1102 4898 1406 4982 quoniam
1438 4896 1561 4962 viri
1596 4895 1973 4959 tenebantur
2003 4895 2236 4960 ducere
2275 4917 2428 4961 uxo-

939 5019 1037 5063 res
1075 4998 1153 5061 de
1193 4996 1451 5079 propria
1493 4994 1871 5075 cognatione
1909 5001 1973 5057 et
2012 4994 2206 5070 tribu,
2244 5004 2314 5057 ut
2341 4996 2427 5059 le-

933 5098 1105 5178 gitur
1146 5096 1213 5157 in
1259 5093 1422 5157 libro
1465 5093 1903 5156 Numerorum.
1938 5092 2031 5155 Ad
2076 5091 2248 5155 istud
2289 5095 2428 5175 qui-

934 5196 1079 5257 dam
1102 5192 1508 5274 respondent,
1523 5192 1694 5273 quod
1716 5190 1911 5256 David
1935 5190 2101 5254 inter
2122 5190 2423 5255 mulieres

932 5293 1213 5376 captivas
1244 5290 1613 5373 concupivit
1640 5290 1941 5372 puellam,
1968 5308 2161 5372 quam
2195 5289 2420 5355 volens

2536 4111 2707 4193 cepit
2737 4111 2804 4172 in
2834 4111 3195 4222 conjugem,
3211 4111 3507 4192 quamvis
3537 4112 3716 4175 Liam
3749 4132 3824 4175 ex
3855 4113 4014 4192 igno-

2537 4307 2708 4388 quod
2739 4308 2898 4370 duos
2928 4307 3222 4389 genuerit
3252 4306 3410 4370 mihi
3449 4326 3608 4371 uxor
3646 4328 3809 4386 mea,
3843 4318 3912 4372 ut
3950 4292 4076 4370 inf

2535 4403 2763 4467 Genesi
2793 4404 3082 4467 habetur.
3090 4406 3538 4469 Verumtamen
3571 4405 3672 4469 his
3696 4407 4008 4489 objicitur,

2537 4503 2842 4584 quoniam
2875 4503 2981 4565 isti
3012 4503 3124 4585 qui
3153 4512 3460 4568 vocantur
3489 4505 3596 4567 hic
3634 4503 3762 4568 filii
3799 4506 4010 4582 David,

2539 4602 2673 4664 nati
2719 4602 2978 4665 fuerunt
3021 4601 3087 4663 in
3136 4602 3409 4680 Hebron,
3442 4610 3786 4685 antequam
3829 4604 4012 4667 David

2537 4699 2829 4781 regnavit
2861 4698 2926 4761 in
2965 4699 3122 4761 urbe
3151 4698 3520 4763 Jerusalem.
3555 4700 3780 4764 Michol
3812 4712 4010 4765 autem

2535 4798 2741 4861 adhuc
2772 4798 2951 4875 vixit,
2986 4795 3182 4862 David
3225 4796 3289 4858 in
3325 4797 3670 4861 Jerusalem
3705 4798 4012 4881 imperan-

2535 4905 2618 4974 te,
2653 4905 2717 4960 et
2756 4905 2965 4959 tamen
3005 4896 3146 4979 ipsa
3183 4915 3312 4960 non
3344 4898 3592 4979 peperit
3623 4896 3859 4977 filium,
3893 4899 4010 4961 nisi

2536 4995 2604 5056 in
2654 4996 2789 5059 fine
2835 4996 2982 5059 vitae
3032 5014 3181 5073 suae,
3235 4996 3582 5058 secundum
3632 4998 3804 5078 quod
3851 4996 4012 5059 infra

2538 5093 2739 5156 fertur
2775 5112 2790 5155 ε
2824 5094 3018 5173 lgitur
3053 5094 3277 5158 Michol
3322 5113 3450 5157 non
3491 5103 3588 5158 est
3622 5104 3810 5158 natus
3841 5094 4011 5159 filius
4063 5108 4216 5159 nne-‹1-

2535 5212 2740 5275 usque
2767 5194 2846 5255 ad
2875 5192 3044 5256 diem
3085 5194 3308 5258 mortis
3349 5212 3501 5257 suae.
3533 5192 3711 5257 Unde
3741 5195 3854 5276 qui
3885 5194 4011 5257 vult
4033 5177 4085 5218 ²³·

2534 5290 2838 5373 praedicta
2871 5290 3134 5369 salvare,
3154 5291 3346 5355 habet
3366 5290 3598 5369 dicere,
3613 5292 3784 5374 quod
3806 5311 4012 5374 quam-

3674 4211 3800 4274 Vos
3849 4212 4011 4274 scitis
4058 4226 4132 4268 Gen
4135 4234 4226 4264 m.
