4359 6250
685 968 796 1013 Luc.
810 982 906 1011 xxm

661 1034 728 1076 34.

687 3155 706 3173 ⁶
719 3153 937 3209 conatali-

671 3225 780 3265 nata

953 475 1071 538 364
1471 495 1820 544 ENARRATIO
1863 498 1924 543 IN
1967 499 2103 544 CAP.
2150 498 2301 544 xvm
2344 497 2502 544 LIBRI
2542 497 2713 544 mum
2751 495 2975 543 neuun.
3022 516 3101 526 —
3141 495 3284 543 Aur.
3330 496 3519 544 xxxlv

953 682 1080 744 que
1127 665 1598 747 sapientissima
1629 667 1823 731 verba
1859 667 2114 744 Christi,
2149 687 2226 730 ex
2268 667 2445 731 fonte
2476 665 2525 728 Α
2544 669 2769 744 posuit
2800 669 2872 730 in
2906 669 3313 728 tabernaculo
3340 687 3477 738 8200,
3500 664 3799 747 quoniam
3832 659 4032 724 mani-

954 781 1084 824 suae
1123 761 1454 845 sapientiae
1493 773 1768 847 sumpta,
1804 785 1947 847 quae
1989 766 2253 848 protulit
2291 784 2446 848 pen-

956 860 1112 922 dens
1159 861 1225 922 in
1264 881 1472 940 cruce,
1517 882 1790 944 quorum
1838 864 2045 946 primo
2083 864 2445 928 vulneravit

912 1001 924 1020 .
955 957 1021 1019 in
1056 957 1263 1022 fronte
1293 960 1642 1037 diabolum,
1667 961 1886 1024 dicens
1912 979 1926 1023 :
1958 962 2158 1038 Pater,
2190 962 2445 1043 ignosce

953 1056 1104 1134 illis,
1139 1057 1293 1139 quia
1323 1059 1618 1121 nesciunt
1646 1061 1802 1142 quid
1837 1059 2101 1123 faciunt.

1031 1157 1374 1234 Postremo,
1393 1157 1557 1220 sicut
1578 1159 1773 1221 David
1805 1160 2037 1223 occidit
2055 1158 2441 1222 Philistaeum

952 1273 1105 1318 ense
1137 1255 1333 1332 illius,
1369 1255 1460 1319 sic
1499 1257 1786 1320 Christus
1825 1258 2277 1321 condemnavit
2312 1257 2446 1320 dia-

952 1353 1172 1416 bolum
1218 1363 1478 1436 propter
1517 1355 1838 1436 propriam
1887 1356 2062 1419 illius
2107 1356 2445 1420 crudelita-

955 1459 1081 1516 tem
1113 1461 1177 1516 et
1217 1453 1632 1536 impietatem.
1668 1458 1873 1516 Arma
1909 1473 2166 1538 quoque
2204 1454 2442 1517 diaboli

2558 765 2812 828 festavit
2856 764 3175 842 Ecclesiae,
3210 764 3482 846 qualiter
3512 771 3577 826 et
3601 779 3715 844 per
3738 779 3879 842 quae
3908 778 4033 820 ma-

2554 863 2961 926 chinamenta
2991 864 3281 927 diabolus
3313 863 3633 926 Christum
3666 858 3947 933 tentavit,
3970 865 4031 920 et

2556 962 2780 1025 fideles
2826 963 3158 1045 impugnet
3191 979 3205 1023 :
3238 962 3411 1044 quod
3453 979 3565 1043 per
3604 957 4031 1038 Evangelistas

2552 1061 2912 1143 descripsit.
2934 1061 3117 1123 Juxta
3148 1067 3445 1143 praetacta
3474 1067 3709 1134 autem,
3732 1056 4029 1119 debemus

2552 1169 2617 1222 et
2664 1178 2781 1223 nos
2824 1168 3045 1222 eontra
3084 1158 3410 1223 diabolum
3454 1157 3631 1221 omni
3670 1154 3903 1218 virtute
3938 1173 4029 1215 ar-

2552 1258 2736 1335 mari,
2770 1267 2831 1320 et
2864 1257 3114 1321 fortiter
3146 1256 3441 1340 praeliari‚
3475 1255 3805 1318 innitendo
3834 1252 4028 1316 solius

2553 1357 2662 1420 Dei
2710 1356 2949 1419 auxilio
2993 1365 3054 1418 et
3103 1357 3316 1420 animo
3367 1353 3687 1418 indefesso
3736 1350 4027 1415 virtuosis

2552 1456 2801 1520 actibus
2832 1456 3208 1520 insistendo.

1958 1891 2609 1978 ARTICULUS
2684 1892 3047 1976 XXXIV

1049 2166 1362 2213 Exposrno
1405 2167 1682 2214 camum
1725 2167 2152 2214 ocravmsscml
2196 2168 2211 2212 Σ
2261 2169 2333 2212 ΕΤ
2374 2168 2615 2214 FAcwu
2660 2168 2767 2213 EST
2810 2168 2973 2222 Quum
3016 2167 3389 2213 couphssssm·
3432 2167 3605 2222 mom
3646 2168 3730 2212 An
3772 2168 3943 2213 sam..

1095 2446 1304 2510 ESTA
1349 2446 1550 2510 saneti
1601 2447 1792 2510 David
1841 2447 1946 2510 hic
1990 2446 2245 2528 plenius
2290 2445 2447 2509 reci-
2478 2443 2525 2504 B
2558 2444 2686 2524 egit
2726 2446 2897 2527 quod
2942 2446 3237 2508 subditur
3270 2463 3285 2507 ε
3319 2448 3643 2523 Diliyebat
3678 2449 3851 2506 enim
3892 2467 4030 2506 eum

1098 2553 1333 2623 tantur,
1355 2553 1418 2608 et
1445 2546 1720 2627 qualiter
1749 2544 2278 2628 prosperitatibus
2307 2545 2446 2626 ejus

957 2644 1369 2708 adversitates
1401 2663 1549 2708 mox
1578 2644 1914 2708 admisceri
1935 2652 2295 2726 coeperunt3
2322 2662 2448 2725 spe

957 2743 1230 2820 cialiter,
1252 2763 1367 2807 cur
1397 2752 1460 2805 et
1489 2743 1766 2825 qualiter
1795 2744 2011 2808 odium
2045 2743 2211 2823 regis
2244 2743 2451 2806 incur-

959 2842 1064 2918 rit,
1099 2850 1163 2904 et
1211 2843 1412 2904 multa
1462 2843 1768 2904 sustinuit
1815 2843 1896 2906 ab
1941 2843 2186 2905 eodem.
2223 2845 2307 2904 Ec
2349 2844 2451 2921 fa-

959 2950 1133 3001 ctum
1163 2951 1252 3002 est
1282 2962 1486 3021 quum
1516 2947 1877 3020 complesset
1917 2941 2110 3006 David
2152 2945 2331 3022 loqui
2362 2946 2451 3003 ad

961 3042 1130 3100 Sacc-l
1151 3038 1346 3102 verba
1375 3039 1441 3101 in
1474 3039 1855 3121 praeeedenti
1877 3039 2158 3122 capitulo
2189 3040 2444 3122 scripta,

961 3140 1191 3200 aninza
1218 3142 1512 3201 Jonatlzae
1541 3142 1846 3216 ‹sozquata
1877 3140 1900 3165 *
1928 3150 2018 3199 est
2049 3142 2291 3201 animae
2320 3142 2452 3200 Da-

965 3239 1078 3297 vid
1100 3236 1586 3300 ferventissimae
1609 3246 1671 3300 et
1703 3237 2168 3301 indissolubilis
2190 3237 2450 3300 vinculo

960 3334 1344 3411 dilectioniS,
1377 3347 1434 3397 et
1469 3339 1706 3398 dilexit
1735 3358 1884 3397 eum
1911 3340 2225 3399 Jonathas
2262 3338 2452 3417 quasi

960 3436 1254 3495 animam
1282 3456 1492 3496 suam.
1525 3434 1640 3497 Per
1670 3435 1788 3497 hoc
1817 3436 1987 3516 quod
2019 3435 2276 3512 dicitur,
2300 3434 2451 3496 Ani-

962 3550 1066 3593 ma
1090 3531 1378 3595 Jonathae
1409 3532 1704 3611 colligata
1733 3541 1830 3595 est
1859 3532 2088 3596 animae
2117 3532 2353 3609 David3
2386 3541 2448 3596 et

2557 2547 2751 2624 quasi
2778 2547 3070 2606 animam
3101 2565 3311 2608 suam.
3346 2549 3521 2608 Nam
3558 2547 3941 2623 exspoliavit
3974 2565 4033 2603 se

2555 2647 2869 2706 Jonatlzas
2902 2646 3123 2704 tunica
3162 2665 3291 2723 qua
3328 2655 3471 2705 erat
3500 2647 3793 2715 indutus,
3828 2644 4031 2705 forsan

2565 2741 2881 2824 superiUS,
2915 2752 2975 2802 et
3017 2745 3197 2802 dedit
3238 2764 3381 2804 eam
3418 2744 3657 2814 David,
3688 2753 3748 2803 et
3790 2745 4031 2821 reliqua

2560 2842 2937 2902 vestimenta
2972 2862 3093 2902 sua
3138 2862 3337 2921 usque
3379 2845 3467 2902 ad
3500 2843 3806 2918 ,qladium
3840 2851 3899 2902 et
3935 2861 4033 2900 ar-

2558 2961 2705 3000 cum
2734 2959 2953 3010 suu-m,
2984 2950 3044 3001 et
3077 2961 3275 3020 usque
3312 2943 3399 3000 ad
3434 2942 3734 3000 balteum.
3766 2939 3879 3004 Per
3920 2938 4033 3001 hoe

2559 3038 2727 3121 quod
2761 3037 2826 3100 in
2862 3037 2995 3101 sine
3024 3038 3216 3120 hujus
3244 3037 3549 3101 clausulae
3581 3036 3804 3115 fertur,
3840 3039 3913 3100 Et
3941 3057 4033 3098 us-

2558 3158 2683 3219 que
2714 3138 2791 3200 ad
2824 3137 3128 3216 balteum,
3147 3139 3333 3200 datur
3356 3137 3649 3218 intelligi,
3671 3139 3842 3219 quod
3871 3138 4031 3200 istud

2558 3237 2729 3318 quod
2760 3246 3051 3299 narratur
3080 3237 3159 3300 de
3188 3236 3399 3317 gladio
3432 3245 3495 3299 et
3524 3256 3674 3299 areu
3704 3256 3777 3299 ae
3808 3236 4027 3310 balteo,

2561 3334 3045 3415 intelligendum
3095 3334 3181 3397 sit
3226 3334 3561 3397 inclusive.
3606 3334 3821 3417 Itaque
3867 3334 4031 3397 dedit

2556 3433 2855 3495 Ionathas
2894 3433 3131 3496 Davidi.
3160 3433 3541 3496 vestimenta
3582 3453 3698 3495 sua
3738 3442 3802 3496 et
3840 3452 4026 3508 arma,

2560 3532 2835 3595 innuens
2864 3533 3037 3614 quod
3070 3540 3395 3614 reputaret
3432 3551 3577 3595 eum
3618 3532 3802 3613 quasi
3842 3551 3909 3594 se
3948 3531 4033 3612 ip-

961 3649 1199 3707 rursm,
1236 3630 1465 3693 Dilexit
1496 3650 1640 3693 eum
1671 3630 1854 3712 quasi
1895 3630 2170 3694 animam
2216 3651 2394 3694 suam
2429 3650 2443 3693 :
2482 3630 2527 3695 C
2560 3630 2997 3693 sum.Amicus
3028 3630 3286 3707 etenim,
3308 3630 3659 3712 praesertim
3687 3638 3815 3693 tam
3836 3650 4028 3697 carus.

962 3728 1343 3806 insinuatur,
1379 3730 1551 3810 quod
1594 3728 1714 3791 ista
1749 3729 2009 3792 dilectio
2041 3728 2168 3791 fuit
2204 3730 2451 3793 sincera
2558 3738 2654 3793 est
2674 3730 2834 3792 alter
2853 3729 3090 3811 ipseEt
3114 3730 3263 3791 item
3286 3730 3364 3791 ad
3388 3727 4032 3809 insinuandum,quod

961 3835 1024 3889 et
1067 3827 1418 3909 spiritualis
1455 3845 1470 3889 :
1508 3828 1713 3891 nihilo
1757 3826 1970 3890 minus
2003 3828 2128 3890 fuit
2167 3828 2445 3905 socialis,
2559 3827 2755 3892 David
2786 3828 3017 3909 dignus
3048 3836 3215 3891 esset
3242 3828 3481 3891 amictu
3510 3836 3951 3909 armaturaque
3970 3824 4033 3887 fi-

961 3927 1072 3989 sed
1104 3926 1181 3987 ad
1211 3925 1535 3988 caritatem
1571 3934 1852 3989 sanctam
1887 3926 2301 3990 referebatur.
2334 3931 2450 3989 Tu·
2559 3926 2631 3987 lii
2666 3926 2857 4006 regis.
2892 3926 2967 3987 Et
3005 3944 3225 3988 rursus
3258 3926 3389 3989 haec
3424 3925 3596 4002 fecit,
3631 3926 3783 4008 quia
3822 3924 4033 3988 amicis

961 4026 1166 4103 litque
1207 4044 1356 4083 eum
1399 4026 1568 4085 Saul
1611 4026 1682 4084 in
1722 4028 1830 4085 die
1870 4026 2014 4096 illa,
2047 4010 2114 4086 id
2149 4032 2265 4101 est,
2302 4024 2449 4088 Saul
2559 4026 2776 4088 omnia
2818 4026 3025 4088 solent
3069 4043 3209 4087 esse
3251 4023 3637 4087 communia.
3680 4024 3859 4101 Item,
3894 4022 4035 4104 quia

963 4120 1210 4202 accepit
1241 4120 1450 4203 ipsum
1482 4121 1677 4185 David
1711 4141 1924 4185 secum
1959 4131 2261 4203 tanquam
2296 4130 2452 4185 stre-
2556 4124 2688 4205 jam
2734 4123 3067 4185 habiturus
3112 4122 3233 4184 fuit
3273 4141 3449 4185 suam
3492 4141 3771 4185 sororem
3806 4122 3872 4184 in
3902 4140 4035 4185 eon-

965 4218 1346 4281 nuissimum
1377 4219 1668 4297 militem,
1701 4228 1770 4281 ut
1802 4239 2014 4283 seeum
2057 4228 2344 4283 maneret
2372 4222 2449 4283 dc
2556 4223 2796 4303 jugem.
2832 4222 3157 4299 Praeterea,
3200 4238 3378 4284 amor
3425 4221 3729 4284 fundatur
3777 4220 3847 4283 in
3892 4238 4035 4302 qua-

963 4324 1211 4392 ce3tero
1254 4329 1312 4379 ec
1343 4338 1472 4379 non
1500 4321 1799 4379 concessit
1827 4321 1889 4377 ei
1927 4329 1999 4379 ut
2027 4330 2453 4381 reverteretur
2560 4320 2705 4382 dam
2738 4319 3202 4384 similitudine.
3238 4339 3383 4382 nam
3417 4338 3607 4383 omne
3637 4319 3873 4381 animal
3902 4316 4035 4381 dili-
4072 4330 4187 4374 εαι
4196 4340 4251 4366 π.

967 4418 1040 4475 in
1087 4417 1352 4476 domum
1394 4418 1610 4494 patris
1655 4419 1782 4477 sui.
1839 4416 2008 4479 Istud
2065 4417 2322 4480 duravit
2372 4418 2450 4480 ad

966 4521 1240 4594 tempuS,
1273 4532 1608 4596 quousque
1655 4515 1948 4598 concepit
1992 4525 2215 4579 contra
2253 4516 2449 4580 David

965 4629 1315 4675 rancorem.

1042 4712 1350 4771 Inierunc
1389 4722 1607 4772 autem
1649 4714 1870 4773 David
1907 4724 1966 4774 et
1999 4716 2313 4775 Jonathas
2341 4714 2453 4791 Γω-

2560 4418 2653 4499 git
2697 4418 2907 4480 simile
2951 4417 3110 4494 sibi;
3154 4418 3436 4481 amicitia
3474 4436 3625 4481 vero
3662 4418 3731 4480 in
3770 4398 4115 4499 quadam*

2563 4516 3033 4580 communione.
3070 4516 3287 4598 ltaque
3312 4516 3610 4579 Ionathas
3640 4516 3741 4578 vir
3773 4516 4037 4597 inclytus

2562 4622 2753 4696 atque
2782 4615 3230 4695 magnanimiS,
3264 4622 3329 4678 et
3358 4614 3765 4677 laudabiliter
3794 4614 4037 4677 bellico-

2561 4732 2671 4775 sus
2702 4732 2775 4775 ac
2808 4711 2993 4775 fortis
3022 4722 3087 4775 et
3111 4712 3370 4795 juvenis
3396 4713 3683 4795 pulcher,
3702 4720 3769 4775 et
3798 4711 4038 4794 praecla-

961 4812 1112 4878 dus,
1144 4808 1206 4870 id
1255 4818 1350 4872 est
1395 4809 1785 4873 inviolabilis
1829 4811 2127 4874 amicitiae
2171 4820 2447 4893 pactum,
2486 4816 2535 4878 D
2564 4831 2650 4874 rae
2678 4810 3140 4893 complexionis
3169 4831 3241 4875 ac
3272 4811 3531 4894 optimae
3560 4809 3817 4884 indolis,
3852 4818 3917 4873 et
3942 4828 4038 4870 na-

965 4906 1419 4986 adstringendo
1451 4926 1520 4970 se
1550 4907 1824 4972 invicem
1860 4909 2067 4992 primo
2107 4929 2221 4992 per
2259 4910 2455 4973 verba

966 5005 1042 5067 ad
1077 5015 1471 5088 perpetuam,
1507 5006 1804 5069 socialem
1846 5016 1907 5070 ct
1948 5007 2329 5071 familiarem
2362 5008 2455 5069 di-

967 5103 1328 5181 lectionem,
1366 5112 1428 5166 et
1478 5102 1696 5167 forsan
1743 5105 2104 5186 juramento
2152 5114 2261 5169 aut
2310 5125 2455 5188 pro-

967 5201 1271 5266 missione
1321 5202 1740 5266 firmaverunt
1790 5204 1910 5267 hoc
1959 5214 2235 5286 pactum.
2276 5206 2457 5270 Jona-

967 5299 1107 5363 thas
1153 5319 1407 5383 quoque
1451 5301 1517 5364 in
1559 5301 1814 5383 signum
1859 5310 2050 5367 tantae
2093 5303 2455 5368 dilectionis

2567 4909 2855 4972 turaliter
2885 4909 3300 4988 affectuosuS,
3337 4909 3561 4973 videns
3600 4910 3813 4991 ipsum
3854 4906 4037 4971 David

2565 5008 2632 5070 in
2663 5008 2913 5071 cunctis
2952 5008 3075 5070 sibi
3111 5017 3237 5070 tam
3271 5007 3758 5071 convenientem
3790 5015 3857 5070 et
3886 5004 4041 5069 simi-

2567 5107 2714 5182 lem,
2756 5106 3052 5188 concepit
3088 5115 3351 5188 repente
3390 5106 3469 5168 ad
3504 5124 3651 5169 eum
3694 5115 3823 5168 tam
3865 5103 4041 5168 maxi-

2567 5224 2735 5267 mam
2767 5204 3114 5267 amicitiam
3146 5215 3210 5268 et
3238 5223 3541 5280 amorem,
3560 5222 3703 5286 quae
3734 5206 4039 5287 praeeipue

2570 5302 2957 5365 fundabatur
2988 5303 3053 5365 in
3086 5304 3256 5367 bono
3284 5303 3573 5367 honesto.
3598 5302 3767 5365 Talis
3796 5318 4039 5385 quoque
