<?xml version="1.0" encoding="UTF-8"?>
<!DOCTYPE html PUBLIC "-//W3C//DTD XHTML 1.0 Transitional//EN"
    "http://www.w3.org/TR/xhtml1/DTD/xhtml1-transitional.dtd">
<html xmlns="http://www.w3.org/1999/xhtml" xml:lang="en" lang="en">
 <head>
  <title>
</title>
<meta http-equiv="Content-Type" content="text/html;charset=utf-8" />
  <meta name='ocr-system' content='tesseract 3.04.00' />
  <meta name='ocr-capabilities' content='ocr_page ocr_carea ocr_par ocr_line ocrx_word'/>
</head>
<body>
  <div class='ocr_page' id='page_1' title='image "./doctorisecstati02denigoog_0434.png"; bbox 0 0 4359 6250; ppageno 0'>
   <div class='ocr_carea' id='block_1_1' title="bbox 962 523 2920 572">
    <p class='ocr_par' dir='ltr' id='par_1_1' title="bbox 962 523 2920 572">
     <span class='ocr_line' id='line_1_1' title="bbox 962 523 2920 572; baseline 0.002 -3"><span class='ocrx_word' id='word_1_1' title='bbox 962 523 1311 570; x_wconf 74' lang='lat' dir='ltr'><strong>ENAmtATlo</strong></span> <span class='ocrx_word' id='word_1_2' title='bbox 1355 525 1413 569; x_wconf 72' lang='grc' dir='ltr'><strong>ΙΝ</strong></span> <span class='ocrx_word' id='word_1_3' title='bbox 1458 525 1594 570; x_wconf 84' lang='lat' dir='ltr'>CAP.</span> <span class='ocrx_word' id='word_1_4' title='bbox 1642 524 1786 569; x_wconf 76' lang='lat' dir='ltr'><strong>XXIV</strong></span> <span class='ocrx_word' id='word_1_5' title='bbox 1833 524 1989 569; x_wconf 72' lang='lat' dir='ltr'><strong>unm</strong></span> <span class='ocrx_word' id='word_1_6' title='bbox 2030 525 2198 570; x_wconf 77' lang='lat' dir='ltr'><strong>Pmm</strong></span> <span class='ocrx_word' id='word_1_7' title='bbox 2241 525 2464 572; x_wconf 68' lang='lat' dir='ltr'><strong>REGUH.</strong></span> <span class='ocrx_word' id='word_1_8' title='bbox 2511 546 2590 556; x_wconf 87' lang='lat'><strong>--</strong></span> <span class='ocrx_word' id='word_1_9' title='bbox 2632 527 2774 572; x_wconf 70' lang='grc' dir='ltr'><strong>ΛΒΤ.</strong></span> <span class='ocrx_word' id='word_1_10' title='bbox 2823 527 2920 572; x_wconf 75' lang='lat' dir='ltr'><strong>xm</strong></span> 
     </span>
    </p>
   </div>
   <div class='ocr_carea' id='block_1_2' title="bbox 3360 506 3466 571">
    <p class='ocr_par' dir='ltr' id='par_1_2' title="bbox 3360 506 3466 571">
     <span class='ocr_line' id='line_1_2' title="bbox 3360 506 3466 571; baseline -0.009 0"><span class='ocrx_word' id='word_1_11' title='bbox 3360 506 3466 571; x_wconf 80' lang='lat'><strong>391</strong></span> 
     </span>
    </p>
   </div>
   <div class='ocr_carea' id='block_1_3' title="bbox 366 692 3480 779">
    <p class='ocr_par' dir='ltr' id='par_1_3' title="bbox 366 692 3480 779">
     <span class='ocr_line' id='line_1_3' title="bbox 366 692 3480 779; baseline 0.001 -25"><span class='ocrx_word' id='word_1_12' title='bbox 366 693 613 756; x_wconf 89' lang='lat' dir='ltr'><strong>melior</strong></span> <span class='ocrx_word' id='word_1_13' title='bbox 664 693 691 755; x_wconf 92' lang='lat' dir='ltr'><strong>f</strong></span> <span class='ocrx_word' id='word_1_14' title='bbox 697 695 810 772; x_wconf 89' lang='lat' dir='ltr'><strong>uit,</strong></span> <span class='ocrx_word' id='word_1_15' title='bbox 844 702 1157 777; x_wconf 89' lang='lat' dir='ltr'><strong>quantum</strong></span> <span class='ocrx_word' id='word_1_16' title='bbox 1208 695 1284 756; x_wconf 88' lang='lat' dir='ltr'><strong>ad</strong></span> <span class='ocrx_word' id='word_1_17' title='bbox 1334 695 1502 757; x_wconf 87' lang='lat' dir='ltr'><strong>dona</strong></span> <span class='ocrx_word' id='word_1_18' title='bbox 1549 694 1767 774; x_wconf 83' lang='lat' dir='ltr'><strong>gratiae</strong></span> <span class='ocrx_word' id='word_1_19' title='bbox 1806 713 1877 756; x_wconf 88' lang='lat' dir='ltr'><strong>ac</strong></span> <span class='ocrx_word' id='word_1_20' title='bbox 1908 692 1957 754; x_wconf 77' lang='lat' dir='ltr'><strong>A</strong></span> <span class='ocrx_word' id='word_1_21' title='bbox 1991 713 2235 775; x_wconf 82' lang='lat' dir='ltr'><strong>quaeres</strong></span> <span class='ocrx_word' id='word_1_22' title='bbox 2277 694 2609 772; x_wconf 89' lang='lat' dir='ltr'><strong>ultionem,</strong></span> <span class='ocrx_word' id='word_1_23' title='bbox 2646 716 2762 759; x_wconf 90' lang='lat' dir='ltr'><strong>nec</strong></span> <span class='ocrx_word' id='word_1_24' title='bbox 2794 716 3034 760; x_wconf 91' lang='lat' dir='ltr'><strong>memor</strong></span> <span class='ocrx_word' id='word_1_25' title='bbox 3067 697 3192 760; x_wconf 91' lang='lat' dir='ltr'><strong>eris</strong></span> <span class='ocrx_word' id='word_1_26' title='bbox 3227 697 3480 779; x_wconf 81' lang='lat' dir='ltr'><strong>injuriae</strong></span> 
     </span>
    </p>
   </div>
   <div class='ocr_carea' id='block_1_4' title="bbox 362 791 1881 1463">
    <p class='ocr_par' dir='ltr' id='par_1_4' title="bbox 362 791 1881 1463">
     <span class='ocr_line' id='line_1_4' title="bbox 366 791 1874 875; baseline 0 -21"><span class='ocrx_word' id='word_1_27' title='bbox 366 791 693 856; x_wconf 84' lang='lat' dir='ltr'><strong>virtutum</strong></span> <span class='ocrx_word' id='word_1_28' title='bbox 719 818 734 867; x_wconf 88' lang='lat'>;</span> <span class='ocrx_word' id='word_1_29' title='bbox 782 803 993 856; x_wconf 86' lang='lat' dir='ltr'><strong>tamen</strong></span> <span class='ocrx_word' id='word_1_30' title='bbox 1022 802 1335 875; x_wconf 89' lang='lat' dir='ltr'><strong>quantum</strong></span> <span class='ocrx_word' id='word_1_31' title='bbox 1366 795 1442 856; x_wconf 88' lang='lat' dir='ltr'><strong>ad</strong></span> <span class='ocrx_word' id='word_1_32' title='bbox 1476 794 1874 874; x_wconf 86' lang='lat' dir='ltr'><strong>dignitatem,</strong></span> 
     </span>
     <span class='ocr_line' id='line_1_5' title="bbox 364 893 1879 974; baseline 0 -22"><span class='ocrx_word' id='word_1_33' title='bbox 364 909 528 971; x_wconf 78' lang='lat' dir='ltr'><strong>quae</strong></span> <span class='ocrx_word' id='word_1_34' title='bbox 567 910 766 973; x_wconf 90' lang='lat' dir='ltr'><strong>penes</strong></span> <span class='ocrx_word' id='word_1_35' title='bbox 806 893 1209 974; x_wconf 84' lang='lat' dir='ltr'><strong>praelationes</strong></span> <span class='ocrx_word' id='word_1_36' title='bbox 1249 901 1309 954; x_wconf 89' lang='lat' dir='ltr'><strong>et</strong></span> <span class='ocrx_word' id='word_1_37' title='bbox 1347 893 1743 974; x_wconf 80' lang='lat' dir='ltr'>principatus</span> <span class='ocrx_word' id='word_1_38' title='bbox 1790 899 1879 953; x_wconf 87' lang='lat' dir='ltr'><strong>at-</strong></span> 
     </span>
     <span class='ocr_line' id='line_1_6' title="bbox 367 989 1881 1073; baseline 0.001 -23"><span class='ocrx_word' id='word_1_39' title='bbox 367 989 690 1066; x_wconf 79' lang='lat' dir='ltr'><strong>tenditur,</strong></span> <span class='ocrx_word' id='word_1_40' title='bbox 718 990 868 1053; x_wconf 90' lang='lat' dir='ltr'><strong>Saul</strong></span> <span class='ocrx_word' id='word_1_41' title='bbox 898 990 1025 1052; x_wconf 87' lang='lat' dir='ltr'><strong>fuit</strong></span> <span class='ocrx_word' id='word_1_42' title='bbox 1056 992 1279 1073; x_wconf 85' lang='lat' dir='ltr'><strong>maj0r.</strong></span> <span class='ocrx_word' id='word_1_43' title='bbox 1306 994 1412 1052; x_wconf 88' lang='lat' dir='ltr'><strong>Sit</strong></span> <span class='ocrx_word' id='word_1_44' title='bbox 1435 994 1755 1053; x_wconf 79' lang='lat' dir='ltr'><em>Dominus</em></span> <span class='ocrx_word' id='word_1_45' title='bbox 1768 993 1881 1068; x_wconf 83' lang='lat' dir='ltr'><strong>ju-</strong></span> 
     </span>
     <span class='ocr_line' id='line_1_7' title="bbox 362 1089 1879 1167; baseline 0.001 -20"><span class='ocrx_word' id='word_1_46' title='bbox 362 1091 532 1160; x_wconf 71' lang='lat' dir='ltr'><strong>deoe,</strong></span> <span class='ocrx_word' id='word_1_47' title='bbox 572 1098 632 1148; x_wconf 91' lang='lat' dir='ltr'><strong>et</strong></span> <span class='ocrx_word' id='word_1_48' title='bbox 662 1089 924 1167; x_wconf 85' lang='lat' dir='ltr'><strong>judicet</strong></span> <span class='ocrx_word' id='word_1_49' title='bbox 964 1092 1138 1150; x_wconf 82' lang='lat' dir='ltr'><strong>inter</strong></span> <span class='ocrx_word' id='word_1_50' title='bbox 1177 1111 1277 1150; x_wconf 83' lang='lat' dir='ltr'><strong>me</strong></span> <span class='ocrx_word' id='word_1_51' title='bbox 1316 1098 1377 1149; x_wconf 86' lang='lat' dir='ltr'><strong>et</strong></span> <span class='ocrx_word' id='word_1_52' title='bbox 1422 1099 1478 1150; x_wconf 89' lang='lat' dir='ltr'><strong>te</strong></span> <span class='ocrx_word' id='word_1_53' title='bbox 1499 1115 1523 1161; x_wconf 90' lang='lat'><strong>‚·</strong></span> <span class='ocrx_word' id='word_1_54' title='bbox 1562 1099 1621 1149; x_wconf 89' lang='lat' dir='ltr'><strong>et</strong></span> <span class='ocrx_word' id='word_1_55' title='bbox 1662 1091 1879 1150; x_wconf 84' lang='lat' dir='ltr'><strong>videat</strong></span> 
     </span>
     <span class='ocr_line' id='line_1_8' title="bbox 366 1186 1879 1270; baseline 0.001 -22"><span class='ocrx_word' id='word_1_56' title='bbox 366 1186 714 1265; x_wconf 88' lang='lat' dir='ltr'><strong>Dominus,</strong></span> <span class='ocrx_word' id='word_1_57' title='bbox 740 1187 805 1249; x_wconf 90' lang='lat' dir='ltr'><strong>id</strong></span> <span class='ocrx_word' id='word_1_58' title='bbox 838 1195 956 1265; x_wconf 89' lang='lat' dir='ltr'><strong>est,</strong></span> <span class='ocrx_word' id='word_1_59' title='bbox 981 1208 1094 1270; x_wconf 91' lang='lat' dir='ltr'><strong>per</strong></span> <span class='ocrx_word' id='word_1_60' title='bbox 1119 1187 1426 1250; x_wconf 83' lang='lat' dir='ltr'><strong>effectum</strong></span> <span class='ocrx_word' id='word_1_61' title='bbox 1458 1187 1719 1268; x_wconf 80' lang='lat' dir='ltr'><strong>justitiae</strong></span> <span class='ocrx_word' id='word_1_62' title='bbox 1749 1206 1879 1249; x_wconf 79' lang='lat' dir='ltr'><strong>suae</strong></span> 
     </span>
     <span class='ocr_line' id='line_1_9' title="bbox 368 1285 1881 1367; baseline -0.002 -19"><span class='ocrx_word' id='word_1_63' title='bbox 368 1285 681 1348; x_wconf 88' lang='lat' dir='ltr'><strong>ostendat</strong></span> <span class='ocrx_word' id='word_1_64' title='bbox 708 1305 777 1348; x_wconf 91' lang='lat' dir='ltr'><strong>se</strong></span> <span class='ocrx_word' id='word_1_65' title='bbox 806 1286 1025 1350; x_wconf 87' lang='lat' dir='ltr'><strong>videre</strong></span> <span class='ocrx_word' id='word_1_66' title='bbox 1053 1305 1197 1366; x_wconf 80' lang='lat' dir='ltr'><strong>quae</strong></span> <span class='ocrx_word' id='word_1_67' title='bbox 1226 1285 1435 1367; x_wconf 90' lang='lat' dir='ltr'><strong>patior</strong></span> <span class='ocrx_word' id='word_1_68' title='bbox 1464 1305 1501 1348; x_wconf 87' lang='lat' dir='ltr'><strong>a</strong></span> <span class='ocrx_word' id='word_1_69' title='bbox 1542 1294 1621 1363; x_wconf 90' lang='lat' dir='ltr'><strong>te,</strong></span> <span class='ocrx_word' id='word_1_70' title='bbox 1658 1285 1881 1349; x_wconf 88' lang='lat' dir='ltr'><strong>videri-</strong></span> 
     </span>
     <span class='ocr_line' id='line_1_10' title="bbox 370 1381 1879 1463; baseline 0.001 -19"><span class='ocrx_word' id='word_1_71' title='bbox 370 1401 517 1463; x_wconf 86' lang='lat' dir='ltr'><strong>que</strong></span> <span class='ocrx_word' id='word_1_72' title='bbox 558 1381 773 1459; x_wconf 86' lang='lat' dir='ltr'><strong>faciat,</strong></span> <span class='ocrx_word' id='word_1_73' title='bbox 809 1393 879 1446; x_wconf 90' lang='lat' dir='ltr'><strong>ut</strong></span> <span class='ocrx_word' id='word_1_74' title='bbox 910 1391 972 1446; x_wconf 89' lang='lat' dir='ltr'><strong>ct</strong></span> <span class='ocrx_word' id='word_1_75' title='bbox 1012 1383 1155 1445; x_wconf 90' lang='lat' dir='ltr'><strong>aliis</strong></span> <span class='ocrx_word' id='word_1_76' title='bbox 1194 1384 1573 1461; x_wconf 86' lang='lat' dir='ltr'><strong>innotescat,</strong></span> <span class='ocrx_word' id='word_1_77' title='bbox 1604 1383 1771 1446; x_wconf 90' lang='lat' dir='ltr'><strong>sicut</strong></span> <span class='ocrx_word' id='word_1_78' title='bbox 1814 1383 1879 1445; x_wconf 92' lang='lat' dir='ltr'><strong>in</strong></span> 
     </span>
    </p>
   </div>
   <div class='ocr_carea' id='block_1_5' title="bbox 78 1479 1881 1581">
    <p class='ocr_par' dir='ltr' id='par_1_5' title="bbox 78 1479 1881 1581">
     <span class='ocr_line' id='line_1_11' title="bbox 78 1479 1881 1581; baseline 0.001 -40"><span class='ocrx_word' id='word_1_79' title='bbox 78 1493 342 1581; x_wconf 55' lang='lat' dir='ltr'><strong>³‘Ji-wurm-</strong></span> <span class='ocrx_word' id='word_1_80' title='bbox 370 1479 617 1544; x_wconf 81' lang='lat' dir='ltr'><strong>Genesi</strong></span> <span class='ocrx_word' id='word_1_81' title='bbox 649 1481 780 1544; x_wconf 89' lang='lat' dir='ltr'><strong>ait:</strong></span> <span class='ocrx_word' id='word_1_82' title='bbox 817 1482 1205 1546; x_wconf 88' lang='lat' dir='ltr'><strong>Descendam</strong></span> <span class='ocrx_word' id='word_1_83' title='bbox 1236 1491 1300 1544; x_wconf 84' lang='lat' dir='ltr'><strong>et</strong></span> <span class='ocrx_word' id='word_1_84' title='bbox 1329 1481 1580 1557; x_wconf 90' lang='lat' dir='ltr'><strong>videbo,</strong></span> <span class='ocrx_word' id='word_1_85' title='bbox 1616 1490 1735 1545; x_wconf 88' lang='lat' dir='ltr'><strong>etc.</strong></span> <span class='ocrx_word' id='word_1_86' title='bbox 1765 1505 1779 1554; x_wconf 83' lang='lat'>3</span> <span class='ocrx_word' id='word_1_87' title='bbox 1821 1491 1881 1542; x_wconf 83' lang='lat' dir='ltr'><strong>et</strong></span> 
     </span>
    </p>
   </div>
   <div class='ocr_carea' id='block_1_6' title="bbox 354 1582 1884 1740">
    <p class='ocr_par' dir='ltr' id='par_1_6' title="bbox 354 1582 1884 1740">
     <span class='ocr_line' id='line_1_12' title="bbox 354 1582 1884 1658; baseline -0.001 -17"><span class='ocrx_word' id='word_1_88' title='bbox 354 1582 635 1658; x_wconf 83' lang='lat' dir='ltr'><strong>judicet</strong></span> <span class='ocrx_word' id='word_1_89' title='bbox 664 1601 931 1642; x_wconf 83' lang='lat' dir='ltr'><strong>causam</strong></span> <span class='ocrx_word' id='word_1_90' title='bbox 962 1602 1198 1651; x_wconf 83' lang='lat' dir='ltr'><strong>meam,</strong></span> <span class='ocrx_word' id='word_1_91' title='bbox 1217 1591 1277 1642; x_wconf 87' lang='lat' dir='ltr'><strong>et</strong></span> <span class='ocrx_word' id='word_1_92' title='bbox 1304 1591 1493 1642; x_wconf 84' lang='lat' dir='ltr'><strong>eruat</strong></span> <span class='ocrx_word' id='word_1_93' title='bbox 1522 1601 1622 1641; x_wconf 83' lang='lat' dir='ltr'><strong>me</strong></span> <span class='ocrx_word' id='word_1_94' title='bbox 1650 1583 1729 1640; x_wconf 88' lang='lat' dir='ltr'><strong>de</strong></span> <span class='ocrx_word' id='word_1_95' title='bbox 1750 1601 1884 1641; x_wconf 85' lang='lat' dir='ltr'><strong>ma-</strong></span> 
     </span>
     <span class='ocr_line' id='line_1_13' title="bbox 373 1689 653 1740; baseline 0 0"><span class='ocrx_word' id='word_1_96' title='bbox 373 1699 485 1740; x_wconf 81' lang='lat' dir='ltr'><strong>nu</strong></span> <span class='ocrx_word' id='word_1_97' title='bbox 516 1689 653 1740; x_wconf 87' lang='lat' dir='ltr'><strong>tua.</strong></span> 
     </span>
    </p>
   </div>
   <div class='ocr_carea' id='block_1_7' title="bbox 470 1779 1885 1856">
    <p class='ocr_par' dir='ltr' id='par_1_7' title="bbox 470 1779 1885 1856">
     <span class='ocr_line' id='line_1_14' title="bbox 470 1779 1885 1856; baseline -0.001 -18"><span class='ocrx_word' id='word_1_98' title='bbox 470 1781 689 1846; x_wconf 80' lang='lat' dir='ltr'><strong>Quum</strong></span> <span class='ocrx_word' id='word_1_99' title='bbox 732 1787 949 1839; x_wconf 86' lang='lat' dir='ltr'><strong>autem</strong></span> <span class='ocrx_word' id='word_1_100' title='bbox 987 1782 1348 1856; x_wconf 79' lang='lat' dir='ltr'><strong>complesset</strong></span> <span class='ocrx_word' id='word_1_101' title='bbox 1374 1779 1593 1840; x_wconf 83' lang='lat' dir='ltr'><strong>David</strong></span> <span class='ocrx_word' id='word_1_102' title='bbox 1626 1781 1885 1855; x_wconf 82' lang='lat' dir='ltr'><strong>loquens</strong></span> 
     </span>
    </p>
   </div>
   <div class='ocr_carea' id='block_1_8' title="bbox 1984 792 3486 1861">
    <p class='ocr_par' dir='ltr' id='par_1_8' title="bbox 1991 792 3480 1267">
     <span class='ocr_line' id='line_1_15' title="bbox 1992 792 3480 857; baseline 0.001 -3"><span class='ocrx_word' id='word_1_103' title='bbox 1992 792 2230 855; x_wconf 91' lang='lat' dir='ltr'><strong>civium</strong></span> <span class='ocrx_word' id='word_1_104' title='bbox 2276 802 2550 857; x_wconf 89' lang='lat' dir='ltr'><strong>tuorum.</strong></span> <span class='ocrx_word' id='word_1_105' title='bbox 2588 799 2719 856; x_wconf 81' lang='lat' dir='ltr'><strong>Sed</strong></span> <span class='ocrx_word' id='word_1_106' title='bbox 2761 799 3077 857; x_wconf 81' lang='lat' dir='ltr'><em>Dominus</em></span> <span class='ocrx_word' id='word_1_107' title='bbox 3127 800 3356 857; x_wconf 81' lang='lat' dir='ltr'><strong>reddat</strong></span> <span class='ocrx_word' id='word_1_108' title='bbox 3406 798 3480 856; x_wconf 89' lang='lat' dir='ltr'><strong>ti-</strong></span> 
     </span>
     <span class='ocr_line' id='line_1_16' title="bbox 1992 893 3473 970; baseline 0.003 -20"><span class='ocrx_word' id='word_1_109' title='bbox 1992 893 2056 950; x_wconf 87' lang='lat' dir='ltr'><strong>bi</strong></span> <span class='ocrx_word' id='word_1_110' title='bbox 2086 894 2604 954; x_wconf 76' lang='lat' dir='ltr'><strong>vicissitudinem</strong></span> <span class='ocrx_word' id='word_1_111' title='bbox 2633 897 2827 964; x_wconf 71' lang='lat' dir='ltr'><strong>lianc,</strong></span> <span class='ocrx_word' id='word_1_112' title='bbox 2860 893 2922 956; x_wconf 90' lang='lat' dir='ltr'><strong>id</strong></span> <span class='ocrx_word' id='word_1_113' title='bbox 2955 904 3072 970; x_wconf 84' lang='lat' dir='ltr'><strong>est,</strong></span> <span class='ocrx_word' id='word_1_114' title='bbox 3111 893 3321 956; x_wconf 85' lang='lat' dir='ltr'><strong>simile</strong></span> <span class='ocrx_word' id='word_1_115' title='bbox 3363 893 3473 954; x_wconf 88' lang='lat' dir='ltr'><strong>tibi</strong></span> 
     </span>
     <span class='ocr_line' id='line_1_17' title="bbox 1992 991 3478 1075; baseline 0 -23"><span class='ocrx_word' id='word_1_116' title='bbox 1992 991 2302 1068; x_wconf 89' lang='lat' dir='ltr'><strong>restituat,</strong></span> <span class='ocrx_word' id='word_1_117' title='bbox 2346 1001 2408 1054; x_wconf 92' lang='lat' dir='ltr'><strong>et</strong></span> <span class='ocrx_word' id='word_1_118' title='bbox 2449 1012 2564 1075; x_wconf 90' lang='lat' dir='ltr'><strong>pro</strong></span> <span class='ocrx_word' id='word_1_119' title='bbox 2595 993 2934 1057; x_wconf 90' lang='lat' dir='ltr'><strong>beneficiis</strong></span> <span class='ocrx_word' id='word_1_120' title='bbox 2975 993 3131 1055; x_wconf 91' lang='lat' dir='ltr'><strong>mihi</strong></span> <span class='ocrx_word' id='word_1_121' title='bbox 3173 991 3478 1074; x_wconf 84' lang='lat' dir='ltr'><strong>impensis</strong></span> 
     </span>
     <span class='ocr_line' id='line_1_18' title="bbox 1991 1089 3478 1173; baseline -0.002 -20"><span class='ocrx_word' id='word_1_122' title='bbox 1991 1089 2198 1153; x_wconf 90' lang='lat' dir='ltr'><strong>vicem</strong></span> <span class='ocrx_word' id='word_1_123' title='bbox 2250 1089 2364 1151; x_wconf 92' lang='lat' dir='ltr'><strong>tibi</strong></span> <span class='ocrx_word' id='word_1_124' title='bbox 2420 1092 2744 1173; x_wconf 78' lang='lat' dir='ltr'>rependat,</span> <span class='ocrx_word' id='word_1_125' title='bbox 2788 1113 2912 1171; x_wconf 82' lang='lat' dir='ltr'><strong>pro</strong></span> <span class='ocrx_word' id='word_1_126' title='bbox 2959 1112 3028 1152; x_wconf 87' lang='lat' dir='ltr'><strong>eo</strong></span> <span class='ocrx_word' id='word_1_127' title='bbox 3077 1094 3249 1170; x_wconf 81' lang='lat' dir='ltr'><strong>quod</strong></span> <span class='ocrx_word' id='word_1_128' title='bbox 3291 1092 3478 1151; x_wconf 74' lang='lat' dir='ltr'><strong>hodie</strong></span> 
     </span>
     <span class='ocr_line' id='line_1_19' title="bbox 1991 1192 2638 1267; baseline 0.003 -18"><span class='ocrx_word' id='word_1_129' title='bbox 1991 1200 2291 1267; x_wconf 82' lang='lat' dir='ltr'><strong>operatus</strong></span> <span class='ocrx_word' id='word_1_130' title='bbox 2319 1211 2382 1249; x_wconf 85' lang='lat' dir='ltr'><strong>es</strong></span> <span class='ocrx_word' id='word_1_131' title='bbox 2415 1192 2486 1250; x_wconf 84' lang='lat' dir='ltr'><strong>in</strong></span> <span class='ocrx_word' id='word_1_132' title='bbox 2521 1212 2638 1252; x_wconf 85' lang='lat' dir='ltr'><strong>me.</strong></span> 
     </span>
    </p>

    <p class='ocr_par' dir='ltr' id='par_1_9' title="bbox 1984 1289 3486 1861">
     <span class='ocr_line' id='line_1_20' title="bbox 2070 1289 3478 1368; baseline -0.002 -19"><span class='ocrx_word' id='word_1_133' title='bbox 2070 1290 2158 1349; x_wconf 80' lang='lat' dir='ltr'><strong>Et.</strong></span> <span class='ocrx_word' id='word_1_134' title='bbox 2200 1308 2377 1348; x_wconf 78' lang='lat' dir='ltr'><strong>nunc</strong></span> <span class='ocrx_word' id='word_1_135' title='bbox 2418 1291 2578 1368; x_wconf 81' lang='lat' dir='ltr'><strong>quia</strong></span> <span class='ocrx_word' id='word_1_136' title='bbox 2618 1291 2748 1349; x_wconf 86' lang='lat' dir='ltr'><strong>scio</strong></span> <span class='ocrx_word' id='word_1_137' title='bbox 2779 1292 2950 1368; x_wconf 87' lang='lat' dir='ltr'><strong>quod</strong></span> <span class='ocrx_word' id='word_1_138' title='bbox 2997 1289 3344 1348; x_wconf 69' lang='lat' dir='ltr'><em>certissime</em></span> <span class='ocrx_word' id='word_1_139' title='bbox 3387 1307 3478 1346; x_wconf 85' lang='lat' dir='ltr'><strong>re-</strong></span> 
     </span>
     <span class='ocr_line' id='line_1_21' title="bbox 1984 1387 3479 1462; baseline 0.001 -17"><span class='ocrx_word' id='word_1_140' title='bbox 1984 1395 2312 1462; x_wconf 77' lang='lat' dir='ltr'><strong>ynaturus</strong></span> <span class='ocrx_word' id='word_1_141' title='bbox 2359 1387 2469 1458; x_wconf 84' lang='lat' dir='ltr'><strong>sis,</strong></span> <span class='ocrx_word' id='word_1_142' title='bbox 2521 1396 2582 1447; x_wconf 89' lang='lat' dir='ltr'><strong>et</strong></span> <span class='ocrx_word' id='word_1_143' title='bbox 2621 1388 2963 1448; x_wconf 74' lang='lat' dir='ltr'><strong>habiturus</strong></span> <span class='ocrx_word' id='word_1_144' title='bbox 3005 1387 3078 1446; x_wconf 84' lang='lat' dir='ltr'><strong>in</strong></span> <span class='ocrx_word' id='word_1_145' title='bbox 3119 1405 3325 1446; x_wconf 82' lang='lat' dir='ltr'><strong>manu</strong></span> <span class='ocrx_word' id='word_1_146' title='bbox 3365 1394 3479 1446; x_wconf 88' lang='lat' dir='ltr'><strong>tua</strong></span> 
     </span>
     <span class='ocr_line' id='line_1_22' title="bbox 1993 1477 3481 1566; baseline 0.001 -22"><span class='ocrx_word' id='word_1_147' title='bbox 1993 1504 2268 1561; x_wconf 77' lang='lat' dir='ltr'><strong>reynum</strong></span> <span class='ocrx_word' id='word_1_148' title='bbox 2308 1487 2537 1546; x_wconf 83' lang='lat' dir='ltr'><strong>Israel.</strong></span> <span class='ocrx_word' id='word_1_149' title='bbox 2574 1477 2702 1548; x_wconf 80' lang='lat' dir='ltr'><strong>Hoc</strong></span> <span class='ocrx_word' id='word_1_150' title='bbox 2742 1485 2912 1548; x_wconf 88' lang='lat' dir='ltr'><strong>enim</strong></span> <span class='ocrx_word' id='word_1_151' title='bbox 2955 1483 3100 1547; x_wconf 89' lang='lat' dir='ltr'><strong>Saul</strong></span> <span class='ocrx_word' id='word_1_152' title='bbox 3143 1482 3481 1566; x_wconf 78' lang='lat' dir='ltr'>perpendit</span> 
     </span>
     <span class='ocr_line' id='line_1_23' title="bbox 1994 1582 3480 1665; baseline -0.002 -19"><span class='ocrx_word' id='word_1_153' title='bbox 1994 1602 2071 1646; x_wconf 86' lang='lat' dir='ltr'><strong>cx</strong></span> <span class='ocrx_word' id='word_1_154' title='bbox 2102 1582 2612 1646; x_wconf 78' lang='lat' dir='ltr'><strong>consideratione</strong></span> <span class='ocrx_word' id='word_1_155' title='bbox 2633 1583 2940 1646; x_wconf 88' lang='lat' dir='ltr'><strong>virtutum</strong></span> <span class='ocrx_word' id='word_1_156' title='bbox 2962 1583 3172 1658; x_wconf 86' lang='lat' dir='ltr'><strong>David,</strong></span> <span class='ocrx_word' id='word_1_157' title='bbox 3187 1601 3300 1665; x_wconf 90' lang='lat' dir='ltr'><strong>per</strong></span> <span class='ocrx_word' id='word_1_158' title='bbox 3321 1601 3480 1662; x_wconf 88' lang='lat' dir='ltr'><strong>quas</strong></span> 
     </span>
     <span class='ocr_line' id='line_1_24' title="bbox 1995 1680 3484 1764; baseline -0.003 -20"><span class='ocrx_word' id='word_1_159' title='bbox 1995 1680 2290 1764; x_wconf 82' lang='lat' dir='ltr'><strong>pensavit</strong></span> <span class='ocrx_word' id='word_1_160' title='bbox 2321 1701 2466 1744; x_wconf 90' lang='lat' dir='ltr'><strong>eum</strong></span> <span class='ocrx_word' id='word_1_161' title='bbox 2488 1681 2751 1762; x_wconf 86' lang='lat' dir='ltr'><strong>dignum</strong></span> <span class='ocrx_word' id='word_1_162' title='bbox 2774 1700 2912 1744; x_wconf 90' lang='lat' dir='ltr'><strong>esse</strong></span> <span class='ocrx_word' id='word_1_163' title='bbox 2940 1681 3313 1763; x_wconf 73' lang='lat' dir='ltr'><strong>impletione</strong></span> <span class='ocrx_word' id='word_1_164' title='bbox 3344 1698 3484 1762; x_wconf 86' lang='lat' dir='ltr'><strong>pro-</strong></span> 
     </span>
     <span class='ocr_line' id='line_1_25' title="bbox 1996 1777 3486 1861; baseline -0.003 -18"><span class='ocrx_word' id='word_1_165' title='bbox 1996 1781 2322 1844; x_wconf 89' lang='lat' dir='ltr'><strong>missionis</strong></span> <span class='ocrx_word' id='word_1_166' title='bbox 2357 1780 2415 1843; x_wconf 91' lang='lat' dir='ltr'><strong>ei</strong></span> <span class='ocrx_word' id='word_1_167' title='bbox 2439 1780 2622 1845; x_wconf 84' lang='lat' dir='ltr'><strong>factae</strong></span> <span class='ocrx_word' id='word_1_168' title='bbox 2653 1783 2731 1843; x_wconf 91' lang='lat' dir='ltr'><strong>de</strong></span> <span class='ocrx_word' id='word_1_169' title='bbox 2755 1798 2948 1861; x_wconf 79' lang='lat' dir='ltr'><strong>regno</strong></span> <span class='ocrx_word' id='word_1_170' title='bbox 2970 1779 3340 1856; x_wconf 90' lang='lat' dir='ltr'><strong>obtinend0,</strong></span> <span class='ocrx_word' id='word_1_171' title='bbox 3365 1777 3486 1840; x_wconf 83' lang='lat' dir='ltr'><strong>sie-</strong></span> 
     </span>
    </p>
   </div>
   <div class='ocr_carea' id='block_1_9' title="bbox 375 1874 3484 1961">
    <p class='ocr_par' dir='ltr' id='par_1_10' title="bbox 375 1874 3484 1961">
     <span class='ocr_line' id='line_1_26' title="bbox 375 1874 3484 1961; baseline 0 -24"><span class='ocrx_word' id='word_1_172' title='bbox 375 1897 708 1938; x_wconf 78' lang='lat' dir='ltr'><strong>sermones</strong></span> <span class='ocrx_word' id='word_1_173' title='bbox 727 1878 1177 1954; x_wconf 75' lang='lat' dir='ltr'><strong>hujuscemodi</strong></span> <span class='ocrx_word' id='word_1_174' title='bbox 1194 1880 1477 1944; x_wconf 82' lang='lat' dir='ltr'><strong>adSaul.</strong></span> <span class='ocrx_word' id='word_1_175' title='bbox 1492 1878 1669 1936; x_wconf 70' lang='lat' dir='ltr'><strong>dimit</strong></span> <span class='ocrx_word' id='word_1_176' title='bbox 1684 1879 1883 1937; x_wconf 82' lang='lat' dir='ltr'><strong>Saul:</strong></span> <span class='ocrx_word' id='word_1_177' title='bbox 1922 1874 1968 1936; x_wconf 89' lang='grc' dir='ltr'><strong>Β</strong></span> <span class='ocrx_word' id='word_1_178' title='bbox 1998 1888 2068 1940; x_wconf 88' lang='lat' dir='ltr'><strong>ut</strong></span> <span class='ocrx_word' id='word_1_179' title='bbox 2104 1879 2241 1960; x_wconf 87' lang='lat' dir='ltr'><strong>ipse</strong></span> <span class='ocrx_word' id='word_1_180' title='bbox 2281 1899 2396 1961; x_wconf 88' lang='lat' dir='ltr'><strong>per</strong></span> <span class='ocrx_word' id='word_1_181' title='bbox 2428 1879 2594 1942; x_wconf 83' lang='lat' dir='ltr'><strong>vitia</strong></span> <span class='ocrx_word' id='word_1_182' title='bbox 2623 1899 2738 1942; x_wconf 82' lang='lat' dir='ltr'><strong>sua</strong></span> <span class='ocrx_word' id='word_1_183' title='bbox 2774 1879 2986 1942; x_wconf 82' lang='lat' dir='ltr'><strong>factus</strong></span> <span class='ocrx_word' id='word_1_184' title='bbox 3029 1877 3154 1941; x_wconf 86' lang='lat' dir='ltr'><strong>fuit</strong></span> <span class='ocrx_word' id='word_1_185' title='bbox 3183 1877 3484 1957; x_wconf 85' lang='lat' dir='ltr'><strong>indignus</strong></span> 
     </span>
    </p>
   </div>
   <div class='ocr_carea' id='block_1_10' title="bbox 378 1975 1893 3027">
    <p class='ocr_par' dir='ltr' id='par_1_11' title="bbox 378 1975 1893 3027">
     <span class='ocr_line' id='line_1_27' title="bbox 380 1975 1887 2055; baseline -0.002 -18"><span class='ocrx_word' id='word_1_186' title='bbox 380 1978 741 2055; x_wconf 69' lang='lat' dir='ltr'><strong>IVumquid</strong></span> <span class='ocrx_word' id='word_1_187' title='bbox 769 1977 904 2036; x_wconf 79' lang='lat' dir='ltr'><strong>hoec</strong></span> <span class='ocrx_word' id='word_1_188' title='bbox 933 1996 1059 2036; x_wconf 77' lang='lat' dir='ltr'><strong>voa&gt;</strong></span> <span class='ocrx_word' id='word_1_189' title='bbox 1090 1986 1205 2036; x_wconf 85' lang='lat' dir='ltr'><strong>tua</strong></span> <span class='ocrx_word' id='word_1_190' title='bbox 1236 1985 1347 2046; x_wconf 86' lang='lat' dir='ltr'><strong>est,</strong></span> <span class='ocrx_word' id='word_1_191' title='bbox 1370 1978 1478 2053; x_wconf 82' lang='lat' dir='ltr'><strong>fili</strong></span> <span class='ocrx_word' id='word_1_192' title='bbox 1507 1977 1601 2036; x_wconf 83' lang='lat' dir='ltr'><strong>mi</strong></span> <span class='ocrx_word' id='word_1_193' title='bbox 1620 1975 1839 2036; x_wconf 84' lang='lat' dir='ltr'><strong>David</strong></span> <span class='ocrx_word' id='word_1_194' title='bbox 1857 1975 1887 2034; x_wconf 66' lang='lat' dir='ltr'><strong>a?</strong></span> 
     </span>
     <span class='ocr_line' id='line_1_28' title="bbox 378 2072 1887 2157; baseline -0.002 -21"><span class='ocrx_word' id='word_1_195' title='bbox 378 2075 739 2156; x_wconf 86' lang='lat' dir='ltr'><strong>Numquid,</strong></span> <span class='ocrx_word' id='word_1_196' title='bbox 774 2074 880 2138; x_wconf 88' lang='lat' dir='ltr'><strong>hic</strong></span> <span class='ocrx_word' id='word_1_197' title='bbox 932 2075 1206 2137; x_wconf 84' lang='lat' dir='ltr'><strong>sumitur</strong></span> <span class='ocrx_word' id='word_1_198' title='bbox 1245 2094 1363 2157; x_wconf 92' lang='lat' dir='ltr'><strong>pro</strong></span> <span class='ocrx_word' id='word_1_199' title='bbox 1400 2074 1639 2149; x_wconf 83' lang='lat' dir='ltr'><strong>Nonne,</strong></span> <span class='ocrx_word' id='word_1_200' title='bbox 1690 2072 1887 2154; x_wconf 83' lang='lat' dir='ltr'><strong>siqui-</strong></span> 
     </span>
     <span class='ocr_line' id='line_1_29' title="bbox 378 2172 1887 2255; baseline -0.002 -20"><span class='ocrx_word' id='word_1_201' title='bbox 378 2175 533 2236; x_wconf 89' lang='lat' dir='ltr'><strong>dem</strong></span> <span class='ocrx_word' id='word_1_202' title='bbox 598 2173 789 2238; x_wconf 91' lang='lat' dir='ltr'><strong>scivit</strong></span> <span class='ocrx_word' id='word_1_203' title='bbox 836 2175 1009 2255; x_wconf 88' lang='lat' dir='ltr'><strong>quod</strong></span> <span class='ocrx_word' id='word_1_204' title='bbox 1071 2172 1197 2235; x_wconf 86' lang='lat' dir='ltr'><strong>fuit</strong></span> <span class='ocrx_word' id='word_1_205' title='bbox 1243 2172 1483 2236; x_wconf 91' lang='lat' dir='ltr'><strong>locutio</strong></span> <span class='ocrx_word' id='word_1_206' title='bbox 1532 2172 1748 2234; x_wconf 88' lang='lat' dir='ltr'><strong>David.</strong></span> <span class='ocrx_word' id='word_1_207' title='bbox 1800 2174 1887 2233; x_wconf 89' lang='lat' dir='ltr'><strong>Et</strong></span> 
     </span>
     <span class='ocr_line' id='line_1_30' title="bbox 380 2269 1888 2347; baseline -0.003 -13"><span class='ocrx_word' id='word_1_208' title='bbox 380 2276 636 2334; x_wconf 76' lang='lat' dir='ltr'><strong>levavit</strong></span> <span class='ocrx_word' id='word_1_209' title='bbox 664 2275 839 2334; x_wconf 83' lang='lat' dir='ltr'><strong>Saul</strong></span> <span class='ocrx_word' id='word_1_210' title='bbox 885 2293 1095 2332; x_wconf 86' lang='lat' dir='ltr'><strong>vocem</strong></span> <span class='ocrx_word' id='word_1_211' title='bbox 1130 2293 1343 2342; x_wconf 86' lang='lat' dir='ltr'><strong>suam,</strong></span> <span class='ocrx_word' id='word_1_212' title='bbox 1376 2279 1435 2332; x_wconf 85' lang='lat' dir='ltr'><strong>et</strong></span> <span class='ocrx_word' id='word_1_213' title='bbox 1471 2273 1672 2347; x_wconf 76' lang='lat' dir='ltr'><strong>flevit.</strong></span> <span class='ocrx_word' id='word_1_214' title='bbox 1708 2269 1888 2332; x_wconf 89' lang='lat' dir='ltr'><strong>Com-</strong></span> 
     </span>
     <span class='ocr_line' id='line_1_31' title="bbox 382 2367 1889 2453; baseline -0.002 -20"><span class='ocrx_word' id='word_1_215' title='bbox 382 2380 675 2453; x_wconf 82' lang='lat' dir='ltr'><strong>punctus</strong></span> <span class='ocrx_word' id='word_1_216' title='bbox 731 2370 969 2434; x_wconf 88' lang='lat' dir='ltr'><strong>etenim</strong></span> <span class='ocrx_word' id='word_1_217' title='bbox 1028 2368 1153 2432; x_wconf 84' lang='lat' dir='ltr'><strong>fuit</strong></span> <span class='ocrx_word' id='word_1_218' title='bbox 1204 2389 1283 2432; x_wconf 84' lang='lat' dir='ltr'><strong>ex</strong></span> <span class='ocrx_word' id='word_1_219' title='bbox 1336 2376 1509 2431; x_wconf 87' lang='lat' dir='ltr'><strong>tanta</strong></span> <span class='ocrx_word' id='word_1_220' title='bbox 1568 2367 1889 2430; x_wconf 88' lang='lat' dir='ltr'><strong>humilita-</strong></span> 
     </span>
     <span class='ocr_line' id='line_1_32' title="bbox 382 2467 1888 2551; baseline -0.003 -19"><span class='ocrx_word' id='word_1_221' title='bbox 382 2479 475 2546; x_wconf 89' lang='lat' dir='ltr'><strong>te,</strong></span> <span class='ocrx_word' id='word_1_222' title='bbox 527 2467 989 2544; x_wconf 82' lang='lat' dir='ltr'><strong>beneficentia,</strong></span> <span class='ocrx_word' id='word_1_223' title='bbox 1043 2467 1489 2551; x_wconf 85' lang='lat' dir='ltr'><strong>probitateque</strong></span> <span class='ocrx_word' id='word_1_224' title='bbox 1534 2467 1731 2530; x_wconf 85' lang='lat' dir='ltr'><strong>David</strong></span> <span class='ocrx_word' id='word_1_225' title='bbox 1766 2485 1888 2530; x_wconf 85' lang='lat' dir='ltr'><strong>:ex</strong></span> 
     </span>
     <span class='ocr_line' id='line_1_33' title="bbox 380 2565 1891 2650; baseline -0.003 -20"><span class='ocrx_word' id='word_1_226' title='bbox 380 2568 635 2650; x_wconf 88' lang='lat' dir='ltr'><strong>quibus</strong></span> <span class='ocrx_word' id='word_1_227' title='bbox 676 2576 739 2630; x_wconf 90' lang='lat' dir='ltr'><strong>et</strong></span> <span class='ocrx_word' id='word_1_228' title='bbox 783 2567 1105 2650; x_wconf 81' lang='lat' dir='ltr'><strong>propriam</strong></span> <span class='ocrx_word' id='word_1_229' title='bbox 1146 2566 1651 2649; x_wconf 86' lang='lat' dir='ltr'><strong>perversitatem,</strong></span> <span class='ocrx_word' id='word_1_230' title='bbox 1684 2565 1891 2644; x_wconf 84' lang='lat' dir='ltr'><strong>ingra-</strong></span> 
     </span>
     <span class='ocr_line' id='line_1_34' title="bbox 387 2665 1891 2747; baseline -0.004 -18"><span class='ocrx_word' id='word_1_231' title='bbox 387 2667 872 2747; x_wconf 89' lang='lat' dir='ltr'><strong>titudinemque</strong></span> <span class='ocrx_word' id='word_1_232' title='bbox 911 2665 1269 2747; x_wconf 88' lang='lat' dir='ltr'><strong>perpendit.</strong></span> <span class='ocrx_word' id='word_1_233' title='bbox 1306 2668 1619 2744; x_wconf 72' lang='lat' dir='ltr'><strong>Dimitque</strong></span> <span class='ocrx_word' id='word_1_234' title='bbox 1655 2667 1743 2724; x_wconf 87' lang='lat' dir='ltr'><strong>ad</strong></span> <span class='ocrx_word' id='word_1_235' title='bbox 1770 2667 1891 2724; x_wconf 84' lang='lat' dir='ltr'><strong>Da-</strong></span> 
     </span>
     <span class='ocr_line' id='line_1_35' title="bbox 388 2762 1889 2845; baseline -0.003 -17"><span class='ocrx_word' id='word_1_236' title='bbox 388 2769 511 2828; x_wconf 81' lang='lat' dir='ltr'><strong>vid</strong></span> <span class='ocrx_word' id='word_1_237' title='bbox 543 2787 568 2826; x_wconf 92' lang='lat'><strong>.·</strong></span> <span class='ocrx_word' id='word_1_238' title='bbox 597 2767 849 2828; x_wconf 79' lang='lat' dir='ltr'><strong>Iustior</strong></span> <span class='ocrx_word' id='word_1_239' title='bbox 897 2775 965 2825; x_wconf 90' lang='lat' dir='ltr'><strong>tu</strong></span> <span class='ocrx_word' id='word_1_240' title='bbox 1004 2785 1067 2824; x_wconf 91' lang='lat' dir='ltr'><strong>es</strong></span> <span class='ocrx_word' id='word_1_241' title='bbox 1108 2785 1307 2845; x_wconf 84' lang='lat' dir='ltr'><strong>quam</strong></span> <span class='ocrx_word' id='word_1_242' title='bbox 1348 2784 1480 2841; x_wconf 71' lang='lat' dir='ltr'><strong>eqo.</strong></span> <span class='ocrx_word' id='word_1_243' title='bbox 1513 2762 1715 2835; x_wconf 86' lang='lat' dir='ltr'><strong>Quare</strong></span> <span class='ocrx_word' id='word_1_244' title='bbox 1762 2781 1889 2824; x_wconf 91' lang='lat' dir='ltr'><strong>non</strong></span> 
     </span>
     <span class='ocr_line' id='line_1_36' title="bbox 385 2863 1889 2943; baseline -0.004 -16"><span class='ocrx_word' id='word_1_245' title='bbox 385 2865 579 2940; x_wconf 84' lang='lat' dir='ltr'><strong>dixit,</strong></span> <span class='ocrx_word' id='word_1_246' title='bbox 613 2863 1081 2926; x_wconf 67' lang='lat' dir='ltr'><strong>misericordior</strong></span> <span class='ocrx_word' id='word_1_247' title='bbox 1105 2871 1171 2924; x_wconf 89' lang='lat' dir='ltr'><strong>tu</strong></span> <span class='ocrx_word' id='word_1_248' title='bbox 1200 2882 1268 2924; x_wconf 90' lang='lat' dir='ltr'><strong>es</strong></span> <span class='ocrx_word' id='word_1_249' title='bbox 1297 2881 1490 2943; x_wconf 91' lang='lat' dir='ltr'><strong>quam</strong></span> <span class='ocrx_word' id='word_1_250' title='bbox 1520 2878 1660 2941; x_wconf 77' lang='lat' dir='ltr'><strong>ego,</strong></span> <span class='ocrx_word' id='word_1_251' title='bbox 1693 2879 1889 2942; x_wconf 89' lang='lat' dir='ltr'><strong>quum</strong></span> 
     </span>
     <span class='ocr_line' id='line_1_37' title="bbox 386 2959 1893 3027; baseline -0.004 -1"><span class='ocrx_word' id='word_1_252' title='bbox 386 2963 595 3027; x_wconf 82' lang='lat' dir='ltr'><strong>David</strong></span> <span class='ocrx_word' id='word_1_253' title='bbox 628 2961 993 3025; x_wconf 82' lang='lat' dir='ltr'><strong>exhibuerit</strong></span> <span class='ocrx_word' id='word_1_254' title='bbox 1038 2960 1161 3023; x_wconf 89' lang='lat' dir='ltr'><strong>sibi</strong></span> <span class='ocrx_word' id='word_1_255' title='bbox 1206 2959 1712 3024; x_wconf 88' lang='lat' dir='ltr'><strong>misericordiam</strong></span> <span class='ocrx_word' id='word_1_256' title='bbox 1758 2968 1893 3021; x_wconf 88' lang='lat' dir='ltr'><strong>tan-</strong></span> 
     </span>
    </p>
   </div>
   <div class='ocr_carea' id='block_1_11' title="bbox 1996 1977 3492 3042">
    <p class='ocr_par' dir='ltr' id='par_1_12' title="bbox 1996 1977 3492 3042">
     <span class='ocr_line' id='line_1_38' title="bbox 1998 1977 3486 2060; baseline -0.003 -20"><span class='ocrx_word' id='word_1_257' title='bbox 1998 1997 2372 2060; x_wconf 89' lang='lat' dir='ltr'><strong>permanere</strong></span> <span class='ocrx_word' id='word_1_258' title='bbox 2404 1978 2471 2038; x_wconf 90' lang='lat' dir='ltr'><strong>in</strong></span> <span class='ocrx_word' id='word_1_259' title='bbox 2512 1995 2729 2058; x_wconf 76' lang='lat' dir='ltr'><strong>regno·</strong></span> <span class='ocrx_word' id='word_1_260' title='bbox 2762 1982 2929 2039; x_wconf 86' lang='lat' dir='ltr'><strong>Jura</strong></span> <span class='ocrx_word' id='word_1_261' title='bbox 2969 1979 3139 2037; x_wconf 70' lang='lat' dir='ltr'><strong>mihi</strong></span> <span class='ocrx_word' id='word_1_262' title='bbox 3167 1978 3240 2036; x_wconf 85' lang='lat' dir='ltr'><strong>in</strong></span> <span class='ocrx_word' id='word_1_263' title='bbox 3272 1977 3486 2036; x_wconf 80' lang='lat' dir='ltr'><strong>Domi-</strong></span> 
     </span>
     <span class='ocr_line' id='line_1_39' title="bbox 1996 2074 3485 2158; baseline -0.002 -22"><span class='ocrx_word' id='word_1_264' title='bbox 1996 2096 2100 2148; x_wconf 79' lang='lat' dir='ltr'><strong>ne,</strong></span> <span class='ocrx_word' id='word_1_265' title='bbox 2134 2076 2200 2138; x_wconf 92' lang='lat' dir='ltr'><strong>id</strong></span> <span class='ocrx_word' id='word_1_266' title='bbox 2237 2083 2335 2138; x_wconf 86' lang='lat' dir='ltr'><strong>est</strong></span> <span class='ocrx_word' id='word_1_267' title='bbox 2373 2093 2521 2141; x_wconf 91' lang='lat' dir='ltr'><strong>vere</strong></span> <span class='ocrx_word' id='word_1_268' title='bbox 2561 2084 2623 2139; x_wconf 89' lang='lat' dir='ltr'><strong>et</strong></span> <span class='ocrx_word' id='word_1_269' title='bbox 2668 2095 2781 2158; x_wconf 91' lang='lat' dir='ltr'><strong>per</strong></span> <span class='ocrx_word' id='word_1_270' title='bbox 2825 2076 3019 2138; x_wconf 90' lang='lat' dir='ltr'><strong>Deum</strong></span> <span class='ocrx_word' id='word_1_271' title='bbox 3068 2074 3370 2156; x_wconf 86' lang='lat' dir='ltr'><strong>legitime,</strong></span> <span class='ocrx_word' id='word_1_272' title='bbox 3407 2093 3485 2134; x_wconf 85' lang='lat' dir='ltr'><strong>ne</strong></span> 
     </span>
     <span class='ocr_line' id='line_1_40' title="bbox 1997 2173 3483 2256; baseline -0.001 -21"><span class='ocrx_word' id='word_1_273' title='bbox 1997 2177 2228 2246; x_wconf 82' lang='lat' dir='ltr'><strong>deleas,</strong></span> <span class='ocrx_word' id='word_1_274' title='bbox 2263 2173 2325 2235; x_wconf 92' lang='lat' dir='ltr'><strong>id</strong></span> <span class='ocrx_word' id='word_1_275' title='bbox 2377 2181 2495 2250; x_wconf 90' lang='lat' dir='ltr'><strong>est,</strong></span> <span class='ocrx_word' id='word_1_276' title='bbox 2543 2175 2715 2255; x_wconf 90' lang='lat' dir='ltr'><strong>quod</strong></span> <span class='ocrx_word' id='word_1_277' title='bbox 2765 2183 2910 2256; x_wconf 87' lang='lat' dir='ltr'><strong>post</strong></span> <span class='ocrx_word' id='word_1_278' title='bbox 2957 2181 3228 2237; x_wconf 87' lang='lat' dir='ltr'><strong>mortem</strong></span> <span class='ocrx_word' id='word_1_279' title='bbox 3276 2190 3483 2235; x_wconf 90' lang='lat' dir='ltr'><strong>meam</strong></span> 
     </span>
     <span class='ocr_line' id='line_1_41' title="bbox 1998 2270 3484 2354; baseline -0.002 -19"><span class='ocrx_word' id='word_1_280' title='bbox 1998 2291 2127 2335; x_wconf 90' lang='lat' dir='ltr'><strong>non</strong></span> <span class='ocrx_word' id='word_1_281' title='bbox 2157 2271 2399 2334; x_wconf 89' lang='lat' dir='ltr'><strong>delebis</strong></span> <span class='ocrx_word' id='word_1_282' title='bbox 2441 2291 2558 2335; x_wconf 91' lang='lat' dir='ltr'><strong>nec</strong></span> <span class='ocrx_word' id='word_1_283' title='bbox 2590 2272 2844 2354; x_wconf 91' lang='lat' dir='ltr'><strong>penitus</strong></span> <span class='ocrx_word' id='word_1_284' title='bbox 2886 2270 3242 2335; x_wconf 82' lang='lat' dir='ltr'><strong>interficies</strong></span> <span class='ocrx_word' id='word_1_285' title='bbox 3272 2291 3484 2332; x_wconf 78' lang='lat' dir='ltr'><strong>semen</strong></span> 
     </span>
     <span class='ocr_line' id='line_1_42' title="bbox 1996 2370 3488 2452; baseline -0.001 -21"><span class='ocrx_word' id='word_1_286' title='bbox 1996 2391 2234 2440; x_wconf 85' lang='lat' dir='ltr'><strong>meum,</strong></span> <span class='ocrx_word' id='word_1_287' title='bbox 2263 2371 2435 2451; x_wconf 91' lang='lat' dir='ltr'><strong>quod</strong></span> <span class='ocrx_word' id='word_1_288' title='bbox 2466 2370 2588 2433; x_wconf 90' lang='lat' dir='ltr'><strong>erit</strong></span> <span class='ocrx_word' id='word_1_289' title='bbox 2616 2378 2937 2452; x_wconf 87' lang='lat' dir='ltr'><strong>superstes</strong></span> <span class='ocrx_word' id='word_1_290' title='bbox 2959 2379 3102 2448; x_wconf 82' lang='lat' dir='ltr'><strong>post</strong></span> <span class='ocrx_word' id='word_1_291' title='bbox 3131 2391 3256 2440; x_wconf 82' lang='lat' dir='ltr'><strong>me,</strong></span> <span class='ocrx_word' id='word_1_292' title='bbox 3288 2389 3488 2449; x_wconf 81' lang='lat' dir='ltr'><strong>neque</strong></span> 
     </span>
     <span class='ocr_line' id='line_1_43' title="bbox 1996 2470 3488 2547; baseline -0.003 -17"><span class='ocrx_word' id='word_1_293' title='bbox 1996 2470 2262 2547; x_wconf 81' lang='lat' dir='ltr'><strong>auferas</strong></span> <span class='ocrx_word' id='word_1_294' title='bbox 2291 2489 2522 2530; x_wconf 76' lang='lat' dir='ltr'><strong>nomen</strong></span> <span class='ocrx_word' id='word_1_295' title='bbox 2552 2489 2764 2530; x_wconf 87' lang='lat' dir='ltr'><strong>meum</strong></span> <span class='ocrx_word' id='word_1_296' title='bbox 2794 2472 2875 2529; x_wconf 88' lang='lat' dir='ltr'><strong>de</strong></span> <span class='ocrx_word' id='word_1_297' title='bbox 2891 2472 3078 2530; x_wconf 86' lang='lat' dir='ltr'><strong>domo</strong></span> <span class='ocrx_word' id='word_1_298' title='bbox 3100 2470 3316 2546; x_wconf 82' lang='lat' dir='ltr'><strong>patris</strong></span> <span class='ocrx_word' id='word_1_299' title='bbox 3337 2471 3488 2538; x_wconf 84' lang='lat' dir='ltr'><strong>mei,</strong></span> 
     </span>
     <span class='ocr_line' id='line_1_44' title="bbox 1998 2566 3488 2649; baseline -0.001 -21"><span class='ocrx_word' id='word_1_300' title='bbox 1998 2566 2063 2628; x_wconf 87' lang='lat' dir='ltr'><strong>id</strong></span> <span class='ocrx_word' id='word_1_301' title='bbox 2096 2574 2192 2628; x_wconf 85' lang='lat' dir='ltr'><strong>est</strong></span> <span class='ocrx_word' id='word_1_302' title='bbox 2229 2567 2602 2629; x_wconf 89' lang='lat' dir='ltr'><strong>memoriam</strong></span> <span class='ocrx_word' id='word_1_303' title='bbox 2644 2585 2931 2649; x_wconf 80' lang='lat' dir='ltr'><strong>personae</strong></span> <span class='ocrx_word' id='word_1_304' title='bbox 2969 2584 3126 2628; x_wconf 81' lang='lat' dir='ltr'><strong>meae</strong></span> <span class='ocrx_word' id='word_1_305' title='bbox 3155 2567 3234 2628; x_wconf 90' lang='lat' dir='ltr'><strong>de</strong></span> <span class='ocrx_word' id='word_1_306' title='bbox 3261 2584 3488 2648; x_wconf 89' lang='lat' dir='ltr'><strong>paren-</strong></span> 
     </span>
     <span class='ocr_line' id='line_1_45' title="bbox 2000 2663 3488 2745; baseline 0 -19"><span class='ocrx_word' id='word_1_307' title='bbox 2000 2666 2128 2727; x_wconf 88' lang='lat' dir='ltr'><strong>tela</strong></span> <span class='ocrx_word' id='word_1_308' title='bbox 2169 2672 2232 2727; x_wconf 90' lang='lat' dir='ltr'><strong>et</strong></span> <span class='ocrx_word' id='word_1_309' title='bbox 2281 2666 2859 2745; x_wconf 85' lang='lat' dir='ltr'><strong>cognationemea,</strong></span> <span class='ocrx_word' id='word_1_310' title='bbox 2896 2663 3346 2727; x_wconf 88' lang='lat' dir='ltr'><strong>interficiendo</strong></span> <span class='ocrx_word' id='word_1_311' title='bbox 3378 2681 3488 2745; x_wconf 93' lang='lat' dir='ltr'><strong>po-</strong></span> 
     </span>
     <span class='ocr_line' id='line_1_46' title="bbox 2000 2762 3490 2828; baseline -0.002 -2"><span class='ocrx_word' id='word_1_312' title='bbox 2000 2773 2204 2828; x_wconf 90' lang='lat' dir='ltr'><strong>steros</strong></span> <span class='ocrx_word' id='word_1_313' title='bbox 2244 2783 2440 2827; x_wconf 90' lang='lat' dir='ltr'><strong>meos.</strong></span> <span class='ocrx_word' id='word_1_314' title='bbox 2472 2765 2768 2828; x_wconf 89' lang='lat' dir='ltr'><strong>Parentes</strong></span> <span class='ocrx_word' id='word_1_315' title='bbox 2795 2764 2968 2828; x_wconf 89' lang='lat' dir='ltr'><strong>enim</strong></span> <span class='ocrx_word' id='word_1_316' title='bbox 3009 2765 3075 2827; x_wconf 92' lang='lat' dir='ltr'><strong>in</strong></span> <span class='ocrx_word' id='word_1_317' title='bbox 3118 2762 3337 2828; x_wconf 89' lang='lat' dir='ltr'><strong>sobole</strong></span> <span class='ocrx_word' id='word_1_318' title='bbox 3375 2781 3490 2824; x_wconf 91' lang='lat' dir='ltr'><strong>sua</strong></span> 
     </span>
     <span class='ocr_line' id='line_1_47' title="bbox 2000 2863 3489 2946; baseline -0.002 -20"><span class='ocrx_word' id='word_1_319' title='bbox 2000 2865 2472 2945; x_wconf 87' lang='lat' dir='ltr'><strong>quodammodo</strong></span> <span class='ocrx_word' id='word_1_320' title='bbox 2493 2873 2774 2939; x_wconf 88' lang='lat' dir='ltr'><strong>manent,</strong></span> <span class='ocrx_word' id='word_1_321' title='bbox 2790 2873 2852 2926; x_wconf 92' lang='lat' dir='ltr'><strong>et</strong></span> <span class='ocrx_word' id='word_1_322' title='bbox 2873 2883 2987 2946; x_wconf 91' lang='lat' dir='ltr'><strong>per</strong></span> <span class='ocrx_word' id='word_1_323' title='bbox 3006 2863 3489 2944; x_wconf 80' lang='lat' dir='ltr'><strong>generationum</strong></span> 
     </span>
     <span class='ocr_line' id='line_1_48' title="bbox 2002 2961 3492 3042; baseline -0.002 -17"><span class='ocrx_word' id='word_1_324' title='bbox 2002 2962 2473 3026; x_wconf 90' lang='lat' dir='ltr'><strong>successionem</strong></span> <span class='ocrx_word' id='word_1_325' title='bbox 2519 2971 2735 3025; x_wconf 87' lang='lat' dir='ltr'><strong>manet</strong></span> <span class='ocrx_word' id='word_1_326' title='bbox 2779 2981 2852 3025; x_wconf 91' lang='lat' dir='ltr'><strong>ac</strong></span> <span class='ocrx_word' id='word_1_327' title='bbox 2881 2961 3053 3042; x_wconf 82' lang='lat' dir='ltr'><strong>viget</strong></span> <span class='ocrx_word' id='word_1_328' title='bbox 3096 2981 3316 3026; x_wconf 89' lang='lat' dir='ltr'><strong>eorum</strong></span> <span class='ocrx_word' id='word_1_329' title='bbox 3360 2980 3492 3023; x_wconf 92' lang='lat' dir='ltr'><strong>me-</strong></span> 
     </span>
    </p>
   </div>
   <div class='ocr_carea' id='block_1_12' title="bbox 388 3055 3485 3142">
    <p class='ocr_par' dir='ltr' id='par_1_13' title="bbox 388 3055 3485 3142">
     <span class='ocr_line' id='line_1_49' title="bbox 388 3055 3485 3142; baseline 0 -17"><span class='ocrx_word' id='word_1_330' title='bbox 388 3065 563 3125; x_wconf 71' lang='lat' dir='ltr'><strong>tam?</strong></span> <span class='ocrx_word' id='word_1_331' title='bbox 580 3061 659 3122; x_wconf 87' lang='lat' dir='ltr'><strong>Et</strong></span> <span class='ocrx_word' id='word_1_332' title='bbox 679 3059 1407 3142; x_wconf 83' lang='lat' dir='ltr'><strong>respondendum,quod</strong></span> <span class='ocrx_word' id='word_1_333' title='bbox 1425 3057 1675 3141; x_wconf 80' lang='lat' dir='ltr'><strong>justitia</strong></span> <span class='ocrx_word' id='word_1_334' title='bbox 1693 3056 1891 3122; x_wconf 78' lang='lat' dir='ltr'><strong>David</strong></span> <span class='ocrx_word' id='word_1_335' title='bbox 1927 3055 1971 3120; x_wconf 88' lang='lat' dir='ltr'>C</span> <span class='ocrx_word' id='word_1_336' title='bbox 2002 3062 2226 3127; x_wconf 88' lang='lat' dir='ltr'><strong>moria.</strong></span> <span class='ocrx_word' id='word_1_337' title='bbox 2263 3062 2496 3126; x_wconf 86' lang='lat' dir='ltr'><strong>Verum</strong></span> <span class='ocrx_word' id='word_1_338' title='bbox 2527 3069 2623 3125; x_wconf 89' lang='lat' dir='ltr'><strong>est</strong></span> <span class='ocrx_word' id='word_1_339' title='bbox 2650 3061 2895 3126; x_wconf 89' lang='lat' dir='ltr'><strong>dictum</strong></span> <span class='ocrx_word' id='word_1_340' title='bbox 2926 3061 3085 3124; x_wconf 89' lang='lat' dir='ltr'><strong>illud</strong></span> <span class='ocrx_word' id='word_1_341' title='bbox 3115 3078 3485 3125; x_wconf 85' lang='lat' dir='ltr'><strong>commune:</strong></span> 
     </span>
    </p>
   </div>
   <div class='ocr_carea' id='block_1_13' title="bbox 386 3156 1898 4221">
    <p class='ocr_par' dir='ltr' id='par_1_14' title="bbox 386 3156 1898 4221">
     <span class='ocr_line' id='line_1_50' title="bbox 388 3156 1895 3241; baseline -0.003 -18"><span class='ocrx_word' id='word_1_342' title='bbox 388 3178 631 3241; x_wconf 81' lang='lat' dir='ltr'><strong>magna</strong></span> <span class='ocrx_word' id='word_1_343' title='bbox 653 3158 953 3241; x_wconf 82' lang='lat' dir='ltr'><strong>apparuit</strong></span> <span class='ocrx_word' id='word_1_344' title='bbox 980 3158 1051 3220; x_wconf 91' lang='lat' dir='ltr'><strong>in</strong></span> <span class='ocrx_word' id='word_1_345' title='bbox 1083 3156 1427 3240; x_wconf 77' lang='lat' dir='ltr'><strong>praedictiS,</strong></span> <span class='ocrx_word' id='word_1_346' title='bbox 1452 3156 1759 3239; x_wconf 88' lang='lat' dir='ltr'><strong>quoniam</strong></span> <span class='ocrx_word' id='word_1_347' title='bbox 1790 3176 1895 3219; x_wconf 92' lang='lat' dir='ltr'><strong>no-</strong></span> 
     </span>
     <span class='ocr_line' id='line_1_51' title="bbox 388 3254 1890 3337; baseline -0.003 -16"><span class='ocrx_word' id='word_1_348' title='bbox 388 3260 517 3322; x_wconf 87' lang='lat' dir='ltr'><strong>luit</strong></span> <span class='ocrx_word' id='word_1_349' title='bbox 554 3257 886 3321; x_wconf 85' lang='lat' dir='ltr'><strong>vindicare</strong></span> <span class='ocrx_word' id='word_1_350' title='bbox 930 3276 999 3319; x_wconf 91' lang='lat' dir='ltr'><strong>se</strong></span> <span class='ocrx_word' id='word_1_351' title='bbox 1046 3255 1279 3337; x_wconf 90' lang='lat' dir='ltr'><strong>ipsum,</strong></span> <span class='ocrx_word' id='word_1_352' title='bbox 1314 3262 1377 3317; x_wconf 87' lang='lat' dir='ltr'><strong>et</strong></span> <span class='ocrx_word' id='word_1_353' title='bbox 1419 3254 1621 3321; x_wconf 84' lang='lat' dir='ltr'><strong>divini</strong></span> <span class='ocrx_word' id='word_1_354' title='bbox 1666 3254 1890 3336; x_wconf 89' lang='lat' dir='ltr'><strong>judicii</strong></span> 
     </span>
     <span class='ocr_line' id='line_1_52' title="bbox 388 3353 1893 3423; baseline -0.005 0"><span class='ocrx_word' id='word_1_355' title='bbox 388 3355 658 3423; x_wconf 83' lang='lat' dir='ltr'><strong>veritati</strong></span> <span class='ocrx_word' id='word_1_356' title='bbox 710 3374 891 3417; x_wconf 90' lang='lat' dir='ltr'><strong>suam</strong></span> <span class='ocrx_word' id='word_1_357' title='bbox 942 3353 1267 3418; x_wconf 86' lang='lat' dir='ltr'><strong>commisit</strong></span> <span class='ocrx_word' id='word_1_358' title='bbox 1312 3373 1591 3417; x_wconf 89' lang='lat' dir='ltr'><strong>causam.</strong></span> <span class='ocrx_word' id='word_1_359' title='bbox 1641 3353 1893 3416; x_wconf 78' lang='lat' dir='ltr'><strong>Iustitia</strong></span> 
     </span>
     <span class='ocr_line' id='line_1_53' title="bbox 386 3451 1895 3539; baseline -0.003 -20"><span class='ocrx_word' id='word_1_360' title='bbox 386 3472 659 3539; x_wconf 91' lang='lat' dir='ltr'><strong>quoque</strong></span> <span class='ocrx_word' id='word_1_361' title='bbox 690 3470 819 3515; x_wconf 91' lang='lat' dir='ltr'><strong>uno</strong></span> <span class='ocrx_word' id='word_1_362' title='bbox 849 3452 1062 3529; x_wconf 89' lang='lat' dir='ltr'><strong>modo,</strong></span> <span class='ocrx_word' id='word_1_363' title='bbox 1088 3460 1185 3514; x_wconf 90' lang='lat' dir='ltr'><strong>est</strong></span> <span class='ocrx_word' id='word_1_364' title='bbox 1212 3451 1529 3532; x_wconf 84' lang='lat' dir='ltr'><strong>generalis</strong></span> <span class='ocrx_word' id='word_1_365' title='bbox 1556 3452 1895 3533; x_wconf 88' lang='lat' dir='ltr'><strong>omnisque</strong></span> 
     </span>
     <span class='ocr_line' id='line_1_54' title="bbox 388 3550 1894 3633; baseline -0.005 -13"><span class='ocrx_word' id='word_1_366' title='bbox 388 3556 628 3621; x_wconf 81' lang='lat' dir='ltr'><strong>virtuS.</strong></span> <span class='ocrx_word' id='word_1_367' title='bbox 664 3550 1066 3633; x_wconf 87' lang='lat' dir='ltr'><strong>Comparatio</strong></span> <span class='ocrx_word' id='word_1_368' title='bbox 1106 3559 1316 3613; x_wconf 83' lang='lat' dir='ltr'><strong>tamen</strong></span> <span class='ocrx_word' id='word_1_369' title='bbox 1367 3550 1499 3627; x_wconf 90' lang='lat' dir='ltr'><strong>illa,</strong></span> <span class='ocrx_word' id='word_1_370' title='bbox 1544 3552 1781 3615; x_wconf 74' lang='lat' dir='ltr'><strong>Iustior</strong></span> <span class='ocrx_word' id='word_1_371' title='bbox 1826 3570 1894 3613; x_wconf 90' lang='lat' dir='ltr'><strong>es</strong></span> 
     </span>
     <span class='ocr_line' id='line_1_55' title="bbox 388 3648 1894 3736; baseline -0.003 -19"><span class='ocrx_word' id='word_1_372' title='bbox 388 3672 595 3736; x_wconf 89' lang='lat' dir='ltr'><strong>quam</strong></span> <span class='ocrx_word' id='word_1_373' title='bbox 628 3669 768 3732; x_wconf 80' lang='lat' dir='ltr'><strong>ege,</strong></span> <span class='ocrx_word' id='word_1_374' title='bbox 808 3649 931 3712; x_wconf 90' lang='lat' dir='ltr'><strong>fuit</strong></span> <span class='ocrx_word' id='word_1_375' title='bbox 961 3648 1333 3731; x_wconf 90' lang='lat' dir='ltr'><strong>impropria,</strong></span> <span class='ocrx_word' id='word_1_376' title='bbox 1358 3650 1894 3731; x_wconf 88' lang='lat' dir='ltr'><strong>quemadmodum</strong></span> 
     </span>
     <span class='ocr_line' id='line_1_56' title="bbox 388 3745 1897 3829; baseline -0.005 -13"><span class='ocrx_word' id='word_1_377' title='bbox 388 3754 447 3815; x_wconf 89' lang='lat' dir='ltr'><strong>si</strong></span> <span class='ocrx_word' id='word_1_378' title='bbox 488 3752 745 3815; x_wconf 88' lang='lat' dir='ltr'><strong>dicatur</strong></span> <span class='ocrx_word' id='word_1_379' title='bbox 780 3766 795 3810; x_wconf 75' lang='grc' dir='ltr'><strong><em>ε</em></strong></span> <span class='ocrx_word' id='word_1_380' title='bbox 828 3748 1029 3811; x_wconf 89' lang='lat' dir='ltr'><strong>Homo</strong></span> <span class='ocrx_word' id='word_1_381' title='bbox 1076 3756 1171 3811; x_wconf 90' lang='lat' dir='ltr'><strong>est</strong></span> <span class='ocrx_word' id='word_1_382' title='bbox 1210 3746 1559 3829; x_wconf 85' lang='lat' dir='ltr'><strong>sapientior</strong></span> <span class='ocrx_word' id='word_1_383' title='bbox 1592 3745 1800 3824; x_wconf 85' lang='lat' dir='ltr'><strong>brute,</strong></span> <span class='ocrx_word' id='word_1_384' title='bbox 1833 3756 1897 3810; x_wconf 91' lang='lat' dir='ltr'><strong>et</strong></span> 
     </span>
     <span class='ocr_line' id='line_1_57' title="bbox 390 3845 1897 3931; baseline -0.007 -17"><span class='ocrx_word' id='word_1_385' title='bbox 390 3849 667 3931; x_wconf 85' lang='lat' dir='ltr'><strong>angelus</strong></span> <span class='ocrx_word' id='word_1_386' title='bbox 710 3846 1060 3913; x_wconf 81' lang='lat' dir='ltr'><strong>virtuosior</strong></span> <span class='ocrx_word' id='word_1_387' title='bbox 1102 3845 1380 3909; x_wconf 89' lang='lat' dir='ltr'><strong>diabolo.</strong></span> <span class='ocrx_word' id='word_1_388' title='bbox 1424 3848 1517 3906; x_wconf 83' lang='lat' dir='ltr'><strong>Tu</strong></span> <span class='ocrx_word' id='word_1_389' title='bbox 1558 3847 1735 3905; x_wconf 80' lang='lat' dir='ltr'><strong>enim</strong></span> <span class='ocrx_word' id='word_1_390' title='bbox 1782 3848 1897 3906; x_wconf 77' lang='lat' dir='ltr'><strong>tri-</strong></span> 
     </span>
     <span class='ocr_line' id='line_1_58' title="bbox 394 3945 1898 4021; baseline -0.006 -10"><span class='ocrx_word' id='word_1_391' title='bbox 394 3950 603 4011; x_wconf 75' lang='lat' dir='ltr'><strong>buisti</strong></span> <span class='ocrx_word' id='word_1_392' title='bbox 642 3948 811 4007; x_wconf 77' lang='lat' dir='ltr'><strong>milti</strong></span> <span class='ocrx_word' id='word_1_393' title='bbox 854 3946 1042 4015; x_wconf 79' lang='lat' dir='ltr'><strong>bona,</strong></span> <span class='ocrx_word' id='word_1_394' title='bbox 1074 3963 1185 4021; x_wconf 69' lang='lat' dir='ltr'><strong>eqo</strong></span> <span class='ocrx_word' id='word_1_395' title='bbox 1214 3954 1432 4005; x_wconf 86' lang='lat' dir='ltr'><strong>autem</strong></span> <span class='ocrx_word' id='word_1_396' title='bbox 1474 3945 1740 4005; x_wconf 82' lang='lat' dir='ltr'><strong>reddidi</strong></span> <span class='ocrx_word' id='word_1_397' title='bbox 1779 3945 1898 4004; x_wconf 81' lang='lat' dir='ltr'><strong>tibi</strong></span> 
     </span>
     <span class='ocr_line' id='line_1_59' title="bbox 392 4043 1897 4121; baseline -0.005 -12"><span class='ocrx_word' id='word_1_398' title='bbox 392 4052 603 4109; x_wconf 80' lang='lat' dir='ltr'><strong>mala.</strong></span> <span class='ocrx_word' id='word_1_399' title='bbox 646 4046 732 4106; x_wconf 81' lang='lat' dir='ltr'><strong>Et</strong></span> <span class='ocrx_word' id='word_1_400' title='bbox 774 4053 843 4104; x_wconf 85' lang='lat' dir='ltr'><strong>tu</strong></span> <span class='ocrx_word' id='word_1_401' title='bbox 876 4044 1191 4103; x_wconf 81' lang='lat' dir='ltr'><strong>indicasti</strong></span> <span class='ocrx_word' id='word_1_402' title='bbox 1222 4043 1389 4103; x_wconf 79' lang='lat' dir='ltr'><strong>milti</strong></span> <span class='ocrx_word' id='word_1_403' title='bbox 1416 4043 1607 4103; x_wconf 72' lang='lat' dir='ltr'><strong>hodie</strong></span> <span class='ocrx_word' id='word_1_404' title='bbox 1634 4063 1779 4121; x_wconf 81' lang='lat' dir='ltr'><strong>quoe</strong></span> <span class='ocrx_word' id='word_1_405' title='bbox 1805 4044 1897 4121; x_wconf 85' lang='lat' dir='ltr'><strong>fe-</strong></span> 
     </span>
     <span class='ocr_line' id='line_1_60' title="bbox 390 4142 1896 4221; baseline -0.003 -16"><span class='ocrx_word' id='word_1_406' title='bbox 390 4146 565 4205; x_wconf 77' lang='lat' dir='ltr'><strong>ceris</strong></span> <span class='ocrx_word' id='word_1_407' title='bbox 608 4143 781 4203; x_wconf 82' lang='lat' dir='ltr'><strong>mihi</strong></span> <span class='ocrx_word' id='word_1_408' title='bbox 824 4144 1009 4213; x_wconf 78' lang='lat' dir='ltr'><strong>bona,</strong></span> <span class='ocrx_word' id='word_1_409' title='bbox 1052 4144 1361 4221; x_wconf 81' lang='lat' dir='ltr'><strong>quomodo</strong></span> <span class='ocrx_word' id='word_1_410' title='bbox 1407 4142 1754 4202; x_wconf 70' lang='lat' dir='ltr'><strong>tradiderit</strong></span> <span class='ocrx_word' id='word_1_411' title='bbox 1800 4162 1896 4201; x_wconf 87' lang='lat' dir='ltr'><strong>me</strong></span> 
     </span>
    </p>
   </div>
   <div class='ocr_carea' id='block_1_14' title="bbox 396 4238 3778 4366">
    <p class='ocr_par' dir='ltr' id='par_1_15' title="bbox 396 4238 3778 4366">
     <span class='ocr_line' id='line_1_61' title="bbox 396 4238 3778 4366; baseline -0.002 -59"><span class='ocrx_word' id='word_1_412' title='bbox 396 4243 725 4307; x_wconf 79' lang='lat' dir='ltr'><strong>Dominus</strong></span> <span class='ocrx_word' id='word_1_413' title='bbox 754 4242 823 4299; x_wconf 79' lang='lat' dir='ltr'><strong>in</strong></span> <span class='ocrx_word' id='word_1_414' title='bbox 858 4260 1129 4299; x_wconf 82' lang='lat' dir='ltr'><strong>manum</strong></span> <span class='ocrx_word' id='word_1_415' title='bbox 1174 4250 1380 4309; x_wconf 78' lang='lat' dir='ltr'><strong>cuam,</strong></span> <span class='ocrx_word' id='word_1_416' title='bbox 1408 4249 1468 4300; x_wconf 76' lang='lat' dir='ltr'><strong>et</strong></span> <span class='ocrx_word' id='word_1_417' title='bbox 1498 4260 1627 4299; x_wconf 79' lang='lat' dir='ltr'><strong>non</strong></span> <span class='ocrx_word' id='word_1_418' title='bbox 1658 4241 1896 4301; x_wconf 82' lang='lat' dir='ltr'><strong>occide·</strong></span> <span class='ocrx_word' id='word_1_419' title='bbox 1926 4243 1977 4304; x_wconf 92' lang='lat' dir='ltr'><strong>D</strong></span> <span class='ocrx_word' id='word_1_420' title='bbox 2004 4252 2159 4319; x_wconf 85' lang='lat' dir='ltr'><strong>stea,</strong></span> <span class='ocrx_word' id='word_1_421' title='bbox 2195 4242 2270 4304; x_wconf 86' lang='lat' dir='ltr'><strong>ad</strong></span> <span class='ocrx_word' id='word_1_422' title='bbox 2317 4240 2686 4304; x_wconf 80' lang='lat' dir='ltr'><strong>instantiam</strong></span> <span class='ocrx_word' id='word_1_423' title='bbox 2728 4240 3218 4305; x_wconf 84' lang='lat' dir='ltr'><strong>Gabaonitarum</strong></span> <span class='ocrx_word' id='word_1_424' title='bbox 3259 4238 3492 4304; x_wconf 86' lang='lat' dir='ltr'><strong>occidit</strong></span> <span class='ocrx_word' id='word_1_425' title='bbox 3519 4257 3778 4366; x_wconf 48' lang='grc' dir='ltr'><strong>ἐιῦιιεμιι,</strong></span> 
     </span>
    </p>
   </div>
   <div class='ocr_carea' id='block_1_15' title="bbox 394 4339 1898 4909">
    <p class='ocr_par' dir='ltr' id='par_1_16' title="bbox 394 4339 1898 4909">
     <span class='ocr_line' id='line_1_62' title="bbox 394 4339 1895 4417; baseline -0.003 -15"><span class='ocrx_word' id='word_1_426' title='bbox 394 4344 494 4402; x_wconf 81' lang='lat' dir='ltr'><strong>ris</strong></span> <span class='ocrx_word' id='word_1_427' title='bbox 528 4360 650 4400; x_wconf 88' lang='lat' dir='ltr'><strong>me.</strong></span> <span class='ocrx_word' id='word_1_428' title='bbox 688 4340 847 4407; x_wconf 81' lang='lat' dir='ltr'><strong>Quis</strong></span> <span class='ocrx_word' id='word_1_429' title='bbox 872 4339 1053 4397; x_wconf 83' lang='lat' dir='ltr'><strong>enim</strong></span> <span class='ocrx_word' id='word_1_430' title='bbox 1081 4358 1283 4417; x_wconf 85' lang='lat' dir='ltr'><strong>quum</strong></span> <span class='ocrx_word' id='word_1_431' title='bbox 1313 4340 1639 4399; x_wconf 77' lang='lat' dir='ltr'><strong>invenerit</strong></span> <span class='ocrx_word' id='word_1_432' title='bbox 1668 4340 1895 4399; x_wconf 82' lang='lat' dir='ltr'><strong>inimi-</strong></span> 
     </span>
     <span class='ocr_line' id='line_1_63' title="bbox 394 4437 1895 4507; baseline -0.003 -6"><span class='ocrx_word' id='word_1_433' title='bbox 394 4460 549 4501; x_wconf 79' lang='lat' dir='ltr'><strong>cum</strong></span> <span class='ocrx_word' id='word_1_434' title='bbox 595 4457 815 4507; x_wconf 78' lang='lat' dir='ltr'><strong>suum,</strong></span> <span class='ocrx_word' id='word_1_435' title='bbox 866 4437 1154 4496; x_wconf 81' lang='lat' dir='ltr'><strong>dimittet</strong></span> <span class='ocrx_word' id='word_1_436' title='bbox 1200 4456 1347 4495; x_wconf 86' lang='lat' dir='ltr'><strong>eum</strong></span> <span class='ocrx_word' id='word_1_437' title='bbox 1396 4438 1469 4496; x_wconf 84' lang='lat' dir='ltr'><strong>in</strong></span> <span class='ocrx_word' id='word_1_438' title='bbox 1518 4438 1631 4496; x_wconf 86' lang='lat' dir='ltr'><strong>via</strong></span> <span class='ocrx_word' id='word_1_439' title='bbox 1680 4439 1895 4497; x_wconf 81' lang='lat' dir='ltr'><strong>bona?</strong></span> 
     </span>
     <span class='ocr_line' id='line_1_64' title="bbox 394 4533 1893 4619; baseline -0.003 -19"><span class='ocrx_word' id='word_1_440' title='bbox 394 4536 590 4619; x_wconf 85' lang='lat' dir='ltr'><strong>quasi</strong></span> <span class='ocrx_word' id='word_1_441' title='bbox 621 4533 1034 4599; x_wconf 77' lang='lat' dir='ltr'><strong>dicatzpauci</strong></span> <span class='ocrx_word' id='word_1_442' title='bbox 1056 4542 1207 4595; x_wconf 87' lang='lat' dir='ltr'><strong>sunt</strong></span> <span class='ocrx_word' id='word_1_443' title='bbox 1227 4540 1415 4597; x_wconf 85' lang='lat' dir='ltr'><strong>tantae</strong></span> <span class='ocrx_word' id='word_1_444' title='bbox 1445 4533 1893 4616; x_wconf 78' lang='lat' dir='ltr'><strong>bonitati5,qui</strong></span> 
     </span>
     <span class='ocr_line' id='line_1_65' title="bbox 397 4631 1896 4699; baseline -0.003 0"><span class='ocrx_word' id='word_1_445' title='bbox 397 4632 803 4699; x_wconf 87' lang='lat' dir='ltr'><strong>adversarios</strong></span> <span class='ocrx_word' id='word_1_446' title='bbox 844 4650 993 4695; x_wconf 89' lang='lat' dir='ltr'><strong>suos</strong></span> <span class='ocrx_word' id='word_1_447' title='bbox 1030 4631 1249 4693; x_wconf 88' lang='lat' dir='ltr'><strong>letales</strong></span> <span class='ocrx_word' id='word_1_448' title='bbox 1290 4632 1683 4694; x_wconf 86' lang='lat' dir='ltr'><strong>dimitterent</strong></span> <span class='ocrx_word' id='word_1_449' title='bbox 1720 4632 1896 4695; x_wconf 86' lang='lat' dir='ltr'><strong>abire</strong></span> 
     </span>
     <span class='ocr_line' id='line_1_66' title="bbox 400 4729 1898 4811; baseline -0.003 -14"><span class='ocrx_word' id='word_1_450' title='bbox 400 4734 664 4808; x_wconf 76' lang='lat' dir='ltr'><strong>illaesoS,</strong></span> <span class='ocrx_word' id='word_1_451' title='bbox 696 4732 846 4793; x_wconf 87' lang='lat' dir='ltr'><strong>data</strong></span> <span class='ocrx_word' id='word_1_452' title='bbox 874 4730 968 4793; x_wconf 90' lang='lat' dir='ltr'><strong>eis</strong></span> <span class='ocrx_word' id='word_1_453' title='bbox 1001 4729 1301 4792; x_wconf 85' lang='lat' dir='ltr'><strong>facultate</strong></span> <span class='ocrx_word' id='word_1_454' title='bbox 1331 4738 1393 4792; x_wconf 91' lang='lat' dir='ltr'><strong>et</strong></span> <span class='ocrx_word' id='word_1_455' title='bbox 1423 4730 1898 4811; x_wconf 88' lang='lat' dir='ltr'><strong>opportunitate</strong></span> 
     </span>
     <span class='ocr_line' id='line_1_67' title="bbox 402 4827 1898 4909; baseline -0.003 -14"><span class='ocrx_word' id='word_1_456' title='bbox 402 4830 681 4895; x_wconf 82' lang='lat' dir='ltr'><strong>laedendi</strong></span> <span class='ocrx_word' id='word_1_457' title='bbox 733 4829 902 4893; x_wconf 82' lang='lat' dir='ltr'><strong>illos.</strong></span> <span class='ocrx_word' id='word_1_458' title='bbox 936 4828 1015 4889; x_wconf 90' lang='lat' dir='ltr'><strong>Et</strong></span> <span class='ocrx_word' id='word_1_459' title='bbox 1065 4827 1233 4889; x_wconf 89' lang='lat' dir='ltr'><strong>istud</strong></span> <span class='ocrx_word' id='word_1_460' title='bbox 1284 4828 1642 4909; x_wconf 89' lang='lat' dir='ltr'><strong>specialiter</strong></span> <span class='ocrx_word' id='word_1_461' title='bbox 1686 4840 1898 4890; x_wconf 87' lang='lat' dir='ltr'><strong>rarum</strong></span> 
     </span>
    </p>
   </div>
   <div class='ocr_carea' id='block_1_16' title="bbox 133 4926 1949 5113">
    <p class='ocr_par' dir='ltr' id='par_1_17' title="bbox 133 4926 1949 5113">
     <span class='ocr_line' id='line_1_68' title="bbox 136 4926 1949 5055; baseline -0.002 -62"><span class='ocrx_word' id='word_1_462' title='bbox 136 4948 371 5055; x_wconf 45' lang='grc' dir='ltr'><strong>18ξῖὢῖ</strong></span> <span class='ocrx_word' id='word_1_463' title='bbox 400 4930 533 4993; x_wconf 81' lang='lat' dir='ltr'><strong>fuit</strong></span> <span class='ocrx_word' id='word_1_464' title='bbox 564 4928 635 4991; x_wconf 91' lang='lat' dir='ltr'><strong>in</strong></span> <span class='ocrx_word' id='word_1_465' title='bbox 666 4926 869 4992; x_wconf 86' lang='lat' dir='ltr'><strong>veteri</strong></span> <span class='ocrx_word' id='word_1_466' title='bbox 904 4926 1226 5007; x_wconf 81' lang='lat' dir='ltr'><strong>lege,.quae</strong></span> <span class='ocrx_word' id='word_1_467' title='bbox 1254 4926 1451 4991; x_wconf 86' lang='lat' dir='ltr'><strong>dixit:</strong></span> <span class='ocrx_word' id='word_1_468' title='bbox 1481 4926 1715 5007; x_wconf 86' lang='lat' dir='ltr'><strong>Diliges</strong></span> <span class='ocrx_word' id='word_1_469' title='bbox 1745 4926 1901 4990; x_wconf 90' lang='lat' dir='ltr'><strong>ami-</strong></span> <span class='ocrx_word' id='word_1_470' title='bbox 1944 4928 1949 4936; x_wconf 89' lang='lat'>&#39;</span> 
     </span>
     <span class='ocr_line' id='line_1_69' title="bbox 133 5086 153 5113; baseline 0 0"><span class='ocrx_word' id='word_1_471' title='bbox 133 5086 153 5113; x_wconf 66' lang='lat' dir='ltr'><strong>v</strong></span> 
     </span>
    </p>
   </div>
   <div class='ocr_carea' id='block_1_17' title="bbox 402 5024 1904 5208">
    <p class='ocr_par' dir='ltr' id='par_1_18' title="bbox 402 5024 1904 5208">
     <span class='ocr_line' id='line_1_70' title="bbox 402 5024 1904 5103; baseline -0.003 -10"><span class='ocrx_word' id='word_1_472' title='bbox 402 5048 553 5093; x_wconf 88' lang='lat' dir='ltr'><strong>cum</strong></span> <span class='ocrx_word' id='word_1_473' title='bbox 580 5036 785 5103; x_wconf 91' lang='lat' dir='ltr'><strong>tuum,</strong></span> <span class='ocrx_word' id='word_1_474' title='bbox 816 5035 880 5088; x_wconf 91' lang='lat' dir='ltr'><strong>et</strong></span> <span class='ocrx_word' id='word_1_475' title='bbox 909 5026 1057 5089; x_wconf 92' lang='lat' dir='ltr'><strong>odio</strong></span> <span class='ocrx_word' id='word_1_476' title='bbox 1078 5024 1345 5089; x_wconf 88' lang='lat' dir='ltr'><strong>habebis</strong></span> <span class='ocrx_word' id='word_1_477' title='bbox 1369 5026 1725 5103; x_wconf 91' lang='lat' dir='ltr'><strong>inimicum,</strong></span> <span class='ocrx_word' id='word_1_478' title='bbox 1746 5045 1904 5090; x_wconf 91' lang='lat' dir='ltr'><strong>non-</strong></span> 
     </span>
     <span class='ocr_line' id='line_1_71' title="bbox 402 5125 1903 5208; baseline -0.001 -17"><span class='ocrx_word' id='word_1_479' title='bbox 402 5129 559 5191; x_wconf 89' lang='lat' dir='ltr'><strong>dum</strong></span> <span class='ocrx_word' id='word_1_480' title='bbox 613 5125 1015 5208; x_wconf 83' lang='lat' dir='ltr'><strong>promulgata</strong></span> <span class='ocrx_word' id='word_1_481' title='bbox 1056 5125 1441 5205; x_wconf 82' lang='lat' dir='ltr'><strong>evangelicae</strong></span> <span class='ocrx_word' id='word_1_482' title='bbox 1488 5125 1646 5206; x_wconf 85' lang='lat' dir='ltr'><strong>legis</strong></span> <span class='ocrx_word' id='word_1_483' title='bbox 1696 5125 1903 5207; x_wconf 84' lang='lat' dir='ltr'><strong>perfe-</strong></span> 
     </span>
    </p>
   </div>
   <div class='ocr_carea' id='block_1_18' title="bbox 138 5222 1907 5403">
    <p class='ocr_par' dir='ltr' id='par_1_19' title="bbox 138 5222 1907 5403">
     <span class='ocr_line' id='line_1_72' title="bbox 406 5222 1907 5305; baseline -0.001 -16"><span class='ocrx_word' id='word_1_484' title='bbox 406 5227 655 5299; x_wconf 89' lang='lat' dir='ltr'><strong>ctione,</strong></span> <span class='ocrx_word' id='word_1_485' title='bbox 710 5243 855 5305; x_wconf 82' lang='lat' dir='ltr'><strong>quae</strong></span> <span class='ocrx_word' id='word_1_486' title='bbox 904 5232 1117 5285; x_wconf 89' lang='lat' dir='ltr'><strong>tamen</strong></span> <span class='ocrx_word' id='word_1_487' title='bbox 1168 5222 1235 5286; x_wconf 86' lang='lat' dir='ltr'><strong>in</strong></span> <span class='ocrx_word' id='word_1_488' title='bbox 1290 5223 1430 5303; x_wconf 85' lang='lat' dir='ltr'><strong>lege</strong></span> <span class='ocrx_word' id='word_1_489' title='bbox 1479 5222 1591 5285; x_wconf 91' lang='lat' dir='ltr'><strong>illa</strong></span> <span class='ocrx_word' id='word_1_490' title='bbox 1640 5223 1907 5287; x_wconf 91' lang='lat' dir='ltr'><strong>Mosaica</strong></span> 
     </span>
     <span class='ocr_line' id='line_1_73' title="bbox 138 5320 1906 5403; baseline 0.003 -24"><span class='ocrx_word' id='word_1_491' title='bbox 138 5336 376 5391; x_wconf 49' lang='lat' dir='ltr'><strong>Lamus.</strong></span> <span class='ocrx_word' id='word_1_492' title='bbox 406 5322 767 5389; x_wconf 84' lang='lat' dir='ltr'><strong>velabatur.</strong></span> <span class='ocrx_word' id='word_1_493' title='bbox 802 5321 1042 5403; x_wconf 89' lang='lat' dir='ltr'><strong>Nempe</strong></span> <span class='ocrx_word' id='word_1_494' title='bbox 1082 5329 1146 5384; x_wconf 87' lang='lat' dir='ltr'><strong>ct</strong></span> <span class='ocrx_word' id='word_1_495' title='bbox 1178 5320 1417 5402; x_wconf 76' lang='lat' dir='ltr'><strong>Moyses</strong></span> <span class='ocrx_word' id='word_1_496' title='bbox 1452 5322 1708 5403; x_wconf 88' lang='lat' dir='ltr'><strong>scripsit</strong></span> <span class='ocrx_word' id='word_1_497' title='bbox 1732 5342 1745 5385; x_wconf 77' lang='grc' dir='ltr'>ε</span> <span class='ocrx_word' id='word_1_498' title='bbox 1771 5322 1906 5386; x_wconf 92' lang='lat' dir='ltr'><strong>Non</strong></span> 
     </span>
    </p>
   </div>
   <div class='ocr_carea' id='block_1_19' title="bbox 2002 3158 3498 4223">
    <p class='ocr_par' dir='ltr' id='par_1_20' title="bbox 2002 3158 3498 4223">
     <span class='ocr_line' id='line_1_74' title="bbox 2002 3158 3493 3243; baseline -0.001 -19"><span class='ocrx_word' id='word_1_499' title='bbox 2002 3161 2220 3236; x_wconf 88' lang='lat' dir='ltr'><strong>Qualis</strong></span> <span class='ocrx_word' id='word_1_500' title='bbox 2259 3160 2535 3243; x_wconf 89' lang='lat' dir='ltr'><strong>quisque</strong></span> <span class='ocrx_word' id='word_1_501' title='bbox 2563 3169 2680 3237; x_wconf 89' lang='lat' dir='ltr'><strong>est,</strong></span> <span class='ocrx_word' id='word_1_502' title='bbox 2715 3160 2928 3224; x_wconf 88' lang='lat' dir='ltr'><strong>taliter</strong></span> <span class='ocrx_word' id='word_1_503' title='bbox 2966 3160 3210 3241; x_wconf 88' lang='lat' dir='ltr'><strong>judicat</strong></span> <span class='ocrx_word' id='word_1_504' title='bbox 3237 3168 3301 3223; x_wconf 90' lang='lat' dir='ltr'><strong>et</strong></span> <span class='ocrx_word' id='word_1_505' title='bbox 3341 3158 3493 3223; x_wconf 86' lang='lat' dir='ltr'><strong>talia</strong></span> 
     </span>
     <span class='ocr_line' id='line_1_75' title="bbox 2003 3258 3492 3325; baseline -0.003 -1"><span class='ocrx_word' id='word_1_506' title='bbox 2003 3261 2198 3325; x_wconf 88' lang='lat' dir='ltr'><strong>sentit</strong></span> <span class='ocrx_word' id='word_1_507' title='bbox 2245 3261 2324 3323; x_wconf 90' lang='lat' dir='ltr'><strong>de</strong></span> <span class='ocrx_word' id='word_1_508' title='bbox 2375 3259 2541 3322; x_wconf 79' lang='lat' dir='ltr'><strong>aliis,</strong></span> <span class='ocrx_word' id='word_1_509' title='bbox 2580 3259 2758 3322; x_wconf 89' lang='lat' dir='ltr'><strong>Unde</strong></span> <span class='ocrx_word' id='word_1_510' title='bbox 2805 3258 2954 3321; x_wconf 92' lang='lat' dir='ltr'><strong>Saul</strong></span> <span class='ocrx_word' id='word_1_511' title='bbox 3002 3258 3380 3322; x_wconf 86' lang='lat' dir='ltr'><strong>ambitiosus</strong></span> <span class='ocrx_word' id='word_1_512' title='bbox 3429 3266 3492 3321; x_wconf 91' lang='lat' dir='ltr'><strong>et</strong></span> 
     </span>
     <span class='ocr_line' id='line_1_76' title="bbox 2002 3355 3490 3440; baseline -0.003 -19"><span class='ocrx_word' id='word_1_513' title='bbox 2002 3358 2658 3440; x_wconf 76' lang='lat' dir='ltr'><strong>vindicativu8,paulo</strong></span> <span class='ocrx_word' id='word_1_514' title='bbox 2690 3364 2836 3420; x_wconf 91' lang='lat' dir='ltr'><strong>ante</strong></span> <span class='ocrx_word' id='word_1_515' title='bbox 2867 3357 3134 3419; x_wconf 88' lang='lat' dir='ltr'><strong>miratus</strong></span> <span class='ocrx_word' id='word_1_516' title='bbox 3166 3355 3303 3431; x_wconf 88' lang='lat' dir='ltr'><strong>fuit,</strong></span> <span class='ocrx_word' id='word_1_517' title='bbox 3319 3356 3490 3436; x_wconf 92' lang='lat' dir='ltr'><strong>quod</strong></span> 
     </span>
     <span class='ocr_line' id='line_1_77' title="bbox 2003 3452 3494 3536; baseline -0.005 -17"><span class='ocrx_word' id='word_1_518' title='bbox 2003 3456 2201 3522; x_wconf 89' lang='lat' dir='ltr'><strong>David</strong></span> <span class='ocrx_word' id='word_1_519' title='bbox 2231 3476 2378 3519; x_wconf 90' lang='lat' dir='ltr'><strong>eum</strong></span> <span class='ocrx_word' id='word_1_520' title='bbox 2410 3474 2538 3518; x_wconf 90' lang='lat' dir='ltr'><strong>non</strong></span> <span class='ocrx_word' id='word_1_521' title='bbox 2566 3454 2891 3519; x_wconf 84' lang='lat' dir='ltr'><strong>interfecit</strong></span> <span class='ocrx_word' id='word_1_522' title='bbox 2922 3456 2989 3517; x_wconf 92' lang='lat' dir='ltr'><strong>in</strong></span> <span class='ocrx_word' id='word_1_523' title='bbox 3023 3474 3173 3518; x_wconf 88' lang='lat' dir='ltr'><strong>casu</strong></span> <span class='ocrx_word' id='word_1_524' title='bbox 3208 3452 3494 3536; x_wconf 81' lang='lat' dir='ltr'><strong>praescri-</strong></span> 
     </span>
     <span class='ocr_line' id='line_1_78' title="bbox 2004 3550 3495 3639; baseline -0.005 -20"><span class='ocrx_word' id='word_1_525' title='bbox 2004 3564 2137 3639; x_wconf 83' lang='lat' dir='ltr'><strong>pte.</strong></span> <span class='ocrx_word' id='word_1_526' title='bbox 2170 3554 2351 3618; x_wconf 92' lang='lat' dir='ltr'><strong>Nunc</strong></span> <span class='ocrx_word' id='word_1_527' title='bbox 2379 3571 2637 3635; x_wconf 90' lang='lat' dir='ltr'><strong>quoque</strong></span> <span class='ocrx_word' id='word_1_528' title='bbox 2673 3554 2904 3617; x_wconf 91' lang='lat' dir='ltr'><strong>timens</strong></span> <span class='ocrx_word' id='word_1_529' title='bbox 2943 3561 3006 3615; x_wconf 92' lang='lat' dir='ltr'><strong>et</strong></span> <span class='ocrx_word' id='word_1_530' title='bbox 3037 3552 3368 3634; x_wconf 89' lang='lat' dir='ltr'><strong>suspicans</strong></span> <span class='ocrx_word' id='word_1_531' title='bbox 3401 3550 3495 3632; x_wconf 92' lang='lat' dir='ltr'><strong>ip-</strong></span> 
     </span>
     <span class='ocr_line' id='line_1_79' title="bbox 2004 3650 3490 3724; baseline -0.003 -8"><span class='ocrx_word' id='word_1_532' title='bbox 2004 3673 2147 3716; x_wconf 91' lang='lat' dir='ltr'><strong>sum</strong></span> <span class='ocrx_word' id='word_1_533' title='bbox 2177 3653 2373 3715; x_wconf 86' lang='lat' dir='ltr'><strong>David</strong></span> <span class='ocrx_word' id='word_1_534' title='bbox 2415 3652 2506 3714; x_wconf 91' lang='lat' dir='ltr'><strong>ita</strong></span> <span class='ocrx_word' id='word_1_535' title='bbox 2545 3660 2831 3715; x_wconf 85' lang='lat' dir='ltr'><strong>acturum</strong></span> <span class='ocrx_word' id='word_1_536' title='bbox 2878 3671 3025 3715; x_wconf 89' lang='lat' dir='ltr'><strong>cum</strong></span> <span class='ocrx_word' id='word_1_537' title='bbox 3070 3650 3314 3713; x_wconf 88' lang='lat' dir='ltr'><strong>semine</strong></span> <span class='ocrx_word' id='word_1_538' title='bbox 3352 3666 3490 3724; x_wconf 81' lang='lat' dir='ltr'><strong>sun,</strong></span> 
     </span>
     <span class='ocr_line' id='line_1_80' title="bbox 2005 3746 3497 3832; baseline -0.005 -17"><span class='ocrx_word' id='word_1_539' title='bbox 2005 3751 2330 3832; x_wconf 90' lang='lat' dir='ltr'><strong>sicutipse</strong></span> <span class='ocrx_word' id='word_1_540' title='bbox 2360 3750 2426 3812; x_wconf 91' lang='lat' dir='ltr'><strong>in</strong></span> <span class='ocrx_word' id='word_1_541' title='bbox 2457 3750 2654 3812; x_wconf 91' lang='lat' dir='ltr'><strong>simili</strong></span> <span class='ocrx_word' id='word_1_542' title='bbox 2687 3769 2840 3813; x_wconf 91' lang='lat' dir='ltr'><strong>casu</strong></span> <span class='ocrx_word' id='word_1_543' title='bbox 2869 3748 3104 3829; x_wconf 82' lang='lat' dir='ltr'><strong>egisset</strong></span> <span class='ocrx_word' id='word_1_544' title='bbox 3133 3767 3279 3811; x_wconf 90' lang='lat' dir='ltr'><strong>cum</strong></span> <span class='ocrx_word' id='word_1_545' title='bbox 3310 3746 3497 3809; x_wconf 86' lang='lat' dir='ltr'><strong>semi-</strong></span> 
     </span>
     <span class='ocr_line' id='line_1_81' title="bbox 2006 3848 3498 3931; baseline -0.003 -19"><span class='ocrx_word' id='word_1_546' title='bbox 2006 3870 2087 3914; x_wconf 92' lang='lat' dir='ltr'><strong>ne</strong></span> <span class='ocrx_word' id='word_1_547' title='bbox 2106 3848 2528 3931; x_wconf 89' lang='lat' dir='ltr'><strong>David,petiit</strong></span> <span class='ocrx_word' id='word_1_548' title='bbox 2555 3848 2988 3930; x_wconf 85' lang='lat' dir='ltr'><strong>juramentum</strong></span> <span class='ocrx_word' id='word_1_549' title='bbox 3019 3854 3408 3929; x_wconf 73' lang='lat' dir='ltr'><strong>praetactum‚</strong></span> <span class='ocrx_word' id='word_1_550' title='bbox 3427 3854 3498 3908; x_wconf 86' lang='lat' dir='ltr'><strong>ut</strong></span> 
     </span>
     <span class='ocr_line' id='line_1_82' title="bbox 2006 3944 3390 4027; baseline 0.001 -18"><span class='ocrx_word' id='word_1_551' title='bbox 2006 3954 2478 4010; x_wconf 88' lang='lat' dir='ltr'><strong>assecuraretur</strong></span> <span class='ocrx_word' id='word_1_552' title='bbox 2506 3947 2585 4008; x_wconf 90' lang='lat' dir='ltr'><strong>de</strong></span> <span class='ocrx_word' id='word_1_553' title='bbox 2619 3945 2728 4008; x_wconf 87' lang='lat' dir='ltr'><strong>tali</strong></span> <span class='ocrx_word' id='word_1_554' title='bbox 2761 3944 3069 4027; x_wconf 78' lang='lat' dir='ltr'><strong>periculo,</strong></span> <span class='ocrx_word' id='word_1_555' title='bbox 3385 4004 3390 4010; x_wconf 82' lang='grc'><strong>.</strong></span> 
     </span>
     <span class='ocr_line' id='line_1_83' title="bbox 2085 4041 3495 4125; baseline -0.001 -18"><span class='ocrx_word' id='word_1_556' title='bbox 2085 4048 2173 4107; x_wconf 89' lang='lat' dir='ltr'><strong>Et</strong></span> <span class='ocrx_word' id='word_1_557' title='bbox 2198 4046 2466 4123; x_wconf 83' lang='lat' dir='ltr'><strong>juravit</strong></span> <span class='ocrx_word' id='word_1_558' title='bbox 2495 4046 2716 4105; x_wconf 87' lang='lat' dir='ltr'><strong>David</strong></span> <span class='ocrx_word' id='word_1_559' title='bbox 2745 4045 2968 4114; x_wconf 80' lang='lat' dir='ltr'><strong>Sauli,</strong></span> <span class='ocrx_word' id='word_1_560' title='bbox 2999 4043 3172 4125; x_wconf 87' lang='lat' dir='ltr'><strong>quod</strong></span> <span class='ocrx_word' id='word_1_561' title='bbox 3216 4060 3346 4105; x_wconf 90' lang='lat' dir='ltr'><strong>non</strong></span> <span class='ocrx_word' id='word_1_562' title='bbox 3386 4041 3495 4107; x_wconf 76' lang='lat' dir='ltr'><strong>de·</strong></span> 
     </span>
     <span class='ocr_line' id='line_1_84' title="bbox 2006 4140 3494 4223; baseline -0.003 -16"><span class='ocrx_word' id='word_1_563' title='bbox 2006 4145 2165 4207; x_wconf 90' lang='lat' dir='ltr'><strong>leret</strong></span> <span class='ocrx_word' id='word_1_564' title='bbox 2196 4161 2410 4205; x_wconf 88' lang='lat' dir='ltr'><strong>semen</strong></span> <span class='ocrx_word' id='word_1_565' title='bbox 2449 4140 2586 4223; x_wconf 86' lang='lat' dir='ltr'><strong>ejus</strong></span> <span class='ocrx_word' id='word_1_566' title='bbox 2617 4141 2684 4203; x_wconf 92' lang='lat' dir='ltr'><strong>in</strong></span> <span class='ocrx_word' id='word_1_567' title='bbox 2718 4149 2869 4205; x_wconf 91' lang='lat' dir='ltr'><strong>toto.</strong></span> <span class='ocrx_word' id='word_1_568' title='bbox 2894 4141 3343 4205; x_wconf 83' lang='lat' dir='ltr'><strong>Verumtamen</strong></span> <span class='ocrx_word' id='word_1_569' title='bbox 3383 4157 3494 4222; x_wconf 93' lang='lat' dir='ltr'><strong>po-</strong></span> 
     </span>
    </p>
   </div>
   <div class='ocr_carea' id='block_1_20' title="bbox 2005 4337 3504 5403">
    <p class='ocr_par' dir='ltr' id='par_1_21' title="bbox 2005 4337 3504 5403">
     <span class='ocr_line' id='line_1_85' title="bbox 2006 4337 3491 4412; baseline -0.003 -9"><span class='ocrx_word' id='word_1_570' title='bbox 2006 4340 2179 4404; x_wconf 90' lang='lat' dir='ltr'><strong>filios</strong></span> <span class='ocrx_word' id='word_1_571' title='bbox 2222 4339 2377 4401; x_wconf 73' lang='lat' dir='ltr'><strong>filiae</strong></span> <span class='ocrx_word' id='word_1_572' title='bbox 2417 4338 2605 4412; x_wconf 82' lang='lat' dir='ltr'><strong>Sau13</strong></span> <span class='ocrx_word' id='word_1_573' title='bbox 2651 4356 2778 4402; x_wconf 91' lang='lat' dir='ltr'><strong>non</strong></span> <span class='ocrx_word' id='word_1_574' title='bbox 2813 4346 3024 4401; x_wconf 89' lang='lat' dir='ltr'><strong>tamen</strong></span> <span class='ocrx_word' id='word_1_575' title='bbox 3058 4337 3298 4401; x_wconf 88' lang='lat' dir='ltr'><strong>delevit</strong></span> <span class='ocrx_word' id='word_1_576' title='bbox 3334 4345 3491 4400; x_wconf 84' lang='lat' dir='ltr'><strong>tota-</strong></span> 
     </span>
     <span class='ocr_line' id='line_1_86' title="bbox 2005 4436 3488 4521; baseline -0.003 -19"><span class='ocrx_word' id='word_1_577' title='bbox 2005 4440 2151 4503; x_wconf 89' lang='lat' dir='ltr'><strong>liter</strong></span> <span class='ocrx_word' id='word_1_578' title='bbox 2193 4446 2478 4521; x_wconf 88' lang='lat' dir='ltr'><strong>posteros</strong></span> <span class='ocrx_word' id='word_1_579' title='bbox 2521 4437 2691 4514; x_wconf 91' lang='lat' dir='ltr'><strong>Saul,</strong></span> <span class='ocrx_word' id='word_1_580' title='bbox 2734 4458 2848 4501; x_wconf 90' lang='lat' dir='ltr'><strong>nec</strong></span> <span class='ocrx_word' id='word_1_581' title='bbox 2890 4438 3033 4501; x_wconf 88' lang='lat' dir='ltr'><strong>illos</strong></span> <span class='ocrx_word' id='word_1_582' title='bbox 3075 4436 3330 4512; x_wconf 89' lang='lat' dir='ltr'><strong>occidit,</strong></span> <span class='ocrx_word' id='word_1_583' title='bbox 3364 4436 3488 4505; x_wconf 88' lang='lat' dir='ltr'><strong>nisi</strong></span> 
     </span>
     <span class='ocr_line' id='line_1_87' title="bbox 2006 4534 3492 4600; baseline -0.003 0"><span class='ocrx_word' id='word_1_584' title='bbox 2006 4556 2082 4600; x_wconf 85' lang='lat' dir='ltr'><strong>ex</strong></span> <span class='ocrx_word' id='word_1_585' title='bbox 2120 4538 2448 4599; x_wconf 86' lang='lat' dir='ltr'><strong>voluntate</strong></span> <span class='ocrx_word' id='word_1_586' title='bbox 2489 4545 2552 4599; x_wconf 89' lang='lat' dir='ltr'><strong>et</strong></span> <span class='ocrx_word' id='word_1_587' title='bbox 2597 4536 2847 4599; x_wconf 91' lang='lat' dir='ltr'><strong>actione</strong></span> <span class='ocrx_word' id='word_1_588' title='bbox 2888 4534 3126 4599; x_wconf 89' lang='lat' dir='ltr'><strong>divina.</strong></span> <span class='ocrx_word' id='word_1_589' title='bbox 3165 4534 3291 4599; x_wconf 83' lang='lat' dir='ltr'><strong>Nec</strong></span> <span class='ocrx_word' id='word_1_590' title='bbox 3329 4536 3492 4597; x_wconf 90' lang='lat' dir='ltr'><strong>Deus</strong></span> 
     </span>
     <span class='ocr_line' id='line_1_88' title="bbox 2006 4633 3495 4717; baseline -0.003 -18"><span class='ocrx_word' id='word_1_591' title='bbox 2006 4637 2099 4699; x_wconf 92' lang='lat' dir='ltr'><strong>sic</strong></span> <span class='ocrx_word' id='word_1_592' title='bbox 2131 4634 2496 4717; x_wconf 81' lang='lat' dir='ltr'><strong>reprobavit</strong></span> <span class='ocrx_word' id='word_1_593' title='bbox 2530 4633 2986 4711; x_wconf 88' lang='lat' dir='ltr'><strong>Saulem,sicut</strong></span> <span class='ocrx_word' id='word_1_594' title='bbox 3006 4642 3224 4716; x_wconf 88' lang='lat' dir='ltr'><strong>postea</strong></span> <span class='ocrx_word' id='word_1_595' title='bbox 3245 4633 3495 4714; x_wconf 89' lang='lat' dir='ltr'><strong>aliquos</strong></span> 
     </span>
     <span class='ocr_line' id='line_1_89' title="bbox 2010 4731 3492 4815; baseline -0.004 -18"><span class='ocrx_word' id='word_1_596' title='bbox 2010 4752 2189 4815; x_wconf 82' lang='lat' dir='ltr'><strong>reges</strong></span> <span class='ocrx_word' id='word_1_597' title='bbox 2227 4731 2438 4807; x_wconf 89' lang='lat' dir='ltr'><strong>Israel,</strong></span> <span class='ocrx_word' id='word_1_598' title='bbox 2481 4750 2753 4812; x_wconf 90' lang='lat' dir='ltr'><strong>quorum</strong></span> <span class='ocrx_word' id='word_1_599' title='bbox 2796 4740 2990 4795; x_wconf 86' lang='lat' dir='ltr'><strong>totam</strong></span> <span class='ocrx_word' id='word_1_600' title='bbox 3033 4731 3492 4812; x_wconf 88' lang='lat' dir='ltr'><strong>posteritatem,</strong></span> 
     </span>
     <span class='ocr_line' id='line_1_90' title="bbox 2010 4830 3500 4914; baseline -0.003 -19"><span class='ocrx_word' id='word_1_601' title='bbox 2010 4840 2324 4914; x_wconf 88' lang='lat' dir='ltr'><strong>quantum</strong></span> <span class='ocrx_word' id='word_1_602' title='bbox 2364 4830 2440 4892; x_wconf 90' lang='lat' dir='ltr'><strong>ad</strong></span> <span class='ocrx_word' id='word_1_603' title='bbox 2476 4831 2814 4907; x_wconf 86' lang='lat' dir='ltr'><strong>masculos,</strong></span> <span class='ocrx_word' id='word_1_604' title='bbox 2851 4850 2920 4894; x_wconf 90' lang='lat' dir='ltr'><strong>se</strong></span> <span class='ocrx_word' id='word_1_605' title='bbox 2952 4830 3308 4896; x_wconf 83' lang='lat' dir='ltr'><strong>deleturum</strong></span> <span class='ocrx_word' id='word_1_606' title='bbox 3343 4848 3500 4911; x_wconf 82' lang='lat' dir='ltr'><strong>prae-</strong></span> 
     </span>
     <span class='ocr_line' id='line_1_91' title="bbox 2013 4928 3502 5010; baseline -0.003 -17"><span class='ocrx_word' id='word_1_607' title='bbox 2013 4929 2213 5004; x_wconf 83' lang='lat' dir='ltr'><strong>dixit3</strong></span> <span class='ocrx_word' id='word_1_608' title='bbox 2259 4929 2368 4991; x_wconf 90' lang='lat' dir='ltr'><strong>sed</strong></span> <span class='ocrx_word' id='word_1_609' title='bbox 2414 4928 2781 5010; x_wconf 88' lang='lat' dir='ltr'><strong>reprobavit</strong></span> <span class='ocrx_word' id='word_1_610' title='bbox 2823 4947 2970 4991; x_wconf 91' lang='lat' dir='ltr'><strong>eum</strong></span> <span class='ocrx_word' id='word_1_611' title='bbox 3016 4946 3134 5010; x_wconf 88' lang='lat' dir='ltr'><strong>pro</strong></span> <span class='ocrx_word' id='word_1_612' title='bbox 3171 4946 3238 4989; x_wconf 90' lang='lat' dir='ltr'><strong>se</strong></span> <span class='ocrx_word' id='word_1_613' title='bbox 3281 4936 3343 4989; x_wconf 88' lang='lat' dir='ltr'><strong>et</strong></span> <span class='ocrx_word' id='word_1_614' title='bbox 3386 4946 3502 4989; x_wconf 89' lang='lat' dir='ltr'><strong>sua</strong></span> 
     </span>
     <span class='ocr_line' id='line_1_92' title="bbox 2016 5023 3497 5107; baseline -0.003 -18"><span class='ocrx_word' id='word_1_615' title='bbox 2016 5026 2256 5103; x_wconf 90' lang='lat' dir='ltr'><strong>sobole,</strong></span> <span class='ocrx_word' id='word_1_616' title='bbox 2293 5034 2605 5107; x_wconf 92' lang='lat' dir='ltr'><strong>quantum</strong></span> <span class='ocrx_word' id='word_1_617' title='bbox 2645 5027 2724 5088; x_wconf 86' lang='lat' dir='ltr'><strong>ad</strong></span> <span class='ocrx_word' id='word_1_618' title='bbox 2761 5025 3005 5106; x_wconf 76' lang='lat' dir='ltr'><strong>regium</strong></span> <span class='ocrx_word' id='word_1_619' title='bbox 3046 5023 3497 5107; x_wconf 90' lang='lat' dir='ltr'><strong>principatum.</strong></span> 
     </span>
     <span class='ocr_line' id='line_1_93' title="bbox 2015 5122 3504 5202; baseline -0.003 -15"><span class='ocrx_word' id='word_1_620' title='bbox 2015 5127 2200 5187; x_wconf 81' lang='lat' dir='ltr'><strong>Abiit</strong></span> <span class='ocrx_word' id='word_1_621' title='bbox 2231 5146 2377 5202; x_wconf 70' lang='lat' dir='ltr'><strong>erqo</strong></span> <span class='ocrx_word' id='word_1_622' title='bbox 2398 5128 2565 5187; x_wconf 85' lang='lat' dir='ltr'><strong>Saul</strong></span> <span class='ocrx_word' id='word_1_623' title='bbox 2595 5127 2666 5185; x_wconf 85' lang='lat' dir='ltr'><strong>in</strong></span> <span class='ocrx_word' id='word_1_624' title='bbox 2695 5128 2957 5185; x_wconf 87' lang='lat' dir='ltr'><strong>domum</strong></span> <span class='ocrx_word' id='word_1_625' title='bbox 2977 5145 3164 5185; x_wconf 78' lang='lat' dir='ltr'><strong>suam</strong></span> <span class='ocrx_word' id='word_1_626' title='bbox 3198 5122 3406 5193; x_wconf 84' lang='lat' dir='ltr'><strong>tristis</strong></span> <span class='ocrx_word' id='word_1_627' title='bbox 3424 5122 3504 5183; x_wconf 88' lang='lat' dir='ltr'><strong>de</strong></span> 
     </span>
     <span class='ocr_line' id='line_1_94' title="bbox 2017 5220 3504 5302; baseline -0.003 -16"><span class='ocrx_word' id='word_1_628' title='bbox 2017 5224 2302 5287; x_wconf 84' lang='lat' dir='ltr'><strong>adversis</strong></span> <span class='ocrx_word' id='word_1_629' title='bbox 2351 5223 2486 5284; x_wconf 89' lang='lat' dir='ltr'><strong>suis</strong></span> <span class='ocrx_word' id='word_1_630' title='bbox 2520 5221 2940 5299; x_wconf 71' lang='lat' dir='ltr'><strong>successibuS‚</strong></span> <span class='ocrx_word' id='word_1_631' title='bbox 2966 5230 3030 5283; x_wconf 89' lang='lat' dir='ltr'><strong>ct</strong></span> <span class='ocrx_word' id='word_1_632' title='bbox 3073 5220 3390 5302; x_wconf 86' lang='lat' dir='ltr'><strong>poenitens</strong></span> <span class='ocrx_word' id='word_1_633' title='bbox 3436 5239 3504 5282; x_wconf 91' lang='lat' dir='ltr'><strong>se</strong></span> 
     </span>
     <span class='ocr_line' id='line_1_95' title="bbox 2018 5318 3503 5403; baseline -0.003 -18"><span class='ocrx_word' id='word_1_634' title='bbox 2018 5321 2301 5387; x_wconf 77' lang='lat' dir='ltr'><strong>totali-ter</strong></span> <span class='ocrx_word' id='word_1_635' title='bbox 2341 5328 2744 5403; x_wconf 86' lang='lat' dir='ltr'><strong>persecutum</strong></span> <span class='ocrx_word' id='word_1_636' title='bbox 2778 5319 2978 5382; x_wconf 89' lang='lat' dir='ltr'><strong>fuisse</strong></span> <span class='ocrx_word' id='word_1_637' title='bbox 3007 5318 3225 5395; x_wconf 87' lang='lat' dir='ltr'><strong>David,</strong></span> <span class='ocrx_word' id='word_1_638' title='bbox 3251 5338 3321 5381; x_wconf 85' lang='lat' dir='ltr'><strong>ac</strong></span> <span class='ocrx_word' id='word_1_639' title='bbox 3354 5318 3503 5380; x_wconf 90' lang='lat' dir='ltr'><strong>inde</strong></span> 
     </span>
    </p>
   </div>
   <div class='ocr_carea' id='block_1_21' title="bbox 4303 4178 4315 5159">
    <p class='ocr_par' dir='ltr' id='par_1_22' title="bbox 4303 4178 4315 5159">
     <span class='ocr_line' id='line_1_96' title="bbox 4303 4178 4315 5159; baseline 0 0"><span class='ocrx_word' id='word_1_640' title='bbox 4303 4178 4315 5159; x_wconf 95' lang='lat' dir='ltr'><strong> </strong></span> 
     </span>
    </p>
   </div>
  </div>
 </body>
</html>
