4359 6250
914 503 1261 549 mannan-10
1304 503 1365 549 ix
1408 502 1545 548 car.
1592 501 1701 546 xxi
1737 501 1901 546 unm
1940 500 2111 547 rann
2152 501 2376 548 ancum.
2422 518 2503 528 —
2544 499 2686 545 aar.
2735 499 2970 545 xxxviu
3365 479 3486 542 379

379 671 725 750 Quam-itur,
749 673 907 755 quid
945 673 1034 736 ibi
1066 672 1309 754 agebat,
1345 683 1407 736 et
1445 695 1557 738 cur
1590 673 1678 735 ibi
1713 672 1887 736 intus
1917 672 1971 734 A
1998 673 2196 750 mino,
2233 673 2369 736 sive
2414 692 2564 750 non,
2616 672 2974 756 reprobatio
3018 680 3316 755 praetacta
3357 690 3486 734 non

378 781 525 834 erat
559 771 665 834 hic
687 773 857 852 Doeg
885 772 1266 854 alienigena,
1292 792 1639 837 conversus
1675 781 1889 835 tamen

378 872 467 934 ad
488 871 911 933 Judaismum.
938 871 1396 954 Respondetur,
1432 873 1604 954 quod
1636 892 1712 935 ex
1741 879 1889 937 voto

376 970 733 1032 adstrictus
767 969 914 1046 fuit,
931 989 1071 1032 esse
1092 969 1329 1032 ibidem
1357 991 1469 1052 per
1490 970 1735 1052 aliquot
1754 972 1887 1035 dies

376 1087 585 1130 causa
612 1067 921 1131 orationis
952 1077 1063 1130 aut
1091 1068 1455 1131 oblationis,

466 1168 665 1228 Dixit
708 1176 927 1228 autem
962 1170 1181 1228 David
1218 1170 1307 1228 ad
1336 1171 1741 1230 Achimeleclz
1764 1190 1786 1228 .·
1810 1171 1890 1230 Si

374 1269 579 1326 habes
610 1267 719 1324 hic
738 1269 829 1325 ad
849 1287 1122 1326 manum
1152 1269 1404 1328 kastam
1424 1276 1539 1327 aut
1554 1270 1883 1344 yladium.

379 1365 654 1446 Supple,
678 1364 769 1426 Da
798 1363 957 1426 mihi
978 1382 992 1425 ε
1014 1365 1186 1446 quod
1220 1373 1433 1428 tamen
1468 1365 1532 1427 in
1566 1365 1887 1448 aliquibus

378 1463 573 1534 libris
623 1462 897 1526 habetur
940 1464 1128 1544 quasi
1178 1464 1259 1526 de
1309 1473 1505 1528 textu.
1546 1467 1713 1534 Quia
1748 1470 1889 1542 yla-

372 1565 579 1622 dium
629 1582 845 1622 meum
887 1572 948 1623 el
992 1583 1180 1622 arma
1231 1583 1371 1624 mea
1422 1585 1551 1625 non
1599 1565 1725 1625 tuli
1768 1585 1889 1624 me-

1998 780 2298 835 censetur
2341 772 2589 834 idonea.
2613 770 2906 845 Quaedam
2947 771 3120 834 enim
3163 788 3490 834 consecra-

1997 870 2233 933 bantur
2262 870 2530 934 Domino
2559 871 2640 934 ad
2667 878 2910 934 certum
2945 877 3216 952 tempuS,
3252 877 3312 932 et
3345 879 3493 932 tem-

2000 987 2153 1050 pore
2194 969 2306 1031 illo
2351 969 2625 1051 expleto,
2670 977 2962 1050 poterant
3004 969 3082 1031 ad
3123 986 3491 1030 communes

1999 1086 2071 1130 ac
2103 1068 2411 1150 pristinos
2445 1087 2598 1130 usus
2631 1068 2861 1130 reverti
2889 1092 2902 1141 3
2952 1068 3241 1149 quaedam
3273 1085 3494 1130 conse-

1999 1165 2342 1228 crabantur
2375 1165 2644 1228 Domino
2691 1174 2992 1248 perpetue
3027 1184 3041 1228 :
3088 1165 3325 1228 idcirco
3359 1183 3494 1228 om-

1998 1262 2097 1324 nis
2128 1264 2521 1327 consecratio
2545 1282 2671 1326 non
2709 1264 2830 1326 fuit
2849 1264 2926 1326 ad
2953 1282 3216 1345 semper.
3236 1263 3486 1338 lterum,

1998 1380 2220 1424 eorum
2265 1382 2408 1444 quae
2439 1363 2705 1426 Domino
2745 1362 3162 1438 vovebantur,
3198 1362 3488 1442 quaedam

1996 1461 2089 1523 sic
2121 1462 2536 1539 vovebantur,
2565 1463 2736 1544 quod
2767 1459 3483 1536 anathematizabantur,

1996 1561 2060 1622 id
2093 1569 2211 1638 est,
2247 1561 2710 1643 separabantur
2749 1561 2829 1624 ab
2866 1560 3034 1636 aliis,
3070 1560 3158 1622 ita
3191 1568 3260 1622 ut
3298 1577 3488 1622 nemo

374 1681 557 1722 cum.
584 1665 809 1722 Sermo
840 1663 1015 1722 enim
1046 1662 1215 1738 reyis·
1244 1664 1532 1739 uryebat.
1564 1661 1738 1736 Quod
1772 1663 1880 1739 ait,
1994 1659 2087 1722 eis
2118 1659 2395 1741 amplius
2436 1669 2742 1736 uteretur,
2779 1668 2840 1722 et
2884 1659 2993 1722 illa
3023 1677 3151 1721 non
3193 1665 3488 1740 poterant

376 1759 611 1822 Sermo
642 1760 809 1840 regis
841 1759 1128 1841 urgebat,
1155 1779 1377 1824 verum
1410 1769 1506 1824 est
1536 1762 1883 1824 secundum
1997 1758 2190 1821 vendi
2211 1779 2247 1820 a
2277 1758 2710 1821 sacerdotibus
2743 1777 2860 1821 nec
2892 1757 3179 1821 alienari.
3203 1756 3487 1831 Quando·

375 1858 561 1938 quod
602 1857 799 1922 David
831 1857 953 1920 hoc
982 1857 1320 1936 intellexit,
1353 1858 1507 1940 quia
1547 1858 1693 1920 Saul
1729 1879 1885 1940 prae-
1921 1859 1968 1922 B
1994 1877 2121 1939 que
2152 1867 2367 1920 autem
2399 1876 2526 1920 non
2561 1857 2651 1920 sic
2683 1857 3129 1937 obligabantur
3160 1876 3276 1919 nec
3307 1875 3487 1938 sepa-

377 1956 563 2038 cepit
601 1955 906 2032 obsideri,
946 1957 1113 2038 capi,
1147 1966 1212 2020 et
1250 1957 1457 2020 occidi
1488 1956 1707 2020 David.
1741 1957 1886 2020 Pro·
1996 1956 2298 2019 rabantur
2328 1956 2563 2032 votiva,
2601 1964 2664 2020 et
2697 1965 2845 2019 tunc
2878 1957 2955 2018 ad
2994 1955 3154 2018 alios
3194 1963 3486 2037 poterant

110 2069 237 2124 1329.
254 2084 343 2120 m,
378 2063 531 2136 pter
569 2056 743 2136 quod
773 2054 971 2120 David
1016 2074 1130 2137 per
1168 2055 1513 2119 fenestram
1555 2055 1887 2119 celerrime
1995 2055 2197 2136 redigi
2246 2074 2422 2131 usuS,
2457 2064 2529 2117 ut
2577 2073 2768 2138 super
2817 2054 3168 2119 Leviticum
3219 2063 3282 2116 et
3329 2053 3483 2116 alibi
3513 2076 3621 2120 Leo.
3639 2089 3762 2118 ......

373 2153 717 2229 dimissuS‚
753 2172 882 2217 non
923 2153 1133 2236 potuit
1176 2173 1393 2217 secum
1442 2155 1665 2218 tollere
1712 2173 1887 2216 arma
1992 2151 2236 2215 diffuse
2266 2153 2624 2234 expositum
2665 2161 2781 2216 est.
2818 2154 3102 2235 Insuper,
3136 2154 3282 2216 dato
3312 2153 3484 2234 quod

372 2252 995 2314 sua.Verumtamen
1014 2252 1423 2317 Achimelech
1458 2252 1773 2316 intellexit
1804 2252 1887 2314 is·
1991 2250 2240 2331 gladius
2283 2251 2394 2314 ille
2439 2251 2666 2315 fuisset
2704 2261 3010 2333 perpetue
3053 2260 3481 2326 consecratuS,

372 2350 497 2412 tud
550 2350 632 2413 de
676 2359 997 2433 praecepto
1042 2351 1233 2432 regiS,
1271 2370 1400 2433 quo
1446 2351 1693 2434 putavit
1739 2370 1884 2414 eum
1994 2359 2205 2413 tamen
2236 2351 2363 2414 dici
2395 2359 2630 2433 posset,
2672 2351 2844 2432 quod
2885 2350 3051 2413 sicut
3081 2349 3278 2424 David
3312 2349 3485 2412 licite

370 2448 769 2531 praecepisse
800 2448 923 2531 ipsi
944 2450 1163 2526 David,
1184 2459 1251 2513 ut
1280 2457 1411 2512 tam
1431 2450 1735 2513 velociter
1767 2450 1887 2512 iret
1992 2448 2366 2512 vescebatur
2396 2468 2560 2532 panc
2591 2456 2976 2526 sancto‚non
3007 2449 3296 2514 obstante
3327 2447 3484 2527 legis

371 2565 497 2630 pro
535 2547 795 2628 negotio
816 2547 1211 2629 expediendo
1233 2549 1355 2612 sibi
1389 2549 1698 2630 injunct0,
1713 2549 1883 2630 quod
1994 2556 2333 2630 praecepto,
2383 2548 2762 2611 necessitate
2805 2566 2950 2611 eum
2997 2555 3360 2624 excusante,
3397 2547 3486 2608 ita
3533 2564 3780 2616 mmm,

370 2663 511 2708 non
564 2645 793 2707 habuit
840 2655 1089 2728 tempus
1140 2666 1355 2710 secum
1402 2647 1695 2710 sumendi
1741 2665 1886 2728 pro·
1992 2655 2055 2709 et
2084 2645 2368 2726 gladium
2401 2645 2583 2708 illum
2616 2664 2691 2709 ex
2723 2646 3100 2709 necessitate
3129 2664 3485 2727 resumpse-
3511 2631 3554 2672 ⁹·

369 2745 525 2827 pria
568 2763 767 2806 arma.
812 2745 1090 2827 Apparet
1139 2763 1417 2827 quoque,
1464 2746 1636 2828 quod
1685 2745 1883 2811 David
1994 2745 2097 2807 rit.
2123 2745 2279 2807 Nam
2311 2754 2375 2808 et
2406 2745 2615 2808 taliter
2638 2753 2994 2821 excusatur,
3018 2745 3190 2826 quod
3223 2743 3484 2808 sabbato

372 2843 769 2925 temperavit
808 2842 900 2906 sic
932 2843 1127 2906 verba
1157 2863 1293 2920 sua,
1328 2854 1643 2925 quatenus
1678 2844 1886 2927 ponti·
1994 2844 2105 2906 illo
2151 2842 2416 2926 praefato
2454 2844 2657 2907 multo
2700 2844 2844 2926 plus
2883 2843 3255 2919 ambulavit,
3291 2861 3484 2924 quam

374 2941 489 3005 fex
536 2941 661 3003 sibi
707 2941 1016 3005 libentius
1060 2943 1259 3018 daret,
1295 2943 1466 3024 quod
1510 2942 1878 3025 postulavit.
1996 2944 2096 3006 lex
2128 2942 2194 3006 in
2225 2943 2507 3024 generali
2539 2943 2876 3020 concessit,
2909 2945 3257 3006 secundum
3291 2961 3486 3024 quam

378 3045 469 3104 Ec
515 3042 694 3103 dixit
734 3044 1027 3102 sacerdos
1058 3062 1079 3100 .·
1101 3043 1263 3102 Ecce
1307 3044 1413 3102 hic
1454 3044 1723 3118 „eladius
1771 3045 1884 3104 Go—
1920 3046 1964 3110 C
1996 3060 2123 3104 non
2157 3042 2282 3104 nisi
2315 3043 2492 3105 mille
2514 3062 2737 3125 passus
2768 3042 2952 3106 licuit
2981 3043 3047 3105 in
3078 3042 3342 3106 sabbato
3365 3061 3489 3106 am·

118 3252 211 3295 md

96 3318 155 3363 50.
170 3286 237 3360 51..

376 3143 560 3201 liatlz
597 3142 951 3211 Philistaei,
994 3162 1181 3221 quem
1205 3144 1583 3219 percussisti
1614 3144 1685 3203 in
1718 3147 1885 3203 valle

242 3267 343 3305 xm,
386 3241 784 3311 Terebinthi,
820 3246 891 3301 ut.
925 3238 1165 3301 dictum
1209 3247 1304 3303 est
1345 3260 1557 3322 supra,
1592 3251 1682 3301 est
1712 3243 1887 3302 invo-

376 3342 573 3399 lutus
592 3340 803 3415 pallio
823 3348 969 3415 post
996 3341 1223 3415 ephod.
1248 3338 1471 3420 Ephod
1502 3340 1887 3421 quandoque

374 3436 703 3518 accipitur
741 3455 859 3517 pro
900 3436 1072 3499 linea
1103 3446 1300 3515 veste,
1340 3438 1727 3519 quandoque
1771 3457 1887 3521 pro

376 3542 567 3600 veste
596 3534 997 3598 sacerdotali.
1032 3534 1293 3598 Gladius
1336 3536 1531 3616 igitur
1568 3536 1677 3600 ille
1710 3536 1889 3601 invo-

374 3634 564 3695 lutus
608 3632 733 3695 fuit
771 3632 969 3715 pallio
1002 3643 1145 3715 post
1185 3634 1415 3717 ephod,
1451 3635 1548 3699 vel
1598 3636 1687 3697 ita
1715 3638 1884 3717 quod

374 3732 599 3815 primo
629 3731 753 3794 fuit
786 3732 1113 3796 involutus
1146 3733 1317 3797 lineo
1350 3752 1583 3815 panno,
1604 3743 1667 3797 et
1698 3755 1889 3817 super

372 3832 561 3894 hunc
599 3831 833 3913 palli03
869 3832 970 3894 vel
1012 3831 1338 3896 involutus
1382 3833 1603 3914 pallio,
1642 3834 1887 3917 positus

375 3930 515 3993 fuit
548 3938 693 4013 post
723 3931 932 4013 ephod
966 3931 1378 4008 sacerdotale,
1406 3940 1475 3994 ut
1506 3932 1570 3994 in
1603 3932 1743 3996 loco
1777 3933 1883 3996 tali

374 4029 587 4092 tutius
620 4038 1131 4095 conservaretur.

458 4127 647 4191 Circa
690 4127 829 4191 haec
875 4128 1101 4191 scribit
1140 4128 1401 4210 quidam
1448 4150 1461 4194 ε
1508 4130 1735 4193 Dicunt
1782 4132 1887 4195 hic

1995 3141 2240 3205 bulare.

2077 3243 2156 3303 Si
2199 3244 2398 3302 istum
2442 3244 2538 3301 vis
2583 3246 2818 3313 tollere,
2855 3246 3022 3303 tolle.
3050 3244 3270 3321 Neque
3313 3243 3490 3302 enim

1997 3342 2104 3401 hic
2124 3351 2215 3401 est
2236 3343 2410 3401 alius
2441 3342 2674 3419 absque
2702 3360 2792 3401 e0.
2815 3344 2896 3402 Ec
2928 3342 3025 3401 ait
3053 3342 3274 3401 David
3297 3342 3490 3401 :Non

1997 3451 2084 3501 est
2130 3441 2286 3501 huic
2328 3439 2539 3518 gladio
2585 3443 2750 3500 alter
2792 3440 3056 3509 similis,
3102 3438 3165 3501 id
3216 3448 3312 3501 est
3361 3446 3488 3501 tam

1999 3538 2229 3615 bonuS,
2273 3538 2494 3600 saltem
2538 3537 2604 3599 in
2650 3536 2770 3599 hoc
2816 3536 3052 3619 oppido
3097 3553 3208 3600 seu
3254 3537 3493 3620 populo

1999 3638 2122 3700 isto
2150 3662 2164 3713 ;
2219 3646 2281 3700 et
2311 3637 2557 3720 accepit
2587 3655 2800 3700 secum
2842 3637 3126 3716 gladium
3159 3636 3366 3699 illum.
3398 3638 3495 3699 Jo-

2000 3736 2239 3819 sephus
2272 3754 2422 3799 vero
2456 3736 2612 3798 dicit
2643 3735 2950 3799 lanceam.
2989 3739 3090 3797 Da
3123 3736 3291 3796 milti
3318 3756 3487 3797 eum.

2081 3839 2391 3898 Surrexit
2429 3838 2648 3915 itaque
2675 3837 2918 3906 David,
2949 3845 3008 3895 et
3051 3836 3231 3912 fuyit
3269 3836 3342 3895 in
3385 3836 3494 3895 die

2001 3938 2121 3995 illa
2152 3956 2196 3996 a
2225 3936 2397 4015 facie
2425 3938 2632 3997 Saul:
2660 3951 2788 3996 non
2817 3934 2988 4015 quod
3020 3932 3124 3996 die
3155 3932 3266 3995 illo
3299 3932 3494 3995 fuerit

2000 4051 2214 4097 coram
2260 4033 2431 4109 Saul,
2479 4034 2588 4095 sed
2631 4030 2796 4112 fugit
2838 4052 2875 4095 a
2921 4032 3082 4095 facie
3119 4032 3281 4114 cjuS,
3317 4032 3493 4095 elon-

1998 4134 2208 4214 gando
2253 4153 2320 4196 se
2371 4132 2572 4213 magis
2617 4132 2698 4194 ab
2746 4131 2948 4213 ipsius
2999 4131 3386 4213 proesentia3
3431 4142 3492 4193 et

372 4227 613 4308 aliqui,
647 4228 819 4308 quod
854 4236 1115 4310 propter
1147 4228 1478 4292 victoriam
1509 4230 1706 4293 David
1739 4250 1888 4294 con·
1916 4234 1966 4297 D
2001 4234 2177 4294 venit
2209 4235 2296 4293 ad
2328 4234 2528 4293 Aeliis
2569 4252 2781 4308 reqem
2815 4232 2997 4302 Geth,
3023 4231 3097 4293 id
3139 4238 3234 4294 est
3279 4248 3490 4311 regem

374 4340 656 4403 cessam,
689 4325 941 4405 gladius
986 4325 1237 4389 Goliath
1280 4326 1401 4389 fuit
1430 4328 1697 4392 Domino
1739 4349 1888 4392 con-

376 4432 691 4487 secratuS.
725 4423 902 4498 Quod
934 4434 1401 4507 consequenter
1433 4428 1749 4509 reprobat,
1784 4429 1889 4491 ad-

376 4524 583 4586 dens:
606 4521 725 4585 Sed
750 4523 869 4586 hoc
892 4542 1021 4586 non
1046 4523 1298 4588 videtur
1319 4543 1558 4603 verum,
1582 4526 1887 4607 quoniam

378 4620 539 4684 talis
587 4622 985 4685 consecratio
1036 4631 1130 4685 est
1180 4622 1257 4684 ad
1308 4642 1580 4706 semper.
1627 4624 1887 4706 Propter

378 4720 562 4803 quod
604 4739 705 4783 res
735 4721 1005 4785 Domino
1050 4731 1439 4800 consecrata,
1476 4742 1602 4787 non
1642 4732 1889 4806 poterat

224 4849 348 4880 mn.
382 4818 601 4881 redire
641 4819 719 4881 ad
754 4839 907 4882 usus
948 4839 1345 4899 communeS‚
1382 4830 1453 4883 ut
1481 4820 1722 4885 dictum
1763 4822 1886 4885 fuit

380 4918 453 4979 in
488 4917 794 4980 Levitico.
830 4918 909 4980 Et
936 4919 1029 4981 sic
1069 4919 1266 4982 David
1299 4938 1426 4982 non
1468 4921 1779 5003 potuisset
1807 4923 1885 4984 de

379 5025 601 5079 cetero
632 5016 809 5079 licite
840 5017 933 5079 uti
964 5018 1180 5097 gladio
1212 5017 1345 5081 illo.
1385 5020 1522 5083 Haec
1552 5020 1681 5082 ille.
1707 5021 1885 5083 Circa

376 5134 531 5196 quae
561 5115 731 5190 dico,
757 5133 950 5197 supra
980 5116 1133 5185 satis
1165 5136 1303 5179 esse
1332 5118 1711 5200 expositum,
1733 5138 1887 5200 qua-

380 5214 535 5277 liter
562 5212 817 5292 gladius
860 5214 972 5277 ille
1016 5212 1141 5277 fuit
1185 5215 1531 5279 collocatus
1572 5217 1638 5278 in
1680 5217 1885 5281 taber-

378 5310 637 5375 naculo.
690 5310 812 5375 Sed
862 5312 999 5376 sive
1056 5312 1253 5375 fuerit
1309 5322 1714 5377 consecratus
1765 5315 1881 5379 Do-

1998 4331 2502 4407 Philistinorum,
2556 4330 2740 4412 cujus
2793 4349 2919 4393 una
2971 4330 3122 4392 urbs
3172 4330 3494 4412 praecipua

2001 4429 2123 4492 fuit
2142 4428 2323 4491 Geth.
2339 4427 2529 4491 Porro
2549 4445 2770 4491 omnes
2803 4446 2980 4508 reges
3011 4426 3492 4491 philistinorum

2001 4526 2392 4589 vocabantur
2436 4527 2514 4588 ad
2564 4534 2814 4607 tempus
2846 4525 3238 4599 Abimelech‚
3274 4545 3493 4608 quem-

2000 4626 2342 4687 admodum
2373 4641 2552 4703 reges
2576 4623 3010 4705 AEgyptiorum
3033 4623 3352 4686 Ptolemaei
3384 4632 3493 4691 aut

1996 4722 2376 4799 PharaoncS,
2431 4730 2500 4783 ut
2552 4720 2749 4784 refert
2799 4720 3238 4803 Hieronymus.
3291 4723 3490 4783 Dime-

1995 4832 2278 4901 rumque
2316 4823 2488 4881 servi
2517 4823 2716 4881 Aeliis
2761 4840 2966 4899 quum
3013 4822 3322 4880 vidissent
3359 4823 3490 4881 Da—

1996 4922 2112 4980 vid
2126 4941 2149 4979 .·
2175 4921 2521 4997 Numquid
2549 4938 2678 4978 non
2713 4920 2830 4978 iste
2861 4927 2950 4977 est
2980 4920 3200 4978 David
3229 4938 3344 4978 rea·
3376 4929 3488 4979 ter—

1994 5040 2085 5079 roe
2107 5022 2137 5078 ,ἓ
2166 5017 2350 5098 quasi
2372 5017 2610 5093 dicant,
2629 5015 2767 5079 Cito
2799 5016 2920 5078 erit
2951 5035 3058 5077 rex
3079 5015 3290 5078 lsrael.
3309 5015 3486 5081 Unde

1995 5117 2197 5198 aliqui
2242 5116 2502 5177 trahunt
2527 5116 2658 5196 jam
2695 5114 2895 5177 fuisse
2927 5114 3278 5195 vulgatum,
3313 5116 3486 5197 quod

1994 5214 2246 5278 Samuel
2271 5221 2537 5276 unxerat
2557 5231 2703 5275 eum
2729 5212 2794 5274 in
2827 5230 3061 5291 regem.
3081 5216 3310 5274 Nonne
3331 5214 3486 5275 huic

1991 5315 2340 5374 cantabant
2374 5332 2495 5390 per
2537 5314 2781 5382 choro-5,
2823 5314 3122 5385 dicenteS,
3155 5315 3482 5375 Percussit
3513 5340 3551 5381 7.

3514 5274 3528 5317 Ι
3541 5275 3652 5329 Rea.
3665 5288 3778 5325 xvm,
