<?xml version="1.0" encoding="UTF-8"?>
<!DOCTYPE html PUBLIC "-//W3C//DTD XHTML 1.0 Transitional//EN"
    "http://www.w3.org/TR/xhtml1/DTD/xhtml1-transitional.dtd">
<html xmlns="http://www.w3.org/1999/xhtml" xml:lang="en" lang="en">
 <head>
  <title>
</title>
<meta http-equiv="Content-Type" content="text/html;charset=utf-8" />
  <meta name='ocr-system' content='tesseract 3.04.00' />
  <meta name='ocr-capabilities' content='ocr_page ocr_carea ocr_par ocr_line ocrx_word'/>
</head>
<body>
  <div class='ocr_page' id='page_1' title='image "./doctorisecstati02denigoog_0728.png"; bbox 0 0 4359 6250; ppageno 0'>
   <div class='ocr_carea' id='block_1_1' title="bbox 942 498 3467 566">
    <p class='ocr_par' dir='ltr' id='par_1_1' title="bbox 942 498 3467 566">
     <span class='ocr_line' id='line_1_1' title="bbox 942 498 3467 566; baseline -0 -1"><span class='ocrx_word' id='word_1_1' title='bbox 942 518 1290 566; x_wconf 67' lang='lat' dir='ltr'>mammo</span> <span class='ocrx_word' id='word_1_2' title='bbox 1333 519 1394 564; x_wconf 74' lang='lat' dir='ltr'>m</span> <span class='ocrx_word' id='word_1_3' title='bbox 1437 518 1573 564; x_wconf 69' lang='grc' dir='ltr'>ω.</span> <span class='ocrx_word' id='word_1_4' title='bbox 1620 517 1725 563; x_wconf 79' lang='lat' dir='ltr'>xlv</span> <span class='ocrx_word' id='word_1_5' title='bbox 1769 516 1926 563; x_wconf 76' lang='lat' dir='ltr'>unm</span> <span class='ocrx_word' id='word_1_6' title='bbox 1965 517 2165 563; x_wconf 66' lang='lat' dir='ltr'>‘remu</span> <span class='ocrx_word' id='word_1_7' title='bbox 2206 517 2432 564; x_wconf 67' lang='lat' dir='ltr'><strong>REGUH.</strong></span> <span class='ocrx_word' id='word_1_8' title='bbox 2476 535 2557 546; x_wconf 88' lang='grc'>-</span> <span class='ocrx_word' id='word_1_9' title='bbox 2596 518 2739 565; x_wconf 70' lang='lat' dir='ltr'>Am·-</span> <span class='ocrx_word' id='word_1_10' title='bbox 2785 519 2917 566; x_wconf 75' lang='lat'>1111</span> <span class='ocrx_word' id='word_1_11' title='bbox 3350 498 3467 564; x_wconf 73' lang='grc'>687</span> 
     </span>
    </p>
   </div>
   <div class='ocr_carea' id='block_1_2' title="bbox 1445 927 2420 1027">
    <p class='ocr_par' dir='ltr' id='par_1_2' title="bbox 1445 927 2420 1027">
     <span class='ocr_line' id='line_1_2' title="bbox 1445 927 2420 1027; baseline -0.001 -14"><span class='ocrx_word' id='word_1_12' title='bbox 1445 927 2093 1027; x_wconf 81' lang='lat' dir='ltr'><strong>ARTICULUS</strong></span> <span class='ocrx_word' id='word_1_13' title='bbox 2166 929 2420 1013; x_wconf 87' lang='lat' dir='ltr'>XXII</span> 
     </span>
    </p>
   </div>
   <div class='ocr_carea' id='block_1_3' title="bbox 737 1201 3121 1258">
    <p class='ocr_par' dir='ltr' id='par_1_3' title="bbox 737 1201 3121 1258">
     <span class='ocr_line' id='line_1_3' title="bbox 737 1201 3121 1258; baseline 0.001 -7"><span class='ocrx_word' id='word_1_14' title='bbox 737 1206 1051 1252; x_wconf 68' lang='lat' dir='ltr'>Exposl&#39;rlo</span> <span class='ocrx_word' id='word_1_15' title='bbox 1094 1204 1371 1252; x_wconf 69' lang='lat' dir='ltr'>CAPITULI</span> <span class='ocrx_word' id='word_1_16' title='bbox 1414 1202 1846 1258; x_wconf 75' lang='lat' dir='ltr'>QUARTmEcml</span> <span class='ocrx_word' id='word_1_17' title='bbox 1888 1202 1902 1246; x_wconf 76' lang='grc' dir='ltr'><strong>Ξ</strong></span> <span class='ocrx_word' id='word_1_18' title='bbox 1949 1201 2011 1246; x_wconf 88' lang='lat' dir='ltr'>IN</span> <span class='ocrx_word' id='word_1_19' title='bbox 2053 1201 2331 1248; x_wconf 70' lang='lat' dir='ltr'><strong>TEMPORE</strong></span> <span class='ocrx_word' id='word_1_20' title='bbox 2374 1203 2505 1248; x_wconf 60' lang='lat' dir='ltr'>luto</span> <span class='ocrx_word' id='word_1_21' title='bbox 2548 1205 2908 1252; x_wconf 69' lang='lat' dir='ltr'>AEGROTAWT</span> <span class='ocrx_word' id='word_1_22' title='bbox 2951 1208 3121 1253; x_wconf 65' lang='lat' dir='ltr'>Ama.</span> 
     </span>
    </p>
   </div>
   <div class='ocr_carea' id='block_1_4' title="bbox 83 1478 3765 5413">
    <p class='ocr_par' dir='ltr' id='par_1_4' title="bbox 83 1478 3765 5413">
     <span class='ocr_line' id='line_1_4' title="bbox 517 1478 3471 1566; baseline 0 -17"><span class='ocrx_word' id='word_1_23' title='bbox 517 1487 568 1549; x_wconf 83' lang='lat' dir='ltr'>E</span> <span class='ocrx_word' id='word_1_24' title='bbox 619 1485 818 1564; x_wconf 81' lang='lat' dir='ltr'>vitiis,</span> <span class='ocrx_word' id='word_1_25' title='bbox 870 1484 1235 1566; x_wconf 87' lang='lat' dir='ltr'>debitisque</span> <span class='ocrx_word' id='word_1_26' title='bbox 1274 1482 1720 1566; x_wconf 82' lang='lat' dir='ltr'>punitionibus</span> <span class='ocrx_word' id='word_1_27' title='bbox 1766 1479 1867 1542; x_wconf 86' lang='lat' dir='ltr'>Je-</span> <span class='ocrx_word' id='word_1_28' title='bbox 1898 1478 1949 1540; x_wconf 83' lang='lat' dir='ltr'>A</span> <span class='ocrx_word' id='word_1_29' title='bbox 1978 1480 2240 1559; x_wconf 90' lang='lat' dir='ltr'>mentio,</span> <span class='ocrx_word' id='word_1_30' title='bbox 2272 1493 2331 1544; x_wconf 81' lang='lat' dir='ltr'>et</span> <span class='ocrx_word' id='word_1_31' title='bbox 2378 1505 2487 1544; x_wconf 89' lang='lat' dir='ltr'>vas</span> <span class='ocrx_word' id='word_1_32' title='bbox 2536 1487 2745 1544; x_wconf 79' lang='lat' dir='ltr'>mellis</span> <span class='ocrx_word' id='word_1_33' title='bbox 2774 1503 2797 1546; x_wconf 94' lang='lat'>.·</span> <span class='ocrx_word' id='word_1_34' title='bbox 2837 1503 2979 1566; x_wconf 84' lang='lat' dir='ltr'>quae</span> <span class='ocrx_word' id='word_1_35' title='bbox 3025 1487 3242 1549; x_wconf 90' lang='lat' dir='ltr'>omnia</span> <span class='ocrx_word' id='word_1_36' title='bbox 3296 1488 3471 1551; x_wconf 89' lang='lat' dir='ltr'>misit</span> 
     </span>
     <span class='ocr_line' id='line_1_5' title="bbox 543 1579 3474 1668; baseline 0 -20"><span class='ocrx_word' id='word_1_37' title='bbox 543 1587 806 1649; x_wconf 86' lang='lat' dir='ltr'>roboam</span> <span class='ocrx_word' id='word_1_38' title='bbox 847 1584 1013 1667; x_wconf 82' lang='lat' dir='ltr'>regis</span> <span class='ocrx_word' id='word_1_39' title='bbox 1054 1585 1272 1646; x_wconf 91' lang='lat' dir='ltr'>decem</span> <span class='ocrx_word' id='word_1_40' title='bbox 1314 1582 1619 1658; x_wconf 87' lang='lat' dir='ltr'>tribuum,</span> <span class='ocrx_word' id='word_1_41' title='bbox 1655 1589 1719 1642; x_wconf 89' lang='lat' dir='ltr'>et</span> <span class='ocrx_word' id='word_1_42' title='bbox 1749 1579 1868 1643; x_wconf 88' lang='lat' dir='ltr'>Ro-</span> <span class='ocrx_word' id='word_1_43' title='bbox 1977 1579 2305 1663; x_wconf 81' lang='lat' dir='ltr'>Prophetae</span> <span class='ocrx_word' id='word_1_44' title='bbox 2340 1581 2605 1664; x_wconf 90' lang='lat' dir='ltr'>antiquo</span> <span class='ocrx_word' id='word_1_45' title='bbox 2654 1584 2837 1664; x_wconf 85' lang='lat' dir='ltr'>quasi</span> <span class='ocrx_word' id='word_1_46' title='bbox 2884 1585 3374 1668; x_wconf 80' lang='lat' dir='ltr'>eleemosynam,</span> <span class='ocrx_word' id='word_1_47' title='bbox 3411 1595 3474 1650; x_wconf 92' lang='lat' dir='ltr'>et</span> 
     </span>
     <span class='ocr_line' id='line_1_6' title="bbox 365 1680 3477 1766; baseline 0 -19"><span class='ocrx_word' id='word_1_48' title='bbox 365 1685 557 1748; x_wconf 89' lang='lat' dir='ltr'>boam</span> <span class='ocrx_word' id='word_1_49' title='bbox 605 1684 774 1766; x_wconf 84' lang='lat' dir='ltr'>regis</span> <span class='ocrx_word' id='word_1_50' title='bbox 820 1685 1001 1759; x_wconf 87' lang='lat' dir='ltr'>Juda,</span> <span class='ocrx_word' id='word_1_51' title='bbox 1037 1683 1142 1746; x_wconf 94' lang='lat' dir='ltr'>hic</span> <span class='ocrx_word' id='word_1_52' title='bbox 1186 1682 1416 1764; x_wconf 84' lang='lat' dir='ltr'>agitur.</span> <span class='ocrx_word' id='word_1_53' title='bbox 1452 1684 1536 1743; x_wconf 81' lang='lat' dir='ltr'>In</span> <span class='ocrx_word' id='word_1_54' title='bbox 1590 1691 1866 1758; x_wconf 81' lang='lat' dir='ltr'>tempore</span> <span class='ocrx_word' id='word_1_55' title='bbox 1980 1687 2051 1740; x_wconf 89' lang='lat' dir='ltr'>ut</span> <span class='ocrx_word' id='word_1_56' title='bbox 2077 1681 2154 1742; x_wconf 89' lang='lat' dir='ltr'>ad</span> <span class='ocrx_word' id='word_1_57' title='bbox 2177 1680 2689 1744; x_wconf 82' lang='lat' dir='ltr'>benevolentiam</span> <span class='ocrx_word' id='word_1_58' title='bbox 2710 1691 3184 1763; x_wconf 76' lang='lat' dir='ltr'>provocaretur,</span> <span class='ocrx_word' id='word_1_59' title='bbox 3213 1702 3339 1748; x_wconf 88' lang='lat' dir='ltr'>non</span> <span class='ocrx_word' id='word_1_60' title='bbox 3368 1703 3477 1747; x_wconf 89' lang='lat' dir='ltr'>au-</span> 
     </span>
     <span class='ocr_line' id='line_1_7' title="bbox 367 1777 3478 1864; baseline 0.001 -22"><span class='ocrx_word' id='word_1_61' title='bbox 367 1787 486 1842; x_wconf 81' lang='lat' dir='ltr'>illo</span> <span class='ocrx_word' id='word_1_62' title='bbox 513 1785 854 1860; x_wconf 70' lang='lat' dir='ltr'>oeyrocavit</span> <span class='ocrx_word' id='word_1_63' title='bbox 873 1785 1044 1844; x_wconf 83' lang='lat' dir='ltr'>Abia</span> <span class='ocrx_word' id='word_1_64' title='bbox 1071 1784 1255 1860; x_wconf 80' lang='lat' dir='ltr'>filius</span> <span class='ocrx_word' id='word_1_65' title='bbox 1273 1783 1607 1842; x_wconf 80' lang='lat' dir='ltr'>Jeroboam</span> <span class='ocrx_word' id='word_1_66' title='bbox 1638 1777 1868 1860; x_wconf 88' lang='lat' dir='ltr'>primo-</span> <span class='ocrx_word' id='word_1_67' title='bbox 1981 1786 2106 1841; x_wconf 88' lang='lat' dir='ltr'>tem</span> <span class='ocrx_word' id='word_1_68' title='bbox 2147 1786 2219 1841; x_wconf 89' lang='lat' dir='ltr'>ut</span> <span class='ocrx_word' id='word_1_69' title='bbox 2255 1780 2532 1862; x_wconf 89' lang='lat' dir='ltr'>pretium</span> <span class='ocrx_word' id='word_1_70' title='bbox 2569 1779 2940 1862; x_wconf 84' lang='lat' dir='ltr'>prophetiae,</span> <span class='ocrx_word' id='word_1_71' title='bbox 2978 1781 3107 1845; x_wconf 91' lang='lat' dir='ltr'>imo</span> <span class='ocrx_word' id='word_1_72' title='bbox 3149 1783 3351 1864; x_wconf 84' lang='lat' dir='ltr'>magis</span> <span class='ocrx_word' id='word_1_73' title='bbox 3406 1791 3478 1845; x_wconf 89' lang='lat' dir='ltr'>ut</span> 
     </span>
     <span class='ocr_line' id='line_1_8' title="bbox 363 1876 3478 1963; baseline -0 -20"><span class='ocrx_word' id='word_1_74' title='bbox 363 1881 648 1960; x_wconf 85' lang='lat' dir='ltr'>genitus.</span> <span class='ocrx_word' id='word_1_75' title='bbox 685 1879 1033 1961; x_wconf 83' lang='lat' dir='ltr'>AEgrotavit</span> <span class='ocrx_word' id='word_1_76' title='bbox 1081 1887 1293 1942; x_wconf 89' lang='lat' dir='ltr'>autem</span> <span class='ocrx_word' id='word_1_77' title='bbox 1341 1877 1743 1958; x_wconf 81' lang='lat' dir='ltr'>aegritudine,</span> <span class='ocrx_word' id='word_1_78' title='bbox 1791 1876 1870 1938; x_wconf 91' lang='lat' dir='ltr'>de</span> <span class='ocrx_word' id='word_1_79' title='bbox 1980 1877 2369 1959; x_wconf 88' lang='lat' dir='ltr'>stipendium</span> <span class='ocrx_word' id='word_1_80' title='bbox 2401 1879 2589 1953; x_wconf 78' lang='lat' dir='ltr'>vitae3</span> <span class='ocrx_word' id='word_1_81' title='bbox 2624 1879 2724 1942; x_wconf 87' lang='lat' dir='ltr'>vel</span> <span class='ocrx_word' id='word_1_82' title='bbox 2758 1879 2810 1942; x_wconf 91' lang='lat' dir='ltr'>si</span> <span class='ocrx_word' id='word_1_83' title='bbox 2846 1881 3081 1963; x_wconf 89' lang='lat' dir='ltr'>impius</span> <span class='ocrx_word' id='word_1_84' title='bbox 3121 1901 3230 1944; x_wconf 86' lang='lat' dir='ltr'>rex</span> <span class='ocrx_word' id='word_1_85' title='bbox 3260 1900 3478 1944; x_wconf 87' lang='lat' dir='ltr'>corru-</span> 
     </span>
     <span class='ocr_line' id='line_1_9' title="bbox 366 1976 3477 2062; baseline 0 -21"><span class='ocrx_word' id='word_1_86' title='bbox 366 1998 498 2061; x_wconf 86' lang='lat' dir='ltr'>qua</span> <span class='ocrx_word' id='word_1_87' title='bbox 529 1981 722 2062; x_wconf 92' lang='lat' dir='ltr'>paulo</span> <span class='ocrx_word' id='word_1_88' title='bbox 754 1987 898 2062; x_wconf 83' lang='lat' dir='ltr'>post</span> <span class='ocrx_word' id='word_1_89' title='bbox 928 1979 1090 2043; x_wconf 89' lang='lat' dir='ltr'>obiit</span> <span class='ocrx_word' id='word_1_90' title='bbox 1125 1997 1140 2040; x_wconf 89' lang='lat'>:</span> <span class='ocrx_word' id='word_1_91' title='bbox 1175 1987 1238 2041; x_wconf 90' lang='lat' dir='ltr'>et</span> <span class='ocrx_word' id='word_1_92' title='bbox 1275 1977 1570 2059; x_wconf 89' lang='lat' dir='ltr'>quamvis</span> <span class='ocrx_word' id='word_1_93' title='bbox 1615 1983 1872 2056; x_wconf 66' lang='lat' dir='ltr'>aegrota·</span> <span class='ocrx_word' id='word_1_94' title='bbox 1980 1984 2087 2058; x_wconf 87' lang='lat' dir='ltr'>pta</span> <span class='ocrx_word' id='word_1_95' title='bbox 2129 1976 2306 2038; x_wconf 92' lang='lat' dir='ltr'>misit</span> <span class='ocrx_word' id='word_1_96' title='bbox 2356 1976 2732 2054; x_wconf 85' lang='lat' dir='ltr'>intentione,</span> <span class='ocrx_word' id='word_1_97' title='bbox 2770 1987 3024 2042; x_wconf 89' lang='lat' dir='ltr'>sanctus</span> <span class='ocrx_word' id='word_1_98' title='bbox 3076 1987 3289 2042; x_wconf 89' lang='lat' dir='ltr'>tamen</span> <span class='ocrx_word' id='word_1_99' title='bbox 3331 1979 3477 2042; x_wconf 93' lang='lat' dir='ltr'>Pro-</span> 
     </span>
     <span class='ocr_line' id='line_1_10' title="bbox 369 2073 3472 2158; baseline 0 -19"><span class='ocrx_word' id='word_1_100' title='bbox 369 2076 464 2140; x_wconf 86' lang='lat' dir='ltr'>tio</span> <span class='ocrx_word' id='word_1_101' title='bbox 509 2077 620 2140; x_wconf 91' lang='lat' dir='ltr'>illa</span> <span class='ocrx_word' id='word_1_102' title='bbox 665 2097 741 2140; x_wconf 85' lang='lat' dir='ltr'>ex</span> <span class='ocrx_word' id='word_1_103' title='bbox 785 2076 1182 2140; x_wconf 89' lang='lat' dir='ltr'>naturalibus</span> <span class='ocrx_word' id='word_1_104' title='bbox 1229 2075 1437 2157; x_wconf 89' lang='lat' dir='ltr'>potuit</span> <span class='ocrx_word' id='word_1_105' title='bbox 1476 2073 1686 2137; x_wconf 90' lang='lat' dir='ltr'>causis</span> <span class='ocrx_word' id='word_1_106' title='bbox 1735 2091 1873 2154; x_wconf 89' lang='lat' dir='ltr'>pro·</span> <span class='ocrx_word' id='word_1_107' title='bbox 1981 2075 2172 2155; x_wconf 87' lang='lat' dir='ltr'>pheta</span> <span class='ocrx_word' id='word_1_108' title='bbox 2220 2093 2347 2138; x_wconf 91' lang='lat' dir='ltr'>non</span> <span class='ocrx_word' id='word_1_109' title='bbox 2392 2076 2637 2158; x_wconf 88' lang='lat' dir='ltr'>accepit</span> <span class='ocrx_word' id='word_1_110' title='bbox 2680 2076 2804 2138; x_wconf 91' lang='lat' dir='ltr'>nisi</span> <span class='ocrx_word' id='word_1_111' title='bbox 2850 2085 2919 2139; x_wconf 89' lang='lat' dir='ltr'>ut</span> <span class='ocrx_word' id='word_1_112' title='bbox 2968 2077 3472 2141; x_wconf 86' lang='lat' dir='ltr'>sustentaculum</span> 
     </span>
     <span class='ocr_line' id='line_1_11' title="bbox 367 2169 3472 2255; baseline 0 -17"><span class='ocrx_word' id='word_1_113' title='bbox 367 2177 619 2251; x_wconf 86' lang='lat' dir='ltr'>cedere,</span> <span class='ocrx_word' id='word_1_114' title='bbox 653 2193 730 2238; x_wconf 86' lang='lat' dir='ltr'>ex</span> <span class='ocrx_word' id='word_1_115' title='bbox 775 2175 998 2239; x_wconf 89' lang='lat' dir='ltr'>divina</span> <span class='ocrx_word' id='word_1_116' title='bbox 1046 2182 1256 2237; x_wconf 88' lang='lat' dir='ltr'>tamen</span> <span class='ocrx_word' id='word_1_117' title='bbox 1306 2171 1731 2255; x_wconf 87' lang='lat' dir='ltr'>providentia,</span> <span class='ocrx_word' id='word_1_118' title='bbox 1767 2169 1870 2233; x_wconf 91' lang='lat' dir='ltr'>cui</span> <span class='ocrx_word' id='word_1_119' title='bbox 1980 2174 2160 2250; x_wconf 80' lang='lat' dir='ltr'>vitae3</span> <span class='ocrx_word' id='word_1_120' title='bbox 2202 2185 2263 2235; x_wconf 76' lang='lat' dir='ltr'>et</span> <span class='ocrx_word' id='word_1_121' title='bbox 2302 2179 2466 2236; x_wconf 86' lang='lat' dir='ltr'>vade</span> <span class='ocrx_word' id='word_1_122' title='bbox 2503 2179 2593 2237; x_wconf 85' lang='lat' dir='ltr'>ad</span> <span class='ocrx_word' id='word_1_123' title='bbox 2630 2177 2847 2236; x_wconf 82' lang='lat' dir='ltr'>illum.</span> <span class='ocrx_word' id='word_1_124' title='bbox 2890 2179 3032 2254; x_wconf 83' lang='lat' dir='ltr'>Ipse</span> <span class='ocrx_word' id='word_1_125' title='bbox 3066 2180 3243 2238; x_wconf 76' lang='lat' dir='ltr'>enim</span> <span class='ocrx_word' id='word_1_126' title='bbox 3280 2176 3472 2239; x_wconf 83' lang='lat' dir='ltr'>Ahias</span> 
     </span>
     <span class='ocr_line' id='line_1_12' title="bbox 369 2269 3765 2357; baseline 0.001 -20"><span class='ocrx_word' id='word_1_127' title='bbox 369 2274 690 2338; x_wconf 86' lang='lat' dir='ltr'>naturalia</span> <span class='ocrx_word' id='word_1_128' title='bbox 731 2283 965 2337; x_wconf 87' lang='lat' dir='ltr'>cuncta</span> <span class='ocrx_word' id='word_1_129' title='bbox 1007 2273 1392 2349; x_wconf 87' lang='lat' dir='ltr'>subduntur,</span> <span class='ocrx_word' id='word_1_130' title='bbox 1427 2269 1871 2352; x_wconf 84' lang='lat' dir='ltr'>principaliter</span> <span class='ocrx_word' id='word_1_131' title='bbox 1981 2273 2313 2355; x_wconf 82' lang='lat' dir='ltr'>propheta,</span> <span class='ocrx_word' id='word_1_132' title='bbox 2344 2273 2458 2356; x_wconf 73' lang='lat' dir='ltr'>&#39;qui</span> <span class='ocrx_word' id='word_1_133' title='bbox 2500 2273 2660 2336; x_wconf 89' lang='lat' dir='ltr'>mihi</span> <span class='ocrx_word' id='word_1_134' title='bbox 2706 2274 2996 2357; x_wconf 78' lang='lat' dir='ltr'>praedixit</span> <span class='ocrx_word' id='word_1_135' title='bbox 3036 2276 3208 2356; x_wconf 90' lang='lat' dir='ltr'>quod</span> <span class='ocrx_word' id='word_1_136' title='bbox 3254 2295 3474 2357; x_wconf 84' lang='lat' dir='ltr'>regna-</span> <span class='ocrx_word' id='word_1_137' title='bbox 3530 2295 3765 2351; x_wconf 59' lang='lat' dir='ltr'>innomi,</span> 
     </span>
     <span class='ocr_line' id='line_1_13' title="bbox 367 2363 3571 2456; baseline 0 -20"><span class='ocrx_word' id='word_1_138' title='bbox 367 2375 570 2456; x_wconf 72' lang='lat' dir='ltr'>venit,</span> <span class='ocrx_word' id='word_1_139' title='bbox 599 2382 668 2435; x_wconf 89' lang='lat' dir='ltr'>ut</span> <span class='ocrx_word' id='word_1_140' title='bbox 699 2373 940 2455; x_wconf 89' lang='lat' dir='ltr'>impius</span> <span class='ocrx_word' id='word_1_141' title='bbox 973 2392 1080 2436; x_wconf 87' lang='lat' dir='ltr'>rex</span> <span class='ocrx_word' id='word_1_142' title='bbox 1111 2372 1180 2434; x_wconf 88' lang='lat' dir='ltr'>in</span> <span class='ocrx_word' id='word_1_143' title='bbox 1211 2370 1618 2450; x_wconf 80' lang='lat' dir='ltr'>aegrotatione</span> <span class='ocrx_word' id='word_1_144' title='bbox 1649 2377 1712 2432; x_wconf 77' lang='lat' dir='ltr'>et</span> <span class='ocrx_word' id='word_1_145' title='bbox 1742 2366 1873 2430; x_wconf 89' lang='lat' dir='ltr'>obi-</span> <span class='ocrx_word' id='word_1_146' title='bbox 1984 2390 2138 2448; x_wconf 87' lang='lat' dir='ltr'>rem,</span> <span class='ocrx_word' id='word_1_147' title='bbox 2160 2373 2479 2433; x_wconf 80' lang='lat' dir='ltr'>indicabit</span> <span class='ocrx_word' id='word_1_148' title='bbox 2500 2375 2617 2432; x_wconf 75' lang='lat' dir='ltr'>cibi</span> <span class='ocrx_word' id='word_1_149' title='bbox 2635 2375 2799 2452; x_wconf 81' lang='lat' dir='ltr'>quid</span> <span class='ocrx_word' id='word_1_150' title='bbox 2816 2384 3198 2436; x_wconf 75' lang='lat' dir='ltr'>eventurum</span> <span class='ocrx_word' id='word_1_151' title='bbox 3214 2378 3300 2436; x_wconf 75' lang='lat' dir='ltr'>sit</span> <span class='ocrx_word' id='word_1_152' title='bbox 3322 2378 3476 2436; x_wconf 72' lang='lat' dir='ltr'>kuic</span> <span class='ocrx_word' id='word_1_153' title='bbox 3503 2363 3571 2406; x_wconf 78' lang='lat'>³¹·</span> 
     </span>
     <span class='ocr_line' id='line_1_14' title="bbox 368 2465 3476 2555; baseline 0.001 -21"><span class='ocrx_word' id='word_1_154' title='bbox 368 2480 440 2534; x_wconf 88' lang='lat' dir='ltr'>tu</span> <span class='ocrx_word' id='word_1_155' title='bbox 477 2471 888 2555; x_wconf 82' lang='lat' dir='ltr'>primogeniti</span> <span class='ocrx_word' id='word_1_156' title='bbox 925 2469 1318 2551; x_wconf 87' lang='lat' dir='ltr'>cariorisque</span> <span class='ocrx_word' id='word_1_157' title='bbox 1359 2467 1484 2530; x_wconf 86' lang='lat' dir='ltr'>filii</span> <span class='ocrx_word' id='word_1_158' title='bbox 1530 2467 1627 2530; x_wconf 90' lang='lat' dir='ltr'>sui</span> <span class='ocrx_word' id='word_1_159' title='bbox 1665 2465 1874 2547; x_wconf 85' lang='lat' dir='ltr'>gravi-</span> <span class='ocrx_word' id='word_1_160' title='bbox 1973 2489 2199 2546; x_wconf 81' lang='lat' dir='ltr'>puero.</span> <span class='ocrx_word' id='word_1_161' title='bbox 2232 2469 2538 2533; x_wconf 87' lang='lat' dir='ltr'>Credebat</span> <span class='ocrx_word' id='word_1_162' title='bbox 2566 2489 2716 2551; x_wconf 85' lang='lat' dir='ltr'>ergo</span> <span class='ocrx_word' id='word_1_163' title='bbox 2743 2471 3097 2548; x_wconf 87' lang='lat' dir='ltr'>Jeroboam‚</span> <span class='ocrx_word' id='word_1_164' title='bbox 3132 2474 3306 2555; x_wconf 89' lang='lat' dir='ltr'>quod</span> <span class='ocrx_word' id='word_1_165' title='bbox 3335 2475 3476 2536; x_wconf 93' lang='lat' dir='ltr'>Pro-</span> 
     </span>
     <span class='ocr_line' id='line_1_15' title="bbox 371 2562 3475 2653; baseline 0.001 -21"><span class='ocrx_word' id='word_1_166' title='bbox 371 2578 468 2632; x_wconf 84' lang='lat' dir='ltr'>ter</span> <span class='ocrx_word' id='word_1_167' title='bbox 491 2569 926 2651; x_wconf 79' lang='lat' dir='ltr'>affligeretur3</span> <span class='ocrx_word' id='word_1_168' title='bbox 954 2569 1249 2644; x_wconf 88' lang='lat' dir='ltr'>secund0,</span> <span class='ocrx_word' id='word_1_169' title='bbox 1273 2587 1352 2630; x_wconf 89' lang='lat' dir='ltr'>ne</span> <span class='ocrx_word' id='word_1_170' title='bbox 1383 2567 1590 2630; x_wconf 90' lang='lat' dir='ltr'>bonus</span> <span class='ocrx_word' id='word_1_171' title='bbox 1615 2562 1872 2647; x_wconf 87' lang='lat' dir='ltr'>juvenis</span> <span class='ocrx_word' id='word_1_172' title='bbox 1983 2568 2173 2649; x_wconf 84' lang='lat' dir='ltr'>pheta</span> <span class='ocrx_word' id='word_1_173' title='bbox 2204 2569 2312 2631; x_wconf 91' lang='lat' dir='ltr'>ille</span> <span class='ocrx_word' id='word_1_174' title='bbox 2342 2569 2420 2631; x_wconf 92' lang='lat' dir='ltr'>de</span> <span class='ocrx_word' id='word_1_175' title='bbox 2451 2570 2571 2632; x_wconf 90' lang='lat' dir='ltr'>hoc</span> <span class='ocrx_word' id='word_1_176' title='bbox 2604 2567 2879 2633; x_wconf 86' lang='lat' dir='ltr'>faciliter</span> <span class='ocrx_word' id='word_1_177' title='bbox 2901 2570 3270 2653; x_wconf 85' lang='lat' dir='ltr'>impetraret</span> <span class='ocrx_word' id='word_1_178' title='bbox 3302 2591 3475 2636; x_wconf 89' lang='lat' dir='ltr'>reve-</span> 
     </span>
     <span class='ocr_line' id='line_1_16' title="bbox 372 2662 2681 2751; baseline 0 -21"><span class='ocrx_word' id='word_1_179' title='bbox 372 2669 486 2732; x_wconf 91' lang='lat' dir='ltr'>ille</span> <span class='ocrx_word' id='word_1_180' title='bbox 516 2669 826 2751; x_wconf 89' lang='lat' dir='ltr'>paulatim</span> <span class='ocrx_word' id='word_1_181' title='bbox 859 2667 1238 2731; x_wconf 82' lang='lat' dir='ltr'>inficeretur</span> <span class='ocrx_word' id='word_1_182' title='bbox 1264 2665 1646 2730; x_wconf 90' lang='lat' dir='ltr'>criminibus</span> <span class='ocrx_word' id='word_1_183' title='bbox 1677 2662 1872 2746; x_wconf 87' lang='lat' dir='ltr'>patris</span> <span class='ocrx_word' id='word_1_184' title='bbox 1902 2663 1947 2724; x_wconf 90' lang='lat' dir='ltr'>B</span> <span class='ocrx_word' id='word_1_185' title='bbox 1985 2666 2287 2731; x_wconf 90' lang='lat' dir='ltr'>lationem</span> <span class='ocrx_word' id='word_1_186' title='bbox 2319 2687 2357 2730; x_wconf 90' lang='lat' dir='ltr'>a</span> <span class='ocrx_word' id='word_1_187' title='bbox 2388 2668 2681 2731; x_wconf 83' lang='lat' dir='ltr'>Domine.</span> 
     </span>
     <span class='ocr_line' id='line_1_17' title="bbox 373 2761 3469 2851; baseline 0 -21"><span class='ocrx_word' id='word_1_188' title='bbox 373 2788 452 2830; x_wconf 87' lang='lat' dir='ltr'>ac</span> <span class='ocrx_word' id='word_1_189' title='bbox 481 2767 706 2851; x_wconf 89' lang='lat' dir='ltr'>populi</span> <span class='ocrx_word' id='word_1_190' title='bbox 729 2767 852 2845; x_wconf 88' lang='lat' dir='ltr'>sui,</span> <span class='ocrx_word' id='word_1_191' title='bbox 875 2766 1040 2830; x_wconf 82' lang='lat' dir='ltr'>sicut</span> <span class='ocrx_word' id='word_1_192' title='bbox 1059 2769 1138 2830; x_wconf 91' lang='lat' dir='ltr'>de</span> <span class='ocrx_word' id='word_1_193' title='bbox 1157 2766 1328 2848; x_wconf 87' lang='lat' dir='ltr'>justo</span> <span class='ocrx_word' id='word_1_194' title='bbox 1358 2765 1590 2844; x_wconf 83' lang='lat' dir='ltr'>legitur</span> <span class='ocrx_word' id='word_1_195' title='bbox 1619 2763 1686 2825; x_wconf 91' lang='lat' dir='ltr'>in</span> <span class='ocrx_word' id='word_1_196' title='bbox 1710 2761 1873 2824; x_wconf 87' lang='lat' dir='ltr'>libro</span> <span class='ocrx_word' id='word_1_197' title='bbox 2063 2769 2263 2839; x_wconf 76' lang='lat' dir='ltr'>Fecit,</span> <span class='ocrx_word' id='word_1_198' title='bbox 2300 2777 2371 2828; x_wconf 74' lang='lat' dir='ltr'>ut</span> <span class='ocrx_word' id='word_1_199' title='bbox 2407 2769 2667 2829; x_wconf 73' lang='lat' dir='ltr'>dixerat</span> <span class='ocrx_word' id='word_1_200' title='bbox 2703 2769 3061 2837; x_wconf 82' lang='lat' dir='ltr'>Jeroboam,</span> <span class='ocrx_word' id='word_1_201' title='bbox 3094 2789 3263 2829; x_wconf 71' lang='lat' dir='ltr'>umor</span> <span class='ocrx_word' id='word_1_202' title='bbox 3302 2771 3469 2848; x_wconf 73' lang='lat' dir='ltr'>ejuS.</span> 
     </span>
     <span class='ocr_line' id='line_1_18' title="bbox 101 2864 3477 2947; baseline 0.001 -19"><span class='ocrx_word' id='word_1_203' title='bbox 101 2881 346 2936; x_wconf 63' lang='lat' dir='ltr'>sapas-Ao,</span> <span class='ocrx_word' id='word_1_204' title='bbox 378 2865 723 2947; x_wconf 84' lang='lat' dir='ltr'>Sapientiae</span> <span class='ocrx_word' id='word_1_205' title='bbox 759 2883 774 2926; x_wconf 91' lang='lat'><strong>:</strong></span> <span class='ocrx_word' id='word_1_206' title='bbox 809 2865 1045 2929; x_wconf 85' lang='lat' dir='ltr'>Vivens</span> <span class='ocrx_word' id='word_1_207' title='bbox 1079 2864 1245 2926; x_wconf 90' lang='lat' dir='ltr'>inter</span> <span class='ocrx_word' id='word_1_208' title='bbox 1276 2869 1633 2946; x_wconf 82' lang='lat' dir='ltr'>peccatores</span> <span class='ocrx_word' id='word_1_209' title='bbox 1673 2869 1876 2921; x_wconf 89' lang='lat' dir='ltr'>trans-</span> <span class='ocrx_word' id='word_1_210' title='bbox 1983 2867 2069 2926; x_wconf 81' lang='lat' dir='ltr'>Ec</span> <span class='ocrx_word' id='word_1_211' title='bbox 2106 2885 2513 2943; x_wconf 72' lang='lat' dir='ltr'>consuryem,</span> <span class='ocrx_word' id='word_1_212' title='bbox 2546 2867 2709 2927; x_wconf 78' lang='lat' dir='ltr'>abiit</span> <span class='ocrx_word' id='word_1_213' title='bbox 2752 2868 2827 2926; x_wconf 83' lang='lat' dir='ltr'>in</span> <span class='ocrx_word' id='word_1_214' title='bbox 2868 2869 3033 2939; x_wconf 82' lang='lat' dir='ltr'>Sile,</span> <span class='ocrx_word' id='word_1_215' title='bbox 3072 2876 3133 2927; x_wconf 75' lang='lat' dir='ltr'>ec</span> <span class='ocrx_word' id='word_1_216' title='bbox 3180 2870 3355 2927; x_wconf 78' lang='lat' dir='ltr'>venit</span> <span class='ocrx_word' id='word_1_217' title='bbox 3404 2871 3477 2930; x_wconf 80' lang='lat' dir='ltr'>in</span> 
     </span>
     <span class='ocr_line' id='line_1_19' title="bbox 87 2947 3474 3046; baseline -0.002 -21"><span class='ocrx_word' id='word_1_218' title='bbox 87 2947 148 2987; x_wconf 83' lang='lat'>¹¹·</span> <span class='ocrx_word' id='word_1_219' title='bbox 382 2964 548 3027; x_wconf 83' lang='lat' dir='ltr'>latus</span> <span class='ocrx_word' id='word_1_220' title='bbox 589 2971 717 3038; x_wconf 82' lang='lat' dir='ltr'>est3</span> <span class='ocrx_word' id='word_1_221' title='bbox 765 2971 983 3046; x_wconf 90' lang='lat' dir='ltr'>raptus</span> <span class='ocrx_word' id='word_1_222' title='bbox 1033 2971 1150 3039; x_wconf 90' lang='lat' dir='ltr'>est,</span> <span class='ocrx_word' id='word_1_223' title='bbox 1186 2980 1266 3024; x_wconf 91' lang='lat' dir='ltr'>ne</span> <span class='ocrx_word' id='word_1_224' title='bbox 1309 2960 1556 3024; x_wconf 85' lang='lat' dir='ltr'>malitia</span> <span class='ocrx_word' id='word_1_225' title='bbox 1601 2963 1876 3021; x_wconf 89' lang='lat' dir='ltr'>mutaret</span> <span class='ocrx_word' id='word_1_226' title='bbox 1983 2968 2248 3026; x_wconf 76' lang='lat' dir='ltr'>domum</span> <span class='ocrx_word' id='word_1_227' title='bbox 2277 2966 2486 3026; x_wconf 71' lang='lat' dir='ltr'>Akioe,</span> <span class='ocrx_word' id='word_1_228' title='bbox 2521 2968 2609 3025; x_wconf 75' lang='lat' dir='ltr'>Ac</span> <span class='ocrx_word' id='word_1_229' title='bbox 2638 2967 2751 3024; x_wconf 75' lang='lat' dir='ltr'>ille</span> <span class='ocrx_word' id='word_1_230' title='bbox 2789 2984 2915 3026; x_wconf 77' lang='lat' dir='ltr'>non</span> <span class='ocrx_word' id='word_1_231' title='bbox 2940 2975 3195 3042; x_wconf 69' lang='lat' dir='ltr'>poterat</span> <span class='ocrx_word' id='word_1_232' title='bbox 3227 2968 3474 3037; x_wconf 69' lang='lat' dir='ltr'>videre,</span> 
     </span>
     <span class='ocr_line' id='line_1_20' title="bbox 379 3057 3477 3145; baseline 0.001 -20"><span class='ocrx_word' id='word_1_233' title='bbox 379 3062 784 3126; x_wconf 83' lang='lat' dir='ltr'>intellectum</span> <span class='ocrx_word' id='word_1_234' title='bbox 815 3061 1040 3145; x_wconf 82' lang='lat' dir='ltr'>ipsiuS,</span> <span class='ocrx_word' id='word_1_235' title='bbox 1075 3069 1186 3122; x_wconf 89' lang='lat' dir='ltr'>aut</span> <span class='ocrx_word' id='word_1_236' title='bbox 1219 3079 1300 3124; x_wconf 89' lang='lat' dir='ltr'>ne</span> <span class='ocrx_word' id='word_1_237' title='bbox 1333 3059 1512 3122; x_wconf 81' lang='lat' dir='ltr'>fictio</span> <span class='ocrx_word' id='word_1_238' title='bbox 1550 3057 1874 3140; x_wconf 81' lang='lat' dir='ltr'>deciperet</span> <span class='ocrx_word' id='word_1_239' title='bbox 1984 3066 2143 3145; x_wconf 83' lang='lat' dir='ltr'>quia</span> <span class='ocrx_word' id='word_1_240' title='bbox 2169 3065 2612 3142; x_wconf 76' lang='lat' dir='ltr'>caliyaverant</span> <span class='ocrx_word' id='word_1_241' title='bbox 2645 3066 2820 3125; x_wconf 78' lang='lat' dir='ltr'>oculi</span> <span class='ocrx_word' id='word_1_242' title='bbox 2852 3065 2993 3142; x_wconf 79' lang='lat' dir='ltr'>ejus</span> <span class='ocrx_word' id='word_1_243' title='bbox 3020 3084 3160 3143; x_wconf 77' lang='lat' dir='ltr'>prce</span> <span class='ocrx_word' id='word_1_244' title='bbox 3194 3076 3477 3128; x_wconf 78' lang='lat' dir='ltr'>senectu-</span> 
     </span>
     <span class='ocr_line' id='line_1_21' title="bbox 379 3156 3481 3244; baseline 0 -20"><span class='ocrx_word' id='word_1_245' title='bbox 379 3162 662 3224; x_wconf 84' lang='lat' dir='ltr'>animam</span> <span class='ocrx_word' id='word_1_246' title='bbox 685 3162 848 3244; x_wconf 79' lang='lat' dir='ltr'>erS.</span> <span class='ocrx_word' id='word_1_247' title='bbox 874 3160 1106 3237; x_wconf 83' lang='lat' dir='ltr'>Tertio,</span> <span class='ocrx_word' id='word_1_248' title='bbox 1123 3179 1203 3222; x_wconf 91' lang='lat' dir='ltr'>ne</span> <span class='ocrx_word' id='word_1_249' title='bbox 1223 3158 1479 3241; x_wconf 84' lang='lat' dir='ltr'>juvenis</span> <span class='ocrx_word' id='word_1_250' title='bbox 1505 3157 1613 3220; x_wconf 89' lang='lat' dir='ltr'>ille</span> <span class='ocrx_word' id='word_1_251' title='bbox 1635 3156 1878 3220; x_wconf 87' lang='lat' dir='ltr'>diutius</span> <span class='ocrx_word' id='word_1_252' title='bbox 1988 3174 2064 3223; x_wconf 82' lang='lat' dir='ltr'>te.</span> <span class='ocrx_word' id='word_1_253' title='bbox 2084 3165 2277 3225; x_wconf 67' lang='lat' dir='ltr'>Dixit</span> <span class='ocrx_word' id='word_1_254' title='bbox 2304 3173 2519 3223; x_wconf 76' lang='lat' dir='ltr'>autem</span> <span class='ocrx_word' id='word_1_255' title='bbox 2552 3165 2868 3223; x_wconf 79' lang='lat' dir='ltr'>Dominus</span> <span class='ocrx_word' id='word_1_256' title='bbox 2898 3166 2988 3223; x_wconf 84' lang='lat' dir='ltr'>ad</span> <span class='ocrx_word' id='word_1_257' title='bbox 3008 3166 3253 3225; x_wconf 65' lang='lat' dir='ltr'>Alliam</span> <span class='ocrx_word' id='word_1_258' title='bbox 3274 3186 3297 3225; x_wconf 91' lang='lat'>.·</span> <span class='ocrx_word' id='word_1_259' title='bbox 3322 3168 3481 3226; x_wconf 80' lang='lat' dir='ltr'>Ecce</span> 
     </span>
     <span class='ocr_line' id='line_1_22' title="bbox 381 3257 3477 3340; baseline 0.001 -17"><span class='ocrx_word' id='word_1_260' title='bbox 381 3261 684 3336; x_wconf 85' lang='lat' dir='ltr'>vivendo,</span> <span class='ocrx_word' id='word_1_261' title='bbox 716 3260 963 3323; x_wconf 86' lang='lat' dir='ltr'>videret</span> <span class='ocrx_word' id='word_1_262' title='bbox 993 3259 1159 3322; x_wconf 82' lang='lat' dir='ltr'>mala</span> <span class='ocrx_word' id='word_1_263' title='bbox 1189 3257 1468 3340; x_wconf 82' lang='lat' dir='ltr'>poenalia</span> <span class='ocrx_word' id='word_1_264' title='bbox 1497 3276 1626 3319; x_wconf 81' lang='lat' dir='ltr'>suae</span> <span class='ocrx_word' id='word_1_265' title='bbox 1655 3274 1881 3337; x_wconf 82' lang='lat' dir='ltr'>cogna-</span> <span class='ocrx_word' id='word_1_266' title='bbox 1985 3283 2153 3322; x_wconf 74' lang='lat' dir='ltr'>uxor</span> <span class='ocrx_word' id='word_1_267' title='bbox 2179 3264 2510 3323; x_wconf 77' lang='lat' dir='ltr'>Jeroboam</span> <span class='ocrx_word' id='word_1_268' title='bbox 2552 3264 2945 3338; x_wconf 60' lang='lat' dir='ltr'>ingreditur,</span> <span class='ocrx_word' id='word_1_269' title='bbox 2986 3272 3059 3323; x_wconf 76' lang='lat' dir='ltr'>ut</span> <span class='ocrx_word' id='word_1_270' title='bbox 3096 3268 3389 3326; x_wconf 76' lang='lat' dir='ltr'>consulat</span> <span class='ocrx_word' id='word_1_271' title='bbox 3420 3274 3477 3325; x_wconf 78' lang='lat' dir='ltr'>te</span> 
     </span>
     <span class='ocr_line' id='line_1_23' title="bbox 379 3355 3481 3441; baseline 0 -19"><span class='ocrx_word' id='word_1_272' title='bbox 379 3360 542 3423; x_wconf 82' lang='lat' dir='ltr'>tioni</span> <span class='ocrx_word' id='word_1_273' title='bbox 575 3359 812 3435; x_wconf 79' lang='lat' dir='ltr'>futura,</span> <span class='ocrx_word' id='word_1_274' title='bbox 838 3357 1378 3441; x_wconf 83' lang='lat' dir='ltr'>quemadmodum</span> <span class='ocrx_word' id='word_1_275' title='bbox 1409 3356 1579 3417; x_wconf 80' lang='lat' dir='ltr'>infra</span> <span class='ocrx_word' id='word_1_276' title='bbox 1607 3355 1878 3418; x_wconf 81' lang='lat' dir='ltr'>habetur</span> <span class='ocrx_word' id='word_1_277' title='bbox 1983 3381 2174 3438; x_wconf 81' lang='lat' dir='ltr'>super</span> <span class='ocrx_word' id='word_1_278' title='bbox 2210 3363 2352 3439; x_wconf 77' lang='lat' dir='ltr'>filio</span> <span class='ocrx_word' id='word_1_279' title='bbox 2385 3381 2521 3432; x_wconf 83' lang='lat' dir='ltr'>suo,</span> <span class='ocrx_word' id='word_1_280' title='bbox 2549 3362 2709 3440; x_wconf 79' lang='lat' dir='ltr'>quia</span> <span class='ocrx_word' id='word_1_281' title='bbox 2746 3372 3035 3437; x_wconf 71' lang='lat' dir='ltr'>oeyrotat.</span> <span class='ocrx_word' id='word_1_282' title='bbox 3056 3366 3209 3424; x_wconf 79' lang='lat' dir='ltr'>Haec</span> <span class='ocrx_word' id='word_1_283' title='bbox 3246 3372 3307 3423; x_wconf 77' lang='lat' dir='ltr'>et</span> <span class='ocrx_word' id='word_1_284' title='bbox 3346 3366 3481 3423; x_wconf 76' lang='lat' dir='ltr'>kaec</span> 
     </span>
     <span class='ocr_line' id='line_1_24' title="bbox 85 3455 3481 3541; baseline 0.001 -24"><span class='ocrx_word' id='word_1_285' title='bbox 85 3472 348 3529; x_wconf 62' lang='lat' dir='ltr'>tvm-qna,</span> <span class='ocrx_word' id='word_1_286' title='bbox 379 3458 462 3521; x_wconf 87' lang='lat' dir='ltr'>de</span> <span class='ocrx_word' id='word_1_287' title='bbox 499 3476 648 3538; x_wconf 77' lang='lat' dir='ltr'>rege</span> <span class='ocrx_word' id='word_1_288' title='bbox 674 3457 844 3521; x_wconf 84' lang='lat' dir='ltr'>Josia</span> <span class='ocrx_word' id='word_1_289' title='bbox 877 3475 892 3519; x_wconf 75' lang='grc' dir='ltr'>ε</span> <span class='ocrx_word' id='word_1_290' title='bbox 924 3457 1062 3520; x_wconf 85' lang='lat' dir='ltr'>Jam</span> <span class='ocrx_word' id='word_1_291' title='bbox 1099 3456 1398 3536; x_wconf 85' lang='lat' dir='ltr'>colligam</span> <span class='ocrx_word' id='word_1_292' title='bbox 1442 3464 1500 3517; x_wconf 90' lang='lat' dir='ltr'>te</span> <span class='ocrx_word' id='word_1_293' title='bbox 1543 3455 1622 3518; x_wconf 89' lang='lat' dir='ltr'>ad</span> <span class='ocrx_word' id='word_1_294' title='bbox 1667 3462 1879 3537; x_wconf 86' lang='lat' dir='ltr'>patres</span> <span class='ocrx_word' id='word_1_295' title='bbox 1986 3463 2264 3541; x_wconf 77' lang='lat' dir='ltr'>loqueris</span> <span class='ocrx_word' id='word_1_296' title='bbox 2281 3463 2363 3521; x_wconf 82' lang='lat' dir='ltr'>ei.</span> <span class='ocrx_word' id='word_1_297' title='bbox 2394 3464 2604 3529; x_wconf 80' lang='lat' dir='ltr'>Quum</span> <span class='ocrx_word' id='word_1_298' title='bbox 2628 3478 2775 3535; x_wconf 69' lang='lat' dir='ltr'>erqo</span> <span class='ocrx_word' id='word_1_299' title='bbox 2800 3462 2919 3520; x_wconf 73' lang='lat' dir='ltr'>illa</span> <span class='ocrx_word' id='word_1_300' title='bbox 2950 3462 3324 3533; x_wconf 76' lang='lat' dir='ltr'>intrarec‚et</span> <span class='ocrx_word' id='word_1_301' title='bbox 3352 3464 3481 3522; x_wconf 81' lang='lat' dir='ltr'>dis·</span> 
     </span>
     <span class='ocr_line' id='line_1_25' title="bbox 83 3540 3478 3637; baseline 0.001 -18"><span class='ocrx_word' id='word_1_302' title='bbox 83 3540 150 3582; x_wconf 71' lang='lat'>²⁰·</span> <span class='ocrx_word' id='word_1_303' title='bbox 383 3566 550 3633; x_wconf 70' lang='grc' dir='ltr'>ῐιιοε,</span> <span class='ocrx_word' id='word_1_304' title='bbox 584 3564 656 3619; x_wconf 83' lang='lat' dir='ltr'>ut</span> <span class='ocrx_word' id='word_1_305' title='bbox 685 3575 812 3619; x_wconf 91' lang='lat' dir='ltr'>non</span> <span class='ocrx_word' id='word_1_306' title='bbox 843 3556 1104 3621; x_wconf 78' lang='lat' dir='ltr'>videant</span> <span class='ocrx_word' id='word_1_307' title='bbox 1133 3555 1302 3619; x_wconf 87' lang='lat' dir='ltr'>oculi</span> <span class='ocrx_word' id='word_1_308' title='bbox 1335 3554 1428 3617; x_wconf 87' lang='lat' dir='ltr'>tui</span> <span class='ocrx_word' id='word_1_309' title='bbox 1465 3554 1681 3617; x_wconf 84' lang='lat' dir='ltr'>omnia</span> <span class='ocrx_word' id='word_1_310' title='bbox 1710 3552 1878 3616; x_wconf 82' lang='lat' dir='ltr'>mala</span> <span class='ocrx_word' id='word_1_311' title='bbox 1983 3562 2322 3619; x_wconf 79' lang='lat' dir='ltr'>simularet</span> <span class='ocrx_word' id='word_1_312' title='bbox 2353 3578 2416 3617; x_wconf 75' lang='lat' dir='ltr'>se</span> <span class='ocrx_word' id='word_1_313' title='bbox 2444 3579 2571 3617; x_wconf 81' lang='lat' dir='ltr'>esse</span> <span class='ocrx_word' id='word_1_314' title='bbox 2608 3579 2752 3637; x_wconf 71' lang='lat' dir='ltr'>quw</span> <span class='ocrx_word' id='word_1_315' title='bbox 2784 3569 2949 3629; x_wconf 79' lang='lat' dir='ltr'>erac,</span> <span class='ocrx_word' id='word_1_316' title='bbox 2980 3561 3241 3620; x_wconf 77' lang='lat' dir='ltr'>audivit</span> <span class='ocrx_word' id='word_1_317' title='bbox 3272 3563 3478 3621; x_wconf 70' lang='lat' dir='ltr'>Allia-s</span> 
     </span>
     <span class='ocr_line' id='line_1_26' title="bbox 379 3652 3482 3736; baseline 0.001 -19"><span class='ocrx_word' id='word_1_318' title='bbox 379 3674 525 3736; x_wconf 83' lang='lat' dir='ltr'>quae</span> <span class='ocrx_word' id='word_1_319' title='bbox 556 3655 934 3717; x_wconf 87' lang='lat' dir='ltr'>inducturus</span> <span class='ocrx_word' id='word_1_320' title='bbox 961 3673 1104 3715; x_wconf 91' lang='lat' dir='ltr'>sum</span> <span class='ocrx_word' id='word_1_321' title='bbox 1134 3672 1326 3735; x_wconf 84' lang='lat' dir='ltr'>super</span> <span class='ocrx_word' id='word_1_322' title='bbox 1356 3654 1566 3715; x_wconf 91' lang='lat' dir='ltr'>locum</span> <span class='ocrx_word' id='word_1_323' title='bbox 1598 3652 1817 3713; x_wconf 82' lang='lat' dir='ltr'>istum.</span> <span class='ocrx_word' id='word_1_324' title='bbox 1982 3660 2267 3719; x_wconf 72' lang='lat' dir='ltr'>sonitum</span> <span class='ocrx_word' id='word_1_325' title='bbox 2301 3660 2545 3733; x_wconf 80' lang='lat' dir='ltr'>pedum</span> <span class='ocrx_word' id='word_1_326' title='bbox 2598 3657 2737 3733; x_wconf 79' lang='lat' dir='ltr'>ejus</span> <span class='ocrx_word' id='word_1_327' title='bbox 2782 3658 3172 3719; x_wconf 77' lang='lat' dir='ltr'>introeuntis</span> <span class='ocrx_word' id='word_1_328' title='bbox 3225 3678 3346 3735; x_wconf 86' lang='lat' dir='ltr'>per</span> <span class='ocrx_word' id='word_1_329' title='bbox 3387 3680 3482 3719; x_wconf 85' lang='lat' dir='ltr'>os-</span> 
     </span>
     <span class='ocr_line' id='line_1_27' title="bbox 465 3754 3476 3837; baseline 0.001 -21"><span class='ocrx_word' id='word_1_330' title='bbox 465 3755 777 3833; x_wconf 74' lang='lat' dir='ltr'>Dc&#39;xitque</span> <span class='ocrx_word' id='word_1_331' title='bbox 793 3755 1126 3813; x_wconf 80' lang='lat' dir='ltr'>Jeroboam</span> <span class='ocrx_word' id='word_1_332' title='bbox 1155 3754 1355 3812; x_wconf 67' lang='lat' dir='ltr'>umori</span> <span class='ocrx_word' id='word_1_333' title='bbox 1379 3772 1514 3813; x_wconf 79' lang='lat' dir='ltr'>suoe</span> <span class='ocrx_word' id='word_1_334' title='bbox 1534 3769 1557 3811; x_wconf 90' lang='lat'>.·</span> <span class='ocrx_word' id='word_1_335' title='bbox 1580 3755 1790 3827; x_wconf 73' lang='lat' dir='ltr'>Surye</span> <span class='ocrx_word' id='word_1_336' title='bbox 1817 3760 1877 3811; x_wconf 79' lang='lat' dir='ltr'>et</span> <span class='ocrx_word' id='word_1_337' title='bbox 1987 3758 2153 3817; x_wconf 78' lang='lat' dir='ltr'>tium</span> <span class='ocrx_word' id='word_1_338' title='bbox 2181 3776 2205 3815; x_wconf 92' lang='grc'>.·</span> <span class='ocrx_word' id='word_1_339' title='bbox 2237 3754 2339 3817; x_wconf 90' lang='lat' dir='ltr'>cui</span> <span class='ocrx_word' id='word_1_340' title='bbox 2372 3754 2535 3817; x_wconf 90' lang='lat' dir='ltr'>Deus</span> <span class='ocrx_word' id='word_1_341' title='bbox 2580 3754 2713 3835; x_wconf 86' lang='lat' dir='ltr'>jam</span> <span class='ocrx_word' id='word_1_342' title='bbox 2758 3754 3064 3818; x_wconf 83' lang='lat' dir='ltr'>revelavit</span> <span class='ocrx_word' id='word_1_343' title='bbox 3100 3774 3241 3837; x_wconf 81' lang='lat' dir='ltr'>quae</span> <span class='ocrx_word' id='word_1_344' title='bbox 3288 3766 3476 3834; x_wconf 89' lang='lat' dir='ltr'>esset,</span> 
     </span>
     <span class='ocr_line' id='line_1_28' title="bbox 378 3844 3481 3934; baseline 0.001 -21"><span class='ocrx_word' id='word_1_345' title='bbox 378 3862 706 3914; x_wconf 76' lang='lat' dir='ltr'>commuta</span> <span class='ocrx_word' id='word_1_346' title='bbox 751 3854 1072 3923; x_wconf 72' lang='lat' dir='ltr'>habitum,</span> <span class='ocrx_word' id='word_1_347' title='bbox 1124 3851 1448 3913; x_wconf 87' lang='lat' dir='ltr'>induendo</span> <span class='ocrx_word' id='word_1_348' title='bbox 1500 3849 1754 3931; x_wconf 90' lang='lat' dir='ltr'>plebeia</span> <span class='ocrx_word' id='word_1_349' title='bbox 1803 3867 1876 3911; x_wconf 90' lang='lat' dir='ltr'>ac</span> <span class='ocrx_word' id='word_1_350' title='bbox 1912 3844 1955 3907; x_wconf 91' lang='lat' dir='ltr'>C</span> <span class='ocrx_word' id='word_1_351' title='bbox 1984 3872 2098 3916; x_wconf 91' lang='lat' dir='ltr'>cur</span> <span class='ocrx_word' id='word_1_352' title='bbox 2117 3852 2670 3933; x_wconf 85' lang='lat' dir='ltr'>venisset‚etquid</span> <span class='ocrx_word' id='word_1_353' title='bbox 2696 3870 2895 3934; x_wconf 87' lang='lat' dir='ltr'>puero</span> <span class='ocrx_word' id='word_1_354' title='bbox 2918 3852 3481 3927; x_wconf 75' lang='lat' dir='ltr'>eveniret3etait:</span> 
     </span>
     <span class='ocr_line' id='line_1_29' title="bbox 379 3950 3483 4030; baseline 0 -15"><span class='ocrx_word' id='word_1_355' title='bbox 379 3951 671 4030; x_wconf 83' lang='lat' dir='ltr'>vulgaria</span> <span class='ocrx_word' id='word_1_356' title='bbox 706 3950 1110 4027; x_wconf 83' lang='lat' dir='ltr'>vestimenta,</span> <span class='ocrx_word' id='word_1_357' title='bbox 1145 3970 1225 4011; x_wconf 80' lang='lat' dir='ltr'>ne</span> <span class='ocrx_word' id='word_1_358' title='bbox 1265 3950 1664 4027; x_wconf 62' lang='lat' dir='ltr'>cognoscaris</span> <span class='ocrx_word' id='word_1_359' title='bbox 1707 3950 1877 4027; x_wconf 81' lang='lat' dir='ltr'>quod</span> <span class='ocrx_word' id='word_1_360' title='bbox 1988 3955 2359 4029; x_wconf 70' lang='lat' dir='ltr'>Inyredere,</span> <span class='ocrx_word' id='word_1_361' title='bbox 2384 3971 2546 4011; x_wconf 75' lang='lat' dir='ltr'>uxor</span> <span class='ocrx_word' id='word_1_362' title='bbox 2563 3953 2917 4013; x_wconf 79' lang='lat' dir='ltr'>Jeroboam.</span> <span class='ocrx_word' id='word_1_363' title='bbox 2944 3955 3157 4020; x_wconf 81' lang='lat' dir='ltr'>Quare</span> <span class='ocrx_word' id='word_1_364' title='bbox 3188 3955 3396 4014; x_wconf 82' lang='lat' dir='ltr'>aliam</span> <span class='ocrx_word' id='word_1_365' title='bbox 3426 3964 3483 4015; x_wconf 74' lang='lat' dir='ltr'>te</span> 
     </span>
     <span class='ocr_line' id='line_1_30' title="bbox 379 4044 3477 4133; baseline 0.001 -22"><span class='ocrx_word' id='word_1_366' title='bbox 379 4071 552 4111; x_wconf 70' lang='lat' dir='ltr'>uxor</span> <span class='ocrx_word' id='word_1_367' title='bbox 575 4052 666 4109; x_wconf 79' lang='lat' dir='ltr'>sis</span> <span class='ocrx_word' id='word_1_368' title='bbox 681 4052 1037 4120; x_wconf 62' lang='lat' dir='ltr'>lev-obeam,</span> <span class='ocrx_word' id='word_1_369' title='bbox 1071 4055 1292 4129; x_wconf 90' lang='lat' dir='ltr'>utpote</span> <span class='ocrx_word' id='word_1_370' title='bbox 1323 4046 1564 4127; x_wconf 85' lang='lat' dir='ltr'>regina,</span> <span class='ocrx_word' id='word_1_371' title='bbox 1602 4064 1684 4108; x_wconf 91' lang='lat' dir='ltr'>ne</span> <span class='ocrx_word' id='word_1_372' title='bbox 1715 4044 1877 4107; x_wconf 83' lang='lat' dir='ltr'>forte</span> <span class='ocrx_word' id='word_1_373' title='bbox 1983 4072 2110 4111; x_wconf 82' lang='lat' dir='ltr'>esse</span> <span class='ocrx_word' id='word_1_374' title='bbox 2125 4052 2441 4112; x_wconf 77' lang='lat' dir='ltr'>simulas?</span> <span class='ocrx_word' id='word_1_375' title='bbox 2459 4050 2643 4131; x_wconf 89' lang='lat' dir='ltr'>quasi</span> <span class='ocrx_word' id='word_1_376' title='bbox 2664 4049 2866 4113; x_wconf 90' lang='lat' dir='ltr'>dicat:</span> <span class='ocrx_word' id='word_1_377' title='bbox 2894 4050 3149 4113; x_wconf 84' lang='lat' dir='ltr'>Frustra</span> <span class='ocrx_word' id='word_1_378' title='bbox 3174 4051 3294 4114; x_wconf 91' lang='lat' dir='ltr'>hoc</span> <span class='ocrx_word' id='word_1_379' title='bbox 3320 4052 3477 4133; x_wconf 81' lang='lat' dir='ltr'>agis,</span> 
     </span>
     <span class='ocr_line' id='line_1_31' title="bbox 378 4144 3480 4230; baseline 0.001 -21"><span class='ocrx_word' id='word_1_380' title='bbox 378 4148 694 4230; x_wconf 85' lang='lat' dir='ltr'>Propheta</span> <span class='ocrx_word' id='word_1_381' title='bbox 720 4149 800 4210; x_wconf 87' lang='lat' dir='ltr'>ad</span> <span class='ocrx_word' id='word_1_382' title='bbox 829 4167 1023 4229; x_wconf 86' lang='lat' dir='ltr'>quem</span> <span class='ocrx_word' id='word_1_383' title='bbox 1055 4147 1200 4223; x_wconf 88' lang='lat' dir='ltr'>ibis,</span> <span class='ocrx_word' id='word_1_384' title='bbox 1227 4146 1497 4227; x_wconf 86' lang='lat' dir='ltr'>abneget</span> <span class='ocrx_word' id='word_1_385' title='bbox 1519 4145 1633 4207; x_wconf 88' lang='lat' dir='ltr'>tibi</span> <span class='ocrx_word' id='word_1_386' title='bbox 1666 4144 1878 4207; x_wconf 86' lang='lat' dir='ltr'>dicere</span> <span class='ocrx_word' id='word_1_387' title='bbox 1984 4148 2138 4230; x_wconf 90' lang='lat' dir='ltr'>quia</span> <span class='ocrx_word' id='word_1_388' title='bbox 2174 4148 2391 4211; x_wconf 86' lang='lat' dir='ltr'>divina</span> <span class='ocrx_word' id='word_1_389' title='bbox 2422 4148 2811 4212; x_wconf 89' lang='lat' dir='ltr'>revelatione</span> <span class='ocrx_word' id='word_1_390' title='bbox 2851 4149 3223 4229; x_wconf 88' lang='lat' dir='ltr'>panduntur</span> <span class='ocrx_word' id='word_1_391' title='bbox 3264 4149 3480 4213; x_wconf 85' lang='lat' dir='ltr'>occul-</span> 
     </span>
     <span class='ocr_line' id='line_1_32' title="bbox 379 4242 3480 4330; baseline 0.001 -21"><span class='ocrx_word' id='word_1_392' title='bbox 379 4247 716 4309; x_wconf 86' lang='lat' dir='ltr'>veritatem</span> <span class='ocrx_word' id='word_1_393' title='bbox 747 4253 1008 4328; x_wconf 89' lang='lat' dir='ltr'>propter</span> <span class='ocrx_word' id='word_1_394' title='bbox 1044 4264 1168 4321; x_wconf 91' lang='lat' dir='ltr'>me,</span> <span class='ocrx_word' id='word_1_395' title='bbox 1201 4243 1355 4326; x_wconf 84' lang='lat' dir='ltr'>quia</span> <span class='ocrx_word' id='word_1_396' title='bbox 1398 4245 1540 4325; x_wconf 86' lang='lat' dir='ltr'>ejus</span> <span class='ocrx_word' id='word_1_397' title='bbox 1579 4242 1881 4306; x_wconf 84' lang='lat' dir='ltr'>informa-</span> <span class='ocrx_word' id='word_1_398' title='bbox 1988 4256 2096 4322; x_wconf 83' lang='lat' dir='ltr'>ta;</span> <span class='ocrx_word' id='word_1_399' title='bbox 2150 4256 2213 4310; x_wconf 89' lang='lat' dir='ltr'>et</span> <span class='ocrx_word' id='word_1_400' title='bbox 2261 4246 2314 4308; x_wconf 91' lang='lat' dir='ltr'>si</span> <span class='ocrx_word' id='word_1_401' title='bbox 2356 4245 2723 4321; x_wconf 89' lang='lat' dir='ltr'>humanam,</span> <span class='ocrx_word' id='word_1_402' title='bbox 2758 4264 2885 4309; x_wconf 89' lang='lat' dir='ltr'>non</span> <span class='ocrx_word' id='word_1_403' title='bbox 2936 4254 3145 4310; x_wconf 86' lang='lat' dir='ltr'>tamen</span> <span class='ocrx_word' id='word_1_404' title='bbox 3206 4249 3480 4330; x_wconf 86' lang='lat' dir='ltr'>prophe-</span> 
     </span>
     <span class='ocr_line' id='line_1_33' title="bbox 379 4342 3477 4427; baseline 0.001 -21"><span class='ocrx_word' id='word_1_405' title='bbox 379 4344 542 4408; x_wconf 82' lang='lat' dir='ltr'>tioni</span> <span class='ocrx_word' id='word_1_406' title='bbox 573 4352 636 4407; x_wconf 88' lang='lat' dir='ltr'>et</span> <span class='ocrx_word' id='word_1_407' title='bbox 665 4344 998 4427; x_wconf 77' lang='lat' dir='ltr'>praeceptis</span> <span class='ocrx_word' id='word_1_408' title='bbox 1034 4343 1140 4407; x_wconf 90' lang='lat' dir='ltr'>Dei</span> <span class='ocrx_word' id='word_1_409' title='bbox 1173 4342 1332 4405; x_wconf 92' lang='lat' dir='ltr'>mihi</span> <span class='ocrx_word' id='word_1_410' title='bbox 1365 4360 1479 4425; x_wconf 89' lang='lat' dir='ltr'>per</span> <span class='ocrx_word' id='word_1_411' title='bbox 1509 4362 1656 4405; x_wconf 90' lang='lat' dir='ltr'>eum</span> <span class='ocrx_word' id='word_1_412' title='bbox 1687 4342 1872 4419; x_wconf 84' lang='lat' dir='ltr'>datis,</span> <span class='ocrx_word' id='word_1_413' title='bbox 1989 4347 2177 4409; x_wconf 89' lang='lat' dir='ltr'>ticam</span> <span class='ocrx_word' id='word_1_414' title='bbox 2227 4364 2301 4408; x_wconf 88' lang='lat' dir='ltr'>ac</span> <span class='ocrx_word' id='word_1_415' title='bbox 2349 4344 2657 4419; x_wconf 85' lang='lat' dir='ltr'>divinam,</span> <span class='ocrx_word' id='word_1_416' title='bbox 2693 4352 2871 4425; x_wconf 87' lang='lat' dir='ltr'>potes</span> <span class='ocrx_word' id='word_1_417' title='bbox 2930 4343 3223 4427; x_wconf 78' lang='lat' dir='ltr'>effugere</span> <span class='ocrx_word' id='word_1_418' title='bbox 3273 4347 3477 4410; x_wconf 89' lang='lat' dir='ltr'>notio-</span> 
     </span>
     <span class='ocr_line' id='line_1_34' title="bbox 381 4440 3474 4525; baseline 0 -18"><span class='ocrx_word' id='word_1_419' title='bbox 381 4462 511 4507; x_wconf 90' lang='lat' dir='ltr'>non</span> <span class='ocrx_word' id='word_1_420' title='bbox 549 4443 870 4525; x_wconf 85' lang='lat' dir='ltr'>acquievi,</span> <span class='ocrx_word' id='word_1_421' title='bbox 903 4442 1004 4507; x_wconf 89' lang='lat' dir='ltr'>vel</span> <span class='ocrx_word' id='word_1_422' title='bbox 1048 4460 1129 4504; x_wconf 89' lang='lat' dir='ltr'>ne</span> <span class='ocrx_word' id='word_1_423' title='bbox 1187 4450 1448 4524; x_wconf 86' lang='lat' dir='ltr'>propter</span> <span class='ocrx_word' id='word_1_424' title='bbox 1496 4442 1736 4522; x_wconf 81' lang='lat' dir='ltr'>regium</span> <span class='ocrx_word' id='word_1_425' title='bbox 1788 4440 1880 4504; x_wconf 85' lang='lat' dir='ltr'>fa·</span> <span class='ocrx_word' id='word_1_426' title='bbox 1988 4463 2157 4508; x_wconf 90' lang='lat' dir='ltr'>nem.</span> <span class='ocrx_word' id='word_1_427' title='bbox 2194 4447 2325 4521; x_wconf 74' lang='lat' dir='ltr'>Eyo</span> <span class='ocrx_word' id='word_1_428' title='bbox 2370 4452 2589 4505; x_wconf 75' lang='lat' dir='ltr'>autem</span> <span class='ocrx_word' id='word_1_429' title='bbox 2620 4446 2853 4504; x_wconf 66' lang='lat' dir='ltr'>missus</span> <span class='ocrx_word' id='word_1_430' title='bbox 2889 4464 3033 4504; x_wconf 85' lang='lat' dir='ltr'>sum</span> <span class='ocrx_word' id='word_1_431' title='bbox 3062 4447 3151 4504; x_wconf 85' lang='lat' dir='ltr'>ad</span> <span class='ocrx_word' id='word_1_432' title='bbox 3181 4454 3239 4505; x_wconf 82' lang='lat' dir='ltr'>te</span> <span class='ocrx_word' id='word_1_433' title='bbox 3266 4449 3474 4507; x_wconf 78' lang='lat' dir='ltr'>durus</span> 
     </span>
     <span class='ocr_line' id='line_1_35' title="bbox 380 4540 3471 4623; baseline 0 -19"><span class='ocrx_word' id='word_1_434' title='bbox 380 4552 550 4605; x_wconf 92' lang='lat' dir='ltr'>stum</span> <span class='ocrx_word' id='word_1_435' title='bbox 583 4550 878 4605; x_wconf 88' lang='lat' dir='ltr'>vereatur</span> <span class='ocrx_word' id='word_1_436' title='bbox 909 4540 1026 4603; x_wconf 89' lang='lat' dir='ltr'>tibi</span> <span class='ocrx_word' id='word_1_437' title='bbox 1057 4540 1270 4603; x_wconf 87' lang='lat' dir='ltr'>dicere</span> <span class='ocrx_word' id='word_1_438' title='bbox 1299 4540 1471 4622; x_wconf 90' lang='lat' dir='ltr'>quod</span> <span class='ocrx_word' id='word_1_439' title='bbox 1494 4560 1715 4604; x_wconf 90' lang='lat' dir='ltr'>verum</span> <span class='ocrx_word' id='word_1_440' title='bbox 1747 4550 1873 4616; x_wconf 87' lang='lat' dir='ltr'>est;</span> <span class='ocrx_word' id='word_1_441' title='bbox 1989 4546 2283 4615; x_wconf 79' lang='lat' dir='ltr'>nuncius,</span> <span class='ocrx_word' id='word_1_442' title='bbox 2309 4543 2373 4605; x_wconf 92' lang='lat' dir='ltr'>id</span> <span class='ocrx_word' id='word_1_443' title='bbox 2399 4550 2495 4605; x_wconf 89' lang='lat' dir='ltr'>est</span> <span class='ocrx_word' id='word_1_444' title='bbox 2518 4542 2786 4604; x_wconf 88' lang='lat' dir='ltr'>adversa</span> <span class='ocrx_word' id='word_1_445' title='bbox 2804 4550 2869 4603; x_wconf 90' lang='lat' dir='ltr'>et</span> <span class='ocrx_word' id='word_1_446' title='bbox 2888 4560 3112 4623; x_wconf 86' lang='lat' dir='ltr'>aspera</span> <span class='ocrx_word' id='word_1_447' title='bbox 3145 4544 3471 4606; x_wconf 86' lang='lat' dir='ltr'>nuntians.</span> 
     </span>
     <span class='ocr_line' id='line_1_36' title="bbox 378 4638 3481 4723; baseline 0.001 -20"><span class='ocrx_word' id='word_1_448' title='bbox 378 4654 439 4703; x_wconf 71' lang='lat' dir='ltr'>et</span> <span class='ocrx_word' id='word_1_449' title='bbox 459 4644 628 4703; x_wconf 85' lang='lat' dir='ltr'>vade</span> <span class='ocrx_word' id='word_1_450' title='bbox 645 4644 718 4701; x_wconf 83' lang='lat' dir='ltr'>in</span> <span class='ocrx_word' id='word_1_451' title='bbox 739 4642 906 4711; x_wconf 81' lang='lat' dir='ltr'>Silo,</span> <span class='ocrx_word' id='word_1_452' title='bbox 929 4642 1042 4699; x_wconf 83' lang='lat' dir='ltr'>ubi</span> <span class='ocrx_word' id='word_1_453' title='bbox 1069 4648 1160 4699; x_wconf 77' lang='lat' dir='ltr'>est</span> <span class='ocrx_word' id='word_1_454' title='bbox 1178 4641 1740 4718; x_wconf 68' lang='lat' dir='ltr'>Allius-propheta,</span> <span class='ocrx_word' id='word_1_455' title='bbox 1759 4643 1878 4720; x_wconf 83' lang='lat' dir='ltr'>qui</span> <span class='ocrx_word' id='word_1_456' title='bbox 1988 4642 2107 4705; x_wconf 90' lang='lat' dir='ltr'>Sed</span> <span class='ocrx_word' id='word_1_457' title='bbox 2137 4660 2340 4723; x_wconf 86' lang='lat' dir='ltr'>quum</span> <span class='ocrx_word' id='word_1_458' title='bbox 2372 4640 2602 4703; x_wconf 84' lang='lat' dir='ltr'>mulier</span> <span class='ocrx_word' id='word_1_459' title='bbox 2633 4638 2755 4702; x_wconf 85' lang='lat' dir='ltr'>ista</span> <span class='ocrx_word' id='word_1_460' title='bbox 2798 4639 2993 4702; x_wconf 84' lang='lat' dir='ltr'>missa</span> <span class='ocrx_word' id='word_1_461' title='bbox 3037 4638 3233 4703; x_wconf 86' lang='lat' dir='ltr'>fuerit</span> <span class='ocrx_word' id='word_1_462' title='bbox 3274 4661 3349 4705; x_wconf 78' lang='lat' dir='ltr'>ac</span> <span class='ocrx_word' id='word_1_463' title='bbox 3380 4662 3481 4705; x_wconf 88' lang='lat' dir='ltr'>ve-</span> 
     </span>
     <span class='ocr_line' id='line_1_37' title="bbox 385 4738 3474 4823; baseline 0.001 -22"><span class='ocrx_word' id='word_1_464' title='bbox 385 4746 636 4801; x_wconf 71' lang='lat' dir='ltr'>locutus</span> <span class='ocrx_word' id='word_1_465' title='bbox 679 4749 769 4799; x_wconf 78' lang='lat' dir='ltr'>est</span> <span class='ocrx_word' id='word_1_466' title='bbox 813 4740 1006 4807; x_wconf 70' lang='lat' dir='ltr'>mihi,</span> <span class='ocrx_word' id='word_1_467' title='bbox 1029 4740 1203 4817; x_wconf 81' lang='lat' dir='ltr'>quod</span> <span class='ocrx_word' id='word_1_468' title='bbox 1251 4747 1646 4813; x_wconf 70' lang='lat' dir='ltr'>reynaturus</span> <span class='ocrx_word' id='word_1_469' title='bbox 1681 4758 1874 4799; x_wconf 81' lang='lat' dir='ltr'>essem</span> <span class='ocrx_word' id='word_1_470' title='bbox 1987 4740 2154 4804; x_wconf 86' lang='lat' dir='ltr'>nerit</span> <span class='ocrx_word' id='word_1_471' title='bbox 2203 4740 2283 4802; x_wconf 81' lang='lat' dir='ltr'>ad</span> <span class='ocrx_word' id='word_1_472' title='bbox 2327 4738 2729 4821; x_wconf 83' lang='lat' dir='ltr'>Prophetam‚</span> <span class='ocrx_word' id='word_1_473' title='bbox 2781 4756 2909 4801; x_wconf 86' lang='lat' dir='ltr'>non</span> <span class='ocrx_word' id='word_1_474' title='bbox 2960 4738 3068 4801; x_wconf 88' lang='lat' dir='ltr'>ille</span> <span class='ocrx_word' id='word_1_475' title='bbox 3114 4739 3196 4801; x_wconf 85' lang='lat' dir='ltr'>ad</span> <span class='ocrx_word' id='word_1_476' title='bbox 3246 4739 3474 4823; x_wconf 81' lang='lat' dir='ltr'>ipsam,</span> 
     </span>
     <span class='ocr_line' id='line_1_38' title="bbox 379 4836 3479 4922; baseline 0.001 -23"><span class='ocrx_word' id='word_1_477' title='bbox 379 4858 576 4915; x_wconf 83' lang='lat' dir='ltr'>super</span> <span class='ocrx_word' id='word_1_478' title='bbox 595 4840 914 4914; x_wconf 82' lang='lat' dir='ltr'>populum</span> <span class='ocrx_word' id='word_1_479' title='bbox 942 4838 1137 4896; x_wconf 73' lang='lat' dir='ltr'>hunc,</span> <span class='ocrx_word' id='word_1_480' title='bbox 1164 4838 1333 4895; x_wconf 74' lang='lat' dir='ltr'>Tolle</span> <span class='ocrx_word' id='word_1_481' title='bbox 1362 4856 1610 4915; x_wconf 82' lang='lat' dir='ltr'>quoque</span> <span class='ocrx_word' id='word_1_482' title='bbox 1639 4838 1714 4897; x_wconf 81' lang='lat' dir='ltr'>in</span> <span class='ocrx_word' id='word_1_483' title='bbox 1745 4856 1876 4897; x_wconf 86' lang='lat' dir='ltr'>ma-</span> <span class='ocrx_word' id='word_1_484' title='bbox 1985 4839 2305 4922; x_wconf 90' lang='lat' dir='ltr'>quomodo</span> <span class='ocrx_word' id='word_1_485' title='bbox 2333 4856 2553 4900; x_wconf 87' lang='lat' dir='ltr'>verum</span> <span class='ocrx_word' id='word_1_486' title='bbox 2599 4844 2695 4899; x_wconf 85' lang='lat' dir='ltr'>est</span> <span class='ocrx_word' id='word_1_487' title='bbox 2724 4837 2898 4917; x_wconf 85' lang='lat' dir='ltr'>quod</span> <span class='ocrx_word' id='word_1_488' title='bbox 2928 4836 3038 4916; x_wconf 83' lang='lat' dir='ltr'>ait,</span> <span class='ocrx_word' id='word_1_489' title='bbox 3072 4837 3201 4919; x_wconf 84' lang='lat' dir='ltr'>Ego</span> <span class='ocrx_word' id='word_1_490' title='bbox 3243 4840 3479 4903; x_wconf 85' lang='lat' dir='ltr'>missus</span> 
     </span>
     <span class='ocr_line' id='line_1_39' title="bbox 381 4932 3477 5020; baseline 0.001 -23"><span class='ocrx_word' id='word_1_491' title='bbox 381 4958 477 4997; x_wconf 78' lang='lat' dir='ltr'>nu</span> <span class='ocrx_word' id='word_1_492' title='bbox 519 4946 657 5006; x_wconf 82' lang='lat' dir='ltr'>tua,</span> <span class='ocrx_word' id='word_1_493' title='bbox 697 4934 758 4996; x_wconf 91' lang='lat' dir='ltr'>id</span> <span class='ocrx_word' id='word_1_494' title='bbox 809 4941 905 4996; x_wconf 89' lang='lat' dir='ltr'>est</span> <span class='ocrx_word' id='word_1_495' title='bbox 947 4933 1014 4995; x_wconf 89' lang='lat' dir='ltr'>in</span> <span class='ocrx_word' id='word_1_496' title='bbox 1061 4932 1280 5014; x_wconf 87' lang='lat' dir='ltr'>aliquo</span> <span class='ocrx_word' id='word_1_497' title='bbox 1329 4933 1708 5016; x_wconf 85' lang='lat' dir='ltr'>repositorio</span> <span class='ocrx_word' id='word_1_498' title='bbox 1759 4952 1872 4997; x_wconf 89' lang='lat' dir='ltr'>seu</span> <span class='ocrx_word' id='word_1_499' title='bbox 1987 4957 2125 5001; x_wconf 89' lang='lat' dir='ltr'>sum</span> <span class='ocrx_word' id='word_1_500' title='bbox 2167 4936 2246 4999; x_wconf 87' lang='lat' dir='ltr'>ad</span> <span class='ocrx_word' id='word_1_501' title='bbox 2288 4937 2391 4999; x_wconf 62' lang='lat' dir='ltr'>tel</span> <span class='ocrx_word' id='word_1_502' title='bbox 2420 4934 2497 4997; x_wconf 85' lang='lat' dir='ltr'>Et</span> <span class='ocrx_word' id='word_1_503' title='bbox 2524 4934 3063 5016; x_wconf 86' lang='lat' dir='ltr'>respondendum,</span> <span class='ocrx_word' id='word_1_504' title='bbox 3098 4937 3270 5019; x_wconf 90' lang='lat' dir='ltr'>quod</span> <span class='ocrx_word' id='word_1_505' title='bbox 3309 4956 3477 5020; x_wconf 78' lang='lat' dir='ltr'>quae·</span> 
     </span>
     <span class='ocr_line' id='line_1_40' title="bbox 383 5031 3482 5114; baseline 0 -16"><span class='ocrx_word' id='word_1_506' title='bbox 383 5034 666 5098; x_wconf 83' lang='lat' dir='ltr'>canistro</span> <span class='ocrx_word' id='word_1_507' title='bbox 713 5052 907 5095; x_wconf 89' lang='lat' dir='ltr'>manu</span> <span class='ocrx_word' id='word_1_508' title='bbox 956 5032 1290 5113; x_wconf 86' lang='lat' dir='ltr'>portando,</span> <span class='ocrx_word' id='word_1_509' title='bbox 1324 5035 1536 5095; x_wconf 84' lang='lat' dir='ltr'>decem</span> <span class='ocrx_word' id='word_1_510' title='bbox 1569 5052 1770 5110; x_wconf 81' lang='lat' dir='ltr'>panes</span> <span class='ocrx_word' id='word_1_511' title='bbox 1818 5044 1878 5095; x_wconf 77' lang='lat' dir='ltr'>et</span> <span class='ocrx_word' id='word_1_512' title='bbox 1907 5032 1956 5094; x_wconf 92' lang='lat' dir='ltr'>D</span> <span class='ocrx_word' id='word_1_513' title='bbox 1986 5037 2132 5098; x_wconf 92' lang='lat' dir='ltr'>dam</span> <span class='ocrx_word' id='word_1_514' title='bbox 2192 5034 2413 5097; x_wconf 89' lang='lat' dir='ltr'>missio</span> <span class='ocrx_word' id='word_1_515' title='bbox 2461 5040 2558 5096; x_wconf 88' lang='lat' dir='ltr'>est</span> <span class='ocrx_word' id='word_1_516' title='bbox 2606 5031 2847 5111; x_wconf 86' lang='lat' dir='ltr'>localis,</span> <span class='ocrx_word' id='word_1_517' title='bbox 2894 5051 3023 5114; x_wconf 88' lang='lat' dir='ltr'>qua</span> <span class='ocrx_word' id='word_1_518' title='bbox 3066 5032 3309 5097; x_wconf 86' lang='lat' dir='ltr'>femina</span> <span class='ocrx_word' id='word_1_519' title='bbox 3360 5036 3482 5099; x_wconf 87' lang='lat' dir='ltr'>ista</span> 
     </span>
     <span class='ocr_line' id='line_1_41' title="bbox 381 5130 3483 5217; baseline 0.001 -22"><span class='ocrx_word' id='word_1_520' title='bbox 381 5137 758 5203; x_wconf 79' lang='lat' dir='ltr'>crustulam,</span> <span class='ocrx_word' id='word_1_521' title='bbox 783 5131 846 5192; x_wconf 92' lang='lat' dir='ltr'>id</span> <span class='ocrx_word' id='word_1_522' title='bbox 869 5138 964 5193; x_wconf 89' lang='lat' dir='ltr'>est</span> <span class='ocrx_word' id='word_1_523' title='bbox 985 5149 1214 5212; x_wconf 88' lang='lat' dir='ltr'>panem</span> <span class='ocrx_word' id='word_1_524' title='bbox 1238 5150 1505 5212; x_wconf 83' lang='lat' dir='ltr'>parvum</span> <span class='ocrx_word' id='word_1_525' title='bbox 1526 5150 1600 5193; x_wconf 88' lang='lat' dir='ltr'>ac</span> <span class='ocrx_word' id='word_1_526' title='bbox 1622 5139 1878 5195; x_wconf 88' lang='lat' dir='ltr'>tenuem</span> <span class='ocrx_word' id='word_1_527' title='bbox 1987 5134 2164 5197; x_wconf 85' lang='lat' dir='ltr'>venit</span> <span class='ocrx_word' id='word_1_528' title='bbox 2196 5132 2392 5195; x_wconf 87' lang='lat' dir='ltr'>missa</span> <span class='ocrx_word' id='word_1_529' title='bbox 2418 5131 2497 5194; x_wconf 95' lang='lat' dir='ltr'>ad</span> <span class='ocrx_word' id='word_1_530' title='bbox 2524 5138 2757 5195; x_wconf 89' lang='lat' dir='ltr'>vatem.</span> <span class='ocrx_word' id='word_1_531' title='bbox 2790 5130 2931 5193; x_wconf 86' lang='lat' dir='ltr'>Alia</span> <span class='ocrx_word' id='word_1_532' title='bbox 2960 5139 3057 5194; x_wconf 84' lang='lat' dir='ltr'>est</span> <span class='ocrx_word' id='word_1_533' title='bbox 3086 5132 3307 5196; x_wconf 88' lang='lat' dir='ltr'>missio</span> <span class='ocrx_word' id='word_1_534' title='bbox 3356 5135 3483 5217; x_wconf 86' lang='lat' dir='ltr'>spi·</span> 
     </span>
     <span class='ocr_line' id='line_1_42' title="bbox 85 5219 3479 5329; baseline 0.001 -34"><span class='ocrx_word' id='word_1_535' title='bbox 85 5219 355 5329; x_wconf 55' lang='lat' dir='ltr'>f&#39;ff&#39;lfg</span> <span class='ocrx_word' id='word_1_536' title='bbox 386 5232 478 5295; x_wconf 88' lang='lat' dir='ltr'>sic</span> <span class='ocrx_word' id='word_1_537' title='bbox 512 5229 1004 5311; x_wconf 81' lang='lat' dir='ltr'>vocatum,quia</span> <span class='ocrx_word' id='word_1_538' title='bbox 1027 5228 1302 5292; x_wconf 88' lang='lat' dir='ltr'>totaliter</span> <span class='ocrx_word' id='word_1_539' title='bbox 1320 5230 1505 5310; x_wconf 90' lang='lat' dir='ltr'>quasi</span> <span class='ocrx_word' id='word_1_540' title='bbox 1525 5239 1739 5294; x_wconf 88' lang='lat' dir='ltr'>crusta</span> <span class='ocrx_word' id='word_1_541' title='bbox 1757 5241 1874 5309; x_wconf 87' lang='lat' dir='ltr'>est,</span> <span class='ocrx_word' id='word_1_542' title='bbox 1991 5230 2261 5307; x_wconf 80' lang='lat' dir='ltr'>ritualiS‚</span> <span class='ocrx_word' id='word_1_543' title='bbox 2311 5250 2441 5312; x_wconf 88' lang='lat' dir='ltr'>qua</span> <span class='ocrx_word' id='word_1_544' title='bbox 2486 5230 2635 5311; x_wconf 88' lang='lat' dir='ltr'>quis</span> <span class='ocrx_word' id='word_1_545' title='bbox 2683 5228 2919 5293; x_wconf 89' lang='lat' dir='ltr'>dicitur</span> <span class='ocrx_word' id='word_1_546' title='bbox 2964 5229 3154 5307; x_wconf 89' lang='lat' dir='ltr'>mitti,</span> <span class='ocrx_word' id='word_1_547' title='bbox 3199 5230 3354 5312; x_wconf 88' lang='lat' dir='ltr'>quia</span> <span class='ocrx_word' id='word_1_548' title='bbox 3399 5234 3479 5299; x_wconf 88' lang='lat' dir='ltr'>ad</span> 
     </span>
     <span class='ocr_line' id='line_1_43' title="bbox 83 5316 3483 5413; baseline 0 -21"><span class='ocrx_word' id='word_1_549' title='bbox 83 5316 356 5401; x_wconf 55' lang='lat' dir='ltr'>{Zmismss</span> <span class='ocrx_word' id='word_1_550' title='bbox 387 5333 468 5395; x_wconf 89' lang='lat' dir='ltr'>de</span> <span class='ocrx_word' id='word_1_551' title='bbox 509 5350 640 5413; x_wconf 91' lang='lat' dir='ltr'>quo</span> <span class='ocrx_word' id='word_1_552' title='bbox 682 5348 849 5413; x_wconf 68' lang='lat' dir='ltr'>saepe</span> <span class='ocrx_word' id='word_1_553' title='bbox 891 5329 958 5391; x_wconf 91' lang='lat' dir='ltr'>in</span> <span class='ocrx_word' id='word_1_554' title='bbox 991 5328 1203 5392; x_wconf 81' lang='lat' dir='ltr'>Exodo</span> <span class='ocrx_word' id='word_1_555' title='bbox 1245 5335 1308 5391; x_wconf 86' lang='lat' dir='ltr'>et</span> <span class='ocrx_word' id='word_1_556' title='bbox 1344 5328 1625 5393; x_wconf 85' lang='lat' dir='ltr'>Levitico</span> <span class='ocrx_word' id='word_1_557' title='bbox 1664 5330 1874 5413; x_wconf 84' lang='lat' dir='ltr'>agitur</span> <span class='ocrx_word' id='word_1_558' title='bbox 1990 5330 2307 5411; x_wconf 82' lang='lat' dir='ltr'>agendum</span> <span class='ocrx_word' id='word_1_559' title='bbox 2346 5327 2591 5410; x_wconf 86' lang='lat' dir='ltr'>aliquid</span> <span class='ocrx_word' id='word_1_560' title='bbox 2632 5327 3338 5410; x_wconf 54' lang='lat' dir='ltr'>deputatur‚,dirigitur‚</span> <span class='ocrx_word' id='word_1_561' title='bbox 3384 5350 3483 5395; x_wconf 88' lang='lat' dir='ltr'>or—</span> 
     </span>
    </p>
   </div>
  </div>
 </body>
</html>
