4359 6250
863 497 983 562 238
1714 508 2060 554 anama-10
2102 509 2163 554 m
2206 508 2343 555 car.
2391 509 2451 555 iv
2493 509 2674 555 nuru.
2719 528 2800 539 —
2838 509 2982 556 aar.
3029 509 3114 556 vn

865 698 935 753 ut
964 697 1243 771 putatur.
1262 690 1599 763 Quumque
1618 683 1883 742 vidisset
1906 681 2354 758 propinquum
2380 678 2432 740 A
2459 701 2709 760 quoque
2757 683 3199 753 Moabitidem,
3243 702 3386 761 quae
3435 702 3604 742 uoeor
3650 683 3958 760 defuncti

570 799 834 851 flammas.
856 790 1217 869 praeterire,
1239 790 1318 846 de
1346 803 1471 864 quo
1495 783 1688 859 prius
1714 799 1919 839 sermo
1950 778 2209 838 habitus
2237 786 2353 845 est,
2459 778 2618 853 fuit,
2663 780 2845 838 debes
2892 781 3176 856 accipere
3221 780 3585 856 conjugem,
3615 797 3818 860 quum
3868 778 3954 840 sit

608 3474 710 3519 ιον.
730 3485 812 3515 xxv

566 3539 635 3581 25.

861 889 975 972 qui
998 886 1241 950 scilicet
1260 891 1395 946 erat
1413 878 2045 964 propinquior‚dioeit
2064 879 2153 936 ad
2170 895 2352 935 eum:

858 991 1131 1052 Declina
1154 985 1519 1063 paulisper,
1538 990 1597 1040 et
1624 981 1768 1038 sede
1797 979 1924 1048 laic,
1944 996 2177 1036 vocans
2205 995 2353 1034 eum

856 1091 1117 1150 nomine
1142 1103 1278 1155 suo,
1303 1081 1475 1164 quod
1506 1097 1632 1142 non
1665 1074 2046 1158 exprimitur
2075 1073 2203 1150 hic,
2226 1072 2352 1136 for-

859 1196 917 1250 te
943 1193 1201 1269 propter
1230 1180 1675 1260 indignitatem
1704 1175 1932 1258 ipsiuS‚
1952 1173 2106 1257 quia
2131 1173 2198 1235 in
2231 1173 2350 1244 hac

854 1304 1048 1349 causa
1090 1282 1257 1345 male
1298 1299 1365 1342 se
1405 1276 1653 1340 habuit.
1694 1276 1820 1344 Qui
1848 1274 2145 1342 divertit,
2174 1282 2236 1333 et
2263 1291 2352 1331 se-

853 1389 977 1447 dit.
1019 1385 1267 1446 Tollen-s
1314 1389 1529 1440 autem
1570 1380 1743 1437 Booz
1790 1378 2005 1434 decem
2057 1375 2230 1432 viros
2269 1374 2350 1431 de

852 1485 1209 1546 senioribus
1238 1478 1545 1548 civitatis,
1578 1476 1754 1536 dia-it
1804 1477 1893 1534 ad
1938 1493 2038 1532 eos
2070 1493 2092 1530 .·
2124 1473 2348 1533 Sedete

857 1586 984 1654 hie,
1018 1590 1087 1644 ut
1126 1598 1340 1643 coram
1376 1583 1465 1639 tot
1506 1573 1775 1636 testibus
1816 1570 2141 1650 negotium
2176 1569 2346 1630 istud

858 1680 1188 1746 solennius
1238 1676 1445 1740 fieret.
1484 1676 1727 1743 Quibus
1772 1671 2223 1739 residentibus,
2263 1670 2349 1726 lo-

858 1792 1043 1844 cutus
1089 1789 1179 1840 est
1226 1780 1313 1839 ad
1352 1775 1803 1852 propinquum
1848 1789 1871 1828 .·
1900 1771 2169 1830 Partem
2199 1766 2347 1842 aqri

2459 877 2678 938 eadem
2733 876 2893 940 ratio
2941 896 3014 939 ac
3060 877 3264 958 jussio
3317 876 3474 957 legis
3520 876 3602 940 de
3650 875 3951 939 faciendo

2458 982 2754 1056 utroque.
2773 975 2950 1038 Unde
2976 975 3156 1056 juxta
3178 976 3543 1058 Josephum,
3563 977 3724 1038 Booz
3745 975 3908 1038 dixit
3933 991 3948 1035 ε

2459 1071 2621 1152 Ergo
2652 1091 2780 1136 non
2811 1092 2888 1135 ex
2919 1074 3128 1136 media
3158 1083 3336 1156 parte
3365 1082 3616 1156 oportet
3643 1083 3706 1136 te
3737 1074 3950 1154 legum

2458 1170 2692 1233 habere
2721 1171 3116 1234 memoriam.
3133 1171 3376 1234 Habeas
3399 1191 3658 1236 necesse
3677 1182 3775 1236 est
3802 1193 3950 1236 cum

2457 1287 2607 1350 agro
2647 1270 2934 1333 relictam
2977 1270 3289 1348 Mahalon,
3325 1281 3399 1332 ut
3427 1274 3688 1332 suscites
3715 1291 3952 1334 nomen

2449 1370 2816 1448 propinqui
2847 1373 2948 1430 tui
2985 1372 3057 1430 in
3088 1371 3442 1430 hereditate
3479 1391 3625 1443 sua,
3659 1371 3780 1434 hoc
3825 1379 3946 1447 est,

2458 1465 2669 1528 filium
2690 1467 2913 1547 gignas
2935 1487 3010 1529 ex
3031 1468 3211 1544 Ruth,
3227 1467 3339 1549 qui
3362 1477 3624 1532 vocetur
3649 1467 3678 1530 f
3681 1469 3832 1531 ilius
3851 1487 3952 1532 co-

2453 1564 2630 1644 gnati
2663 1565 2751 1626 tui
2783 1565 3094 1642 defuncti,
3114 1574 3175 1628 et
3199 1567 3259 1628 ei
3282 1567 3348 1629 in
3379 1586 3494 1629 sua
3521 1567 3820 1630 succedat
3850 1566 3952 1628 he—

2456 1663 2744 1726 reditate.
2761 1664 2928 1726 Talis
2950 1673 3158 1728 autem
3184 1663 3211 1726 s
3215 1664 3384 1741 ilius,
3402 1666 3748 1729 vocabatur
3767 1665 3798 1726 s
3799 1667 3950 1728 ilius

2457 1761 2676 1842 legalis
2705 1761 3019 1840 defuncti,
3057 1781 3136 1826 ne
3167 1763 3406 1844 periret
3433 1764 3572 1845 ejus
3611 1765 3944 1840 memoria,

856 1883 1090 1959 fratris
1118 1879 1348 1945 nostri,
1382 1875 1445 1936 id
1478 1880 1575 1934 est
1603 1867 2083 1948 consanguinei,
2110 1867 2347 1927 Elime-
2379 1859 2426 1920 B
2455 1869 2518 1922 et
2547 1861 2854 1923 naturalis
2889 1861 3069 1923 filius
3099 1863 3238 1941 ejus
3269 1861 3382 1943 qui
3412 1861 3632 1941 genuit
3661 1881 3834 1925 eum.

858 1982 1015 2052 leole,
1050 1977 1345 2039 vendidit
1378 1973 1632 2040 Noemi,
1662 1989 1803 2049 quse
1846 1986 2099 2027 reversa
2139 1975 2230 2025 est
2267 1969 2348 2025 de

854 2081 1110 2158 reqione
1142 2075 1514 2142 Moabitide,
1550 2069 1616 2132 id
1655 2075 1771 2142 est,
1806 2065 2029 2128 Noemi
2070 2063 2191 2126 ista
2225 2063 2348 2126 dis·

852 2176 1068 2261 posuit
1098 2174 1391 2246 vendere,
1427 2168 1525 2234 vel
1570 2165 1837 2230 forsitan
1868 2162 2163 2226 vendidit
2203 2180 2347 2243 par-

852 2287 978 2341 tem
1001 2273 1135 2354 agri
1155 2267 1503 2333 Elimelech
1529 2266 1628 2328 sui
1650 2263 1805 2327 olim
1833 2261 2339 2341 mariti.Nempe‚

850 2375 1020 2458 quod
1065 2371 1171 2447 ait,
1207 2365 1528 2441 Vendidit,
1572 2373 1844 2444 utroque
1892 2361 2083 2423 modo
2134 2357 2342 2439 accipi

852 2481 1081 2557 potest,
1117 2478 1187 2533 ut
1217 2466 1388 2530 infra
1416 2462 1683 2547 patebit.
1703 2462 1813 2523 Est
1841 2469 2053 2522 autem
2088 2475 2346 2521 consue·

852 2574 1004 2637 tudo
1033 2568 1394 2650 Scripturae,
1419 2571 1489 2626 ut
1515 2561 1766 2641 cognati
1804 2559 2082 2621 invicem
2114 2555 2345 2618 fratres

851 2678 1180 2735 vocentur.
1218 2666 1397 2735 Quod
1426 2663 1663 2723 audire
1696 2669 1751 2719 te
1783 2659 1991 2726 volui,
2020 2666 2080 2716 et
2111 2656 2232 2717 tibi
2249 2655 2347 2713 di-

853 2791 991 2832 cere
1029 2788 1243 2829 coram
1281 2763 1529 2824 cunctis
1566 2759 1930 2820 sedentibus
1972 2765 2029 2816 et
2079 2753 2347 2831 majori-

856 2873 971 2931 bus
1009 2877 1172 2929 natu
1210 2867 1290 2925 de
1320 2863 1559 2940 populo
1602 2878 1755 2917 meo.
1792 2857 1871 2916 Si
1902 2856 1999 2914 vis
2021 2853 2347 2932 possidere

2540 1962 2660 2021 Cui
2709 1962 2821 2020 ille
2869 1963 3197 2038 respondit
3229 1978 3253 2021 .·
3289 1963 3449 2021 Cedo
3485 1962 3643 2038 juri
3674 1965 3952 2040 propin-

2453 2061 2759 2138 quitatis:
2774 2059 2929 2141 quia
2957 2059 3024 2120 in
3054 2078 3130 2121 ea
3159 2067 3338 2140 parte
3365 2077 3492 2140 qua
3521 2077 3597 2122 ex
3627 2069 3949 2142 praecepto

2454 2155 2612 2236 legis
2641 2159 3155 2222 commoditatem
3187 2157 3499 2239 consequi
3533 2166 3802 2240 poterat,
3837 2178 3948 2222 vo—

2455 2255 2575 2317 luit
2601 2257 2744 2337 jure
2771 2258 3078 2336 gaudere3
3105 2275 3232 2320 non
3263 2265 3476 2318 autem
3507 2257 3572 2318 in
3603 2265 3784 2338 parte
3815 2277 3949 2339 qua

2454 2362 2700 2436 poterat
2743 2355 2890 2418 inde
2933 2356 3206 2435 gravari,
3241 2355 3664 2437 alienigenam
3706 2375 3950 2438 paupe-

2455 2473 2718 2537 remque
2746 2455 3058 2518 ducendo.
3078 2459 3298 2534 Neque
3315 2459 3489 2517 enim
3505 2459 3950 2536 posteritatem

2453 2555 2736 2629 familioe
2767 2575 2920 2616 meae
2946 2557 3154 2615 delere
3180 2557 3391 2627 debe0,
3428 2554 3492 2616 id
3530 2562 3648 2630 est,
3681 2573 3812 2618 non
3859 2555 3951 2618 ita

2453 2651 2654 2714 debeo
2693 2671 2918 2716 vacare
2960 2653 3355 2732 generationi
3401 2653 3619 2734 proliS‚
3655 2672 3800 2735 quae
3839 2655 3951 2716 ad-

2454 2750 2768 2812 scribatur
2796 2760 3064 2831 cognato
3095 2768 3236 2813 meo
3263 2750 3394 2831 jam
3424 2760 3695 2829 mortuo,
3735 2761 3804 2814 ut
3837 2772 3950 2814 ne-

2452 2847 2687 2927 gligam
2733 2848 3030 2912 insudare
3060 2849 3453 2930 generationi
3501 2848 3788 2913 filiorum
3829 2851 3949 2932 qui

857 2985 1078 3049 agrum
1132 2964 1312 3026 illum
1341 2961 1503 3038 jure
1543 2953 2082 3035 propinquitatis,
2111 2970 2246 3010 eme
2286 2957 2346 3008 et
2455 2946 2612 3007 mihi
2646 2946 2769 3029 ipsi
2799 2948 3247 3011 attribuantur.
3274 2948 3503 3032 Sicque
3535 2949 3780 3014 viriste
3811 2969 3944 3014 non

850 3068 1120 3148 posside.
1135 3061 1293 3137 Quia
1311 3058 1417 3120 hic
1438 3051 2153 3132 dicitur,Eme,videtur
2171 3047 2342 3130 quod
2379 3048 2422 3111 C
2455 3055 2590 3107 erat
2617 3047 3009 3125 caritativuS,
3045 3049 3154 3110 sed
3195 3067 3451 3131 pravuS,
3491 3058 3794 3132 reputans
3835 3069 3951 3114 ve-

858 3185 1007 3248 ager
1038 3163 1318 3226 nondum
1349 3156 1643 3221 venditus
1675 3151 1859 3215 suita
1882 3147 2255 3213 Noemi.Vel
2289 3146 2342 3208 si

857 3264 1155 3333 venditus
1188 3259 1325 3335 fuit,
1342 3266 1493 3319 tunc
1522 3252 1693 3336 quod
1714 3246 2346 3325 dieitur,Eme,intel-

859 3363 1185 3445 ligendum
1232 3364 1327 3419 est
1374 3356 1453 3417 de
1495 3350 1737 3416 venditi
1786 3347 1917 3428 agri
1966 3344 2346 3426 redemptio-

817 3484 963 3539 ‚ne,
1006 3477 1149 3542 quae
1193 3462 1327 3519 erat
1369 3450 1608 3533 emptio
1648 3448 1960 3530 quaedam,
2006 3442 2345 3527 pertinuit-

860 3582 986 3646 quc
1030 3559 1109 3621 ad
1151 3556 1254 3637 jus
1297 3546 1797 3635 propinquioriS‚
1834 3552 1904 3607 ut
1950 3543 2016 3604 in
2060 3541 2343 3603 Levitico

859 3660 1150 3723 habetur.
1182 3656 1307 3717 Sin
1344 3660 1560 3711 autem
1596 3647 1895 3723 displicet
1931 3644 2072 3712 tibi,
2107 3642 2222 3701 hoc
2251 3642 2345 3718 ip-

854 3782 999 3822 sum
1038 3757 1263 3818 indica
1314 3752 1506 3819 mile-i,
1548 3756 1620 3807 ut
1664 3746 1869 3805 sciam
1918 3744 2081 3823 quid
2131 3743 2345 3820 facere

854 3862 1135 3921 debeam.
1172 3855 1415 3915 Nullus
1444 3857 1533 3908 est
1562 3848 1737 3906 enim
1759 3843 2203 3921 propinquus,
2235 3862 2345 3899 ex-

853 3968 1026 4037 cepto
1061 3967 1137 4025 te,
1162 3952 1278 4033 qui
1301 3950 1489 4027 prior
1518 3966 1579 4005 es
1594 3968 1621 4016 ,⁰
1648 3952 1707 4003 et
1740 3963 1858 4014 me,
1876 3942 1994 4021 qui
2023 3942 2344 4000 secundus

851 4078 1019 4118 sum.
1055 4053 1182 4115 Hoc
1220 4056 1423 4123 sonat,
1461 4042 1644 4125 quasi
1682 4038 2031 4103 Elimclech
2071 4056 2196 4101 non
2231 4037 2342 4099 ha-

852 4153 1098 4218 buisset
1136 4145 1530 4232 propinquos
1582 4139 1706 4204 nisi
1754 4140 1868 4202 hos
1918 4138 2076 4199 duos
2111 4154 2125 4197 z
2161 4136 2335 4217 quod

2455 3145 2552 3207 lut
2579 3146 3004 3229 superfluum,
3031 3167 3246 3211 semen
3277 3150 3583 3212 suscitare
3612 3150 3794 3214 alteri
3827 3170 3944 3213 seu

2454 3244 2781 3310 defunct0.
2824 3246 3093 3329 Fuitque
3137 3247 3366 3310 similis
3411 3247 3554 3311 filio
3594 3249 3789 3327 Judae,
3824 3251 3940 3332 qui

2456 3344 2677 3408 videns
2720 3345 2844 3408 sibi
2884 3364 3009 3409 non
3055 3346 3228 3409 nasci
3275 3345 3472 3422 filios,
3507 3366 3723 3411 semen
3770 3347 3944 3411 rudit

2455 3442 2521 3503 in
2551 3452 2806 3521 terram,
2833 3453 2904 3507 ut
2932 3445 3000 3506 in
3025 3444 3251 3507 Genesi
3282 3444 3574 3509 habetur.
3609 3446 3721 3509 Vel
3759 3466 3774 3509 ε
3803 3448 3942 3511 Non
4013 3468 4028 3479 ·

2453 3542 2653 3605 debeo
2702 3543 3135 3624 posteritatem
3185 3542 3450 3607 familiae
3495 3564 3652 3607 meae
3699 3546 3938 3623 delere,

2452 3640 2573 3703 hoc
2601 3650 2717 3716 est,
2738 3660 2864 3704 non
2897 3660 2998 3703 me
3020 3641 3222 3704 debeo
3251 3660 3563 3724 occupare
3596 3644 3766 3706 eirca
3793 3646 3948 3707 edu·

2453 3739 2766 3803 cationem
2798 3747 2860 3801 et
2887 3739 3318 3822 provisionem
3359 3740 3556 3821 prolis
3603 3741 3942 3805 nasciturae

2453 3857 2528 3899 ex
2573 3836 2816 3901 femina
2859 3838 2998 3913 ista,
3037 3857 3182 3919 quae
3220 3837 3429 3920 proles
3465 3839 3646 3901 alteri
3677 3840 3944 3922 depute-

2454 3945 2576 4013 tur,
2611 3945 2674 3999 et
2713 3956 2827 4019 per
2864 3936 2986 3999 hoc
3025 3936 3344 4016 negligere
3382 3956 3600 3999 curam
3633 3946 3695 3999 et
3725 3940 3942 4019 provi-

2451 4036 2695 4100 sionem
2726 4036 2998 4118 propriae
3028 4036 3287 4100 sobolis,
3320 4035 3533 4118 Aliqui
3565 4055 3716 4101 vero
3746 4058 3941 4121 expo-

2451 4143 2614 4197 nunt
2641 4135 2732 4197 sic
2759 4152 2772 4197 :
2805 4134 2939 4198 Non
2971 4134 3170 4196 debeo
3203 4134 3638 4216 posteritatem
3671 4134 3940 4200 familiai

854 4265 1255 4332 nequaquam
1288 4242 1641 4327 putandum
1670 4248 1787 4302 est.
1823 4238 1931 4299 Est
1962 4236 2157 4316 igitur
2197 4254 2341 4297 sen-
2369 4237 2417 4298 D
2449 4254 2606 4298 meae
2647 4235 2879 4310 delere,
2912 4234 3066 4315 quia
3109 4231 3427 4309 videlicet,
3464 4234 3517 4296 si
3568 4254 3643 4297 ex
3695 4234 3938 4299 femina

853 4370 960 4413 sus
998 4365 1011 4410 :
1046 4346 1265 4411 Nullus
1297 4341 1695 4426 propinquus
1737 4346 1855 4414 est,
1890 4336 1967 4398 ad
1997 4355 2189 4417 quem
2223 4335 2340 4397 sci-

854 4447 1004 4510 licet
1042 4464 1156 4528 pro
1194 4440 1491 4525 praesenti
1529 4438 1819 4503 videatur
1858 4434 2179 4516 pertinere
2209 4452 2337 4495 em-

852 4546 987 4630 ptio
1037 4546 1177 4620 ista,
1231 4540 1354 4604 nisi
1412 4547 1501 4613 tu,
1552 4536 1663 4618 qui
1722 4536 1787 4596 in
1838 4532 2338 4616 propinquitatis

850 4646 1049 4727 gradu
1079 4661 1146 4706 es
1176 4639 1443 4723 primm,
1470 4645 1532 4699 et
1562 4652 1677 4715 ego
1708 4632 2047 4696 secundus,
2068 4636 2341 4710 Respon-

850 4750 951 4807 dit
983 4764 1005 4807 :
1040 4746 1171 4821 Εζᾳο
1200 4760 1411 4801 emam
1442 4758 1698 4815 ayrum.

936 4846 1057 4908 Cui
1084 4843 1261 4903 dimit
1291 4842 1463 4901 Booz
1485 4853 1508 4897 .·
1534 4836 1802 4903 Quando
1832 4834 2062 4893 emer-is
2102 4853 2340 4909 ayrum

850 4947 930 5006 de
959 4963 1162 5006 manu
1192 4938 1511 5002 mulieris.
1548 4934 1612 4997 Si
1644 4952 1755 5015 per
1785 4931 2119 4994 mulierem
2157 4931 2342 4993 intel-

852 5044 1084 5123 ligatur
1112 5037 1353 5113 Noemi‚
1380 5033 1561 5115 sequi
1593 5032 1865 5107 videtur,
1899 5031 2071 5112 quod
2112 5048 2336 5110 agrum

852 5142 1043 5205 istum
1073 5147 1220 5203 ante
1249 5154 1378 5200 non
1408 5130 1717 5199 vendidit.
1740 5130 1917 5193 Unde
1946 5131 2117 5211 quod
2147 5148 2341 5211 supe-

851 5242 983 5304 rius
1030 5238 1274 5302 dictum
1320 5242 1436 5312 est,
1470 5234 1705 5312 Agrum
1753 5228 2042 5295 vendidit
2087 5227 2334 5305 Noemi,

851 5337 1297 5424 exponendum
1328 5341 1445 5410 est,
1479 5330 1753 5395 vendere
1783 5326 2120 5413 disposuit.
2157 5328 2338 5389 Ruth

2449 4336 2571 4397 ista
2615 4334 2942 4415 gignerem
2993 4331 3192 4409 filios,
3228 4330 3352 4393 filii
3404 4332 3499 4394 illi
3551 4352 3676 4397 non
3720 4346 3936 4399 essent

2451 4436 2615 4497 inter
2662 4433 2837 4495 filios
2885 4431 3072 4495 Israel
3126 4432 3560 4512 computandi,
3615 4452 3812 4515 quum
3866 4435 3932 4497 in

2447 4530 2936 4597 Deuteronomio
2963 4529 3272 4611 scriptum
3303 4530 3387 4592 sit
3415 4548 3429 4591 :
3453 4532 3846 4596 Ammonites
3869 4544 3935 4598 et
3995 4560 4255 4610 Beuum

2447 4633 2745 4697 Moabites
2789 4649 2916 4693 non
2961 4629 3291 4692 intrabunt
3332 4629 3395 4691 in
3437 4630 3782 4695 Ecclesiam
3819 4634 3932 4698 Dei
3965 4625 4018 4665 ³·

2448 4733 2515 4795 in
2546 4740 2876 4795 aeternum.
2911 4728 3030 4791 Sed
3062 4727 3114 4791 si
3145 4728 3264 4791 hoc
3294 4729 3506 4792 dicere
3536 4730 3928 4811 intendebat,

2448 4828 2683 4893 erravit
2709 4847 2722 4891 ε
2747 4828 2902 4910 quia
2922 4834 3309 4909 praeceptum
3333 4826 3491 4889 illud
3521 4829 3788 4911 suscipit
3807 4831 3936 4893 dis·

2448 4928 2885 5011 pensationem
2925 4926 2990 4987 in
3031 4925 3354 4988 conversis
3393 4926 3471 4988 ad
3500 4927 3928 5005 Iudaismum,

2448 5037 2510 5090 et
2537 5036 2796 5110 propter
2824 5025 3126 5089 virtutem
3168 5031 3230 5086 et
3275 5022 3652 5089 fidelitatem
3680 5026 3936 5091 Ammo-

2449 5126 2726 5189 nitarum
2785 5144 2858 5187 ac
2906 5122 3319 5186 Moabitarum
3370 5124 3787 5203 quorumdam
3849 5126 3931 5187 ad

2449 5224 2623 5288 filios
2670 5222 2879 5301 Israel,
2926 5230 2997 5284 ut
3043 5229 3216 5304 patet
3264 5220 3331 5282 in
3380 5221 3544 5284 libro
3586 5221 3800 5285 Judith
3850 5224 3935 5286 de
3983 5252 4260 5303 ,tufum

2449 5324 2678 5389 Achior
2721 5320 3012 5405 principe
3038 5319 3564 5384 Ammonitarum.
3599 5320 3720 5385 Nec
3766 5320 3934 5385 illud
3963 5318 4019 5359 ⁶·

3977 3370 4257 3420 Gen-xxm
