4359 6250
650 1302 778 1344 Dent.

575 1378 714 1416 xxxiv,
731 1368 772 1408 8.

657 2094 814 2137 Petrus

575 2157 810 2200 comestor.

590 2579 724 2623 Jeme
741 2593 783 2630 n,
803 2581 838 2623 1.

652 3765 778 3807 Dent.

582 3841 724 3877 xxxiv,
781 3860 792 3871 .

865 503 904 566 6
1751 520 2098 567 mannum
2139 521 2201 566 ιΝ
2244 519 2382 565 car.
2429 519 2447 563 ι
2488 517 2691 566 Josua.
2736 537 2816 548 —
2857 518 3000 565 Aur.
3044 520 3067 564 1

865 693 1032 756 sicut
1061 694 1137 756 ad
1161 693 1434 776 Moysen,
1456 710 1568 773 per
1592 699 1943 753 creaturam
1976 689 2351 770 subjectam,
2384 686 2435 749 A
2467 687 2813 750 missionis,
2849 688 3155 770 Denique,
3194 689 3256 751 in
3289 690 3779 754 Deuteronomio
3819 691 3951 754 evi·
4030 709 4166 752 ocur.

3978 785 4123 823 xxxiv,
4150 775 4197 813 5.

865 801 1017 874 puta
1068 811 1183 874 per
1219 791 1518 870 angelum
1564 789 1628 850 in
1674 789 1953 852 humana
1986 787 2212 869 effigie
2251 807 2359 869 ap-

865 898 1224 972 parentem,
1280 898 1342 953 et
1396 889 1462 950 in
1513 887 1735 968 vigilia
1793 887 2010 970 plena,
2068 895 2132 949 et.
2192 886 2356 950 sorte

864 989 1208 1069 aliquando
1253 989 1459 1051 aliter.
1492 988 1585 1049 Ad
1632 987 1981 1050 secundum
2025 985 2225 1068 aliqui
2267 984 2356 1046 di-

866 1088 1230 1168 cunt,quod
1264 1086 1569 1150 Dominus
1600 1085 1759 1148 dixit
1791 1085 1912 1148 ista
1943 1084 2133 1148 verba
2163 1085 2241 1147 ad
2262 1085 2357 1147 Jo-

869 1204 982 1248 sue
1011 1194 1156 1247 ante
1189 1183 1388 1247 finem
1421 1185 1628 1246 luctus
1658 1184 1881 1246 mortis
1902 1183 2353 1264 MoysiS‚quem

869 1282 994 1346 filii
1024 1283 1212 1346 Israel
1246 1283 1626 1366 planxerunt
1658 1282 1918 1362 triginta
1947 1280 2195 1345 diebuS.
2231 1281 2355 1343 Alii

867 1382 1110 1459 dicunt,
1145 1383 1313 1464 quod
1358 1390 1500 1464 post
1541 1380 1740 1444 finem
1772 1381 2017 1443 dierum
2054 1381 2308 1443 illorum
2338 1398 2350 1441 :

867 1480 1037 1562 quod
1081 1480 1294 1544 verius
1338 1480 1603 1544 aestimo.
1639 1481 1792 1542 Nam
1825 1480 1946 1542 hoc
1977 1481 2057 1543 ad
2089 1481 2357 1542 honora-

869 1579 1106 1641 tionem
1139 1579 1296 1642 tanti
1329 1579 1711 1660 legislatoris
1735 1599 1807 1641 ac
1828 1578 1988 1641 vatis
2020 1579 2351 1661 pertinuit,

868 1678 1037 1759 quod
1086 1678 1355 1740 durante
1403 1679 1578 1741 luctu
1627 1677 1850 1759 ipsiuS,
1886 1677 2193 1740 Dominus
2231 1677 2357 1741 alia

869 1791 997 1839 non
1027 1775 1348 1839 commisit
1377 1777 1621 1856 agenda
1651 1775 1792 1857 ejus
1823 1774 2117 1838 ministro
2142 1795 2217 1838 ac
2250 1795 2355 1857 po-

2465 787 2687 850 denter
2720 794 3011 850 narratur
3040 788 3278 870 Moyses
3308 808 3445 852 esse
3476 788 3837 855 defunctus

2544 889 2773 963 Surye.
2796 885 2883 947 Ex
2912 885 3032 948 hoc
3064 887 3261 950 verbo
3290 886 3493 952 videri
3525 898 3760 970 posset,
3778 890 3949 971 quod

2465 983 2711 1047 sedenti
2744 984 2841 1047 vel
2874 983 3110 1065 jacenti
3142 994 3249 1046 aut
3278 986 3621 1049 dormienti
3645 987 3949 1051 Dominus

2465 1083 2695 1145 dixerit
2726 1083 2879 1145 ista:
2916 1082 3209 1162 vigilanti
3242 1104 3518 1167 namque
3546 1093 3611 1148 et
3639 1086 3829 1148 stanti
3860 1085 3951 1148 di-

2465 1181 2525 1243 ci
2574 1199 2699 1243 non
2746 1181 2927 1258 solet,
2965 1182 3184 1263 Surge.
3222 1182 3341 1245 Sed
3372 1182 3625 1265 opinari
3668 1183 3815 1265 quis
3846 1202 3951 1266 po-

2467 1289 2607 1356 test,
2643 1280 2815 1361 quod
2846 1280 3114 1343 Domino
3158 1280 3507 1363 incipiente
3537 1282 3715 1364 loqui
3746 1283 3823 1344 ad
3852 1283 3949 1346 Jo-

2465 1398 2598 1454 sue,
2636 1378 2773 1460 ipse
2805 1379 2903 1441 vir
2943 1388 3201 1441 sanctus
3244 1379 3573 1444 humiliter
3622 1399 3689 1444 se
3738 1399 3947 1445 coram

2466 1477 2589 1540 Deo
2650 1477 3083 1559 prostraverit,
3148 1487 3589 1560 prostratoque
3647 1480 3949 1542 Dominus

2464 1576 2714 1653 dixerit,
2752 1577 2972 1656 Surge,
3008 1577 3173 1638 sicut
3221 1585 3285 1639 et
3328 1577 3497 1639 int'ra
3537 1577 3625 1641 ait
3661 1579 3741 1641 ad
3776 1597 3946 1653 eum,

2466 1675 2687 1755 Surge,
2720 1693 2833 1737 cur
2858 1675 3030 1756 jaces
3064 1692 3302 1756 pronus
3332 1675 3397 1738 in
3430 1680 3640 1739 terra?
3672 1676 3782 1740 Vel
3816 1696 3951 1739 sen-

2466 1793 2574 1834 sus
2606 1781 2732 1836 est:
2760 1772 2972 1852 Surge,
2997 1773 3057 1834 id
3091 1781 3208 1850 est,
3228 1774 3305 1835 ad
3337 1782 3545 1836 actum
3578 1782 3637 1837 te
3668 1793 3952 1857 praepara

869 1874 1041 1957 pulc,
1061 1874 1358 1938 videlicet
1391 1875 1826 1938 transitionem
1862 1893 1975 1956 per
1991 1875 2352 1951 Jordanem,
2394 1875 2439 1936 B
2466 1880 2531 1936 et
2560 1872 2848 1935 extende.
2884 1871 3063 1935 Circa
3092 1872 3211 1934 hoc
3244 1873 3466 1936 scribit
3494 1874 3710 1936 Petrus
3740 1875 3954 1938 Come-

869 1980 932 2035 et
961 1972 1332 2035 missionem
1362 1974 1853 2055 exploratorum,
1873 1992 1948 2034 ac
1976 1981 2188 2035 cetera
2218 1991 2357 2053 quae

871 2070 934 2132 in
969 2070 1091 2133 isto
1123 2080 1476 2152 sequuntur
1513 2071 1814 2153 capitulo.
1851 2071 2008 2134 Hinc
2056 2071 2120 2133 in
2167 2071 2360 2133 Scho-

871 2169 1090 2256 lastica
1135 2169 1337 2233 fertur
1380 2171 1686 2234 historia:
1719 2171 1862 2234 Post
1899 2179 2164 2234 mortem
2200 2169 2362 2252 Moy-

871 2269 982 2346 siS,
1001 2267 1371 2349 quiescente
1403 2269 1577 2331 luctu
1607 2268 1828 2351 populi
1856 2287 1972 2351 pro
1991 2287 2091 2346 eo,
2110 2269 2359 2332 locutus

871 2375 968 2428 est
996 2366 1301 2429 Dominus
1333 2367 1452 2428 ista
1483 2367 1563 2429 ad
1591 2368 1799 2430 Josue.
1837 2367 1996 2448 Lyra
2028 2374 2238 2430 tamen
2271 2366 2360 2429 di-

872 2463 960 2526 cit
989 2464 1283 2527 Hebraeos
1314 2464 1499 2528 aliter
1529 2464 1801 2546 opinari,
1821 2473 1884 2527 et
1915 2466 2204 2546 sequitur
2225 2482 2354 2542 eos,

874 2570 943 2624 ut
987 2562 1053 2624 in
1100 2562 1495 2643 expositione
1539 2563 1866 2644 sequentis
1905 2563 2168 2645 capituli
2204 2562 2360 2626 refe-

873 2669 1066 2723 retur.

950 2759 1213 2842 Insuper
1243 2759 1441 2841 quaeri
1475 2768 1702 2842 potest,
1723 2779 1838 2822 cur
1867 2761 2172 2824 Dominus
2202 2760 2361 2822 dixit

869 2858 947 2920 ad
968 2857 1177 2935 Josue,
1197 2858 1433 2940 Moyses
1467 2877 1686 2921 servus
1718 2877 1897 2922 meus
1931 2867 2217 2921 mortuus
2244 2867 2354 2935 est,

869 2975 1068 3038 quum
1103 2965 1313 3020 tamen
1347 2957 1466 3020 hoc
1499 2965 1719 3020 notum
1755 2957 2068 3020 exstiterit
2109 2966 2233 3020 tam
2262 2959 2361 3022 Jo-

2468 1979 2638 2034 stor:
2673 1970 2847 2045 Quod
2880 1970 2989 2047 ait,
3028 1970 3246 2050 Surge,
3284 1971 3523 2035 locutio
3562 1981 3679 2049 est,
3714 1982 3777 2035 et
3824 1990 3951 2036 non

2468 2078 2563 2132 est
2594 2086 2853 2132 sensus:
2881 2069 2943 2130 id
2976 2076 3091 2145 est,
3110 2086 3314 2148 genus
3344 2078 3408 2133 et
3435 2071 3661 2134 modus
3689 2071 3952 2152 quidam

2470 2168 2771 2251 loquendi
2803 2175 2920 2245 est,
2958 2187 3073 2230 nec
3106 2167 3215 2231 ille
3244 2179 3341 2231 est
3373 2169 3731 2233 intellectus
3759 2190 3949 2252 quem

2471 2267 2681 2332 facere
2706 2267 2899 2329 verba
2930 2266 3245 2329 videntur.
3266 2271 3348 2330 Ει
3380 2271 3589 2329 tran-52⁹
3602 2273 3954 2331 Iordanem

2473 2371 2667 2427 istum
2700 2374 2983 2446 tempore
3014 2375 3395 2448 opportuno,
3431 2366 3496 2430 id
3536 2375 3653 2443 est,
3687 2367 3955 2449 dispone

2472 2474 2531 2529 te
2560 2466 2636 2528 ad
2670 2463 3125 2527 transeundum
3173 2484 3286 2546 per
3329 2464 3598 2528 fundum
3637 2466 3949 2542 sor-danis,

2472 2575 2541 2626 ιιι
2571 2575 2631 2624 ec
2661 2565 2869 2623 omnis
2905 2567 3187 2640 populu-s
3232 2573 3459 2636 tecum,
3493 2563 3703 2626 omnis
3736 2564 3954 2628 videli-

2469 2671 2568 2726 cet
2598 2661 2979 2724 Israeliticus
3011 2661 3309 2743 populuS,
3330 2681 3517 2743 quem
3554 2662 3668 2726 tibi
3700 2664 3958 2727 commi-

2469 2762 2523 2823 si
2576 2770 2645 2823 ut
2687 2760 2832 2823 duci
2875 2779 2947 2823 ac
2987 2759 3288 2842 principi.
3327 2766 3718 2842 Omnemque
3748 2767 3957 2824 locum

2468 2883 2653 2941 quem
2703 2862 3050 2920 calcaverit
3104 2861 3443 2936 vestiqium
3498 2864 3687 2938 pedis
3736 2865 3957 2932 vestri,

2472 2961 2643 3019 vobis
2676 2959 3141 3027 tradam,st‘eut
3175 2962 3421 3019 locutus
3449 2979 3594 3020 sum
3616 2962 3869 3038 Moysi:
3892 2960 3957 3022 id

871 3073 985 3118 sue
1029 3055 1174 3138 ipsi,
1211 3075 1401 3138 quam
1449 3057 1688 3139 populo
1721 3056 1857 3119 toti.
1893 3057 2355 3139 Respondetur,
2393 3055 2438 3119 C
2472 3067 2588 3136 est,
2623 3056 2986 3119 universam
3040 3064 3294 3134 terram,
3328 3076 3521 3139 quam
3563 3059 3961 3141 perambula-

871 3156 1042 3237 quod
1086 3155 1392 3219 Dominus
1433 3155 1566 3218 haec
1607 3156 1947 3237 loquendo,
1982 3156 2263 3219 ostendit
2294 3177 2361 3220 se

871 3272 1218 3317 memorem
1249 3254 1414 3317 servi
1437 3254 1536 3316 sui
1567 3253 1783 3317 fidelis
1807 3254 1998 3317 etiam
2032 3262 2174 3337 post
2206 3274 2363 3318 mor-

875 3360 1002 3414 tem
1049 3351 1275 3433 ipsiuS.
1309 3353 1422 3414 Per
1471 3354 1688 3415 eadem
1732 3371 1990 3435 quoquc
2028 3353 2225 3415 verba
2263 3354 2363 3417 de—

877 3450 1107 3511 struxit
1148 3450 1306 3513 duos
1355 3469 1639 3514 errores:
1674 3451 1975 3528 Primum,
2011 3451 2363 3531 dicentium

877 3548 1126 3629 Moysen
1151 3567 1278 3612 non
1305 3567 1443 3613 esse
1464 3548 1857 3627 defunctum,
1875 3552 1984 3613 sed
2007 3570 2146 3613 esse
2169 3558 2367 3614 trans-

879 3648 1078 3708 latum
1122 3647 1185 3710 in
1219 3647 1604 3729 paradisum,
1650 3656 1713 3711 et
1755 3666 1894 3712 esse
1933 3670 2077 3712 eum
2125 3650 2261 3713 Elia
2302 3659 2366 3713 et

876 3746 1117 3821 Enoch,
1175 3746 1475 3827 quoniam
1526 3746 1774 3809 nullum
1829 3749 2049 3811 mortis
2100 3768 2229 3811 suae
2278 3750 2365 3811 si-

877 3861 1072 3922 gnum
1118 3844 1185 3906 in
1227 3852 1390 3906 terra
1429 3844 1719 3907 relictum
1762 3854 1878 3921 est,
1923 3854 1987 3910 et
2026 3847 2176 3927 quia
2219 3867 2363 3910 cum

879 3942 1128 4006 Christo
1161 3942 1227 4004 in
1259 3963 1370 4005 sua
1411 3943 1975 4025 transfiguratione
2024 3946 2369 4028 corporali-

2472 3157 2692 3221 veritis
2724 3156 3045 3238 pergendo
3074 3156 3155 3218 ad
3189 3173 3466 3237 pugnam
3497 3165 3716 3220 contra
3746 3159 3960 3222 adver-

2472 3256 2670 3318 sarios
2702 3262 2968 3330 vestrm,
3006 3273 3107 3317 me
3138 3255 3484 3318 auxiliante
3514 3256 3907 3320 obtinebitis.

2552 3353 2790 3415 Deinde
2836 3352 3091 3414 termini
3144 3360 3325 3415 terrae
3376 3354 3818 3435 promissionis
3862 3376 3961 3419 ex-

2474 3452 2859 3534 primuntur.
2898 3454 2953 3512 A
2987 3454 3229 3511 deserto
3256 3462 3315 3512 et
3346 3454 3619 3524 Libane,
3644 3476 3847 3533 usque
3873 3459 3961 3515 ad

2472 3552 2753 3627 fluvium
2785 3570 3096 3625 maynum
3121 3552 3755 3626 Euphratemomnis·
3790 3563 3961 3613 terra

2474 3652 2888 3710 Hetlzaeorum
2920 3668 3119 3726 usque
3146 3651 3234 3707 ad
3266 3669 3443 3709 mare
3475 3652 3791 3727 Maynum
3822 3672 3963 3712 con-

2475 3759 2577 3809 tra
2604 3749 2755 3807 solis
2784 3766 3098 3816 occasum,
3131 3748 3255 3807 erit
3301 3748 3615 3807 terminus
3644 3758 3867 3819 vester,
3898 3748 3961 3811 id

2472 3854 2571 3909 est
2604 3854 2769 3909 terra
2798 3852 2860 3907 et
2893 3843 3069 3906 locus
3101 3852 3323 3907 vestrae
3354 3844 3963 3910 habitationiS.Prae-

2476 3953 2644 4008 terea
2688 3942 3051 4005 intellectus
3096 3942 3287 4023 hujus
3328 3942 3655 4025 particulae
3687 3952 3857 4025 patet
3886 3965 3962 4008 ex

4024 1699 4165 1742 Josne
4178 1713 4257 1744 vn.

3982 1763 4047 1805 to.

593 4068 852 4121 Mamm„
885 4050 1000 4117 ter,
1036 4042 1566 4122 quemadmodum
1599 4052 1658 4105 et
1691 4043 1882 4120 Elias,
1917 4045 2233 4126 apparuit.
2265 4046 2370 4107 Se-
2475 4060 2571 4117 e0‚
2607 4042 2773 4123 quod
2810 4040 2874 4102 in
2906 4040 3121 4103 Exodo
3152 4040 3456 4103 Dominus
3497 4041 3818 4123 loquitur:
3851 4044 3963 4106 Po-
3993 4067 4269 4111 anama.

588 4133 849 4237 {3³222⁶·::
883 4140 1128 4202 cundus
1152 4157 1328 4203 error
1350 4138 1473 4203 fuit
1494 4141 1974 4205 Manichaeorum
2005 4151 2068 4205 et
2095 4142 2366 4205 aliorum
2476 4159 2621 4202 nam
2672 4147 2881 4201 autem
2934 4138 3240 4201 terminos
3293 4147 3433 4202 tuos
3473 4158 3510 4201 a
3548 4141 3707 4203 mari
3752 4141 3964 4206 Rubro
3992 4132 4062 4171 ³¹·

589 4228 655 4301 ab.
751 4226 790 4270 ⁶·
839 4224 850 4243 ⁹
879 4237 1326 4320 quorumdam,
1362 4239 1706 4303 dicentium
1741 4240 1989 4323 Moysen
2029 4260 2168 4304 esse
2199 4242 2367 4303 dam·
2402 4245 2449 4306 D
2478 4258 2675 4320 usque
2706 4237 2785 4299 ad
2816 4256 2989 4299 mare
3020 4237 3520 4316 Palaestinorum,
3556 4248 3620 4302 et
3650 4258 3687 4301 a
3714 4240 3962 4305 deserto

623 4359 850 4407 Numan,
885 4344 1102 4399 natum
1162 4344 1420 4419 propter
1479 4337 1987 4401 incredulitatem
2047 4357 2225 4401 suam
2286 4341 2366 4402 ad
2477 4356 2678 4419 usque
2710 4336 2787 4397 ad
2822 4334 3120 4399 fluvium.
3152 4336 3310 4399 Hine
3349 4356 3607 4418 quoque
3649 4338 3713 4399 in
3745 4339 3965 4401 Deute-

591 4426 653 4466 ¹¹·
881 4454 1076 4516 aquas
1106 4434 1657 4513 Contrad-ictioniS,
1692 4437 1772 4499 de
1799 4455 1926 4517 qua
1967 4455 2092 4500 non
2135 4436 2367 4518 legitur
2476 4435 2765 4499 ronomio
2795 4434 2921 4497 ait:
2948 4434 3163 4497 Omnis
3196 4433 3373 4498 locus
3404 4455 3597 4517 quem
3627 4436 3965 4500 calcaverit
3994 4461 4267 4507 nom.x·.u

875 4533 1258 4616 poenituisse
1292 4551 1306 4595 :
1352 4534 1462 4615 qui
1506 4550 1681 4599 error
1717 4554 1831 4617 per
1871 4536 1992 4597 ista
2034 4536 2231 4599 verba
2268 4555 2369 4599 ex-

869 4631 1182 4696 cluditur.
1198 4631 1611 4713 Apertissime
1640 4651 1896 4715 quoque
1917 4633 2243 4715 Scriptura
2272 4634 2368 4696 in-

882 4732 1093 4793 sinuat
1123 4748 1268 4793 eum
1303 4729 1452 4793 inde
1482 4732 1876 4812 poenituisse,
1902 4751 2017 4814 per
2045 4733 2164 4797 hoc
2196 4734 2367 4814 quod

881 4837 1026 4911 post
1074 4828 1250 4891 illam
1302 4829 1806 4892 incredulitatem
1847 4830 2150 4895 Dominus
2194 4850 2369 4895 more

612 4950 851 5000 munna,
881 4927 1071 4991 solito
1119 4926 1178 4990 ei
1229 4926 1478 4991 locutus
1527 4936 1643 5003 est,
1676 4936 1738 4990 et
1781 4928 2017 5011 Moyses
2065 4940 2369 4994 consueta

587 5015 849 5125 iata?-

881 5025 1220 5091 dcvotione
1251 5044 1369 5108 pro
1400 5027 1524 5089 Deo
1555 5027 1791 5088 zelatus
1822 5036 1938 5103 est,
1973 5036 2038 5089 et
2066 5028 2234 5091 bona
2267 5049 2369 5091 us—

880 5143 1005 5204 que
1038 5124 1104 5186 in
1138 5123 1338 5185 finem
1363 5124 1508 5185 vitae
1538 5144 1666 5187 suae
1695 5125 1996 5188 exercuit.
2017 5127 2222 5207 Atque.
2255 5147 2367 5209 pro

883 5223 993 5285 illa
1023 5223 1468 5286 incredulitate
1499 5222 1799 5285 Dominus
1833 5224 2088 5306 punivit
2119 5244 2265 5289 eum
2300 5226 2365 5288 in

587 5335 848 5387 Nummi.
882 5322 1010 5385 vita
1040 5322 1171 5397 hac,
1193 5320 1507 5403 privando
1530 5341 1674 5384 eum
1707 5320 1993 5401 ingressu
2027 5331 2211 5387 terrae
2233 5342 2368 5405 pro-

2476 4554 2587 4618 pes
2620 4542 2848 4611 vester,
2874 4542 3083 4596 vester
3102 4534 3244 4595 erit.
3267 4534 3313 4595 A
3346 4534 3595 4597 deserto
3617 4543 3678 4597 et
3698 4534 3961 4613 Libano,

2476 4640 2540 4695 et
2578 4653 2614 4695 a
2656 4631 2927 4694 flumine
2975 4650 3205 4713 magno
3254 4632 3597 4714 Euphrate,
3638 4654 3839 4716 usque
3885 4636 3961 4698 ad

2476 4751 2650 4794 mare.
2670 4731 3093 4807 occidentale,
3112 4740 3301 4793 erunt
3332 4732 3588 4795 termini
3615 4733 3830 4795 vestri.
3856 4734 3968 4796 lta—

2478 4850 2601 4913 que
2650 4832 2769 4893 hoc
2819 4829 2980 4905 loce,
3032 4849 3144 4911 per
3192 4830 3537 4908 desertum,
3586 4830 3966 4911 intelligitur

2477 4931 2796 4992 desertum
2844 4928 3111 5011 AEgypti,
3151 4930 3321 5010 quod
3376 4937 3557 4991 terrae
3606 4929 3966 5011 promissio-

2478 5028 2577 5090 nis
2608 5028 3013 5107 contignatur
3042 5047 3078 5089 a
3109 5026 3292 5109 plaga
3320 5027 3580 5090 australi
3609 5052 3623 5103 3
3657 5047 3771 5109 per
3790 5028 3967 5091 Liba-

2479 5146 2629 5188 num
2682 5145 2855 5199 vero,
2890 5143 3073 5187 mons
3123 5124 3369 5201 Libani,
3401 5125 3515 5206 qui
3566 5134 3663 5188 est
3704 5146 3741 5188 a
3787 5135 3965 5208 parte

2476 5224 2833 5306 aquilonari
2900 5231 3191 5305 respectu
3254 5232 3435 5286 terrae
3495 5224 3959 5306 promissionis,

2478 5324 2827 5406 Euphrates
2856 5332 3067 5385 autem
3101 5330 3195 5385 est
3238 5322 3545 5384 terminus
3592 5332 3773 5386 terrae
3824 5341 3965 5405 pro-
