4359 6250
883 472 1000 535 476

1442 496 1789 542 ENARRATlo
1833 499 1894 542 IN
1938 499 2072 543 CAP.
2122 499 2204 543 Vll
2244 499 2400 544 Lanl
2442 499 2693 545 SECUNDI
2734 499 2959 546 mamm.
3003 521 3084 531 —
3124 503 3265 547 ΛΒΤ.
3312 503 3399 548 xil

880 662 1032 724 dum
1067 663 1144 727 de
1177 663 1332 726 tiliis
1363 666 1548 728 Israel
1582 668 1906 730 conversis
1937 671 2014 732 ad
2047 668 2365 733 Christum
2398 667 2449 730 Α
2479 669 2606 733 non
2639 669 2925 734 auferam
2957 672 3036 734 ab
3065 691 3141 736 eo
3177 691 3191 734 :
3224 674 3395 754 quod
3438 692 3566 736 non
3599 669 3847 735 videtur
3891 672 3957 733 in

885 768 1166 844 tempore
1198 763 1537 844 primitivae
1568 766 1885 840 Ecclesiae,
1912 777 1973 829 et
2004 768 2082 830 de
2113 768 2371 849 spiritu-

877 859 963 921 ali
995 880 1215 923 eorum
1251 881 1428 944 pace,
1465 864 1679 946 quiete
1711 885 1784 928 ac
1816 866 2182 944 stabilitate,
2209 886 2369 948 quas

881 957 1061 1040 impii
1097 978 1223 1022 non
1255 970 1546 1043 poterant
1575 963 1666 1026 eis
1698 963 1971 1042 auferre,
2007 966 2264 1048 quando
2296 965 2369 1027 il-

633 1069 694 1112 12.
718 1083 846 1121 xxm.
881 1056 985 1118 lud
1027 1058 1201 1120 lsaiae
1245 1059 1576 1142 impletum
1619 1070 1716 1124 est
1749 1081 1762 1126 :
1802 1063 2054 1126 Sedebit
2091 1065 2367 1146 populus

591 1136 654 1178 ¹⁸·
881 1174 1060 1218 meus
1093 1156 1157 1218 in
1205 1158 1680 1239 pulchritudine
1725 1162 1920 1242 pacis,
1957 1171 2016 1224 et
2057 1163 2124 1224 in
2168 1162 2370 1224 taber-

880 1255 1127 1317 naculis
1160 1255 1435 1334 fiduciae,
1470 1268 1532 1320 et
1562 1258 1626 1320 in
1673 1261 1890 1342 requie
1921 1261 2243 1342 opulenta.

945 1355 1031 1414 Ec
1051 1357 1334 1435 requiem
1353 1360 1515 1418 dabo
1538 1360 1656 1418 tibi
1673 1361 1752 1419 ab
1773 1362 2058 1420 omnibus
2082 1363 2182 1420 ini
2186 1381 2245 1420 m
2256 1363 2370 1419 icis

882 1453 1035 1522 tuis,
1076 1451 1138 1514 id
1184 1462 1300 1530 est,
1344 1455 1676 1520 universos
1718 1457 1930 1520 hostes
1971 1467 2112 1521 tuos
2155 1458 2371 1522 visibi-

880 1549 972 1612 les
1003 1570 1077 1614 ac
1108 1551 1487 1631 invisibileS,
1525 1554 1750 1617 faciam
1778 1556 1858 1618 ab
1889 1557 2369 1638 impugnatione

885 1649 976 1710 tui
1017 1648 1296 1713 deficere
1333 1671 1404 1715 ac
1439 1672 1704 1725 cessare,
1741 1655 1827 1717 ita
1865 1656 2034 1737 quod
2085 1654 2203 1716 tibi
2242 1675 2367 1718 non

882 1748 1320 1827 praevalcbunt
1343 1750 1648 1815 finaliter.
1667 1753 2114 1817 Verumtamen
2149 1754 2373 1816 invisi-

2480 767 2814 832 Salomone
2850 771 3260 853 completum,
3307 772 3458 854 quia
3502 771 3784 854 peccavit
3823 789 3961 848 gra·
4006 792 4275 837 nium».

2478 866 2761 944 vissime,
2790 887 2907 932 nec
2937 869 3015 932 de
3048 871 3183 951 ejus
3202 869 3581 952 poenitentia
3607 869 3847 951 aliquid
3870 889 3964 931 rc·
3994 858 4077 897 ¹³³·

2479 964 2604 1028 fert
2650 967 2992 1050 Scriptura.
3036 968 3288 1044 Quart0‚
3324 970 3625 1051 quoniam
3666 967 3959 1031 Salomon

2479 1064 2674 1146 coepit
2723 1085 3008 1146 regnare,
3045 1074 3109 1128 et
3150 1067 3312 1129 sedit
3356 1067 3421 1128 in
3468 1068 3695 1130 throno
3740 1064 4265 1145 regali,1⁶·a-,3÷-

2478 1161 2674 1224 David
2726 1163 2981 1226 vivente
3029 1183 3099 1226 ac
3160 1165 3449 1227 intuente
3500 1183 3515 1226 :
3566 1165 3784 1246 sicque
3830 1163 4017 1226 non¹¹

2478 1260 2777 1323 convenit
2808 1261 2866 1323 ei
2898 1263 3069 1342 quod
3099 1263 3355 1341 dicitur,
3384 1262 3713 1326 Suscitabo
3742 1281 3959 1324 semen

2479 1365 2657 1419 tuum
2690 1369 2834 1440 post¹
2864 1368 2955 1436 te3
2978 1379 3219 1438 rursuS,
3246 1362 3397 1442 quia
3420 1361 3551 1442 jam
3580 1361 3819 1423 dictum
3840 1369 3958 1435 est,

2475 1454 2679 1529 Quum
2712 1457 3046 1520 dormieris
3077 1478 3221 1521 cum
3253 1458 3540 1541 patribus
3585 1460 3731 1534 tuiS,
3766 1459 3965 1521 susci-

2477 1555 2625 1616 tabo
2678 1575 2893 1619 scmen
2945 1566 3123 1619 tuum
3171 1567 3313 1639 post
3354 1566 3434 1634 te,
3468 1558 3637 1640 quod
3686 1558 3963 1638 egredie-

2478 1661 2580 1714 tur
2612 1654 2690 1716 de
2719 1663 2899 1718 utero
2930 1663 3059 1719 tuo.
3096 1656 3324 1718 Semen
3362 1664 3572 1719 autem
3612 1658 3780 1738 quod
3822 1664 3965 1738 post

2480 1760 2748 1814 mortem
2781 1752 2977 1818 David
3007 1747 3043 1816 a
3076 1755 3201 1818 Deo
3232 1763 3328 1818 est
3368 1755 3763 1830 suscitatum,
3798 1765 3857 1817 et
3886 1755 3963 1817 de

881 1843 1092 1908 biles'
1076 1847 1323 1911 inimici
1355 1850 1412 1912 ei
1457 1850 1774 1914 interdum
1817 1855 1894 1915 ad
1935 1862 2187 1934 tempus
2218 1873 2371 1936 prae-
2408 1852 2453 1914 B
2479 1859 2701 1914 ventre
2750 1852 2889 1933 ejus
2939 1871 3287 1933 egressum,
3332 1873 3459 1917 non
3492 1853 3811 1932 Salomon,
3854 1855 3963 1916 sed

617 1954 734 2000 HR?
711 1969 818 2011 cao

587 2020 615 2059 4
618 1973 855 2077 ,Memmii

589 2088 678 2128 ct:
653 2097 748 2127 xivx

825 1944 1239 2024 1,‚valuerunt
1289 1950 1544 2029 quando
1585 1951 1680 2028 (ut
1729 1951 1900 2013 infra
1941 1951 2209 2033 patebit)
2237 1969 2373 2030 gra-

881 2041 1044 2105 viter
1085 2052 1180 2105 est
1225 2053 1676 2125 transgressus
1712 2049 1943 2111 Verum
1989 2058 2132 2131 post
2172 2049 2367 2112 vitam

881 2152 1259 2222 praescntem
1291 2145 1544 2227 plenius
1575 2155 1670 2209 est
1711 2148 1995 2228 requiem
2035 2148 2199 2210 hanc
2227 2149 2372 2210 ade-

881 2247 1048 2321 ptuS.
1074 2245 1510 2324 Praedz'ce'cque
1544 2248 1661 2305 cibi
1681 2249 2020 2317 DominuS,
2035 2246 2097 2308 id
2120 2255 2236 2323 est,
2257 2266 2371 2329 per

879 2357 983 2400 me
1037 2339 1150 2402 tibi
1203 2344 1608 2423 praenuntiat,
1657 2349 1829 2424 quod
1867 2347 2074 2424 faciat
2117 2348 2235 2406 tibi
2262 2349 2372 2406 do-

880 2460 1055 2500 mum
1105 2442 1422 2502 Dominus
1463 2447 1744 2520 fidelem,
1777 2443 1840 2505 id
1885 2452 1979 2506 est
2025 2444 2368 2506 notabilem

881 2556 953 2600 ac
985 2538 1220 2617 regiam
1254 2541 1712 2621 posteritatem,
1745 2543 2134 2624 opulentam,
2161 2542 2371 2624 copio-

882 2655 1147 2717 samque
1191 2638 1496 2701 sobolem.
1549 2639 1651 2702 Sic
1695 2649 1756 2701 et
1796 2641 1860 2702 in
1892 2640 2104 2703 Exodo
2138 2641 2371 2720 legitur

588 2742 850 2795 &cod-12¹.
881 2734 1186 2798 Dominus
1229 2736 1677 2800 obstetricibus
1717 2738 2119 2802 Hebraeorum
2168 2738 2372 2802 acdifi-

815 2855 818 2860 ·
882 2853 1060 2896 casse
1088 2835 1333 2911 domoS,
1358 2837 1508 2916 quia
1537 2837 1874 2899 Dominum
1915 2837 2285 2900 timuerunt.

965 2935 1304 3012 Quumque
1341 2938 1638 3012 completi
1669 2938 1924 3012 fuerint
1962 2939 2098 2997 dies
2136 2939 2255 3009 tui,
2306 2937 2368 2999 id

2479 1947 2765 2012 Christus
2799 1950 2997 2014 fuisse
3029 1952 3301 2015 videtur.

2557 2046 2673 2110 Pro
2718 2049 2942 2112 horum
2986 2051 3325 2114 concordia
3364 2049 3519 2114 dicit
3560 2051 3620 2113 S.
3672 2051 3969 2134 Hierony-

2478 2165 2642 2223 muS,
2677 2149 2848 2228 quod
2880 2149 3125 2231 aliquid
3155 2149 3387 2212 dicit-ur
3419 2150 3483 2211 in
3516 2149 3857 2231 Scripturis
3886 2151 3967 2212 dc

2481 2245 2835 2324 Salomone,
2864 2247 2929 2308 in
2958 2257 3268 2329 quantum
3304 2247 3423 2310 fuit
3452 2267 3551 2310 res
3583 2249 3873 2329 quaedam
3904 2257 3965 2310 et

2480 2345 2668 2407 homo
2720 2345 3141 2428 particulariS,
3192 2355 3345 2428 puta
3390 2347 3559 2428 quod
3612 2346 3737 2408 t'uit
3786 2346 3969 2408 silius

2480 2443 2674 2505 David
2707 2462 2782 2506 ex
2812 2445 3187 2520 Bethsabee3
3214 2445 3455 2526 aliquid
3476 2464 3734 2527 quoque
3764 2445 3969 2507 fertur
4020 2466 4261 2520 “RQ-ta.
4319 2517 4320 2520 Ἴ

2478 2542 2557 2603 de
2601 2560 2697 2618 co,
2736 2543 2801 2603 in
2846 2550 3154 2624 quantum
3196 2542 3322 2605 fuit
3367 2543 3601 2606 Christi
3643 2543 3873 2624 figura,
3902 2553 3963 2605 et
3996 2530 4065 2570 ²⁴·

2481 2640 2630 2702 talia
2662 2641 2913 2723 plenius
2935 2650 3085 2703 sunt
3104 2641 3369 2724 impleta
3399 2641 3464 2704 in
3484 2641 3755 2718 ChristO,
3770 2661 3965 2723 quam

2481 2738 2837 2816 Salomone,
2872 2740 3087 2821 qualia
3126 2748 3275 2802 sunt
3312 2759 3455 2822 quae
3490 2740 3596 2803 hic
3639 2741 3966 2803 dicuntur.

2481 2837 2580 2902 Sic
2612 2847 2675 2900 et
2707 2837 2861 2900 illud
2907 2839 2972 2900 in
3004 2837 3181 2916 Osee,
3214 2838 3304 2900 Ex
3333 2839 3600 2921 AEgypto
3630 2839 3853 2902 vocavi
3888 2839 3972 2901 fi·
4029 2855 4265 2898 cmx-‚t

2479 2936 2635 2998 lium
2668 2955 2905 3014 meum,
2940 2946 3194 3000 sanctus
3224 2937 3615 3018 evangelista
3643 2937 3971 3000 Matthaeus
4036 2955 4267 2998 meran.

879 3037 995 3105 est,
1032 3029 1098 3092 in
1128 3032 1314 3094 bonis
1345 3033 1644 3116 operibus
1676 3053 1784 3097 eos
1816 3035 2213 3116 expenderis
2238 3036 2373 3098 Ple·
2404 3037 2448 3101 C
2479 3035 2707 3114 allegat
2737 3036 2817 3098 de
2836 3035 3083 3098 Christo
3104 3035 3499 3118 praedlctum.
3525 3035 3686 3098 Illud
3708 3055 3969 3118 quoquc
4002 3022 4069 3061 ¹⁵·

881 3128 1239 3194 nitudinem
1271 3134 1506 3195 etenim
1541 3134 1777 3197 habent
1805 3134 1940 3197 dies
1973 3144 2034 3197 ct
2064 3144 2243 3197 actus
2271 3137 2371 3217 ju-

881 3236 1164 3305 storum;
1219 3232 1440 3294 inanes
1491 3252 1640 3296 vero
1691 3241 1752 3296 et
1800 3234 1984 3296 vacui
2033 3242 2180 3295 sunt
2232 3233 2368 3297 dies

882 3327 1216 3391 malorum.
1252 3329 1606 3412 Unicuique
1637 3350 1893 3414 quoque
1933 3331 2233 3413 praet'ixus
2274 3342 2371 3395 est

565 3500 572 3505 .
881 3434 1090 3489 certus
1112 3426 1358 3491 dierum
1383 3429 1958 3511 numerus‚quibus
1981 3430 2173 3506 vivet,
2192 3432 2369 3512 juxta

607 3540 692 3583 101>
712 3546 849 3595 m,5.
882 3524 1041 3586 illud
1076 3525 1238 3588 beati
1269 3526 1386 3589 Job
1412 3545 1425 3589 :
1451 3527 1848 3590 Constituisti
1893 3527 2198 3591 terminos
2228 3530 2368 3610 ejus

879 3622 991 3706 qui
1033 3626 1341 3705 praeteriri
1385 3644 1510 3689 non
1553 3633 1870 3708 poterunt.
1909 3630 1991 3688 Ec
2027 3630 2372 3689 dormieris

880 3741 1103 3786 somno
1143 3724 1366 3787 mortis
1415 3746 1562 3786 cum
1601 3728 1900 3802 patribus
1940 3729 2094 3796 ειιίε,
2141 3726 2204 3788 id
2249 3735 2366 3803 est,

878 3821 1410 3902 quemadmodum
1437 3823 1529 3885 illi
1553 3822 1840 3886 defuncti
1862 3833 2030 3900 sunt,
2055 3828 2369 3887 suscitabo

874 3942 1084 3982 semen
1128 3932 1310 3982 tuum
1357 3932 1496 3999 post.
1541 3933 1618 3994 te,
1662 3926 1832 4002 quod
1878 3926 2246 3999 cyredietur
2291 3928 2370 3983 de

875 4027 1054 4077 utero
1088 4028 1215 4079 tuo.
1263 4019 1556 4083 Doctores
1598 4017 1915 4095 catholici,
1951 4018 2364 4099 Augustinus,

877 4116 1151 4179 Isidorus
1191 4124 1254 4178 et
1296 4115 1537 4193 Glossa,
1592 4116 1890 4179 videntur
1940 4118 2199 4194 sentire,
2247 4117 2368 4179 ista

2480 3134 2545 3195 in
2576 3134 2811 3211 Exodo,
2850 3136 2929 3197 de
2972 3152 3135 3215 agno
3177 3134 3461 3217 paschali
3504 3134 3963 3217 conscriptum,

2478 3232 2630 3295 Ossa
2660 3234 2799 3316 ejus
2840 3252 2965 3296 non
3006 3233 3447 3315 confringetiS,
3492 3242 3748 3296 sanctus
3784 3234 3969 3297 Joan-
4028 3256 4181 3297 aaa.
4198 3269 4265 3299 ιι
4319 3278 4320 3311 ;

2480 3348 2593 3391 nes
2623 3329 3014 3409 evangelista
3040 3330 3119 3391 de
3138 3328 3385 3392 Christo
3417 3330 3711 3392 inducit:
3746 3328 3847 3407 os,
3874 3330 3971 3392 in—

2478 3426 2729 3509 quienS,
2768 3445 2895 3489 non
2926 3425 3374 3489 comminuetis
3406 3446 3479 3488 ex
3512 3446 3609 3490 eo.
3635 3428 3793 3490 Hinc
3824 3428 4055 3509 qui-ac.

2482 3526 2623 3588 dam
2670 3524 2893 3587 scribit
2935 3524 3104 3587 circa
3143 3525 3312 3587 hunc
3354 3525 3563 3588 locum
3610 3542 3624 3586 ε
3668 3525 3967 3589 Salomon

2481 3623 2603 3685 fuit
2632 3622 2844 3703 figura
2874 3622 3127 3685 Christi.
3152 3622 3381 3703 Figura
3412 3632 3623 3685 autem
3653 3641 3849 3703 quum
3882 3624 3970 3685 sit

2482 3740 2579 3783 res
2628 3721 2863 3802 aliqua,
2913 3728 3121 3803 potest
3170 3720 3557 3783 considerari
3604 3720 3967 3802 tripliciter.

2476 3820 2707 3897 Primo,
2752 3828 2822 3880 ut
2861 3838 2961 3881 res
3003 3826 3245 3881 tantum
3298 3819 3363 3880 in
3417 3838 3505 3881 se.
3550 3819 3860 3896 Secund0‚
3896 3828 3973 3882 ut-

2480 3917 2688 3998 sigura
2730 3917 2993 3980 alterius
3032 3925 3301 3979 tantum.
3339 3917 3569 3993 Tertio,
3614 3918 3969 3980 secundum

2477 4025 2841 4097 utrumque.
2880 4016 3109 4096 Sicque
3139 4015 3356 4097 aliqua
3400 4015 3466 4077 in
3500 4015 3845 4097 Scriptnris
3876 4016 3971 4077 di-

2477 4123 2706 4177 cuntur
2736 4116 2815 4176 de
2846 4114 3181 4177 Salomone
3220 4114 3567 4176 secundum
3612 4134 3681 4176 se
3718 4131 3734 4175 :
3768 4122 3831 4177 et
3876 4114 3970 4177 ita

878 4234 1004 4277 non
1039 4233 1224 4296 posse
1247 4215 1474 4295 exponi
1499 4216 1576 4278 dc
1599 4214 1934 4279 Salomone
1956 4216 2030 4277 ad
2057 4215 2363 4278 litteram:
2399 4221 2448 4282 D
2479 4232 2604 4277 non
2640 4212 2763 4274 tuit
2795 4211 3001 4292 figura
3021 4211 3276 4287 Christi,
3298 4212 3463 4274 sicut
3495 4213 3663 4293 quod
3698 4212 3971 4275 fabrica·
4020 4236 4259 4287 macen.

874 4313 1105 4390 Prim0,
1139 4312 1442 4394 quoniam
1486 4314 1676 4396 paulo
1710 4324 1853 4396 post
1892 4314 2206 4390 subditur,
2242 4313 2372 4376 Sta-

878 4410 1096 4475 biliam
1132 4413 1429 4474 thronum
1470 4412 1652 4493 regni
1693 4413 1834 4494 ejus
1865 4433 2066 4493 usquc
2106 4412 2173 4474 in
2214 4431 2371 4474 sem-

879 4510 1196 4593 piternum
1237 4528 1250 4572 :
1287 4511 1456 4591 quod
1491 4529 1618 4573 non
1651 4518 1745 4573 est
1791 4511 1855 4572 in
1890 4512 2223 4574 Salomone
2260 4512 2372 4573 im-

879 4610 1145 4692 pletum.
1199 4609 1512 4685 Secundo,
1554 4609 1708 4691 quia
1760 4609 2193 4691 subjungitur,
2242 4611 2371 4691 Ego

877 4726 988 4771 ero
1027 4706 1086 4770 ei
1123 4708 1188 4769 in
1230 4716 1496 4789 patrem,
1531 4716 1595 4771 et
1641 4707 1778 4789 ipse
1821 4708 1942 4771 erit
1983 4708 2143 4770 mihi
2184 4708 2249 4769 in
2294 4708 2372 4769 si-

595 4820 739 4864 Hebr.
759 4822 846 4870 =‚⁵.
878 4806 1038 4869 lium
1066 4824 1079 4867 ε
1107 4806 1274 4887 quod
1309 4807 1387 4868 ad
1420 4806 1713 4869 Hebraeos
1744 4806 1976 4887 allegat
2004 4806 2367 4889 ApostoluS,

879 4906 954 4968 ad
989 4905 1385 4988 probandum
1415 4904 1646 4968 Christi
1689 4904 2110 4967 divinitatem.
2145 4904 2373 4979 Quum-

877 5023 1002 5085 que
1045 5004 1392 5066 secundum
1438 5004 1862 5083 Augustinum
1908 5004 2199 5085 probatio
2244 5022 2370 5067 non

878 5103 1106 5179 valeat,
1136 5102 1261 5164 nisi
1293 5122 1370 5164 ex
1399 5120 1589 5164 sensu
1611 5101 1894 5179 litterali,
1919 5102 2171 5165 videtur
2204 5102 2372 5164 istud

879 5200 956 5263 ad
990 5199 1263 5262 litteram
1297 5199 1376 5261 de
1405 5198 1654 5262 Christo
1688 5199 2207 5281 praenuntiatum.
2234 5199 2375 5262 Ter-

880 5298 991 5375 tio,
1016 5297 1170 5379 quia
1189 5305 1334 5380 post
1351 5297 1627 5375 additur,
1653 5297 2143 5362 Misericordiam
2165 5317 2371 5360 meam

2479 4321 2577 4374 tus
2610 4320 2705 4375 est
2734 4311 2926 4373 idola.
2960 4310 3189 4391 Aliqua
3219 4328 3369 4372 vero
3408 4310 3707 4373 dicuntur
3744 4311 3822 4373 de
3860 4328 3963 4387 ec,
4000 4301 4047 4343 ⁷·

2480 4412 2544 4473 in
2576 4420 2883 4492 quantum
2918 4409 3039 4471 fuit
3082 4408 3292 4489 figura
3322 4408 3555 4470 Christi
3590 4417 3859 4483 tantum,
3894 4418 3964 4471 ut

4000 3372 4320 3487 loannis-g

2480 4510 2637 4572 illud
2670 4508 2736 4569 in
2758 4508 3027 4584 Psalmo,
3048 4506 3489 4571 Dominabitur
3509 4527 3545 4569 a
3568 4507 3726 4569 mari
3758 4527 3967 4589 usque
4000 4534 4087 4577 ἢ,
4108 4534 4257 4574 unffi.

2480 4608 2557 4669 ad
2588 4626 2783 4684 mare,
2820 4614 2883 4669 et
2912 4627 2949 4669 a
2983 4605 3249 4668 flumine
3293 4624 3497 4686 usque
3539 4605 3617 4668 ad
3660 4606 3967 4668 terminos

2478 4706 2653 4769 orbis
2686 4714 2997 4767 terrarum
3034 4722 3047 4765 τ
3082 4705 3254 4785 quod
3288 4703 3608 4766 Salomoni
3637 4722 3765 4766 non
3796 4722 3967 4766 com-

2481 4805 2661 4887 petit,
2686 4804 2837 4885 quia
2858 4822 2985 4866 non
3020 4802 3143 4865 fuit
3170 4802 3533 4877 monarcha,
3562 4802 3669 4865 sed
3689 4801 3963 4865 Christo.

2479 4902 2619 4965 Alia
2648 4902 2948 4965 dicuntur
2975 4902 3055 4964 de
3086 4900 3420 4963 Salomone
3452 4908 3720 4982 utroque
3750 4902 3963 4977 modo,

2480 5021 2623 5084 quae
2664 4999 2908 5063 scilicet
2938 4998 3273 5062 verificata
3311 5004 3462 5059 sunt
3500 4998 3579 5059 de
3625 4998 3783 5080 ipso,
3818 4999 3969 5063 licet

2482 5098 2877 5182 imperfecte,
2922 5106 2984 5160 et
3026 5098 3105 5160 de
3147 5096 3397 5159 Christo
3438 5094 3781 5177 perfectius
3816 5115 3829 5159 z
3864 5116 3975 5161 cu-

2480 5198 2759 5280 jusmodi
2806 5205 2955 5259 sunt
2996 5214 3139 5278 quae
3186 5194 3290 5257 hic
3326 5200 3651 5276 ponuntur
3695 5193 3758 5256 in
3810 5195 3975 5259 litte—

2484 5316 2573 5375 ra,
2610 5296 2831 5359 saltem
2879 5312 2995 5377 pro
3033 5301 3211 5375 parte
3254 5309 3501 5372 magna.
3536 5292 3701 5355 lstud
3744 5311 3975 5358 conve-
