4359 6250
894 490 1015 554 258
1554 504 1901 552 ENAnnATlo
1944 505 2005 548 IN
2048 502 2185 548 CAP.
2235 503 2254 547 l
2296 501 2452 547 unm
2495 501 2664 546 Palm
2705 501 2930 546 REGUH.
2975 517 3056 528 -
3096 499 3236 544 ART.
3285 496 3330 542 11

898 679 1289 741 dilabuntur.
1322 679 1477 741 Aliae
1515 695 1665 740 vero
1707 696 1852 758 quae
1889 674 2001 737 diu
2041 671 2388 755 spirituali-
2416 671 2467 733 A
2497 679 2598 732 tur
2626 691 2663 733 a
2694 670 2960 734 Domino
2998 669 3062 732 in
3097 677 3364 745 tantum,
3399 676 3469 729 ut
3502 684 3620 728 nec
3655 661 3982 746 prosperis

897 785 993 841 ter
1016 777 1042 837 f
1046 785 1269 840 nerant
1291 775 1671 852 infecundae,
1696 773 2174 857 praeveniuntur
2195 790 2232 832 a
2253 769 2390 852 Spi-

899 875 1025 937 ritu
1057 875 1305 952 Sancto,
1326 881 1388 937 et
1417 881 1875 937 convertuntur
1896 879 2085 951 atque
2120 867 2390 932 fructifi-

898 983 1067 1036 cant.
1094 974 1236 1038 Ideo
1268 972 1334 1036 in
1366 972 1485 1034 hac
1516 971 1647 1034 vita
1678 971 1893 1034 omnia
1924 969 2165 1032 incerto
2199 985 2390 1030 cursu

899 1079 1195 1153 aguntur,
1214 1079 1277 1134 et
1298 1070 1727 1134 necessarium
1758 1076 1853 1131 est
1884 1087 2136 1149 semper
2168 1066 2394 1128 timere

609 1191 745 1235 icor.
763 1195 871 1244 xm.
902 1191 975 1234 ac
1005 1170 1361 1252 providere,
1380 1189 1461 1232 ne
1489 1167 1600 1249 qui
1633 1177 1799 1230 stare
1828 1167 2097 1242 videtur,
2118 1163 2388 1227 labatur.

643 1295 785 1350 Apoo.
815 1308 873 1345 m,
901 1270 1046 1332 ldeo
1090 1268 1155 1331 in
1201 1267 1580 1351 Apocalypsi
1622 1275 1915 1329 monetur
1962 1283 1976 1325 ε
2013 1265 2181 1327 Tene
2221 1262 2392 1344 quod

611 1360 677 1400 Η.

905 1368 1121 1445 habeS,
1150 1385 1229 1430 ne
1259 1366 1424 1429 alius
1454 1365 1725 1448 accipiat
1754 1383 2053 1428 coronam
2086 1371 2281 1424 tuam.

986 1465 1586 1546 Praeterea,quidam
1610 1483 1723 1545 per
1753 1464 1909 1525 duas
1941 1479 2167 1525 uxores
2199 1459 2394 1524 vitam

905 1565 1177 1627 activam
1197 1572 1260 1626 et
1280 1562 1837 1644 contemplativam
1861 1560 2244 1640 intelligunt.
2263 1559 2398 1619 Est-

906 1681 1031 1744 que
1061 1681 1321 1725 necesse
1350 1661 1417 1723 in
1458 1660 1683 1742 primis
1718 1676 2040 1722 assumere
2074 1658 2264 1722 vitam
2296 1675 2398 1719 ac-

906 1760 1125 1836 tivam,
1175 1760 1526 1822 exercendo
1570 1779 1637 1821 se
1677 1757 1743 1820 in
1792 1757 2040 1820 actibus
2084 1756 2396 1819 virtutum

908 1956 1223 2032 salutaris,
1246 1955 1311 2017 in
1334 1954 1753 2019 exterioribus
1784 1952 2238 2016 misericordiae
2259 1970 2401 2032 ope-

907 2054 1106 2131 ribuS,
1141 2062 1204 2116 et
1235 2054 1322 2116 ita
1351 2072 1464 2135 per
1496 2053 1693 2115 vitam
1723 2053 1910 2114 istam
1946 2059 2246 2132 tanquam
2283 2067 2397 2129 per

902 2154 1162 2234 Januam
1194 2153 1273 2215 ad
1305 2153 1500 2214 vitam
1537 2151 1784 2230 ingredi
1810 2147 2392 2231 contemplativam.

906 2250 1205 2324 Quamvis
1235 2257 1447 2312 autem
1479 2249 1609 2313 vita
1638 2248 1867 2325 activa,
1895 2248 2093 2309 instar
2119 2246 2398 2308 Pheneu-

909 2367 1027 2425 nae,
1061 2349 1351 2412 videatur
1398 2346 1893 2428 contemplativa
1936 2345 2068 2409 vita
2122 2344 2399 2409 fructuo-

906 2445 1038 2509 sior
1086 2463 1247 2521 esse,
1293 2443 1789 2525 contemplativa
1834 2451 2044 2506 tamen
2097 2441 2399 2504 secretior

906 2551 1003 2606 est
1034 2551 1228 2625 atque
1257 2543 1537 2605 divinior
1571 2559 1585 2604 ε
1623 2541 1752 2605 imo
1791 2541 2109 2603 interdum
2154 2538 2400 2621 profert

884 2661 1107 2708 ,unum
1136 2641 1534 2705 meritorium
1566 2648 1801 2716 actum,
1822 2639 2043 2701 multis
2074 2638 2223 2701 vitae
2253 2637 2398 2700 acti-

908 2759 1001 2803 vae
1021 2739 1322 2822 operibus
1344 2738 1872 2821 praestantiorem.
1893 2737 2129 2800 Deinde
2163 2745 2400 2818 tempo-

906 2857 977 2900 re
1016 2846 1376 2919 opportuno
1421 2856 1535 2900 sua
1575 2835 2049 2899 ferventissima
2084 2835 2394 2911 oratione,

908 2935 1318 2999 incalescenti
1363 2941 1599 3011 amore,
1650 2935 1897 2997 sincero
1949 2933 2187 2997 intuitu
2237 2933 2400 2996 solet

2496 769 2854 845 extollatur,
2897 787 3104 850 neque
3141 766 3423 830 adversis
3460 763 3822 845 dejiciatur,
3866 779 3986 822 nec

2497 867 2712 930 vultus
2750 867 2890 948 ejus
2928 867 3203 949 amplius
3239 864 3306 928 in
3342 864 3593 926 diversa
3631 868 3980 931 mutentur.

2499 967 2610 1028 Vir
2651 967 2845 1049 hujus
2894 967 3144 1042 animae,
3188 983 3316 1028 uno
3367 963 3554 1025 modo
3599 960 3725 1024 dici
3779 967 3988 1041 potest

2501 1066 2639 1146 ejus
2671 1066 2969 1147 praelatus
3000 1064 3226 1140 bonus,
3261 1062 3374 1145 qui
3405 1061 3515 1124 tali
3545 1061 3777 1123 animae
3805 1057 3990 1121 vehe-

2501 1172 2748 1227 menter
2777 1163 3264 1245 congratulatur,
3281 1170 3346 1226 et
3375 1160 3607 1242 gratias
3635 1157 3835 1221 refert
3865 1157 3988 1217 Deo

2503 1281 2621 1344 pro
2659 1282 2754 1326 ea.

2584 1362 2898 1424 Moraliter
2926 1381 3004 1424 ex
3035 1361 3156 1423 isto
3184 1359 3465 1440 capitulo
3493 1357 3858 1431 edocemur,
3893 1372 3992 1414 ex·

2505 1460 2716 1543 emplo
2748 1461 2966 1537 Annae,
3001 1458 3370 1540 patientiam
3411 1457 3476 1518 in
3508 1454 3680 1518 omni
3711 1451 3994 1517 adversi—

2505 1567 2632 1621 tate
2653 1558 2907 1634 habere,
2925 1556 3477 1620 mansuetudinem
3499 1554 3862 1624 observare,
3877 1569 3992 1612 nec

2505 1666 2725 1720 contra
2761 1657 3136 1739 injuriantes
3165 1655 3581 1728 contendere3
3619 1649 3995 1732 increpatio-

2510 1775 2620 1819 nes
2666 1756 2856 1818 etiam
2905 1775 3010 1819 cas
3053 1774 3213 1837 quas
3265 1753 3534 1818 forsitan
3585 1770 3714 1815 non
3761 1748 3995 1812 merui-

817 1905 821 1908 -
907 1857 1267 1933 moralium,
1303 1857 1369 1919 in
1419 1858 1593 1920 luctu
1636 1865 1699 1920 et
1743 1855 1958 1919 labore
2002 1852 2396 1936 poenitentiae
2425 1856 2471 1918 B
2509 1874 2670 1932 muS,
2703 1854 3147 1936 aequanimiter
3180 1852 3472 1928 tolerare,
3506 1860 3570 1914 et
3595 1856 3994 1930 correptores

2507 1955 2676 2035 ipsos
2697 1961 3055 2016 reverenter
3067 1951 3272 2027 affari,
3285 1971 3358 2015 ac
3379 1947 3708 2032 deprecari
3727 1956 3798 2009 ut
3815 1954 3998 2010 orent

2506 2069 2622 2131 pro
2670 2049 2878 2112 nobis,
2924 2049 2992 2111 In
3039 2049 3216 2112 omni
3265 2065 3522 2129 quoque
3574 2044 3872 2126 angustia
3911 2042 3994 2105 ad

2506 2149 2700 2212 Deum
2733 2147 3080 2226 confugere
3108 2145 3531 2220 confidenter,
3565 2153 3630 2208 et
3667 2162 3881 2206 coram
3917 2160 3996 2204 eo

2506 2265 2615 2310 cor
2645 2255 2930 2310 nostrum
2955 2245 3290 2308 effundere
3309 2244 3549 2308 orando
3571 2243 3906 2316 instanter,
3932 2249 4000 2304 et
4049 2268 4253 2314 κως»,

2505 2345 2716 2407 taliter
2740 2362 3001 2408 exorare
3025 2362 3170 2405 cum
3201 2342 3543 2423 disciplina
3573 2349 3768 2422 atque
3797 2339 3999 2402 silen-
4029 2331 4175 2436 Tfm·
4199 2344 4236 2374 ¹¹*

2509 2443 2618 2520 tio,
2647 2462 2728 2505 ne
2757 2442 2948 2506 sibilo
2983 2442 3111 2506 oris
3141 2451 3204 2505 et
3232 2441 3516 2521 gestibus
3554 2439 4001 2521 indisciplina-

2507 2541 2610 2616 tis,
2644 2542 2916 2606 aliorum
2957 2540 3361 2605 devotionem
3405 2539 3852 2621 impediamus,
3885 2547 4003 2600 aut

2506 2659 2727 2704 corum
2760 2639 3076 2703 orationes
3109 2638 3647 2720 interrumpamus
3681 2635 3852 2698 :imo
3881 2636 4000 2716 qui

2510 2738 2719 2801 taliter
2747 2747 2906 2815 orat,
2944 2738 3102 2800 iram
3145 2736 3391 2817 colligit
3427 2735 3633 2815 magis
3668 2753 3862 2815 quam
3897 2753 4003 2798 ve-

2509 2838 2703 2914 niam,
2737 2837 3090 2900 secundum
3129 2835 3687 2917 chrysostomum3
3735 2833 3880 2896 imo·
3907 2842 4006 2896 ta-

2508 2936 2588 2998 lis
2617 2936 2813 2999 Deum
2846 2932 3122 2997 offendit
3151 2942 3215 2996 et
3247 2933 3631 3015 proximum,
3667 2940 3732 2994 et
3761 2949 3876 2993 sua
3905 2931 4007 2993 in·

908 3034 1292 3115 quandoque
1354 3032 1571 3094 multis
1628 3034 1897 3112 gratiam
1958 3032 2398 3096 conversionis
2428 3037 2473 3101 C
2507 3033 2881 3116 quietudine
2910 3051 2983 3094 ac
3016 3031 3470 3096 indiscretione
3499 3031 3782 3113 graviter
3822 3029 4008 3092 laedit

908 3132 1163 3197 mereri.
1210 3131 1750 3205 Quemadmodum
1800 3140 2009 3195 autem
2062 3132 2401 3195 Phenenna

906 3232 1157 3293 Annam
1191 3239 1491 3312 tanquam
1522 3228 1933 3293 infecundam
1974 3230 2265 3312 improbe
2295 3250 2400 3293 ex-

909 3328 1270 3410 probrabat,
1306 3329 1399 3392 sic
1432 3328 1689 3411 quidam
1730 3328 1920 3391 activi
1958 3330 2400 3411 contemplati-

908 3427 1004 3491 vis
1047 3435 1345 3509 tanquam
1389 3428 1611 3491 otiosis
1648 3435 1711 3489 et
1754 3426 2093 3489 inutilibus
2134 3427 2397 3509 obloqui

909 3525 1137 3589 solent.
1170 3526 1361 3589 Porro
1399 3527 1581 3588 Anna
1620 3526 1848 3607 plorat,
1886 3545 2003 3589 nec
2042 3526 2274 3607 accipit
2311 3527 2400 3589 ci-

908 3623 1389 3705 bum,quoniam
1412 3622 1625 3685 anima
1642 3623 2131 3705 contemplativa
2151 3644 2226 3686 ex
2246 3625 2402 3687 mul-

911 3720 992 3782 tis
1020 3722 1230 3784 causis
1256 3720 1622 3784 lacrimatur
1643 3721 1941 3798 ubertim,
1958 3730 2110 3803 puta
2131 3741 2207 3784 cx
2238 3742 2398 3804 puro

910 3819 989 3887 ad
1037 3819 1235 3881 Deum
1284 3836 1521 3895 amore,
1566 3827 1629 3881 et
1672 3838 1749 3881 ex
1789 3818 1958 3881 dulci
2000 3819 2400 3901 complacen-

912 3916 1000 3978 tia
1037 3917 1329 3996 gratiosae
1369 3916 1721 3998 praesentiae
1762 3918 1923 3997 ejuS,
1968 3936 2045 3980 ex
2082 3918 2398 3984 desiderio

911 4033 1171 4096 quoque
1226 4034 1358 4077 suae
1408 4014 1723 4078 beatificae
1772 4014 2039 4078 visionis
2086 4026 2150 4078 et
2194 4017 2398 4098 plenae

916 4112 1261 4174 fruitioniS.
1281 4111 1518 4175 Deinde
1542 4112 1640 4173 sui
1670 4111 1873 4193 ipsius
1908 4122 1971 4175 et
1998 4114 2272 4177 aliorum
2293 4117 2398 4178 de-

2509 3152 2576 3195 se
2608 3132 2840 3214 ipsum.
2874 3132 3034 3193 Hinc
3065 3139 3128 3193 et
3155 3129 3770 3211 Rabanusloquitur
3803 3147 3818 3191 :
3857 3128 4007 3191 For-

2509 3250 2612 3293 ma
2651 3230 2874 3293 orandi
2914 3229 3102 3293 nobis
3146 3228 3253 3291 bic
3297 3228 3593 3306 traditur,
3641 3236 3713 3290 ut
3757 3246 3886 3291 non
3929 3227 4002 3289 in

2507 3328 2938 3409 multiloquio,
2986 3328 3096 3390 sed
3147 3326 3214 3389 in
3263 3327 3759 3407 compunctione
3791 3334 3863 3388 et
3912 3326 4006 3389 la·

2508 3426 2724 3489 crimis
2756 3426 3092 3489 Dominum
3133 3426 3526 3501 invocemuS,
3570 3423 3874 3505 quoniam
3905 3444 4006 3487 sa—

2507 3524 2828 3588 crificium
2867 3525 2995 3587 Deo
3047 3524 3310 3606 spiritus
3357 3522 3846 3586 contribulatus
3887 3522 4006 3586 Po-

2509 3630 2764 3699 strem0,
2799 3624 3050 3685 studeat
3085 3621 3360 3703 quilibet
3401 3629 3690 3684 nostrum
3721 3640 3862 3684 esse
3898 3622 4008 3684 vir

2509 3740 2696 3783 unus.
2717 3720 2872 3781 Nam
2902 3728 2973 3781 ut
3002 3718 3304 3781 disseruit
3331 3718 3634 3800 Origenes
3653 3737 3668 3781 ε
3687 3717 4006 3793 Quamdiu

2510 3828 2870 3902 peccatores
2903 3838 3144 3895 sumuS,
3165 3817 3413 3899 indigni
3435 3836 3654 3879 sumus
3684 3817 3877 3880 titulo
3897 3818 4010 3879 hu·

2506 3917 2612 3998 jus
2646 3916 2873 3979 laudis,
2907 3916 3202 3979 Peccator
3235 3916 3473 3979 etenim
3509 3933 3636 3978 non
3672 3923 3770 3978 est
3803 3934 4002 3989 unuS,

2509 4016 2618 4077 sed
2649 4013 3178 4077 multuS.lntueor
3195 4013 3496 4095 equidem
3517 4013 3762 4076 vultum
3795 4013 4002 4089 illius,

2510 4132 2682 4176 nunc
2711 4113 2878 4189 irati,
2896 4132 3064 4175 nunc
3092 4112 3432 4187 mansueti,
3449 4131 3618 4175 nunc
3651 4112 3804 4189 laeti,
3824 4131 4002 4175 nunc

914 4208 1033 4277 flet
1056 4217 1335 4291 peccata,
1360 4217 1425 4271 et
1456 4209 1784 4290 proprium
1818 4209 2263 4292 imperfectum
2294 4233 2401 4276 an·
2435 4220 2480 4282 D
2511 4211 2731 4289 tristiS,
2753 4230 2924 4274 nunc
2948 4210 3302 4291 tranquilli,
3325 4229 3496 4273 nuuc
3530 4210 3914 4292 perturbati,
3943 4219 4012 4273 et

915 4307 1015 4369 xie
1054 4306 1273 4383 deflet,
1316 4315 1506 4389 atque
1552 4327 1697 4370 cum
1730 4309 1911 4371 Anna
1954 4310 2398 4376 ardentissime

911 4414 1063 4482 orat,
1089 4412 1157 4466 ut
1186 4405 1349 4469 Deus
1379 4414 1682 4487 praestare.
1700 4406 1823 4469 sibi
1853 4406 2149 4487 dignetur
2180 4408 2401 4473 fecun-

916 4504 1177 4567 ditatem
1216 4512 1517 4586 optatam,
1559 4524 1750 4586 quam
1796 4506 1921 4568 Dco
1962 4524 2211 4588 semper
2249 4527 2398 4571 cum

916 4602 1093 4667 omni
1121 4601 1463 4681 gratiarum
1500 4602 1751 4665 actione
1783 4603 2143 4667 adscribere
2173 4624 2401 4687 propo-

915 4699 1013 4763 nit
1050 4700 1416 4764 fortissime.
1459 4700 1666 4763 Plorat
1708 4701 1963 4763 demum
2014 4720 2091 4763 cx
2133 4704 2397 4767 medita-

916 4801 1091 4864 tione
1119 4808 1183 4863 et
1210 4799 1650 4881 compassione
1682 4799 1995 4880 passionis
2030 4802 2394 4866 dominicae.

915 4900 1059 4963 Ideo
1097 4897 1494 4972 fecundatur,
1530 4898 1893 4961 consolatur
1922 4906 1987 4960 et
2027 4900 2401 4981 tranquilla—

2509 4310 2595 4371 ita
2640 4328 2765 4372 non
2811 4316 2907 4370 est
2945 4326 3134 4384 unuS,
3183 4308 3293 4371 sed
3339 4316 3430 4371 tot
3472 4308 3541 4369 in
3586 4326 3660 4371 eo
3707 4327 4008 4390 persona}

2507 4407 2826 4484 videntur,
2861 4414 3018 4488 quot
3046 4424 3278 4469 moreS.
3320 4405 3464 4470 Ideo
3495 4406 3584 4468 ait
3615 4405 3948 4489 Scriptura
3985 4426 4000 4469 :

4149 3556 4182 3586 ι,
4199 3544 4250 3581 ¹9.

2509 4504 2771 4587 Sapiens
2803 4504 2867 4566 in
2909 4503 3224 4587 sapientia
3259 4512 3477 4567 manet
3506 4514 3578 4567 ut
3608 4504 3725 4581 sol,
3763 4506 4008 4569 stultus
4083 4530 4212 4573 acces.
4300 4522 4301 4545 ¹

2509 4610 2719 4666 autem
2749 4611 3029 4665 mutatur
3061 4611 3132 4665 ut
3161 4602 3352 4678 luna3
3394 4603 3522 4667 imo
3555 4604 4008 4687 unusquisque
4033 4608 4153 4643 mn,
4183 4594 4234 4633 ιε.
4300 4600 4301 4613 ³

2508 4702 2822 4783 justorum
2846 4719 2974 4764 non
2997 4702 3202 4764 solum
3226 4710 3323 4764 est
3351 4703 3666 4780 unuS,sed
3687 4711 3751 4764 et
3771 4720 4006 4767 omnes

2509 4808 2942 4882 competenter
2971 4819 3135 4863 unus
3167 4800 3494 4878 dicuntur,
3527 4800 3680 4882 quia
3708 4801 4006 4883 ipsorum

2509 4906 2606 4962 est
2633 4918 2744 4962 cor
2775 4918 2972 4961 unum
3005 4907 3069 4961 ct
3096 4898 3310 4961 anima
3341 4919 3488 4961 una.

4037 4920 4135 4961 Act.
4149 4930 4198 4961 iv,
4211 4916 4264 4955 ³2.
4300 4926 4301 4965 ζ
