4359 6250
118 1193 242 1235 Eme.

93 1257 148 1306 ³1,
165 1261 222 1304 33,
243 1259 310 1300 37.

977 514 1324 561 ENARRATIO
1369 515 1430 558 IN
1476 514 1612 559 CAP.
1659 509 1720 555 vl
1763 510 1919 555 LIBRI
1961 509 2131 556 muln
2173 510 2396 558 REGUM.
2444 531 2525 541 —-
2567 511 2709 558 ΛΒΤ.
2756 512 2843 558 ΧΠ

3331 493 3451 556 289

356 696 571 747 vestra
623 705 738 767 per
786 686 1283 749 obstinationem
1332 693 1394 747 et
1444 681 1854 766 impoeniten-
1884 680 1935 743 A
1964 701 2218 745 currum
2257 702 2369 765 per
2400 685 2570 748 viam
2610 687 2948 749 ducentem
2992 685 3069 746 ad
3115 683 3336 746 urbem
3368 683 3451 744 is-

354 783 514 846 tiam
546 791 611 846 et
641 803 755 866 per
782 803 945 847 arcae
965 784 1422 860 detentionem,
1441 786 1610 844 sicut
1630 801 1857 858 ayyra-

355 884 540 942 vavit
560 885 889 960 AE'yyptus
917 893 978 944 et
994 884 1260 945 Pharao
1289 902 1394 943 cor
1423 903 1640 954 suum,
1661 881 1726 942 id
1761 885 1857 941 est

355 980 638 1062 AEgyptii
673 981 786 1063 qui
829 981 1136 1064 populum
1169 981 1357 1043 lsrael
1390 980 1712 1042 dimittere
1743 977 1854 1039 diu

357 1088 864 1144 recusaverunt?
897 1084 1128 1142 Nonne
1146 1091 1492 1160 postquam
1515 1097 1854 1157 percussus

257 1207 327 1242 m,
354 1188 475 1248 est,
509 1189 665 1240 tun-c
711 1181 966 1241 dimisit
1009 1201 1135 1249 eos,
1175 1189 1235 1240 et
1278 1180 1632 1238 abierunt?
1661 1178 1856 1238 Nunc

354 1297 507 1353 erqo
539 1281 844 1356 arripite,
871 1287 932 1338 et
959 1280 1158 1355 facite
1179 1283 1554 1356 plaustrum
1589 1295 1851 1346 novum,

356 1392 490 1438 non
533 1383 740 1453 vetuS‚
777 1376 858 1438 ad
903 1376 1326 1439 reverentiam
1359 1394 1556 1448 arcae3
1601 1383 1659 1434 et
1688 1377 1856 1434 duas

355 1493 585 1534 vaccas
614 1476 803 1552 fetas,
837 1474 900 1536 id
945 1483 1042 1536 est
1075 1473 1314 1537 vitulos
1345 1475 1477 1556 jam
1521 1472 1848 1546 habenteS‚

352 1572 591 1650 quib-us
621 1593 752 1634 non
781 1583 870 1634 est
899 1575 1278 1650 impositum
1293 1573 1564 1650 juyum,
1585 1571 1856 1646 junqite

353 1672 430 1730 in
443 1676 771 1748 plaustra,
805 1681 864 1732 et
893 1674 1206 1732 recludite
1239 1673 1472 1732 vitulos
1501 1690 1728 1730 earum
1751 1671 1856 1728 do-

351 1773 465 1832 mi.
507 1773 886 1851 Tolletis-que
925 1790 1148 1830 arcam
1189 1772 1479 1838 Domini,
1513 1779 1571 1829 et
1603 1769 1855 1845 ponetis

1965 787 2115 856 tam,
2168 782 2322 863 quia
2376 783 2661 847 fortassis
2719 782 3017 867 primitus
3074 782 3448 847 occurrebat

1965 880 2439 959 egredientibus
2490 883 2569 944 ab
2621 883 2777 946 urbe
2825 883 3187 959 Philistiim‚
3242 901 3279 943 a
3323 899 3453 962 qua

1963 994 2110 1038 arca
2133 980 2329 1062 coepit
2362 981 2620 1044 remitti.
2640 981 2749 1043 Est
2768 1001 3023 1064 quoque
3053 989 3115 1044 et
3144 980 3270 1043 alia
3300 980 3452 1042 urbs

1965 1075 2058 1138 sic
2103 1087 2325 1141 vocata
2370 1079 2434 1141 in
2480 1080 2817 1162 Nephthali
2863 1080 3053 1142 tribu.
3088 1083 3174 1142 Et
3204 1085 3451 1139 elevan-
3506 1098 3641 1142 som
3657 1112 3741 1150 m,

1967 1186 2054 1237 tes
2089 1182 2322 1247 oculos,
2357 1181 2663 1240 viderunt
2693 1199 2935 1251 arcam,
2970 1189 3029 1240 et
3052 1180 3272 1255 yavisi
3300 1187 3453 1238 sunt
3482 1163 3551 1205 ³⁸·

1963 1275 2385 1354 Bethsamitae,
2446 1299 2649 1358 quum
2708 1280 3017 1340 vidissent
3074 1296 3307 1340 arcam.
3367 1280 3449 1339 Et

1955 1379 2333 1453 plaustrum
2372 1380 2545 1438 venit
2584 1381 2657 1438 in
2697 1397 2929 1455 cyrum
2966 1379 3157 1439 Josue
3192 1377 3456 1439 Bethsa-

1965 1476 2164 1546 mitis,
2201 1474 2267 1536 id
2306 1484 2404 1538 est
2440 1475 2599 1540 civis
2632 1475 2912 1557 praefatae
2954 1475 3152 1553 ιιι-δίε,
3184 1485 3245 1536 et
3282 1477 3456 1536 stetit

1964 1573 2058 1630 ibi
2087 1593 2110 1631 .·
2142 1572 2295 1653 quia
2324 1591 2529 1636 vaccae
2560 1573 2983 1637 substiterunt
3013 1573 3276 1650 ibidem,
3300 1591 3457 1654 qua-

1965 1669 2017 1730 si
2051 1679 2306 1751 peracto
2338 1690 2453 1735 suo
2483 1670 2732 1751 offici0‚
2756 1692 2831 1735 ex
2862 1672 3172 1735 instinctu
3204 1670 3449 1734 divino;

1965 1771 2129 1830 Erat
2167 1781 2383 1831 autem
2420 1773 2512 1831 ibi
2545 1773 2712 1848 lapis
2751 1791 3047 1848 maynuS,
3074 1781 3134 1832 et
3167 1772 3454 1832 concide-

351 1870 428 1928 in
451 1873 785 1946 plaustro,
813 1879 874 1930 et
905 1890 1061 1930 vasa
1091 1890 1294 1930 aurea
1323 1889 1466 1948 quae
1494 1867 1854 1926 eoesolvistis
1887 1863 1932 1924 B
1965 1878 2122 1928 runt
2171 1871 2355 1946 liqna
2400 1871 2707 1948 plaustri,
2753 1890 3097 1949 vaccasque
3140 1871 3453 1948 imposue-

348 1970 565 2047 cipro
593 1970 827 2028 delicto
862 1969 1116 2046 ponetis
1160 1970 1234 2027 in
1273 1970 1616 2045 capsellam
1648 1967 1737 2024 ad
1767 1966 1854 2023 la-

353 2075 459 2126 tus
501 2067 684 2144 ejus,-
721 2076 780 2128 et
821 2068 1139 2127 dimittite
1188 2087 1358 2135 eam,
1397 2074 1471 2126 ut
1511 2067 1732 2124 vadat.
1770 2064 1854 2123 Et

350 2166 754 2243 adspicietis.
776 2167 860 2226 Et
889 2167 949 2224 si
978 2166 1242 2244 quidem
1264 2183 1386 2241 per
1409 2164 1586 2222 viam
1609 2162 1853 2238 finium

347 2284 628 2324 suorum
651 2265 1008 2324 ascenderit
1039 2272 1266 2324 contra
1295 2264 1688 2328 Betksames,
1721 2261 1854 2336 ipse

347 2364 510 2438 lecit
553 2363 738 2423 nobis
777 2362 891 2421 boc
933 2365 1186 2445 malum
1221 2363 1515 2438 yrande,·
1542 2360 1602 2418 si
1634 2367 1854 2418 autem

349 2463 659 2531 minime,
681 2461 954 2522 sciemus
985 2461 1145 2540 quia
1175 2477 1583 2538 nequaquam
1617 2475 1850 2517 manus

347 2561 494 2636 ejus
528 2561 741 2636 tetiqit
772 2579 913 2628 nos,
943 2561 1052 2618 sed
1080 2579 1234 2618 casu
1265 2558 1526 2617 accidit.

421 2661 744 2720 Fecerunt
761 2677 911 2734 erqo
943 2658 1050 2716 illi
1079 2660 1195 2718 hoc
1225 2659 1431 2718 modo,
1451 2657 1538 2716 Et
1571 2658 1854 2715 tollentes

347 2762 524 2820 duas
555 2779 779 2820 vaccas
809 2777 954 2837 quoe
987 2759 1311 2817 lactabant
1343 2757 1601 2826 vitulos,
1611 2754 1856 2830 junxe-

347 2867 516 2918 runt
546 2859 637 2917 ad
656 2861 1054 2934 plaustrum,
1075 2856 1434 2934 vitulosque
1461 2872 1690 2913 earum
1717 2869 1858 2911 con-

345 2958 686 3014 cluserunt
715 2954 917 3014 domi.
955 2955 1038 3014 Et
1069 2962 1428 3030 posuerunt
1473 2971 1696 3011 arcam
1731 2951 1855 3010 Dei

1961 1976 2120 2027 runt
2147 1988 2340 2044 super
2367 1989 2463 2039 ea,
2498 1967 2561 2029 id
2594 1975 2692 2030 est
2730 1986 2923 2049 super
2963 1967 3137 2048 ligna
3178 1967 3446 2049 plaustri

1961 2065 2282 2127 conscissa
2316 2067 2380 2127 in
2414 2066 2635 2143 frusta,
2671 2069 3111 2127 holocaustum
3140 2067 3446 2135 Domino,

1965 2161 2025 2222 id
2059 2170 2154 2224 est
2188 2164 2265 2225 ad
2299 2163 2707 2227 offerendum
2746 2183 2969 2227 carnes
3002 2183 3335 2227 vaccarum
3379 2163 3453 2224 il-

1963 2259 2166 2323 larum
2202 2262 2324 2324 Deo
2357 2262 2423 2324 in
2463 2263 2927 2340 holocaustum,
2962 2262 3137 2344 quod
3176 2261 3345 2343 ignis
3378 2261 3453 2323 li-

1963 2378 2233 2440 gnorum
2265 2359 2518 2424 illorum
2552 2361 2839 2425 voravit.'

2043 2461 2283 2522 Levitae
2332 2470 2547 2522 autem
2595 2464 3026 2537 deposuerunt
3068 2481 3290 2520 arcam
3330 2463 3453 2521 Dei

1965 2557 2041 2619 de
2072 2557 2381 2639 plaustro,
2405 2566 2744 2640 antequam
2778 2559 3132 2640 plaustrum
3165 2557 3453 2621 concide-

1913 2651 1927 2666 '
1963 2654 2171 2732 batur,
2204 2667 2265 2717 et
2297 2662 2643 2734 capsellam
2681 2679 2822 2738 quoe
2865 2667 3003 2718 erat
3031 2658 3241 2734 juncta
3281 2677 3449 2725 eam,

1963 2757 2036 2814 in
2080 2775 2211 2835 qua
2254 2767 2439 2818 erant
2484 2778 2636 2817 vasa
2682 2777 2905 2828 aurea,
2940 2757 3005 2818 id
3052 2763 3151 2819 est
3187 2753 3451 2837 praefata

1962 2851 2302 2915 simulacra
2332 2871 2599 2916 anorum
2630 2874 2703 2916 ac
2733 2853 3011 2917 murium
3038 2871 3052 2915 :
3077 2871 3222 2935 quae
3252 2853 3348 2932 (ut
3375 2870 3453 2913 ex

1962 2949 2083 3012 isto
2115 2950 2254 3014 loco
2294 2955 2583 3033 apparet)
2613 2971 2889 3016 concava
2919 2960 3120 3029 erant,
3159 2951 3245 3014 ita
3276 2950 3447 3033 quod

345 3073 548 3131 super
567 3055 972 3131 plaustrum,
1005 3060 1066 3111 et
1107 3054 1451 3129 capsellam
1489 3071 1635 3131 quoe
1671 3050 1855 3109 liabe-
1883 3046 1926 3109 C
1960 3048 2204 3131 aliquid
2236 3058 2529 3133 poterant
2559 3051 2927 3127 continere3
2963 3059 3221 3134 propter
3252 3051 3445 3134 quod,

347 3156 459 3215 bat
513 3173 730 3213 mures
787 3172 1015 3213 aureos
1063 3161 1123 3211 et
1175 3153 1646 3211 similitudines
1699 3168 1853 3209 ano-

347 3274 528 3313 rum.
562 3253 758 3312 Ibant
786 3260 1006 3311 autem
1036 3252 1110 3310 in
1141 3252 1460 3310 directum
1494 3269 1701 3310 vaccoe
1731 3267 1854 3325 per

347 3352 534 3411 viam
565 3370 712 3430 quoe
739 3349 923 3410 ducit
951 3351 1346 3417 Betksames,
1368 3358 1428 3409 et
1455 3348 1691 3408 itinere
1719 3366 1850 3407 uno

337 3450 830 3526 97·adiebantur
868 3456 1202 3524 peryentes
1249 3455 1309 3506 et
1361 3448 1742 3523 muyienteS,
1791 3456 1850 3505 et

343 3568 478 3609 non
525 3547 944 3609 declinabant
993 3548 1082 3605 ad
1126 3547 1462 3605 dexteram
1511 3565 1712 3625 neque
1760 3547 1850 3605 ad

342 3649 716 3707 sinistram.
751 3647 883 3705 Sed
923 3654 984 3705 et
1025 3653 1305 3721 satrapa}
1337 3645 1846 3705 Pltilistinorum

341 3747 786 3824 sequebantur
807 3762 1004 3822 usque
1023 3745 1112 3803 ad
1135 3743 1440 3803 terminos
1457 3744 1691 3803 Beth-sa
1699 3762 1844 3803 mes.

345 3844 588 3907 Textus
635 3840 864 3923 planus
903 3848 1020 3903 est.
1055 3841 1270 3922 ltaque
1310 3840 1526 3903 omnia
1555 3840 1675 3902 ista
1707 3858 1852 3903 con-

343 3941 698 4005 suluerunt
745 3940 1104 4002 sacerdotes
1154 3946 1218 4002 et
1265 3937 1472 4001 divini
1521 3939 1598 4000 ad
1649 3957 1848 4019 agno—

344 4039 664 4104 scendum
697 4056 814 4121 pro
844 4045 1038 4116 certo,
1064 4056 1146 4100 an
1179 4037 1379 4120 plagae
1412 4036 1538 4099 illae
1577 4036 1850 4100 fuissent

347 4138 626 4201 inflictae
655 4157 692 4199 a
720 4137 869 4200 Deo.
903 4137 1078 4212 Quod
1113 4136 1286 4199 enim
1326 4154 1533 4200 vaccae
1574 4134 1847 4199 insolitae

1957 3146 2136 3228 juxta
2166 3150 2619 3231 proprietatem
2650 3151 2892 3214 Hebraei
2924 3150 3259 3227 sermoniS,
3296 3169 3449 3213 vasa

1959 3246 2279 3309 dicuntur.
2307 3248 2557 3311 Etenim
2589 3268 2736 3311 vasa
2765 3258 2997 3313 vocant
3027 3249 3293 3326 Hebraei,
3319 3268 3451 3312 om-

1961 3346 2066 3408 nia
2095 3366 2239 3428 quae
2271 3355 2420 3409 sunt
2448 3347 2720 3428 alicujus
2760 3347 2851 3411 rei
2883 3347 3271 3412 contentiva.
3305 3346 3452 3421 Qui-

1959 3446 2104 3507 dam
2139 3454 2349 3509 tamen
2390 3466 2501 3528 per
2536 3465 2686 3512 vasa
2714 3466 2907 3509 aurea
2935 3447 3308 3529 intelligunt
3346 3467 3452 3510 va-

1959 3562 2028 3605 sa
2060 3543 2450 3625 hujusmodi,
2488 3543 2553 3606 in
2585 3544 2844 3625 quibuS‚
2879 3553 2949 3607 ut
2978 3546 3221 3621 dicunt,
3258 3545 3449 3627 positi

1958 3651 2138 3705 erant
2180 3643 2287 3705 ani
2326 3663 2669 3726 muresque
2704 3644 2880 3707 aurei
2918 3662 2931 3707 :
2967 3646 3139 3726 quod
3182 3663 3307 3707 non
3350 3651 3449 3706 est

1961 3741 2187 3805 idonee
2235 3742 2497 3819 dictum,
2533 3743 2687 3824 quia
2730 3744 2799 3805 in
2844 3752 3015 3806 textu
3060 3743 3249 3826 paulo
3299 3750 3447 3805 ante

1959 3840 2252 3918 habetur,
2277 3840 2537 3904 Tolletis
2567 3830 2779 3905 arcam
2810 3851 2874 3906 et
2904 3861 3053 3907 vasa
3084 3860 3273 3905 aurea
3304 3861 3447 3923 quae

1959 3938 2320 4003 exsolvistis
2350 3939 2407 4001 ei
2442 3959 2556 4022 pro
2589 3940 2945 4004 delicto.E't
2966 3950 3322 4019 posuerunt
3351 3960 3447 4003 ar-

1959 4056 2097 4099 cam
2126 4044 2321 4117 atque
2350 4037 2693 4118 capsellam
2722 4058 2916 4115 super
2938 4040 3223 4115 lapidem
3246 4057 3445 4115 yran·

1958 4138 2125 4204 dem,
2174 4133 2311 4216 qui,
2363 4137 2715 4198 secundum
2756 4136 3119 4200 Judaeorum
3170 4135 3439 4213 fabulaS,

341 4240 580 4320 jugum
613 4242 890 4317 portare,
925 4242 988 4298 et
1017 4256 1054 4297 a
1084 4234 1217 4297 suis
1251 4233 1486 4297 fetibus
1519 4241 1845 4315 separatae,
1879 4239 1928 4299 D
1962 4231 2082 4294 fuit
2107 4252 2217 4295 ara
2246 4234 2401 4296 olim
2433 4243 2793 4298 constructa
2832 4234 2914 4297 ab
2947 4235 3287 4313 Abraham,
3326 4235 3441 4318 qui

344 4337 683 4399 traherent
730 4352 990 4397 currum
1040 4351 1153 4415 per
1200 4333 1368 4396 viam
1420 4340 1680 4410 rectam,
1737 4352 1850 4415 per

341 4454 546 4517 quam
585 4440 734 4496 ante
764 4450 1097 4513 nunquam
1127 4431 1380 4494 iverunt
1411 4430 1550 4493 sine
1579 4432 1844 4495 ductore

341 4554 458 4597 seu
503 4532 754 4613 auriga,
789 4531 914 4594 fuit
951 4530 1398 4613 multipliciter
1439 4549 1630 4612 supra
1671 4539 1849 4593 natu-

341 4650 510 4695 ram.
537 4630 684 4693 Ideo
706 4630 829 4692 fuit
859 4629 1114 4709 signum
1145 4627 1507 4705 sufficiens,
1533 4630 1704 4710 quod
1736 4630 1849 4691 tri-

340 4729 595 4793 bulatio
639 4727 753 4792 illa
789 4736 959 4791 esset
987 4748 1026 4791 a
1050 4729 1177 4792 Deo
1216 4728 1406 4791 lsrael
1451 4737 1710 4810 propter
1754 4747 1849 4790 ar-

339 4848 488 4892 cam
523 4826 836 4889 immissa.

410 4932 628 4991 Porro
647 4928 1068 4989 Bethsamitoe
1097 4928 1410 4987 metebant
1445 4928 1736 4987 triticum
1769 4928 1842 4987 in

342 5030 522 5088 valle
553 5046 576 5085 .·
607 5041 739 5105 quo
785 5031 1057 5101 constat,
1107 5032 1388 5106 tempore
1438 5024 1662 5087 messis
1713 5024 1848 5087 haec

63 5143 224 5247 msam
239 5158 309 5196 xv,
341 5123 723 5202 contigisse.
756 5122 1031 5203 Eratque
1067 5122 1430 5185 Bethsames
1476 5142 1604 5185 una
1646 5142 1852 5185 sacer-

118 5221 128 5251 :
145 5220 224 5258 ιιι,
244 5210 312 5251 ¹6.

139 5272 158 5290 ·
177 5272 286 5313 suda

340 5222 664 5288 dotalium
695 5222 955 5283 urbium
986 5221 1054 5282 in
1082 5228 1252 5284 sorte
1270 5220 1599 5302 Benjamin
1620 5222 1663 5282 *.
1700 5222 1846 5285 Ideo

339 5331 567 5385 autem
619 5320 912 5383 fecerunt
962 5319 1264 5383 Philistaei
1311 5338 1533 5382 vaccas
1598 5320 1848 5383 trahere

605 5454 673 5505 T.
705 5454 756 5505 3.

1955 4332 2054 4409 (ut
2103 4330 2169 4392 in
2219 4331 2445 4394 Genesi
2507 4332 2765 4414 legitur)
2813 4333 2880 4395 in
2933 4333 3226 4415 pluribus
3286 4334 3443 4397 locis
3472 4352 3734 4467 ¹523:ss

1956 4428 2304 4493 aediricavit
2333 4430 2579 4493 altaria.
2602 4434 2743 4491 Viri
2760 4443 2975 4493 autem
3000 4435 3441 4505 Bethsamitae,

1957 4527 2202 4591 scilicet
2243 4530 2600 4592 sacerdotes
2644 4530 2823 4593 urbis
2862 4531 3040 4594 illius
3092 4533 3442 4596 sacerdota-

1958 4626 2059 4703 lis,
2093 4630 2462 4688 obtulerunt
2503 4631 2896 4700 holocausta,
2932 4630 3177 4693 scilicet
3216 4650 3439 4695 vaccas

1955 4726 2310 4809 praedictaS,
2345 4733 2454 4789 aut
2496 4726 2689 4789 etiam
2734 4728 3053 4791 sacrificia
3101 4730 3247 4792 alia.
3284 4730 3437 4794 Nam

1957 4824 2249 4886 subditur
2277 4833 2373 4885 :et
2404 4826 2902 4887 immolaverunt
2934 4829 3231 4889 victimas
3260 4830 3328 4889 in
3363 4831 3441 4888 il-

1958 4928 2024 4985 la
2040 4927 2148 4984 die
2166 4925 2461 4990 Domino,
2482 4942 2597 5005 pro
2618 4924 2965 5005 gratiarum
2990 4925 3253 5002 actione,
3267 4928 3439 5007 quod

1956 5041 2166 5085 arcam
2200 5032 2326 5084 tam
2368 5022 2747 5086 miraculose
2775 5030 2839 5085 et
2867 5023 3143 5105 gloriose
3172 5024 3439 5087 reduxit.

1955 5121 2134 5184 Unde
2175 5130 2240 5184 et
2282 5120 2457 5202 ligna
2500 5120 2765 5203 plaustri
2808 5141 2881 5185 ac
2920 5141 3165 5200 vaccaS‚
3202 5124 3269 5186 in
3300 5122 3441 5205 qui-

1958 5221 2076 5284 bus
2107 5220 2261 5283 fecit
2297 5221 2461 5283 Deus
2502 5220 2789 5303 prodigia
2830 5220 2962 5297 illa,
2998 5230 3447 5287 converterunt

1958 5319 2023 5380 in
2056 5318 2167 5382 Dei
2199 5319 2529 5396 honorem,
2551 5319 2616 5380 id
2646 5327 2744 5382 est
2776 5318 2842 5381 in
2875 5319 3228 5383 holocausti
3258 5328 3448 5384 mate-

3142 5454 3204 5507 19
