4359 6250
113 3554 324 3602 Indicam

115 3620 172 3667 ³0.
191 3624 252 3663 3¹.

917 513 1265 561 manuue
1308 513 1370 559 m
1412 513 1548 558 GAP.
1597 511 1704 558 xxl
1745 510 1903 557 LIBRI
1945 509 2197 557 securim
2239 508 2463 555 REGUM.
2510 527 2590 538 —··
2630 507 2775 553 ΛΒΤ.
2819 505 2970 552 xxxl

1433 915 2078 1004 ARTICULUS
2157 915 2445 999 XXXI

551 1197 908 1244 Etucmssto
951 1197 1226 1243 caurum
1269 1196 1528 1243 Vlcssstm
1571 1194 1740 1240 Pnnu
1783 1194 1797 1238 ἰ
1843 1194 2042 1240 FACTA
2085 1195 2193 1239 EST
2236 1192 2471 1248 QUOQUE
2513 1191 2713 1236 Fui-:s
2755 1190 2814 1235 IN
2857 1189 3071 1236 manus
3116 1189 3325 1235 navln.

519 1473 864 1538 RAESENS
892 1473 1200 1537 describit
1228 1471 1595 1554 capitulum,
1615 1470 1892 1552 qualiter
1921 1472 1965 1534 Α
2001 1480 2126 1546 ste3
2155 1471 2255 1534 vel
2287 1470 2439 1552 quia
2469 1469 2798 1549 sanguinis
2826 1469 3069 1553 proprii
3100 1469 3487 1536 effusionem

539 1572 1213 1655 incomprehensibilis
1243 1572 1422 1646 DeuS,
1438 1590 1513 1632 eu
1518 1570 1622 1652 jus
1651 1569 1892 1651 judicia

385 1681 542 1737 sunt
574 1673 754 1737 velut
782 1672 1050 1756 abyssus
1082 1671 1304 1749 multa,
1330 1669 1678 1734 declaravit
1709 1688 1888 1731 suam

382 1772 708 1855 justitiam
739 1771 806 1834 in
838 1771 1082 1834 ultione
1107 1768 1280 1853 justa
1303 1777 1557 1852 propter
1586 1768 1888 1850 injuriam

383 1870 762 1936 Gabaonitis
795 1869 1051 1932 illatam.
1069 1875 1268 1930 Facta
1297 1879 1388 1929 est
1417 1887 1666 1949 quoque
1682 1869 1888 1944 fames

385 1975 462 2032 in
503 1973 734 2032 diebus
774 1969 954 2050 regni
991 1969 1237 2038 David,
1267 1967 1388 2031 hoe
1434 1973 1530 2030 est
1579 1966 1645 2029 in
1694 1984 1888 2046 regno

385 2089 508 2132 suo
563 2087 578 2131 :
637 2067 840 2131 sames
887 2067 1208 2149 (inquam)
1256 2065 1658 2129 sterilitatem
1705 2074 1888 2128 terrae

387 2187 693 2250 sequem,
745 2169 950 2228 tm'bus
993 2167 1190 2227 annis
1219 2166 1499 2242 jugiter.
1537 2168 1622 2226 Ec
1666 2175 1890 2224 eonsu—

385 2270 518 2328 lu-ic
558 2268 780 2328 David
822 2268 1160 2326 oraculum
1200 2265 1491 2335 Domini,
1527 2262 1590 2324 id
1617 2271 1751 2338 est,
1791 2281 1887 2324 re-

387 2367 703 2448 sponsum
763 2384 800 2426 a
851 2365 977 2426 Deo
1037 2362 1266 2446 petivit
1323 2381 1436 2444 per
1495 2361 1885 2424 sacerdotem

387 2463 798 2547 pontificem,
834 2471 906 2526 nt
933 2462 1168 2544 saepius
1197 2461 1438 2524 dietum
1473 2468 1590 2536 est,
1626 2467 1735 2522 aut
1774 2479 1888 2542 per

383 2562 760 2645 Prophetas
795 2561 1154 2642 Dicuntque
1197 2547 1421 2641 aliqui,
1459 2559 1631 2640 quod
1679 2557 1886 2641 primo

2003 1577 2515 1653 promeruerunt.
2552 1569 2688 1646 Vel,
2726 1569 3141 1650 Sanguinum‚
3177 1570 3241 1633 id
3272 1579 3367 1634 est
3398 1571 3491 1635 vi-

2002 1669 2260 1733 tiorum.
2307 1668 2612 1731 Praeterea
2654 1668 2983 1751 quaeritur,
3034 1688 3149 1732 eur
3188 1689 3304 1752 pro
3347 1690 3491 1753 pec-

2001 1775 2142 1831 cato
2174 1767 2320 1830 Saul
2356 1775 2419 1831 et
2448 1785 2707 1830 suorum
2742 1767 2982 1831 tamdiu
3016 1769 3357 1850 praeterito,
3378 1789 3491 1852 pu-

2004 1867 2120 1929 niti
2154 1866 2287 1928 sint
2315 1865 2511 1930 David
2552 1885 2624 1928 ac
2664 1866 2939 1948 populus
2979 1866 3118 1947 ejus
3159 1866 3329 1930 fame
3359 1877 3488 1930 tam

2003 1965 2213 2044 longa,
2252 1983 2364 2026 seu
2408 1973 2589 2026 terrae
2632 1963 2986 2026 sterilitate.
3026 1963 3483 2046 Respondetur,

2002 2063 2172 2144 quod
2218 2061 2413 2126 David
2458 2061 2789 2143 negligens
2836 2060 2980 2139 ruit,
3022 2080 3149 2126 non
3195 2062 3487 2128 faciendo

1997 2161 2311 2243 justitiam
2344 2160 2713 2224 Gabaonitis
2745 2180 2860 2244 pro
2892 2180 3111 2224 corum
3143 2161 3399 2244 injuria,
3424 2173 3489 2227 et

2001 2260 2188 2322 multi
2229 2277 2446 2322 eorum
2486 2259 2597 2341 qui
2640 2259 2983 2342 participes
3024 2270 3201 2324 erant
3244 2262 3486 2344 peceati

2000 2359 2170 2436 Saul,
2207 2379 2279 2422 ac
2309 2359 2367 2422 ei
2401 2358 2664 2423 fuerunt
2692 2360 3037 2442 cooperati,
3063 2360 3357 2424 vixerunt
3387 2363 3489 2426 ad-

2001 2458 2147 2520 huc.
2184 2456 2617 2520 Communitas
2664 2475 2921 2540 quoque
2967 2457 3335 2540 frequenter
3378 2481 3489 2544 pu-

2001 2556 2174 2618 nitur
2234 2564 2493 2638 propter
2552 2565 2881 2638 peccatum
2936 2557 3346 2621 commissum
3405 2559 3487 2622 ab

383 2679 561 2724 anno
594 2661 770 2723 illius
805 2659 994 2722 samis
1028 2657 1502 2722 non-consuluit
1525 2657 1879 2732 Dominum,
1925 2657 1970 2718 B
1999 2655 2213 2736 aliqua
2244 2663 2421 2737 parte
2460 2674 2571 2717 seu
2612 2674 2883 2738 persona
2922 2655 3145 2738 ipsiuS,
3182 2657 3249 2719 in
3287 2677 3489 2739 quan-

382 2760 542 2842 quia
573 2759 824 2841 putavit
854 2757 1256 2821 sterilitatem
1290 2755 1464 2818 illam
1496 2775 1571 2818 ex
1611 2755 1887 2818 naturali

382 2857 762 2938 contingere
791 2876 1017 2930 causa3
1055 2875 1171 2918 nec
1201 2874 1369 2919 anno
1399 2854 1700 2929 seeundo,
1735 2854 1889 2936 quia

383 2955 640 3039 putavit
671 2975 812 3018 eam
843 2954 1062 3018 venire
1092 2962 1354 3036 propter
1383 2953 1623 3016 idolum
1645 2952 1881 3030 Michae,

382 3055 562 3138 quod
615 3062 750 3118 erat
798 3053 1007 3117 adhue
1050 3053 1115 3115 in
1166 3053 1336 3115 tribu
1379 3053 1512 3114 Dan
1563 3070 1576 3115 ε
1628 3060 1888 3136 propter

383 3155 587 3236 quod,
624 3154 869 3217 idolum
922 3153 1080 3216 illud
1125 3152 1459 3217 destruxit.
1496 3152 1615 3215 Sed
1661 3152 1890 3215 sterili-

386 3262 518 3316 tate
551 3271 680 3315 non
711 3261 1021 3329 cessante,
1041 3251 1362 3315 consuluit
1389 3251 1886 3315 Dominum.Sed

385 3350 562 3413 istud
593 3351 676 3413 de
704 3350 860 3414 idoli
883 3350 1098 3413 Michae
1119 3349 1550 3412 destructione
1579 3347 1744 3412 lacta
1775 3368 1888 3431 per

387 3448 609 3526 David,
629 3468 758 3513 non
781 3448 1034 3512 videtur
1063 3466 1414 3511 consonare
1445 3448 1521 3525 ei,
1542 3449 1712 3529 quod
1744 3448 1889 3511 scri-

327 3574 356 3609 ι.
386 3556 573 3630 ptum
605 3556 705 3611 est
735 3548 800 3609 in
831 3547 1124 3610 Judicum
1153 3546 1320 3609 libro
1359 3564 1374 3608 ε
1409 3546 1888 3628 Posueruntque

387 3646 516 3709 sibi
551 3646 875 3728 sculptile,
911 3654 974 3708 et
1001 3645 1314 3709 Jonathan
1357 3644 1571 3707 silium
1602 3645 1882 3721 Gersam,

389 3744 520 3807 filii
571 3744 822 3827 Moysis»,
871 3764 944 3807 ac
993 3743 1170 3807 filios
1219 3746 1360 3826 ejus
1411 3745 1766 3807 sacerdotes
1821 3743 1885 3806 in

1997 2761 2134 2816 tum
2164 2773 2386 2816 omnes
2416 2754 2494 2816 de
2526 2773 2653 2816 una
2682 2755 3151 2830 communitate,
3170 2763 3319 2818 sunt
3338 2775 3487 2838 quo—

1997 2853 2337 2915 dammodo
2368 2871 2593 2929 unum,
2628 2854 3166 2934 quemadmodum
3210 2855 3275 2917 in
3320 2855 3485 2918 libro

1995 2952 2182 3014 Josue
2224 2950 2427 3014 fertur
2457 2952 2535 3014 de
2565 2951 2778 3014 Achan
2822 2960 2885 3014 et
2925 2951 3083 3015 filiis
3116 2953 3326 3016 Israel.
3362 2954 3486 3018 Nec

1999 3060 2210 3114 tamen
2235 3049 2397 3114 Deus
2431 3051 2496 3113 in
2529 3051 2641 3114 tali
2671 3071 2821 3114 casu
2853 3052 3113 3135 derogat
3141 3052 3243 3115 his
3273 3053 3385 3136 qui
3418 3053 3486 3117 in

1999 3151 2138 3232 ipsa
2166 3150 2625 3213 communitate
2655 3160 2805 3213 sunt
2836 3151 3207 3215 innoeentes
3248 3154 3327 3216 de
3366 3154 3487 3216 hu-

1996 3249 2349 3330 juscemodi
2396 3249 2551 3312 vitio
2595 3251 2767 3331 quod
2812 3251 3078 3332 punitur
3120 3269 3135 3313 ε
3183 3252 3487 3333 quoniam

1996 3348 2143 3430 pius
2173 3367 2247 3410 ac
2290 3349 2545 3429 sapiens
2577 3349 2739 3411 Deus
2771 3368 3025 3431 poenam
3069 3368 3260 3432 quam
3304 3352 3489 3414 susti-

1998 3454 2173 3523 nent,
2200 3446 2453 3509 ordinat
2492 3447 2585 3509 eis
2620 3448 2699 3509 ad
2730 3449 2937 3529 majus
2977 3449 3239 3527 bonum,
3266 3450 3489 3514 videli-

1997 3554 2098 3607 cet
2137 3546 2217 3607 ad
2262 3545 2703 3627 purgationem
2742 3545 3011 3609 aliarum
3052 3567 3211 3629 quas
3252 3548 3489 3613 habent

1997 3642 2352 3724 culparum,
2388 3662 2499 3705 seu
2532 3642 2750 3723 gratiae
2783 3644 3265 3710 incrementum.

2098 3744 2340 3803 Vocatis
2381 3761 2527 3818 erqo
2578 3745 2973 3813 GabaonitiS,
3017 3765 3135 3803 rem
3176 3748 3353 3807 dixit
3399 3752 3487 3807 ad

387 3844 568 3906 tribu
589 3842 966 3925 Dan,usque
999 3843 1077 3904 ad
1107 3842 1276 3905 diem
1308 3841 1698 3924 captivitatis
1729 3861 1881 3905 suae.
1923 3839 1967 3902 C
1995 3860 2116 3901 eoa.
2150 3840 2273 3902 Cur
2304 3849 2515 3902 autem
2548 3859 2677 3903 non
2720 3840 2901 3904 licuit
2932 3841 3077 3905 Saul
3120 3852 3183 3905 et
3223 3845 3356 3907 suis
3386 3864 3486 3909 oc-

385 3941 746 4023 Mansitq‘ue
793 3941 962 4023 apud
1011 3960 1119 4004 eos
1162 3940 1405 4004 idolum
1450 3941 1666 4004 Michae
1709 3941 1885 4004 omni

389 4050 682 4123 tempore
729 4059 860 4122 quo
907 4039 1030 4103 fuit
1075 4041 1302 4103 domus
1351 4041 1460 4104 Dei
1510 4040 1577 4102 in
1623 4040 1774 4103 Silo.
1810 4041 1887 4103 Et

385 4138 686 4221 quamvis
737 4138 933 4203 verba
983 4138 1116 4202 haee
1167 4139 1510 4221 dupliciter
1567 4157 1887 4222 exponan-

387 4244 514 4313 tur,
567 4245 758 4319 prout
807 4256 1000 4320 super
1045 4237 1342 4300 Judicum
1385 4238 1637 4320 scripsi,
1672 4247 1883 4301 tamen

385 4335 744 4399 secundum
788 4336 1032 4399 nullam
1076 4336 1550 4419 expositionum
1601 4336 1880 4414 illarum,

385 4434 786 4499 conveniunt
815 4434 1093 4517 praefatae
1123 4435 1483 4498 assertioni.

487 4534 805 4611 Dixitque
857 4535 1199 4605 Dominus,
1254 4533 1696 4615 respondendo
1750 4534 1882 4616 regi

383 4633 620 4694 devoto
651 4650 766 4713 per
797 4631 1208 4708 sacerdotem,
1230 4650 1340 4694 seu
1373 4631 1499 4694 alio
1523 4633 1712 4696 modo
1733 4652 1884 4715 prae-

387 4737 558 4793 tacto
593 4732 921 4807 :Propter
951 4733 1120 4791 Saul
1159 4740 1219 4791 et
1259 4733 1524 4791 domum
1561 4734 1702 4807 ejus
1737 4753 1884 4792 san-

377 4830 695 4905 quinum,
737 4830 898 4906 quia
941 4830 1175 4889 occidit
1222 4830 1633 4901 GabaonitaS,
1673 4830 1736 4892 id
1788 4838 1884 4893 est

385 4935 653 5010 propter
683 4926 924 4989 scelera
957 4926 1160 5009 ipsius
1187 4926 1334 4989 Saul
1367 4935 1429 4991 et
1461 4927 1698 4991 sobolis
1727 4947 1878 5005 suae,

1995 3938 2209 4002 cidere
2238 3938 2637 4016 Gabaonitas,
2673 3940 3102 4022 subjungitur.
3130 3946 3333 4005 Porro
3370 3947 3486 4005 Ga·

1995 4040 2269 4099 baom‘toe
2290 4037 2647 4101 habitantes
2677 4039 2740 4101 in
2772 4040 2927 4103 urbe
2950 4041 3208 4103 nomine
3227 4041 3483 4105 Gabaon

3534 2978 3669 3020 Josue
3682 2988 3752 3018 vn.

1995 4145 2058 4199 et
2087 4136 2231 4198 aliis
2262 4136 2515 4219 oppidis
2547 4138 2604 4200 ei
2636 4139 2922 4216 annexiS,
2951 4139 3195 4203 scilicet
3215 4140 3487 4223 Caphira
3511 4160 3774 4210 uidam-1.

1995 4244 2058 4299 et
2087 4235 2313 4299 Beroth
2346 4244 2410 4299 et
2438 4235 2902 4313 Cariathiarim,
2938 4248 3127 4321 prout
3161 4239 3350 4304 Josue
3378 4242 3485 4303 de-

1995 4334 2243 4411 scribit,
2269 4354 2399 4395 non
2430 4346 2615 4396 erant
2643 4340 2723 4396 de
2751 4339 2908 4413 filiis
2942 4340 3167 4409 Israel,
3186 4338 3249 4401 id
3281 4348 3377 4401 est
3405 4340 3485 4403 de

1993 4432 2195 4515 stirpe
2237 4431 2450 4509 Jacob,
2496 4443 2605 4496 aut
2651 4434 2943 4497 tribubus
2986 4437 3147 4517 ejuS‚
3182 4441 3292 4499 sed
3328 4442 3483 4499 reli-

1992 4534 2185 4611 qm'oe,
2221 4532 2286 4593 id
2330 4541 2427 4595 est
2476 4534 2713 4615 posteri
2759 4534 3043 4616 quidam,
3082 4539 3485 4599 Amorrhoeo-

1992 4630 2296 4712 rum,qui
2330 4632 2755 4712 confugerunt
2784 4634 2863 4696 ad
2890 4634 3285 4696 Josue.Fe'lii
3301 4639 3484 4716 quip-
3526 4659 3773 4703 maan-¹¹.

1985 4749 2067 4806 pe
2095 4731 2303 4790 Israel
2316 4732 2716 4806 juraverant
2745 4732 3179 4801 eis,videlieet
3206 4733 3391 4797 Josue
3420 4744 3483 4797 et

1992 4826 2316 4910 principes
2349 4828 2841 4912 tribuum,quod
2864 4849 2990 4894 non
3022 4832 3481 4908 occiderentur,

1994 4945 2110 4989 nec
2142 4926 2291 5008 ipsi,
2328 4946 2445 4990 nec
2475 4946 2695 4991 eorum
2736 4930 2973 5010 posteri
3005 4949 3044 4992 a
3074 4929 3233 4993 filiis
3266 4931 3477 4995 Israel.

3540 4855 3659 4900 [bia.
3682 4858 3748 4899 ¹5.

383 5033 582 5107 atque
636 5023 958 5087 lautorum
1007 5032 1070 5087 et
1119 5034 1599 5108 cooperatorum
1655 5026 1878 5109 ipsius,
1913 5029 1962 5090 D
1993 5023 2146 5086 Nam
2181 5024 2385 5087 foedus
2416 5026 2591 5107 pacis
2624 5026 2907 5089 inierunt
2934 5047 3075 5091 eum
3098 5028 3485 5103 eisutJosue
3548 5052 3736 5097 nedem.

383 5123 540 5205 quia
569 5122 950 5186 Gabaonitas
984 5122 1442 5187 interfecerunt
1473 5125 1710 5207 injuste
1744 5143 1758 5188 t
1795 5124 1884 5187 id-

381 5222 558 5285 cireo
599 5222 830 5284 domus
875 5221 1261 5302 sanguinum
1304 5224 1731 5306 appellantur.
1767 5223 1881 5287 Vel

381 5319 540 5402 quia
569 5318 920 5383 multorum
961 5318 1335 5400 sanguinem
1380 5318 1683 5384 fuderunt
1713 5320 1882 5403 inju-

1993 5133 2227 5201 narrat,
2264 5123 2501 5188 idcireo
2533 5134 2596 5188 et
2625 5125 2794 5200 Saul,
2820 5145 2893 5189 ac
2924 5146 3038 5191 suo
3072 5136 3353 5210 tempore
3386 5149 3485 5193 ex-

1993 5221 2289 5283 sistentes
2335 5222 2556 5301 Judaei,
2612 5224 2995 5287 tenebantur
3053 5224 3263 5290 soedus
3314 5226 3484 5290 istud

1993 5319 2285 5402 implere.
2306 5324 2390 5383 Et
2423 5324 2627 5383 voluit
2656 5326 2824 5385 Saul
2844 5334 3176 5401 pereutere
3203 5345 3303 5385 eos
3323 5330 3483 5397 zeIO,
