<?xml version="1.0" encoding="UTF-8"?>
<!DOCTYPE html PUBLIC "-//W3C//DTD XHTML 1.0 Transitional//EN"
    "http://www.w3.org/TR/xhtml1/DTD/xhtml1-transitional.dtd">
<html xmlns="http://www.w3.org/1999/xhtml" xml:lang="en" lang="en">
 <head>
  <title>
</title>
<meta http-equiv="Content-Type" content="text/html;charset=utf-8" />
  <meta name='ocr-system' content='tesseract 3.04.00' />
  <meta name='ocr-capabilities' content='ocr_page ocr_carea ocr_par ocr_line ocrx_word'/>
</head>
<body>
  <div class='ocr_page' id='page_1' title='image "./doctorisecstati02denigoog_0633.png"; bbox 0 0 4359 6250; ppageno 0'>
   <div class='ocr_carea' id='block_1_1' title="bbox 648 4325 920 4430">
    <p class='ocr_par' dir='ltr' id='par_1_1' title="bbox 648 4325 920 4430">
     <span class='ocr_line' id='line_1_1' title="bbox 670 4325 920 4380; baseline 0.008 -14"><span class='ocrx_word' id='word_1_1' title='bbox 670 4325 687 4344; x_wconf 76' lang='lat'><em>⁶</em></span> <span class='ocrx_word' id='word_1_2' title='bbox 695 4333 920 4380; x_wconf 68' lang='lat' dir='ltr'><strong>prnpow·</strong></span> 
     </span>
     <span class='ocr_line' id='line_1_2' title="bbox 648 4391 750 4430; baseline 0 0"><span class='ocrx_word' id='word_1_3' title='bbox 648 4391 750 4430; x_wconf 79' lang='lat' dir='ltr'><strong>erat</strong></span> 
     </span>
    </p>
   </div>
   <div class='ocr_carea' id='block_1_2' title="bbox 955 464 1158 559">
    <p class='ocr_par' dir='ltr' id='par_1_2' title="bbox 955 464 1158 559">
     <span class='ocr_line' id='line_1_3' title="bbox 955 464 1158 559; baseline 0.005 -33"><span class='ocrx_word' id='word_1_4' title='bbox 955 464 1158 559; x_wconf 57' lang='lat'><strong>592,</strong></span> 
     </span>
    </p>
   </div>
   <div class='ocr_carea' id='block_1_3' title="bbox 950 644 4266 775">
    <p class='ocr_par' dir='ltr' id='par_1_3' title="bbox 950 644 4266 775">
     <span class='ocr_line' id='line_1_4' title="bbox 950 644 4266 775; baseline -0.003 -60"><span class='ocrx_word' id='word_1_5' title='bbox 950 672 1032 735; x_wconf 90' lang='lat' dir='ltr'><strong>pe</strong></span> <span class='ocrx_word' id='word_1_6' title='bbox 1059 652 1415 715; x_wconf 78' lang='lat' dir='ltr'><strong>construxit</strong></span> <span class='ocrx_word' id='word_1_7' title='bbox 1445 651 1768 735; x_wconf 85' lang='lat' dir='ltr'><strong>palatium,</strong></span> <span class='ocrx_word' id='word_1_8' title='bbox 1784 660 1849 715; x_wconf 89' lang='lat' dir='ltr'><strong>et</strong></span> <span class='ocrx_word' id='word_1_9' title='bbox 1877 651 1946 713; x_wconf 91' lang='lat' dir='ltr'><strong>in</strong></span> <span class='ocrx_word' id='word_1_10' title='bbox 1977 652 2202 715; x_wconf 91' lang='lat' dir='ltr'><strong>eodem</strong></span> <span class='ocrx_word' id='word_1_11' title='bbox 2222 658 2440 713; x_wconf 88' lang='lat' dir='ltr'><strong>monte</strong></span> <span class='ocrx_word' id='word_1_12' title='bbox 2470 644 2520 707; x_wconf 80' lang='lat' dir='ltr'>A</span> <span class='ocrx_word' id='word_1_13' title='bbox 2554 651 2794 729; x_wconf 85' lang='lat' dir='ltr'><strong>nitatis,</strong></span> <span class='ocrx_word' id='word_1_14' title='bbox 2830 661 2963 715; x_wconf 90' lang='lat' dir='ltr'><strong>tum</strong></span> <span class='ocrx_word' id='word_1_15' title='bbox 3002 652 3157 732; x_wconf 84' lang='lat' dir='ltr'><strong>quia</strong></span> <span class='ocrx_word' id='word_1_16' title='bbox 3196 648 3573 733; x_wconf 80' lang='lat' dir='ltr'><strong>promovisti</strong></span> <span class='ocrx_word' id='word_1_17' title='bbox 3608 666 3754 710; x_wconf 89' lang='lat' dir='ltr'><strong>eum</strong></span> <span class='ocrx_word' id='word_1_18' title='bbox 3790 655 3907 709; x_wconf 78' lang='lat' dir='ltr'><strong>tua</strong></span> <span class='ocrx_word' id='word_1_19' title='bbox 3934 664 4039 729; x_wconf 86' lang='lat' dir='ltr'><strong>pe-</strong></span> <span class='ocrx_word' id='word_1_20' title='bbox 4068 654 4266 775; x_wconf 38' lang='lat'><strong>5122?</strong></span> 
     </span>
    </p>
   </div>
   <div class='ocr_carea' id='block_1_4' title="bbox 949 748 2443 1817">
    <p class='ocr_par' dir='ltr' id='par_1_4' title="bbox 949 748 2443 1817">
     <span class='ocr_line' id='line_1_5' title="bbox 949 748 2441 834; baseline -0.002 -21"><span class='ocrx_word' id='word_1_21' title='bbox 949 750 1258 834; x_wconf 89' lang='lat' dir='ltr'><strong>templum</strong></span> <span class='ocrx_word' id='word_1_22' title='bbox 1291 750 1646 815; x_wconf 87' lang='lat' dir='ltr'><strong>Salomonis</strong></span> <span class='ocrx_word' id='word_1_23' title='bbox 1683 758 2120 814; x_wconf 89' lang='lat' dir='ltr'><strong>constructum</strong></span> <span class='ocrx_word' id='word_1_24' title='bbox 2157 758 2276 812; x_wconf 88' lang='lat' dir='ltr'><strong>est.</strong></span> <span class='ocrx_word' id='word_1_25' title='bbox 2310 748 2441 812; x_wconf 87' lang='lat' dir='ltr'><strong>Cir·</strong></span> 
     </span>
     <span class='ocr_line' id='line_1_6' title="bbox 951 848 2441 931; baseline -0.003 -18"><span class='ocrx_word' id='word_1_26' title='bbox 951 868 1026 913; x_wconf 86' lang='lat' dir='ltr'><strong>ca</strong></span> <span class='ocrx_word' id='word_1_27' title='bbox 1053 849 1190 912; x_wconf 83' lang='lat' dir='ltr'><strong>haec</strong></span> <span class='ocrx_word' id='word_1_28' title='bbox 1219 849 1508 931; x_wconf 78' lang='lat' dir='ltr'><strong>Magister</strong></span> <span class='ocrx_word' id='word_1_29' title='bbox 1549 849 1616 912; x_wconf 92' lang='lat' dir='ltr'><strong>in</strong></span> <span class='ocrx_word' id='word_1_30' title='bbox 1654 849 1940 913; x_wconf 89' lang='lat' dir='ltr'><strong>historiis</strong></span> <span class='ocrx_word' id='word_1_31' title='bbox 1981 849 2178 913; x_wconf 78' lang='lat' dir='ltr'><strong>refert</strong></span> <span class='ocrx_word' id='word_1_32' title='bbox 2212 866 2226 911; x_wconf 92' lang='lat'>:</span> <span class='ocrx_word' id='word_1_33' title='bbox 2260 848 2441 910; x_wconf 87' lang='lat' dir='ltr'><strong>Circa</strong></span> 
     </span>
     <span class='ocr_line' id='line_1_7' title="bbox 951 945 2443 1029; baseline -0.001 -19"><span class='ocrx_word' id='word_1_34' title='bbox 951 948 1270 1011; x_wconf 87' lang='lat' dir='ltr'><strong>tumulum</strong></span> <span class='ocrx_word' id='word_1_35' title='bbox 1299 949 1462 1029; x_wconf 81' lang='lat' dir='ltr'><strong>ejuS‚</strong></span> <span class='ocrx_word' id='word_1_36' title='bbox 1497 947 1795 1014; x_wconf 89' lang='lat' dir='ltr'><strong>videlicet</strong></span> <span class='ocrx_word' id='word_1_37' title='bbox 1827 948 2020 1012; x_wconf 86' lang='lat' dir='ltr'><strong>David</strong></span> <span class='ocrx_word' id='word_1_38' title='bbox 2063 948 2255 1028; x_wconf 79' lang='lat' dir='ltr'><strong>regiS‚</strong></span> <span class='ocrx_word' id='word_1_39' title='bbox 2288 945 2443 1009; x_wconf 89' lang='lat' dir='ltr'><strong>fecit</strong></span> 
     </span>
     <span class='ocr_line' id='line_1_8' title="bbox 954 1045 2440 1127; baseline -0.003 -17"><span class='ocrx_word' id='word_1_40' title='bbox 954 1045 1250 1111; x_wconf 84' lang='lat' dir='ltr'><strong>Salomon</strong></span> <span class='ocrx_word' id='word_1_41' title='bbox 1287 1054 1430 1111; x_wconf 81' lang='lat' dir='ltr'><strong>octo</strong></span> <span class='ocrx_word' id='word_1_42' title='bbox 1469 1046 1712 1111; x_wconf 90' lang='lat' dir='ltr'><strong>loculos</strong></span> <span class='ocrx_word' id='word_1_43' title='bbox 1752 1046 2193 1110; x_wconf 81' lang='lat' dir='ltr'><strong>thesaurorum</strong></span> <span class='ocrx_word' id='word_1_44' title='bbox 2234 1061 2249 1106; x_wconf 71' lang='grc' dir='ltr'><em>ε</em></span> <span class='ocrx_word' id='word_1_45' title='bbox 2280 1062 2440 1127; x_wconf 91' lang='lat' dir='ltr'><strong>quo-</strong></span> 
     </span>
     <span class='ocr_line' id='line_1_9' title="bbox 955 1145 2443 1227; baseline -0.001 -20"><span class='ocrx_word' id='word_1_46' title='bbox 955 1164 1098 1207; x_wconf 90' lang='lat' dir='ltr'><strong>rum</strong></span> <span class='ocrx_word' id='word_1_47' title='bbox 1136 1164 1336 1208; x_wconf 91' lang='lat' dir='ltr'><strong>unum</strong></span> <span class='ocrx_word' id='word_1_48' title='bbox 1379 1153 1524 1227; x_wconf 88' lang='lat' dir='ltr'><strong>post</strong></span> <span class='ocrx_word' id='word_1_49' title='bbox 1561 1145 1740 1209; x_wconf 90' lang='lat' dir='ltr'><strong>mille</strong></span> <span class='ocrx_word' id='word_1_50' title='bbox 1782 1154 1847 1209; x_wconf 89' lang='lat' dir='ltr'><strong>et</strong></span> <span class='ocrx_word' id='word_1_51' title='bbox 1889 1153 2203 1208; x_wconf 88' lang='lat' dir='ltr'><strong>trecentos</strong></span> <span class='ocrx_word' id='word_1_52' title='bbox 2242 1160 2443 1206; x_wconf 87' lang='lat' dir='ltr'><strong>annos</strong></span> 
     </span>
     <span class='ocr_line' id='line_1_10' title="bbox 951 1242 2429 1327; baseline -0.002 -21"><span class='ocrx_word' id='word_1_53' title='bbox 951 1244 1200 1327; x_wconf 91' lang='lat' dir='ltr'><strong>aperuit</strong></span> <span class='ocrx_word' id='word_1_54' title='bbox 1226 1244 1496 1307; x_wconf 87' lang='lat' dir='ltr'><strong>Joannes</strong></span> <span class='ocrx_word' id='word_1_55' title='bbox 1517 1244 1843 1327; x_wconf 75' lang='lat' dir='ltr'><strong>Hyr-canus</strong></span> <span class='ocrx_word' id='word_1_56' title='bbox 1863 1242 2185 1325; x_wconf 87' lang='lat' dir='ltr'><strong>pontifex;</strong></span> <span class='ocrx_word' id='word_1_57' title='bbox 2207 1242 2429 1319; x_wconf 84' lang='lat' dir='ltr'><strong>alium,</strong></span> 
     </span>
     <span class='ocr_line' id='line_1_11' title="bbox 951 1339 2438 1417; baseline -0.001 -14"><span class='ocrx_word' id='word_1_58' title='bbox 951 1342 1266 1417; x_wconf 84' lang='lat' dir='ltr'><strong>Herodes;</strong></span> <span class='ocrx_word' id='word_1_59' title='bbox 1321 1343 1432 1406; x_wconf 85' lang='lat' dir='ltr'><strong>alii</strong></span> <span class='ocrx_word' id='word_1_60' title='bbox 1490 1360 1642 1406; x_wconf 85' lang='lat' dir='ltr'><strong>vero</strong></span> <span class='ocrx_word' id='word_1_61' title='bbox 1701 1343 1984 1407; x_wconf 90' lang='lat' dir='ltr'><strong>nondum</strong></span> <span class='ocrx_word' id='word_1_62' title='bbox 2041 1339 2438 1404; x_wconf 87' lang='lat' dir='ltr'><strong>manifestati</strong></span> 
     </span>
     <span class='ocr_line' id='line_1_12' title="bbox 953 1437 2439 1521; baseline -0.002 -18"><span class='ocrx_word' id='word_1_63' title='bbox 953 1449 1122 1504; x_wconf 90' lang='lat' dir='ltr'><strong>sunt.</strong></span> <span class='ocrx_word' id='word_1_64' title='bbox 1176 1442 1244 1504; x_wconf 89' lang='lat' dir='ltr'><strong>ln</strong></span> <span class='ocrx_word' id='word_1_65' title='bbox 1302 1441 1530 1505; x_wconf 90' lang='lat' dir='ltr'><strong>diebus</strong></span> <span class='ocrx_word' id='word_1_66' title='bbox 1578 1442 1776 1507; x_wconf 87' lang='lat' dir='ltr'><strong>David</strong></span> <span class='ocrx_word' id='word_1_67' title='bbox 1823 1441 2131 1521; x_wconf 79' lang='lat' dir='ltr'><strong>Carthago</strong></span> <span class='ocrx_word' id='word_1_68' title='bbox 2181 1437 2439 1503; x_wconf 88' lang='lat' dir='ltr'><strong>condita</strong></span> 
     </span>
     <span class='ocr_line' id='line_1_13' title="bbox 957 1538 2442 1621; baseline -0.003 -20"><span class='ocrx_word' id='word_1_69' title='bbox 957 1538 1176 1604; x_wconf 87' lang='lat' dir='ltr'><strong>fertur.</strong></span> <span class='ocrx_word' id='word_1_70' title='bbox 1211 1543 1362 1603; x_wconf 79' lang='lat' dir='ltr'><strong>Dies</strong></span> <span class='ocrx_word' id='word_1_71' title='bbox 1390 1552 1608 1604; x_wconf 85' lang='lat' dir='ltr'><strong>autem</strong></span> <span class='ocrx_word' id='word_1_72' title='bbox 1635 1543 1867 1621; x_wconf 82' lang='lat' dir='ltr'><strong>quibus</strong></span> <span class='ocrx_word' id='word_1_73' title='bbox 1900 1542 2197 1619; x_wconf 71' lang='lat' dir='ltr'><strong>reynavit</strong></span> <span class='ocrx_word' id='word_1_74' title='bbox 2222 1540 2442 1601; x_wconf 87' lang='lat' dir='ltr'><strong>David</strong></span> 
     </span>
     <span class='ocr_line' id='line_1_14' title="bbox 951 1641 2439 1720; baseline -0.001 -21"><span class='ocrx_word' id='word_1_75' title='bbox 951 1659 1144 1718; x_wconf 86' lang='lat' dir='ltr'><strong>super</strong></span> <span class='ocrx_word' id='word_1_76' title='bbox 1183 1642 1410 1711; x_wconf 84' lang='lat' dir='ltr'><strong>Israel,</strong></span> <span class='ocrx_word' id='word_1_77' title='bbox 1443 1642 1887 1720; x_wconf 74' lang='lat' dir='ltr'><strong>quadraqinta</strong></span> <span class='ocrx_word' id='word_1_78' title='bbox 1935 1642 2102 1701; x_wconf 87' lang='lat' dir='ltr'><strong>anni</strong></span> <span class='ocrx_word' id='word_1_79' title='bbox 2141 1648 2319 1699; x_wconf 79' lang='lat' dir='ltr'><strong>sunt.</strong></span> <span class='ocrx_word' id='word_1_80' title='bbox 2354 1641 2439 1698; x_wconf 88' lang='lat' dir='ltr'><strong>In</strong></span> 
     </span>
     <span class='ocr_line' id='line_1_15' title="bbox 955 1739 2441 1817; baseline -0.001 -18"><span class='ocrx_word' id='word_1_81' title='bbox 955 1740 1210 1799; x_wconf 84' lang='lat' dir='ltr'><strong>Hebron</strong></span> <span class='ocrx_word' id='word_1_82' title='bbox 1241 1740 1539 1817; x_wconf 71' lang='lat' dir='ltr'><strong>reynavit</strong></span> <span class='ocrx_word' id='word_1_83' title='bbox 1567 1748 1802 1816; x_wconf 80' lang='lat' dir='ltr'><strong>septem</strong></span> <span class='ocrx_word' id='word_1_84' title='bbox 1831 1740 2028 1800; x_wconf 81' lang='lat' dir='ltr'><strong>annis</strong></span> <span class='ocrx_word' id='word_1_85' title='bbox 2041 1762 2069 1810; x_wconf 79' lang='lat'><strong>,⁰</strong></span> <span class='ocrx_word' id='word_1_86' title='bbox 2096 1739 2170 1798; x_wconf 90' lang='lat' dir='ltr'><strong>in</strong></span> <span class='ocrx_word' id='word_1_87' title='bbox 2188 1741 2441 1800; x_wconf 84' lang='lat' dir='ltr'><strong>Jerusa-</strong></span> 
     </span>
    </p>
   </div>
   <div class='ocr_carea' id='block_1_5' title="bbox 1581 474 3430 525">
    <p class='ocr_par' dir='ltr' id='par_1_5' title="bbox 1581 474 3430 525">
     <span class='ocr_line' id='line_1_16' title="bbox 1581 474 3430 525; baseline -0.002 0"><span class='ocrx_word' id='word_1_88' title='bbox 1581 479 1929 525; x_wconf 71' lang='lat' dir='ltr'>ssNARRATIO</span> <span class='ocrx_word' id='word_1_89' title='bbox 1972 479 2032 524; x_wconf 71' lang='lat' dir='ltr'><strong>m</strong></span> <span class='ocrx_word' id='word_1_90' title='bbox 2075 480 2213 525; x_wconf 71' lang='lat' dir='ltr'><strong>mr.</strong></span> <span class='ocrx_word' id='word_1_91' title='bbox 2260 474 2305 521; x_wconf 88' lang='lat'><strong>11</strong></span> <span class='ocrx_word' id='word_1_92' title='bbox 2346 474 2504 521; x_wconf 74' lang='lat' dir='ltr'><strong>unm</strong></span> <span class='ocrx_word' id='word_1_93' title='bbox 2543 475 2743 522; x_wconf 69' lang='lat' dir='ltr'><strong>&#39;raum</strong></span> <span class='ocrx_word' id='word_1_94' title='bbox 2783 475 3007 522; x_wconf 68' lang='lat' dir='ltr'><strong>umuli.</strong></span> <span class='ocrx_word' id='word_1_95' title='bbox 3052 494 3134 504; x_wconf 94' lang='lat'><strong>—-</strong></span> <span class='ocrx_word' id='word_1_96' title='bbox 3174 474 3317 521; x_wconf 66' lang='grc' dir='ltr'><strong>ΔΕΓ.</strong></span> <span class='ocrx_word' id='word_1_97' title='bbox 3362 474 3430 521; x_wconf 88' lang='lat' dir='ltr'><strong>m</strong></span> 
     </span>
    </p>
   </div>
   <div class='ocr_carea' id='block_1_6' title="bbox 2548 747 4039 1818">
    <p class='ocr_par' dir='ltr' id='par_1_6' title="bbox 2550 747 4027 1029">
     <span class='ocr_line' id='line_1_17' title="bbox 2550 747 4025 830; baseline -0.005 -18"><span class='ocrx_word' id='word_1_98' title='bbox 2550 750 2775 814; x_wconf 89' lang='lat' dir='ltr'><strong>titione</strong></span> <span class='ocrx_word' id='word_1_99' title='bbox 2828 751 2907 813; x_wconf 91' lang='lat' dir='ltr'><strong>ad</strong></span> <span class='ocrx_word' id='word_1_100' title='bbox 2964 768 3251 830; x_wconf 82' lang='lat' dir='ltr'><strong>regnum,</strong></span> <span class='ocrx_word' id='word_1_101' title='bbox 3304 758 3378 809; x_wconf 88' lang='lat' dir='ltr'><strong>ut</strong></span> <span class='ocrx_word' id='word_1_102' title='bbox 3420 750 3527 808; x_wconf 75' lang='lat' dir='ltr'><strong>det</strong></span> <span class='ocrx_word' id='word_1_103' title='bbox 3572 748 3739 807; x_wconf 76' lang='lat' dir='ltr'><strong>mihi</strong></span> <span class='ocrx_word' id='word_1_104' title='bbox 3778 747 4025 821; x_wconf 75' lang='lat' dir='ltr'><strong>Abisaq</strong></span> 
     </span>
     <span class='ocr_line' id='line_1_18' title="bbox 2550 846 4027 912; baseline -0.006 0"><span class='ocrx_word' id='word_1_105' title='bbox 2550 852 2961 912; x_wconf 83' lang='lat' dir='ltr'><strong>Sunamitem</strong></span> <span class='ocrx_word' id='word_1_106' title='bbox 3008 869 3300 910; x_wconf 68' lang='lat' dir='ltr'><strong>uxorem.</strong></span> <span class='ocrx_word' id='word_1_107' title='bbox 3344 849 3433 909; x_wconf 85' lang='lat' dir='ltr'><strong>Et</strong></span> <span class='ocrx_word' id='word_1_108' title='bbox 3480 848 3579 907; x_wconf 87' lang='lat' dir='ltr'><strong>ait</strong></span> <span class='ocrx_word' id='word_1_109' title='bbox 3624 846 3967 907; x_wconf 78' lang='lat' dir='ltr'><strong>Beth-sabee</strong></span> <span class='ocrx_word' id='word_1_110' title='bbox 4002 861 4027 903; x_wconf 93' lang='grc'><strong>.·</strong></span> 
     </span>
     <span class='ocr_line' id='line_1_19' title="bbox 2551 946 3569 1029; baseline -0.004 -19"><span class='ocrx_word' id='word_1_111' title='bbox 2551 952 2749 1019; x_wconf 88' lang='lat' dir='ltr'><strong>Bene,</strong></span> <span class='ocrx_word' id='word_1_112' title='bbox 2776 969 2886 1026; x_wconf 71' lang='lat' dir='ltr'><strong>eqo</strong></span> <span class='ocrx_word' id='word_1_113' title='bbox 2914 952 3145 1029; x_wconf 87' lang='lat' dir='ltr'><strong>loquar</strong></span> <span class='ocrx_word' id='word_1_114' title='bbox 3163 968 3288 1025; x_wconf 87' lang='lat' dir='ltr'><strong>pro</strong></span> <span class='ocrx_word' id='word_1_115' title='bbox 3320 956 3379 1007; x_wconf 85' lang='lat' dir='ltr'><strong>te</strong></span> <span class='ocrx_word' id='word_1_116' title='bbox 3404 946 3569 1023; x_wconf 70' lang='lat' dir='ltr'><strong>reqi.</strong></span> 
     </span>
    </p>

    <p class='ocr_par' dir='ltr' id='par_1_7' title="bbox 2548 1046 4039 1818">
     <span class='ocr_line' id='line_1_20' title="bbox 2651 1046 4039 1124; baseline -0.006 -13"><span class='ocrx_word' id='word_1_117' title='bbox 2651 1049 2833 1111; x_wconf 80' lang='lat' dir='ltr'><strong>Venit</strong></span> <span class='ocrx_word' id='word_1_118' title='bbox 2860 1068 3010 1124; x_wconf 71' lang='lat' dir='ltr'><strong>erqo</strong></span> <span class='ocrx_word' id='word_1_119' title='bbox 3040 1048 3381 1109; x_wconf 68' lang='lat' dir='ltr'><strong>Beth-sabee</strong></span> <span class='ocrx_word' id='word_1_120' title='bbox 3406 1048 3497 1106; x_wconf 87' lang='lat' dir='ltr'><strong>ad</strong></span> <span class='ocrx_word' id='word_1_121' title='bbox 3522 1062 3731 1121; x_wconf 73' lang='lat' dir='ltr'><strong>reyem</strong></span> <span class='ocrx_word' id='word_1_122' title='bbox 3758 1046 4039 1105; x_wconf 76' lang='lat' dir='ltr'><strong>Salomo-</strong></span> 
     </span>
     <span class='ocr_line' id='line_1_21' title="bbox 2550 1142 4031 1225; baseline -0.005 -17"><span class='ocrx_word' id='word_1_123' title='bbox 2550 1166 2719 1219; x_wconf 82' lang='lat' dir='ltr'><strong>nem,</strong></span> <span class='ocrx_word' id='word_1_124' title='bbox 2754 1156 2827 1207; x_wconf 88' lang='lat' dir='ltr'><strong>ut</strong></span> <span class='ocrx_word' id='word_1_125' title='bbox 2859 1150 3223 1225; x_wconf 84' lang='lat' dir='ltr'><strong>loqueretur</strong></span> <span class='ocrx_word' id='word_1_126' title='bbox 3246 1147 3309 1204; x_wconf 87' lang='lat' dir='ltr'><strong>ei</strong></span> <span class='ocrx_word' id='word_1_127' title='bbox 3332 1164 3453 1223; x_wconf 88' lang='lat' dir='ltr'><strong>pro</strong></span> <span class='ocrx_word' id='word_1_128' title='bbox 3482 1142 3765 1205; x_wconf 85' lang='lat' dir='ltr'><strong>Adonia.</strong></span> <span class='ocrx_word' id='word_1_129' title='bbox 3782 1144 3869 1203; x_wconf 85' lang='grc' dir='ltr'><strong>Ει</strong></span> <span class='ocrx_word' id='word_1_130' title='bbox 3898 1162 4031 1201; x_wconf 81' lang='lat' dir='ltr'><strong>sur·</strong></span> 
     </span>
     <span class='ocr_line' id='line_1_22' title="bbox 2550 1243 4023 1321; baseline -0.003 -16"><span class='ocrx_word' id='word_1_131' title='bbox 2550 1246 2723 1306; x_wconf 71' lang='lat' dir='ltr'><strong>remit</strong></span> <span class='ocrx_word' id='word_1_132' title='bbox 2751 1265 2869 1305; x_wconf 68' lang='lat' dir='ltr'><strong>reo:</strong></span> <span class='ocrx_word' id='word_1_133' title='bbox 2898 1247 2972 1305; x_wconf 89' lang='lat' dir='ltr'><strong>in</strong></span> <span class='ocrx_word' id='word_1_134' title='bbox 2998 1264 3333 1305; x_wconf 80' lang='lat' dir='ltr'><strong>occursum</strong></span> <span class='ocrx_word' id='word_1_135' title='bbox 3360 1243 3523 1321; x_wconf 71' lang='lat' dir='ltr'><strong>eju-5,</strong></span> <span class='ocrx_word' id='word_1_136' title='bbox 3548 1250 3810 1303; x_wconf 85' lang='lat' dir='ltr'><strong>matrem</strong></span> <span class='ocrx_word' id='word_1_137' title='bbox 3841 1258 4023 1302; x_wconf 83' lang='lat' dir='ltr'><strong>suam</strong></span> 
     </span>
     <span class='ocr_line' id='line_1_23' title="bbox 2551 1342 4034 1419; baseline -0.007 -13"><span class='ocrx_word' id='word_1_138' title='bbox 2551 1352 2681 1406; x_wconf 88' lang='lat' dir='ltr'><strong>tam</strong></span> <span class='ocrx_word' id='word_1_139' title='bbox 2726 1342 2987 1408; x_wconf 85' lang='lat' dir='ltr'><strong>fidelem</strong></span> <span class='ocrx_word' id='word_1_140' title='bbox 3032 1343 3375 1419; x_wconf 81' lang='lat' dir='ltr'><strong>honoranS,</strong></span> <span class='ocrx_word' id='word_1_141' title='bbox 3406 1342 3829 1419; x_wconf 79' lang='lat' dir='ltr'><strong>adoravitque</strong></span> <span class='ocrx_word' id='word_1_142' title='bbox 3868 1359 4034 1407; x_wconf 83' lang='lat' dir='ltr'><strong>eam,</strong></span> 
     </span>
     <span class='ocr_line' id='line_1_24' title="bbox 2550 1437 4033 1523; baseline -0.005 -18"><span class='ocrx_word' id='word_1_143' title='bbox 2550 1443 2919 1507; x_wconf 79' lang='lat' dir='ltr'><strong>adoratione</strong></span> <span class='ocrx_word' id='word_1_144' title='bbox 2949 1440 3156 1517; x_wconf 81' lang='lat' dir='ltr'><strong>duliae,</strong></span> <span class='ocrx_word' id='word_1_145' title='bbox 3171 1460 3317 1523; x_wconf 86' lang='lat' dir='ltr'><strong>quae</strong></span> <span class='ocrx_word' id='word_1_146' title='bbox 3345 1439 3612 1503; x_wconf 88' lang='lat' dir='ltr'><strong>debetur</strong></span> <span class='ocrx_word' id='word_1_147' title='bbox 3643 1437 4033 1521; x_wconf 87' lang='lat' dir='ltr'><strong>parentibus,</strong></span> 
     </span>
     <span class='ocr_line' id='line_1_25' title="bbox 2548 1536 4037 1625; baseline -0.005 -21"><span class='ocrx_word' id='word_1_148' title='bbox 2548 1542 2783 1624; x_wconf 87' lang='lat' dir='ltr'><strong>quibus</strong></span> <span class='ocrx_word' id='word_1_149' title='bbox 2825 1563 2864 1605; x_wconf 89' lang='lat' dir='ltr'><strong>a</strong></span> <span class='ocrx_word' id='word_1_150' title='bbox 2908 1541 3085 1625; x_wconf 88' lang='lat' dir='ltr'><strong>prole</strong></span> <span class='ocrx_word' id='word_1_151' title='bbox 3130 1558 3259 1603; x_wconf 91' lang='lat' dir='ltr'><strong>non</strong></span> <span class='ocrx_word' id='word_1_152' title='bbox 3298 1546 3508 1622; x_wconf 61' lang='lat' dir='ltr'><strong>potest</strong></span> <span class='ocrx_word' id='word_1_153' title='bbox 3548 1537 3727 1601; x_wconf 80' lang='lat' dir='ltr'><strong>reddi</strong></span> <span class='ocrx_word' id='word_1_154' title='bbox 3764 1536 4037 1619; x_wconf 76' lang='lat' dir='ltr'><strong>aequiva-</strong></span> 
     </span>
     <span class='ocr_line' id='line_1_26' title="bbox 2550 1636 4027 1723; baseline -0.005 -20"><span class='ocrx_word' id='word_1_155' title='bbox 2550 1640 2688 1704; x_wconf 89' lang='lat' dir='ltr'><strong>lens</strong></span> <span class='ocrx_word' id='word_1_156' title='bbox 2740 1659 2755 1704; x_wconf 73' lang='grc' dir='ltr'>ε</span> <span class='ocrx_word' id='word_1_157' title='bbox 2808 1649 2871 1704; x_wconf 90' lang='lat' dir='ltr'><strong>et</strong></span> <span class='ocrx_word' id='word_1_158' title='bbox 2916 1639 3210 1723; x_wconf 84' lang='lat' dir='ltr'><strong>quamvis</strong></span> <span class='ocrx_word' id='word_1_159' title='bbox 3260 1637 3557 1701; x_wconf 88' lang='lat' dir='ltr'><strong>Salomon</strong></span> <span class='ocrx_word' id='word_1_160' title='bbox 3605 1636 3673 1699; x_wconf 89' lang='lat' dir='ltr'><strong>in</strong></span> <span class='ocrx_word' id='word_1_161' title='bbox 3718 1642 4027 1718; x_wconf 86' lang='lat' dir='ltr'><strong>quantum</strong></span> 
     </span>
     <span class='ocr_line' id='line_1_27' title="bbox 2550 1732 4025 1818; baseline -0.005 -17"><span class='ocrx_word' id='word_1_162' title='bbox 2550 1759 2679 1815; x_wconf 87' lang='lat' dir='ltr'><strong>rex,</strong></span> <span class='ocrx_word' id='word_1_163' title='bbox 2735 1738 2859 1801; x_wconf 91' lang='lat' dir='ltr'><strong>fuit</strong></span> <span class='ocrx_word' id='word_1_164' title='bbox 2916 1746 3117 1801; x_wconf 87' lang='lat' dir='ltr'><strong>matre</strong></span> <span class='ocrx_word' id='word_1_165' title='bbox 3174 1757 3290 1801; x_wconf 90' lang='lat' dir='ltr'><strong>sua</strong></span> <span class='ocrx_word' id='word_1_166' title='bbox 3336 1734 3649 1818; x_wconf 85' lang='lat' dir='ltr'><strong>superior,</strong></span> <span class='ocrx_word' id='word_1_167' title='bbox 3702 1744 3915 1798; x_wconf 87' lang='lat' dir='ltr'><strong>tamen</strong></span> <span class='ocrx_word' id='word_1_168' title='bbox 3963 1732 4025 1794; x_wconf 92' lang='lat' dir='ltr'><strong>in</strong></span> 
     </span>
    </p>
   </div>
   <div class='ocr_carea' id='block_1_7' title="bbox 955 1833 4031 1921">
    <p class='ocr_par' dir='ltr' id='par_1_8' title="bbox 955 1833 4031 1921">
     <span class='ocr_line' id='line_1_28' title="bbox 955 1833 4031 1921; baseline -0.001 -25"><span class='ocrx_word' id='word_1_169' title='bbox 955 1840 1100 1909; x_wconf 87' lang='lat' dir='ltr'><strong>lem,</strong></span> <span class='ocrx_word' id='word_1_170' title='bbox 1137 1838 1414 1915; x_wconf 74' lang='lat' dir='ltr'><strong>triyinta</strong></span> <span class='ocrx_word' id='word_1_171' title='bbox 1445 1839 1670 1899; x_wconf 70' lang='lat' dir='ltr'><strong>tribu-5.</strong></span> <span class='ocrx_word' id='word_1_172' title='bbox 1695 1840 2000 1899; x_wconf 82' lang='lat' dir='ltr'><strong>Salomon</strong></span> <span class='ocrx_word' id='word_1_173' title='bbox 2031 1846 2248 1898; x_wconf 82' lang='lat' dir='ltr'><strong>autem</strong></span> <span class='ocrx_word' id='word_1_174' title='bbox 2275 1836 2440 1895; x_wconf 83' lang='lat' dir='ltr'><strong>sedit</strong></span> <span class='ocrx_word' id='word_1_175' title='bbox 2478 1834 2525 1899; x_wconf 82' lang='lat' dir='ltr'>B</span> <span class='ocrx_word' id='word_1_176' title='bbox 2550 1847 2861 1921; x_wconf 86' lang='lat' dir='ltr'><strong>quantum</strong></span> <span class='ocrx_word' id='word_1_177' title='bbox 2911 1837 3089 1900; x_wconf 83' lang='lat' dir='ltr'><strong>filius</strong></span> <span class='ocrx_word' id='word_1_178' title='bbox 3136 1837 3299 1918; x_wconf 85' lang='lat' dir='ltr'><strong>ejuS,</strong></span> <span class='ocrx_word' id='word_1_179' title='bbox 3342 1834 3464 1898; x_wconf 89' lang='lat' dir='ltr'><strong>fuit</strong></span> <span class='ocrx_word' id='word_1_180' title='bbox 3512 1853 3587 1898; x_wconf 83' lang='lat' dir='ltr'><strong>ea</strong></span> <span class='ocrx_word' id='word_1_181' title='bbox 3629 1833 3930 1907; x_wconf 79' lang='lat' dir='ltr'><strong>inferior3</strong></span> <span class='ocrx_word' id='word_1_182' title='bbox 3972 1843 4031 1894; x_wconf 86' lang='lat' dir='ltr'><strong>et</strong></span> 
     </span>
    </p>
   </div>
   <div class='ocr_carea' id='block_1_8' title="bbox 951 1934 2445 3006">
    <p class='ocr_par' dir='ltr' id='par_1_9' title="bbox 951 1934 2445 3006">
     <span class='ocr_line' id='line_1_29' title="bbox 951 1934 2437 2017; baseline 0 -22"><span class='ocrx_word' id='word_1_183' title='bbox 951 1956 1142 2013; x_wconf 77' lang='lat' dir='ltr'><strong>super</strong></span> <span class='ocrx_word' id='word_1_184' title='bbox 1175 1937 1500 2008; x_wconf 80' lang='lat' dir='ltr'><strong>thronum,</strong></span> <span class='ocrx_word' id='word_1_185' title='bbox 1534 1936 1596 1998; x_wconf 92' lang='lat' dir='ltr'><strong>id</strong></span> <span class='ocrx_word' id='word_1_186' title='bbox 1638 1943 1736 1999; x_wconf 90' lang='lat' dir='ltr'><strong>est</strong></span> <span class='ocrx_word' id='word_1_187' title='bbox 1764 1935 1974 2016; x_wconf 81' lang='lat' dir='ltr'><strong>regale</strong></span> <span class='ocrx_word' id='word_1_188' title='bbox 2002 1934 2437 2017; x_wconf 87' lang='lat' dir='ltr'><strong>judicialeque</strong></span> 
     </span>
     <span class='ocr_line' id='line_1_30' title="bbox 953 2033 2441 2115; baseline -0.001 -20"><span class='ocrx_word' id='word_1_189' title='bbox 953 2033 1210 2111; x_wconf 90' lang='lat' dir='ltr'><strong>solium,</strong></span> <span class='ocrx_word' id='word_1_190' title='bbox 1243 2036 1462 2095; x_wconf 85' lang='lat' dir='ltr'><strong>David</strong></span> <span class='ocrx_word' id='word_1_191' title='bbox 1483 2036 1695 2111; x_wconf 83' lang='lat' dir='ltr'><strong>patris</strong></span> <span class='ocrx_word' id='word_1_192' title='bbox 1723 2035 1830 2095; x_wconf 81' lang='lat' dir='ltr'><strong>sui</strong></span> <span class='ocrx_word' id='word_1_193' title='bbox 1860 2055 1884 2094; x_wconf 92' lang='lat'><strong>.·</strong></span> <span class='ocrx_word' id='word_1_194' title='bbox 1916 2033 2004 2095; x_wconf 89' lang='lat' dir='ltr'><strong>ita</strong></span> <span class='ocrx_word' id='word_1_195' title='bbox 2042 2034 2215 2115; x_wconf 91' lang='lat' dir='ltr'><strong>quod</strong></span> <span class='ocrx_word' id='word_1_196' title='bbox 2260 2038 2441 2114; x_wconf 88' lang='lat' dir='ltr'><strong>patre</strong></span> 
     </span>
     <span class='ocr_line' id='line_1_31' title="bbox 953 2131 2445 2215; baseline 0 -22"><span class='ocrx_word' id='word_1_197' title='bbox 953 2150 1069 2197; x_wconf 88' lang='lat' dir='ltr'><strong>suo</strong></span> <span class='ocrx_word' id='word_1_198' title='bbox 1111 2131 1437 2210; x_wconf 86' lang='lat' dir='ltr'><strong>defunct0,</strong></span> <span class='ocrx_word' id='word_1_199' title='bbox 1473 2132 1697 2196; x_wconf 88' lang='lat' dir='ltr'><strong>hahuit</strong></span> <span class='ocrx_word' id='word_1_200' title='bbox 1741 2131 1996 2215; x_wconf 90' lang='lat' dir='ltr'><strong>plenam</strong></span> <span class='ocrx_word' id='word_1_201' title='bbox 2039 2131 2229 2212; x_wconf 81' lang='lat' dir='ltr'><strong>regiae</strong></span> <span class='ocrx_word' id='word_1_202' title='bbox 2272 2138 2445 2214; x_wconf 91' lang='lat' dir='ltr'><strong>pote-</strong></span> 
     </span>
     <span class='ocr_line' id='line_1_32' title="bbox 953 2230 2436 2312; baseline -0.001 -20"><span class='ocrx_word' id='word_1_203' title='bbox 953 2230 1132 2293; x_wconf 80' lang='lat' dir='ltr'><strong>statis</strong></span> <span class='ocrx_word' id='word_1_204' title='bbox 1146 2231 1655 2312; x_wconf 86' lang='lat' dir='ltr'><strong>jurisdictionem</strong></span> <span class='ocrx_word' id='word_1_205' title='bbox 1681 2240 1743 2295; x_wconf 89' lang='lat' dir='ltr'><strong>et</strong></span> <span class='ocrx_word' id='word_1_206' title='bbox 1765 2230 2257 2295; x_wconf 85' lang='lat' dir='ltr'><strong>exsecutionem.</strong></span> <span class='ocrx_word' id='word_1_207' title='bbox 2282 2230 2436 2292; x_wconf 90' lang='lat' dir='ltr'><strong>Nam</strong></span> 
     </span>
     <span class='ocr_line' id='line_1_33' title="bbox 953 2328 2441 2411; baseline 0 -20"><span class='ocrx_word' id='word_1_208' title='bbox 953 2337 1132 2410; x_wconf 87' lang='lat' dir='ltr'><strong>patre</strong></span> <span class='ocrx_word' id='word_1_209' title='bbox 1163 2330 1300 2411; x_wconf 87' lang='lat' dir='ltr'><strong>ejus</strong></span> <span class='ocrx_word' id='word_1_210' title='bbox 1331 2330 1609 2406; x_wconf 86' lang='lat' dir='ltr'><strong>vivente,</strong></span> <span class='ocrx_word' id='word_1_211' title='bbox 1646 2328 1768 2393; x_wconf 87' lang='lat' dir='ltr'><strong>fuit</strong></span> <span class='ocrx_word' id='word_1_212' title='bbox 1811 2330 1930 2393; x_wconf 91' lang='lat' dir='ltr'><strong>sub</strong></span> <span class='ocrx_word' id='word_1_213' title='bbox 1969 2349 2065 2408; x_wconf 91' lang='lat' dir='ltr'><strong>eo,</strong></span> <span class='ocrx_word' id='word_1_214' title='bbox 2103 2339 2166 2393; x_wconf 90' lang='lat' dir='ltr'><strong>et</strong></span> <span class='ocrx_word' id='word_1_215' title='bbox 2211 2328 2441 2393; x_wconf 90' lang='lat' dir='ltr'><strong>detulit</strong></span> 
     </span>
     <span class='ocr_line' id='line_1_34' title="bbox 954 2427 2444 2511; baseline 0 -20"><span class='ocrx_word' id='word_1_216' title='bbox 954 2427 1037 2505; x_wconf 89' lang='lat' dir='ltr'><strong>ei,</strong></span> <span class='ocrx_word' id='word_1_217' title='bbox 1070 2436 1133 2491; x_wconf 90' lang='lat' dir='ltr'><strong>et</strong></span> <span class='ocrx_word' id='word_1_218' title='bbox 1175 2446 1302 2492; x_wconf 91' lang='lat' dir='ltr'><strong>non</strong></span> <span class='ocrx_word' id='word_1_219' title='bbox 1349 2428 1474 2491; x_wconf 89' lang='lat' dir='ltr'><strong>nisi</strong></span> <span class='ocrx_word' id='word_1_220' title='bbox 1517 2429 1868 2492; x_wconf 88' lang='lat' dir='ltr'><strong>secundum</strong></span> <span class='ocrx_word' id='word_1_221' title='bbox 1907 2428 2110 2511; x_wconf 92' lang='lat' dir='ltr'><strong>ipsius</strong></span> <span class='ocrx_word' id='word_1_222' title='bbox 2151 2428 2444 2492; x_wconf 86' lang='lat' dir='ltr'><strong>volunta-</strong></span> 
     </span>
     <span class='ocr_line' id='line_1_35' title="bbox 953 2526 2439 2610; baseline -0.003 -19"><span class='ocrx_word' id='word_1_223' title='bbox 953 2534 1082 2591; x_wconf 89' lang='lat' dir='ltr'><strong>tem</strong></span> <span class='ocrx_word' id='word_1_224' title='bbox 1141 2527 1437 2591; x_wconf 91' lang='lat' dir='ltr'><strong>utebatur</strong></span> <span class='ocrx_word' id='word_1_225' title='bbox 1495 2528 1668 2607; x_wconf 79' lang='lat' dir='ltr'><strong>regia</strong></span> <span class='ocrx_word' id='word_1_226' title='bbox 1723 2536 2054 2610; x_wconf 83' lang='lat' dir='ltr'><strong>potestate.</strong></span> <span class='ocrx_word' id='word_1_227' title='bbox 2109 2526 2439 2610; x_wconf 87' lang='lat' dir='ltr'><strong>Siquidem</strong></span> 
     </span>
     <span class='ocr_line' id='line_1_36' title="bbox 954 2625 2435 2709; baseline -0.001 -18"><span class='ocrx_word' id='word_1_228' title='bbox 954 2625 1092 2709; x_wconf 90' lang='lat' dir='ltr'><strong>ipse</strong></span> <span class='ocrx_word' id='word_1_229' title='bbox 1133 2626 1330 2691; x_wconf 85' lang='lat' dir='ltr'><strong>David</strong></span> <span class='ocrx_word' id='word_1_230' title='bbox 1375 2626 1774 2690; x_wconf 89' lang='lat' dir='ltr'><strong>Salomonem</strong></span> <span class='ocrx_word' id='word_1_231' title='bbox 1820 2627 1913 2690; x_wconf 90' lang='lat' dir='ltr'><strong>sic</strong></span> <span class='ocrx_word' id='word_1_232' title='bbox 1957 2628 2178 2690; x_wconf 88' lang='lat' dir='ltr'><strong>statuit</strong></span> <span class='ocrx_word' id='word_1_233' title='bbox 2224 2645 2435 2707; x_wconf 83' lang='lat' dir='ltr'><strong>regem</strong></span> 
     </span>
     <span class='ocr_line' id='line_1_37' title="bbox 953 2724 2441 2807; baseline 0.001 -20"><span class='ocrx_word' id='word_1_234' title='bbox 953 2733 1017 2787; x_wconf 90' lang='lat' dir='ltr'><strong>et</strong></span> <span class='ocrx_word' id='word_1_235' title='bbox 1044 2724 1142 2788; x_wconf 89' lang='lat' dir='ltr'><strong>sui</strong></span> <span class='ocrx_word' id='word_1_236' title='bbox 1181 2744 1628 2803; x_wconf 86' lang='lat' dir='ltr'><strong>successorem,</strong></span> <span class='ocrx_word' id='word_1_237' title='bbox 1665 2734 1734 2788; x_wconf 91' lang='lat' dir='ltr'><strong>ut</strong></span> <span class='ocrx_word' id='word_1_238' title='bbox 1773 2725 2179 2789; x_wconf 88' lang='lat' dir='ltr'><strong>exsecutione</strong></span> <span class='ocrx_word' id='word_1_239' title='bbox 2220 2724 2441 2807; x_wconf 85' lang='lat' dir='ltr'><strong>funge-</strong></span> 
     </span>
     <span class='ocr_line' id='line_1_38' title="bbox 953 2824 2440 2907; baseline 0 -22"><span class='ocrx_word' id='word_1_240' title='bbox 953 2832 1129 2887; x_wconf 86' lang='lat' dir='ltr'><strong>retur</strong></span> <span class='ocrx_word' id='word_1_241' title='bbox 1157 2824 1465 2906; x_wconf 87' lang='lat' dir='ltr'><strong>plenaria,</strong></span> <span class='ocrx_word' id='word_1_242' title='bbox 1499 2842 1615 2888; x_wconf 93' lang='lat' dir='ltr'><strong>suo</strong></span> <span class='ocrx_word' id='word_1_243' title='bbox 1648 2833 1825 2907; x_wconf 86' lang='lat' dir='ltr'><strong>patre</strong></span> <span class='ocrx_word' id='word_1_244' title='bbox 1853 2824 2180 2889; x_wconf 89' lang='lat' dir='ltr'><strong>defuncto.</strong></span> <span class='ocrx_word' id='word_1_245' title='bbox 2222 2829 2303 2887; x_wconf 83' lang='lat' dir='ltr'><strong>E&#39;t</strong></span> <span class='ocrx_word' id='word_1_246' title='bbox 2330 2831 2440 2903; x_wconf 74' lang='lat' dir='ltr'><strong>fir·</strong></span> 
     </span>
     <span class='ocr_line' id='line_1_39' title="bbox 951 2924 2437 3006; baseline 0.003 -23"><span class='ocrx_word' id='word_1_247' title='bbox 951 2933 1204 2984; x_wconf 82' lang='lat' dir='ltr'><strong>matum</strong></span> <span class='ocrx_word' id='word_1_248' title='bbox 1242 2934 1332 2985; x_wconf 84' lang='lat' dir='ltr'><strong>est</strong></span> <span class='ocrx_word' id='word_1_249' title='bbox 1368 2944 1640 3002; x_wconf 73' lang='lat' dir='ltr'><strong>reynum</strong></span> <span class='ocrx_word' id='word_1_250' title='bbox 1673 2926 1814 3002; x_wconf 79' lang='lat' dir='ltr'><strong>ejus</strong></span> <span class='ocrx_word' id='word_1_251' title='bbox 1851 2926 2052 2986; x_wconf 83' lang='lat' dir='ltr'><strong>nimis</strong></span> <span class='ocrx_word' id='word_1_252' title='bbox 2082 2946 2104 2985; x_wconf 93' lang='lat'><strong>.·</strong></span> <span class='ocrx_word' id='word_1_253' title='bbox 2138 2924 2227 2986; x_wconf 84' lang='lat' dir='ltr'><strong>ita</strong></span> <span class='ocrx_word' id='word_1_254' title='bbox 2264 2924 2437 3006; x_wconf 88' lang='lat' dir='ltr'><strong>quod</strong></span> 
     </span>
    </p>
   </div>
   <div class='ocr_carea' id='block_1_9' title="bbox 2548 1933 4029 3007">
    <p class='ocr_par' dir='ltr' id='par_1_10' title="bbox 2548 1933 4029 3007">
     <span class='ocr_line' id='line_1_40' title="bbox 2548 1933 4025 2017; baseline -0.004 -18"><span class='ocrx_word' id='word_1_255' title='bbox 2548 1940 2712 1999; x_wconf 83' lang='lat' dir='ltr'><strong>sedit</strong></span> <span class='ocrx_word' id='word_1_256' title='bbox 2730 1958 2922 2017; x_wconf 77' lang='lat' dir='ltr'><strong>super</strong></span> <span class='ocrx_word' id='word_1_257' title='bbox 2942 1940 3246 1999; x_wconf 76' lang='lat' dir='ltr'><strong>thronum</strong></span> <span class='ocrx_word' id='word_1_258' title='bbox 3264 1938 3422 2015; x_wconf 81' lang='lat' dir='ltr'><strong>ejus,</strong></span> <span class='ocrx_word' id='word_1_259' title='bbox 3438 1934 3591 2016; x_wconf 84' lang='lat' dir='ltr'><strong>quia</strong></span> <span class='ocrx_word' id='word_1_260' title='bbox 3608 1934 3689 1997; x_wconf 82' lang='lat' dir='ltr'><strong>ad</strong></span> <span class='ocrx_word' id='word_1_261' title='bbox 3710 1933 4025 1998; x_wconf 88' lang='lat' dir='ltr'><strong>modicum</strong></span> 
     </span>
     <span class='ocr_line' id='line_1_41' title="bbox 2550 2033 4023 2119; baseline -0.003 -20"><span class='ocrx_word' id='word_1_262' title='bbox 2550 2044 2799 2119; x_wconf 88' lang='lat' dir='ltr'><strong>tempus</strong></span> <span class='ocrx_word' id='word_1_263' title='bbox 2846 2035 2999 2099; x_wconf 85' lang='lat' dir='ltr'><strong>fecit</strong></span> <span class='ocrx_word' id='word_1_264' title='bbox 3046 2054 3187 2097; x_wconf 87' lang='lat' dir='ltr'><strong>eam</strong></span> <span class='ocrx_word' id='word_1_265' title='bbox 3246 2052 3439 2117; x_wconf 88' lang='lat' dir='ltr'><strong>super</strong></span> <span class='ocrx_word' id='word_1_266' title='bbox 3484 2033 3784 2097; x_wconf 88' lang='lat' dir='ltr'><strong>thronum</strong></span> <span class='ocrx_word' id='word_1_267' title='bbox 3842 2052 4023 2095; x_wconf 91' lang='lat' dir='ltr'><strong>suum</strong></span> 
     </span>
     <span class='ocr_line' id='line_1_42' title="bbox 2549 2131 4025 2216; baseline -0.003 -19"><span class='ocrx_word' id='word_1_268' title='bbox 2549 2137 2793 2213; x_wconf 88' lang='lat' dir='ltr'><strong>sedere,</strong></span> <span class='ocrx_word' id='word_1_269' title='bbox 2815 2152 3149 2216; x_wconf 88' lang='lat' dir='ltr'><strong>quousque</strong></span> <span class='ocrx_word' id='word_1_270' title='bbox 3180 2140 3521 2216; x_wconf 88' lang='lat' dir='ltr'><strong>poneretur</strong></span> <span class='ocrx_word' id='word_1_271' title='bbox 3550 2131 3608 2195; x_wconf 90' lang='lat' dir='ltr'><strong>ei</strong></span> <span class='ocrx_word' id='word_1_272' title='bbox 3640 2132 3821 2195; x_wconf 89' lang='lat' dir='ltr'><strong>sedes</strong></span> <span class='ocrx_word' id='word_1_273' title='bbox 3848 2132 4025 2211; x_wconf 84' lang='lat' dir='ltr'><strong>juxta</strong></span> 
     </span>
     <span class='ocr_line' id='line_1_43' title="bbox 2550 2230 4029 2311; baseline -0.003 -15"><span class='ocrx_word' id='word_1_274' title='bbox 2550 2233 2782 2298; x_wconf 91' lang='lat' dir='ltr'><strong>solium</strong></span> <span class='ocrx_word' id='word_1_275' title='bbox 2831 2252 3053 2309; x_wconf 83' lang='lat' dir='ltr'><strong>suum3</strong></span> <span class='ocrx_word' id='word_1_276' title='bbox 3086 2235 3459 2311; x_wconf 83' lang='lat' dir='ltr'><strong>positusque</strong></span> <span class='ocrx_word' id='word_1_277' title='bbox 3504 2242 3595 2293; x_wconf 85' lang='lat' dir='ltr'><strong>est</strong></span> <span class='ocrx_word' id='word_1_278' title='bbox 3638 2250 3678 2293; x_wconf 91' lang='lat' dir='ltr'><strong>a</strong></span> <span class='ocrx_word' id='word_1_279' title='bbox 3720 2230 4029 2293; x_wconf 88' lang='lat' dir='ltr'><strong>ministris</strong></span> 
     </span>
     <span class='ocr_line' id='line_1_44' title="bbox 2554 2333 4029 2411; baseline -0.003 -16"><span class='ocrx_word' id='word_1_280' title='bbox 2554 2336 2821 2396; x_wconf 76' lang='lat' dir='ltr'><strong>thronus</strong></span> <span class='ocrx_word' id='word_1_281' title='bbox 2863 2333 3064 2396; x_wconf 87' lang='lat' dir='ltr'><strong>matri</strong></span> <span class='ocrx_word' id='word_1_282' title='bbox 3099 2334 3295 2409; x_wconf 75' lang='lat' dir='ltr'><strong>reqis,</strong></span> <span class='ocrx_word' id='word_1_283' title='bbox 3334 2352 3478 2411; x_wconf 81' lang='lat' dir='ltr'><strong>quoe</strong></span> <span class='ocrx_word' id='word_1_284' title='bbox 3516 2334 3681 2393; x_wconf 83' lang='lat' dir='ltr'><strong>sedit</strong></span> <span class='ocrx_word' id='word_1_285' title='bbox 3711 2334 3799 2392; x_wconf 83' lang='lat' dir='ltr'><strong>ad</strong></span> <span class='ocrx_word' id='word_1_286' title='bbox 3822 2334 4029 2391; x_wconf 68' lang='lat' dir='ltr'><strong>dente·</strong></span> 
     </span>
     <span class='ocr_line' id='line_1_45' title="bbox 2550 2429 4027 2513; baseline -0.003 -20"><span class='ocrx_word' id='word_1_287' title='bbox 2550 2454 2695 2494; x_wconf 85' lang='lat' dir='ltr'><strong>ram</strong></span> <span class='ocrx_word' id='word_1_288' title='bbox 2734 2434 2875 2509; x_wconf 81' lang='lat' dir='ltr'><strong>ejus</strong></span> <span class='ocrx_word' id='word_1_289' title='bbox 2914 2453 2937 2493; x_wconf 93' lang='grc'><strong>.·</strong></span> <span class='ocrx_word' id='word_1_290' title='bbox 2975 2431 3129 2513; x_wconf 85' lang='lat' dir='ltr'><strong>quia</strong></span> <span class='ocrx_word' id='word_1_291' title='bbox 3179 2430 3271 2494; x_wconf 89' lang='lat' dir='ltr'><strong>sic</strong></span> <span class='ocrx_word' id='word_1_292' title='bbox 3320 2450 3461 2493; x_wconf 87' lang='lat' dir='ltr'><strong>eam</strong></span> <span class='ocrx_word' id='word_1_293' title='bbox 3507 2429 3713 2493; x_wconf 88' lang='lat' dir='ltr'><strong>voluit</strong></span> <span class='ocrx_word' id='word_1_294' title='bbox 3760 2429 4027 2492; x_wconf 86' lang='lat' dir='ltr'><strong>honora-</strong></span> 
     </span>
     <span class='ocr_line' id='line_1_46' title="bbox 2553 2530 4027 2611; baseline -0.005 -18"><span class='ocrx_word' id='word_1_295' title='bbox 2553 2550 2641 2593; x_wconf 86' lang='lat' dir='ltr'><strong>re.</strong></span> <span class='ocrx_word' id='word_1_296' title='bbox 2674 2532 2989 2611; x_wconf 77' lang='lat' dir='ltr'><strong>Dioeitque</strong></span> <span class='ocrx_word' id='word_1_297' title='bbox 3016 2532 3077 2589; x_wconf 86' lang='lat' dir='ltr'><strong>ei</strong></span> <span class='ocrx_word' id='word_1_298' title='bbox 3107 2551 3129 2590; x_wconf 91' lang='lat'><strong>.·</strong></span> <span class='ocrx_word' id='word_1_299' title='bbox 3150 2530 3539 2593; x_wconf 71' lang='lat' dir='ltr'><strong>Felicionem</strong></span> <span class='ocrx_word' id='word_1_300' title='bbox 3568 2549 3769 2590; x_wconf 86' lang='lat' dir='ltr'><strong>unam</strong></span> <span class='ocrx_word' id='word_1_301' title='bbox 3790 2548 4027 2608; x_wconf 83' lang='lat' dir='ltr'><strong>parvu-</strong></span> 
     </span>
     <span class='ocr_line' id='line_1_47' title="bbox 2553 2629 4024 2707; baseline -0.003 -18"><span class='ocrx_word' id='word_1_302' title='bbox 2553 2633 2685 2691; x_wconf 87' lang='lat' dir='ltr'><strong>lam</strong></span> <span class='ocrx_word' id='word_1_303' title='bbox 2730 2633 3033 2707; x_wconf 85' lang='lat' dir='ltr'><strong>deprecor</strong></span> <span class='ocrx_word' id='word_1_304' title='bbox 3072 2650 3113 2689; x_wconf 90' lang='lat' dir='ltr'><strong>a</strong></span> <span class='ocrx_word' id='word_1_305' title='bbox 3157 2638 3235 2702; x_wconf 89' lang='lat' dir='ltr'><strong>te,</strong></span> <span class='ocrx_word' id='word_1_306' title='bbox 3276 2648 3357 2689; x_wconf 85' lang='lat' dir='ltr'><strong>ne</strong></span> <span class='ocrx_word' id='word_1_307' title='bbox 3396 2630 3759 2707; x_wconf 74' lang='lat' dir='ltr'><strong>confundas</strong></span> <span class='ocrx_word' id='word_1_308' title='bbox 3797 2629 4024 2706; x_wconf 80' lang='lat' dir='ltr'><strong>faciem</strong></span> 
     </span>
     <span class='ocr_line' id='line_1_48' title="bbox 2551 2729 4021 2797; baseline -0.004 -8"><span class='ocrx_word' id='word_1_309' title='bbox 2551 2749 2779 2791; x_wconf 86' lang='lat' dir='ltr'><strong>meam.</strong></span> <span class='ocrx_word' id='word_1_310' title='bbox 2818 2731 2899 2791; x_wconf 82' lang='lat' dir='ltr'><strong>Et</strong></span> <span class='ocrx_word' id='word_1_311' title='bbox 2928 2729 3105 2788; x_wconf 71' lang='lat' dir='ltr'><strong>dimit</strong></span> <span class='ocrx_word' id='word_1_312' title='bbox 3134 2730 3197 2787; x_wconf 87' lang='lat' dir='ltr'><strong>ei</strong></span> <span class='ocrx_word' id='word_1_313' title='bbox 3228 2748 3345 2787; x_wconf 72' lang='lat' dir='ltr'><strong>rex</strong></span> <span class='ocrx_word' id='word_1_314' title='bbox 3375 2748 3397 2785; x_wconf 95' lang='lat'><strong>.·</strong></span> <span class='ocrx_word' id='word_1_315' title='bbox 3426 2730 3605 2797; x_wconf 88' lang='lat' dir='ltr'><strong>Pete,</strong></span> <span class='ocrx_word' id='word_1_316' title='bbox 3632 2736 3839 2787; x_wconf 82' lang='lat' dir='ltr'><strong>mater</strong></span> <span class='ocrx_word' id='word_1_317' title='bbox 3870 2744 4021 2785; x_wconf 78' lang='lat' dir='ltr'><strong>mea.</strong></span> 
     </span>
     <span class='ocr_line' id='line_1_49' title="bbox 2553 2826 4015 2907; baseline -0.004 -19"><span class='ocrx_word' id='word_1_318' title='bbox 2553 2829 2772 2907; x_wconf 82' lang='lat' dir='ltr'><strong>Neque</strong></span> <span class='ocrx_word' id='word_1_319' title='bbox 2816 2828 2995 2887; x_wconf 86' lang='lat' dir='ltr'><strong>enim</strong></span> <span class='ocrx_word' id='word_1_320' title='bbox 3047 2828 3153 2904; x_wconf 75' lang='lat' dir='ltr'><strong>fas</strong></span> <span class='ocrx_word' id='word_1_321' title='bbox 3198 2836 3289 2886; x_wconf 82' lang='lat' dir='ltr'><strong>est</strong></span> <span class='ocrx_word' id='word_1_322' title='bbox 3340 2836 3411 2886; x_wconf 89' lang='lat' dir='ltr'><strong>ut</strong></span> <span class='ocrx_word' id='word_1_323' title='bbox 3456 2834 3745 2885; x_wconf 78' lang='lat' dir='ltr'><strong>avertam</strong></span> <span class='ocrx_word' id='word_1_324' title='bbox 3790 2826 4015 2903; x_wconf 78' lang='lat' dir='ltr'><strong>faeiem</strong></span> 
     </span>
     <span class='ocr_line' id='line_1_50' title="bbox 2552 2922 4023 3007; baseline -0.002 -20"><span class='ocrx_word' id='word_1_325' title='bbox 2552 2935 2752 2999; x_wconf 87' lang='lat' dir='ltr'><strong>tuam,</strong></span> <span class='ocrx_word' id='word_1_326' title='bbox 2786 2925 2851 2987; x_wconf 92' lang='lat' dir='ltr'><strong>id</strong></span> <span class='ocrx_word' id='word_1_327' title='bbox 2888 2934 3007 3001; x_wconf 86' lang='lat' dir='ltr'><strong>est,</strong></span> <span class='ocrx_word' id='word_1_328' title='bbox 3042 2932 3109 2987; x_wconf 93' lang='lat' dir='ltr'><strong>ut</strong></span> <span class='ocrx_word' id='word_1_329' title='bbox 3149 2932 3320 2987; x_wconf 91' lang='lat' dir='ltr'><strong>tuam</strong></span> <span class='ocrx_word' id='word_1_330' title='bbox 3360 2923 3760 3007; x_wconf 73' lang='lat' dir='ltr'><strong>praesentiam</strong></span> <span class='ocrx_word' id='word_1_331' title='bbox 3798 2922 4023 2985; x_wconf 85' lang='lat' dir='ltr'><strong>faciam</strong></span> 
     </span>
    </p>
   </div>
   <div class='ocr_carea' id='block_1_10' title="bbox 951 3021 4019 3106">
    <p class='ocr_par' dir='ltr' id='par_1_11' title="bbox 951 3021 4019 3106">
     <span class='ocr_line' id='line_1_51' title="bbox 951 3021 4019 3106; baseline -0.001 -23"><span class='ocrx_word' id='word_1_332' title='bbox 951 3040 1173 3085; x_wconf 92' lang='lat' dir='ltr'><strong>omnes</strong></span> <span class='ocrx_word' id='word_1_333' title='bbox 1213 3023 1292 3085; x_wconf 91' lang='lat' dir='ltr'><strong>de</strong></span> <span class='ocrx_word' id='word_1_334' title='bbox 1326 3023 1563 3106; x_wconf 91' lang='lat' dir='ltr'><strong>populo</strong></span> <span class='ocrx_word' id='word_1_335' title='bbox 1595 3023 2016 3087; x_wconf 87' lang='lat' dir='ltr'><strong>subdiderunt</strong></span> <span class='ocrx_word' id='word_1_336' title='bbox 2045 3041 2112 3086; x_wconf 91' lang='lat' dir='ltr'><strong>se</strong></span> <span class='ocrx_word' id='word_1_337' title='bbox 2143 3023 2203 3087; x_wconf 87' lang='lat' dir='ltr'><strong>ci</strong></span> <span class='ocrx_word' id='word_1_338' title='bbox 2234 3042 2440 3106; x_wconf 89' lang='lat' dir='ltr'><strong>prom·</strong></span> <span class='ocrx_word' id='word_1_339' title='bbox 2476 3022 2520 3085; x_wconf 93' lang='lat' dir='ltr'>C</span> <span class='ocrx_word' id='word_1_340' title='bbox 2550 3043 2586 3085; x_wconf 91' lang='lat' dir='ltr'><strong>a</strong></span> <span class='ocrx_word' id='word_1_341' title='bbox 2613 3042 2716 3087; x_wconf 91' lang='lat' dir='ltr'><strong>me</strong></span> <span class='ocrx_word' id='word_1_342' title='bbox 2745 3023 3040 3087; x_wconf 88' lang='lat' dir='ltr'><strong>recedere</strong></span> <span class='ocrx_word' id='word_1_343' title='bbox 3070 3042 3196 3087; x_wconf 91' lang='lat' dir='ltr'><strong>non</strong></span> <span class='ocrx_word' id='word_1_344' title='bbox 3228 3022 3607 3099; x_wconf 86' lang='lat' dir='ltr'><strong>exauditam,</strong></span> <span class='ocrx_word' id='word_1_345' title='bbox 3642 3030 3750 3084; x_wconf 88' lang='lat' dir='ltr'><strong>aut</strong></span> <span class='ocrx_word' id='word_1_346' title='bbox 3782 3021 4019 3086; x_wconf 81' lang='lat' dir='ltr'><strong>vultum</strong></span> 
     </span>
    </p>
   </div>
   <div class='ocr_carea' id='block_1_11' title="bbox 942 3119 2439 4192">
    <p class='ocr_par' dir='ltr' id='par_1_12' title="bbox 952 3119 2439 3302">
     <span class='ocr_line' id='line_1_52' title="bbox 952 3119 2439 3210; baseline 0.003 -28"><span class='ocrx_word' id='word_1_347' title='bbox 952 3119 1264 3202; x_wconf 89' lang='lat' dir='ltr'><strong>ptissime,</strong></span> <span class='ocrx_word' id='word_1_348' title='bbox 1297 3120 1449 3204; x_wconf 90' lang='lat' dir='ltr'><strong>quia</strong></span> <span class='ocrx_word' id='word_1_349' title='bbox 1495 3121 1834 3186; x_wconf 87' lang='lat' dir='ltr'><strong>audierunt</strong></span> <span class='ocrx_word' id='word_1_350' title='bbox 1869 3142 1917 3210; x_wconf 24' lang='lat' dir='ltr'><strong>‘a</strong></span> <span class='ocrx_word' id='word_1_351' title='bbox 1965 3122 2164 3188; x_wconf 91' lang='lat' dir='ltr'><strong>David</strong></span> <span class='ocrx_word' id='word_1_352' title='bbox 2212 3132 2275 3186; x_wconf 90' lang='lat' dir='ltr'><strong>et</strong></span> <span class='ocrx_word' id='word_1_353' title='bbox 2322 3122 2439 3186; x_wconf 89' lang='lat' dir='ltr'><strong>Na-</strong></span> 
     </span>
     <span class='ocr_line' id='line_1_53' title="bbox 953 3219 2432 3302; baseline 0.001 -21"><span class='ocrx_word' id='word_1_354' title='bbox 953 3219 1127 3297; x_wconf 88' lang='lat' dir='ltr'><strong>than,</strong></span> <span class='ocrx_word' id='word_1_355' title='bbox 1163 3220 1332 3301; x_wconf 91' lang='lat' dir='ltr'><strong>quod</strong></span> <span class='ocrx_word' id='word_1_356' title='bbox 1363 3221 1526 3284; x_wconf 90' lang='lat' dir='ltr'><strong>Deus</strong></span> <span class='ocrx_word' id='word_1_357' title='bbox 1567 3220 1865 3300; x_wconf 80' lang='lat' dir='ltr'><strong>elegisset</strong></span> <span class='ocrx_word' id='word_1_358' title='bbox 1905 3241 2052 3285; x_wconf 90' lang='lat' dir='ltr'><strong>eum</strong></span> <span class='ocrx_word' id='word_1_359' title='bbox 2093 3221 2159 3284; x_wconf 91' lang='lat' dir='ltr'><strong>in</strong></span> <span class='ocrx_word' id='word_1_360' title='bbox 2197 3240 2432 3302; x_wconf 82' lang='lat' dir='ltr'><strong>regem.</strong></span> 
     </span>
    </p>

    <p class='ocr_par' dir='ltr' id='par_1_13' title="bbox 942 3321 2439 4192">
     <span class='ocr_line' id='line_1_54' title="bbox 1030 3321 2433 3399; baseline 0.001 -19"><span class='ocrx_word' id='word_1_361' title='bbox 1030 3321 1116 3380; x_wconf 85' lang='lat' dir='ltr'><strong>Et</strong></span> <span class='ocrx_word' id='word_1_362' title='bbox 1146 3321 1466 3397; x_wconf 72' lang='lat' dir='ltr'><strong>inyressus</strong></span> <span class='ocrx_word' id='word_1_363' title='bbox 1495 3330 1585 3381; x_wconf 84' lang='lat' dir='ltr'><strong>est</strong></span> <span class='ocrx_word' id='word_1_364' title='bbox 1613 3323 1906 3384; x_wconf 82' lang='lat' dir='ltr'><strong>Adonias</strong></span> <span class='ocrx_word' id='word_1_365' title='bbox 1935 3324 2119 3398; x_wconf 76' lang='lat' dir='ltr'><strong>filius</strong></span> <span class='ocrx_word' id='word_1_366' title='bbox 2149 3322 2433 3399; x_wconf 71' lang='lat' dir='ltr'><strong>Haqqitk</strong></span> 
     </span>
     <span class='ocr_line' id='line_1_55' title="bbox 949 3419 2439 3490; baseline 0.001 -12"><span class='ocrx_word' id='word_1_367' title='bbox 949 3420 1038 3478; x_wconf 88' lang='lat' dir='ltr'><strong>ad</strong></span> <span class='ocrx_word' id='word_1_368' title='bbox 1067 3419 1406 3480; x_wconf 77' lang='lat' dir='ltr'><strong>Bethsabee</strong></span> <span class='ocrx_word' id='word_1_369' title='bbox 1431 3429 1704 3480; x_wconf 87' lang='lat' dir='ltr'><strong>matrem</strong></span> <span class='ocrx_word' id='word_1_370' title='bbox 1733 3422 2122 3482; x_wconf 78' lang='lat' dir='ltr'><strong>Salomonis,</strong></span> <span class='ocrx_word' id='word_1_371' title='bbox 2160 3423 2315 3490; x_wconf 80' lang='lat' dir='ltr'><strong>Quoe</strong></span> <span class='ocrx_word' id='word_1_372' title='bbox 2337 3421 2439 3480; x_wconf 88' lang='lat' dir='ltr'><strong>di-</strong></span> 
     </span>
     <span class='ocr_line' id='line_1_56' title="bbox 949 3518 2439 3596; baseline 0.003 -20"><span class='ocrx_word' id='word_1_373' title='bbox 949 3519 1052 3577; x_wconf 75' lang='lat' dir='ltr'><strong>wit</strong></span> <span class='ocrx_word' id='word_1_374' title='bbox 1081 3537 1105 3577; x_wconf 93' lang='lat'><strong>.·</strong></span> <span class='ocrx_word' id='word_1_375' title='bbox 1135 3519 1544 3596; x_wconf 79' lang='lat' dir='ltr'><strong>Pacificusne</strong></span> <span class='ocrx_word' id='word_1_376' title='bbox 1579 3528 1670 3580; x_wconf 81' lang='lat' dir='ltr'><strong>est</strong></span> <span class='ocrx_word' id='word_1_377' title='bbox 1707 3520 2030 3595; x_wconf 73' lang='lat' dir='ltr'><strong>inqressus</strong></span> <span class='ocrx_word' id='word_1_378' title='bbox 2063 3521 2259 3579; x_wconf 82' lang='lat' dir='ltr'><strong>tuus?</strong></span> <span class='ocrx_word' id='word_1_379' title='bbox 2291 3518 2439 3582; x_wconf 84' lang='lat' dir='ltr'><strong>For-</strong></span> 
     </span>
     <span class='ocr_line' id='line_1_57' title="bbox 949 3615 2438 3699; baseline 0.003 -23"><span class='ocrx_word' id='word_1_380' title='bbox 949 3615 1216 3680; x_wconf 84' lang='lat' dir='ltr'><strong>midavit</strong></span> <span class='ocrx_word' id='word_1_381' title='bbox 1252 3615 1424 3678; x_wconf 91' lang='lat' dir='ltr'><strong>enim</strong></span> <span class='ocrx_word' id='word_1_382' title='bbox 1463 3616 1634 3697; x_wconf 89' lang='lat' dir='ltr'><strong>quod</strong></span> <span class='ocrx_word' id='word_1_383' title='bbox 1671 3616 1914 3699; x_wconf 88' lang='lat' dir='ltr'><strong>aliquid</strong></span> <span class='ocrx_word' id='word_1_384' title='bbox 1955 3617 2106 3679; x_wconf 90' lang='lat' dir='ltr'><strong>mali</strong></span> <span class='ocrx_word' id='word_1_385' title='bbox 2149 3617 2438 3681; x_wconf 90' lang='lat' dir='ltr'><strong>intende-</strong></span> 
     </span>
     <span class='ocr_line' id='line_1_58' title="bbox 949 3712 2430 3795; baseline 0.002 -20"><span class='ocrx_word' id='word_1_386' title='bbox 949 3721 1064 3792; x_wconf 85' lang='lat' dir='ltr'><strong>ret,</strong></span> <span class='ocrx_word' id='word_1_387' title='bbox 1086 3713 1250 3777; x_wconf 86' lang='lat' dir='ltr'><strong>sicut</strong></span> <span class='ocrx_word' id='word_1_388' title='bbox 1278 3722 1343 3778; x_wconf 86' lang='lat' dir='ltr'><strong>et</strong></span> <span class='ocrx_word' id='word_1_389' title='bbox 1373 3712 1518 3777; x_wconf 87' lang='lat' dir='ltr'><strong>fuit.</strong></span> <span class='ocrx_word' id='word_1_390' title='bbox 1540 3717 1670 3786; x_wconf 85' lang='lat' dir='ltr'><strong>Qui</strong></span> <span class='ocrx_word' id='word_1_391' title='bbox 1689 3717 2016 3795; x_wconf 82' lang='lat' dir='ltr'><strong>respondit</strong></span> <span class='ocrx_word' id='word_1_392' title='bbox 2039 3737 2060 3775; x_wconf 95' lang='grc'><strong>.·</strong></span> <span class='ocrx_word' id='word_1_393' title='bbox 2083 3718 2430 3794; x_wconf 68' lang='lat' dir='ltr'><strong>PacifieuS.</strong></span> 
     </span>
     <span class='ocr_line' id='line_1_59' title="bbox 945 3811 2435 3894; baseline 0 -20"><span class='ocrx_word' id='word_1_394' title='bbox 945 3811 1121 3886; x_wconf 89' lang='lat' dir='ltr'><strong>Quod</strong></span> <span class='ocrx_word' id='word_1_395' title='bbox 1144 3812 1233 3876; x_wconf 87' lang='lat' dir='ltr'><strong>ita</strong></span> <span class='ocrx_word' id='word_1_396' title='bbox 1251 3831 1378 3878; x_wconf 91' lang='lat' dir='ltr'><strong>non</strong></span> <span class='ocrx_word' id='word_1_397' title='bbox 1399 3821 1546 3878; x_wconf 87' lang='lat' dir='ltr'><strong>erat.</strong></span> <span class='ocrx_word' id='word_1_398' title='bbox 1561 3814 1819 3875; x_wconf 84' lang='lat' dir='ltr'><strong>Addidi</strong></span> <span class='ocrx_word' id='word_1_399' title='bbox 1824 3824 1968 3894; x_wconf 84' lang='lat' dir='ltr'><strong>tque</strong></span> <span class='ocrx_word' id='word_1_400' title='bbox 1984 3835 2005 3874; x_wconf 93' lang='grc'><strong>.·</strong></span> <span class='ocrx_word' id='word_1_401' title='bbox 2022 3817 2247 3877; x_wconf 88' lang='lat' dir='ltr'><strong>Sermo</strong></span> <span class='ocrx_word' id='word_1_402' title='bbox 2267 3817 2435 3877; x_wconf 76' lang='lat' dir='ltr'><strong>mini</strong></span> 
     </span>
     <span class='ocr_line' id='line_1_60' title="bbox 945 3914 2432 3994; baseline 0.003 -22"><span class='ocrx_word' id='word_1_403' title='bbox 945 3922 1034 3974; x_wconf 88' lang='grc' dir='ltr'><strong>εει</strong></span> <span class='ocrx_word' id='word_1_404' title='bbox 1073 3917 1160 3974; x_wconf 89' lang='lat' dir='ltr'><strong>ad</strong></span> <span class='ocrx_word' id='word_1_405' title='bbox 1206 3923 1280 3974; x_wconf 92' lang='lat' dir='ltr'><strong>te.</strong></span> <span class='ocrx_word' id='word_1_406' title='bbox 1328 3914 1450 3974; x_wconf 83' lang='lat' dir='ltr'><strong>Cui</strong></span> <span class='ocrx_word' id='word_1_407' title='bbox 1487 3915 1635 3974; x_wconf 86' lang='lat' dir='ltr'><strong>ait:</strong></span> <span class='ocrx_word' id='word_1_408' title='bbox 1667 3917 1968 3994; x_wconf 83' lang='lat' dir='ltr'><strong>Loquere.</strong></span> <span class='ocrx_word' id='word_1_409' title='bbox 2015 3917 2098 3976; x_wconf 85' lang='lat' dir='ltr'><strong>E&#39;t</strong></span> <span class='ocrx_word' id='word_1_410' title='bbox 2136 3915 2248 3974; x_wconf 86' lang='lat' dir='ltr'><strong>ille</strong></span> <span class='ocrx_word' id='word_1_411' title='bbox 2278 3934 2301 3976; x_wconf 94' lang='grc'><strong>.·</strong></span> <span class='ocrx_word' id='word_1_412' title='bbox 2340 3917 2432 3976; x_wconf 83' lang='lat' dir='ltr'><strong>Tu</strong></span> 
     </span>
     <span class='ocr_line' id='line_1_61' title="bbox 947 4012 2431 4093; baseline 0.003 -22"><span class='ocrx_word' id='word_1_413' title='bbox 947 4012 1209 4090; x_wconf 83' lang='lat' dir='ltr'><strong>(inquit)</strong></span> <span class='ocrx_word' id='word_1_414' title='bbox 1243 4013 1433 4084; x_wconf 84' lang='lat' dir='ltr'><strong>nosti,</strong></span> <span class='ocrx_word' id='word_1_415' title='bbox 1450 4015 1608 4093; x_wconf 91' lang='lat' dir='ltr'><strong>quia</strong></span> <span class='ocrx_word' id='word_1_416' title='bbox 1641 4033 1852 4074; x_wconf 88' lang='lat' dir='ltr'><strong>meum</strong></span> <span class='ocrx_word' id='word_1_417' title='bbox 1879 4023 2020 4074; x_wconf 88' lang='lat' dir='ltr'><strong>erat</strong></span> <span class='ocrx_word' id='word_1_418' title='bbox 2051 4034 2348 4090; x_wconf 59' lang='lat' dir='ltr'><strong>regnum,</strong></span> <span class='ocrx_word' id='word_1_419' title='bbox 2366 4013 2431 4076; x_wconf 89' lang='lat' dir='ltr'><strong>id</strong></span> 
     </span>
     <span class='ocr_line' id='line_1_62' title="bbox 942 4109 2431 4192; baseline 0.001 -21"><span class='ocrx_word' id='word_1_420' title='bbox 942 4117 1062 4186; x_wconf 89' lang='lat' dir='ltr'><strong>est,</strong></span> <span class='ocrx_word' id='word_1_421' title='bbox 1081 4109 1324 4190; x_wconf 87' lang='lat' dir='ltr'><strong>dejure</strong></span> <span class='ocrx_word' id='word_1_422' title='bbox 1351 4110 1674 4173; x_wconf 90' lang='lat' dir='ltr'><strong>communi</strong></span> <span class='ocrx_word' id='word_1_423' title='bbox 1705 4109 2016 4192; x_wconf 85' lang='lat' dir='ltr'><strong>pertinuit</strong></span> <span class='ocrx_word' id='word_1_424' title='bbox 2045 4111 2123 4173; x_wconf 87' lang='lat' dir='ltr'><strong>ad</strong></span> <span class='ocrx_word' id='word_1_425' title='bbox 2153 4119 2431 4188; x_wconf 89' lang='lat' dir='ltr'><strong>me,tan-</strong></span> 
     </span>
    </p>
   </div>
   <div class='ocr_carea' id='block_1_12' title="bbox 2542 3120 4021 4192">
    <p class='ocr_par' dir='ltr' id='par_1_14' title="bbox 2542 3120 4021 4192">
     <span class='ocr_line' id='line_1_63' title="bbox 2550 3120 4019 3205; baseline -0.002 -20"><span class='ocrx_word' id='word_1_426' title='bbox 2550 3131 2729 3186; x_wconf 89' lang='lat' dir='ltr'><strong>tuum</strong></span> <span class='ocrx_word' id='word_1_427' title='bbox 2760 3143 2797 3186; x_wconf 92' lang='lat' dir='ltr'><strong>a</strong></span> <span class='ocrx_word' id='word_1_428' title='bbox 2828 3143 2941 3186; x_wconf 91' lang='lat' dir='ltr'><strong>sua</strong></span> <span class='ocrx_word' id='word_1_429' title='bbox 2978 3121 3287 3205; x_wconf 88' lang='lat' dir='ltr'><strong>petitione</strong></span> <span class='ocrx_word' id='word_1_430' title='bbox 3326 3120 3649 3205; x_wconf 86' lang='lat' dir='ltr'><strong>repellam,</strong></span> <span class='ocrx_word' id='word_1_431' title='bbox 3684 3120 4019 3184; x_wconf 86' lang='lat' dir='ltr'><strong>dummodo</strong></span> 
     </span>
     <span class='ocr_line' id='line_1_64' title="bbox 2549 3220 4021 3304; baseline -0.002 -21"><span class='ocrx_word' id='word_1_432' title='bbox 2549 3221 2945 3285; x_wconf 87' lang='lat' dir='ltr'><strong>rationabilis</strong></span> <span class='ocrx_word' id='word_1_433' title='bbox 2976 3222 3059 3284; x_wconf 89' lang='lat' dir='ltr'><strong>sit</strong></span> <span class='ocrx_word' id='word_1_434' title='bbox 3088 3229 3196 3284; x_wconf 89' lang='lat' dir='ltr'><strong>tua</strong></span> <span class='ocrx_word' id='word_1_435' title='bbox 3220 3221 3444 3304; x_wconf 90' lang='lat' dir='ltr'><strong>petitio</strong></span> <span class='ocrx_word' id='word_1_436' title='bbox 3478 3239 3494 3283; x_wconf 74' lang='grc' dir='ltr'>ε</span> <span class='ocrx_word' id='word_1_437' title='bbox 3526 3220 3681 3304; x_wconf 91' lang='lat' dir='ltr'><strong>quia</strong></span> <span class='ocrx_word' id='word_1_438' title='bbox 3718 3220 3839 3284; x_wconf 89' lang='lat' dir='ltr'><strong>hoc</strong></span> <span class='ocrx_word' id='word_1_439' title='bbox 3880 3237 4021 3282; x_wconf 83' lang='lat' dir='ltr'><strong>vera</strong></span> 
     </span>
     <span class='ocr_line' id='line_1_65' title="bbox 2546 3315 4011 3402; baseline -0.003 -20"><span class='ocrx_word' id='word_1_440' title='bbox 2546 3320 2829 3384; x_wconf 89' lang='lat' dir='ltr'><strong>amicitia</strong></span> <span class='ocrx_word' id='word_1_441' title='bbox 2857 3320 3071 3402; x_wconf 82' lang='lat' dir='ltr'><strong>exigit,</strong></span> <span class='ocrx_word' id='word_1_442' title='bbox 3106 3328 3175 3383; x_wconf 91' lang='lat' dir='ltr'><strong>ut</strong></span> <span class='ocrx_word' id='word_1_443' title='bbox 3205 3339 3371 3383; x_wconf 91' lang='lat' dir='ltr'><strong>unus</strong></span> <span class='ocrx_word' id='word_1_444' title='bbox 3405 3327 3663 3402; x_wconf 89' lang='lat' dir='ltr'><strong>propter</strong></span> <span class='ocrx_word' id='word_1_445' title='bbox 3700 3319 3897 3382; x_wconf 91' lang='lat' dir='ltr'><strong>alium</strong></span> <span class='ocrx_word' id='word_1_446' title='bbox 3928 3315 4011 3380; x_wconf 88' lang='lat' dir='ltr'><strong>nil</strong></span> 
     </span>
     <span class='ocr_line' id='line_1_66' title="bbox 2546 3419 4019 3498; baseline -0.004 -16"><span class='ocrx_word' id='word_1_447' title='bbox 2546 3427 2688 3498; x_wconf 85' lang='lat' dir='ltr'><strong>agat</strong></span> <span class='ocrx_word' id='word_1_448' title='bbox 2718 3419 3037 3484; x_wconf 88' lang='lat' dir='ltr'><strong>illicitum.</strong></span> <span class='ocrx_word' id='word_1_449' title='bbox 3074 3423 3225 3490; x_wconf 78' lang='lat' dir='ltr'><strong>Quoe</strong></span> <span class='ocrx_word' id='word_1_450' title='bbox 3253 3423 3350 3481; x_wconf 91' lang='lat' dir='ltr'><strong>ait</strong></span> <span class='ocrx_word' id='word_1_451' title='bbox 3372 3441 3394 3479; x_wconf 93' lang='grc'><strong>.·</strong></span> <span class='ocrx_word' id='word_1_452' title='bbox 3416 3421 3619 3480; x_wconf 80' lang='lat' dir='ltr'><strong>Detur</strong></span> <span class='ocrx_word' id='word_1_453' title='bbox 3639 3421 3883 3496; x_wconf 63' lang='lat' dir='ltr'><strong>Abisag]</strong></span> <span class='ocrx_word' id='word_1_454' title='bbox 3906 3420 4019 3479; x_wconf 84' lang='lat' dir='ltr'><strong>Su-</strong></span> 
     </span>
     <span class='ocr_line' id='line_1_67' title="bbox 2544 3519 3714 3596; baseline 0.001 -18"><span class='ocrx_word' id='word_1_455' title='bbox 2544 3520 2815 3580; x_wconf 76' lang='lat' dir='ltr'><strong>namitis</strong></span> <span class='ocrx_word' id='word_1_456' title='bbox 2843 3520 3117 3581; x_wconf 82' lang='lat' dir='ltr'><strong>Adonioe</strong></span> <span class='ocrx_word' id='word_1_457' title='bbox 3146 3519 3353 3596; x_wconf 80' lang='lat' dir='ltr'><strong>fratri</strong></span> <span class='ocrx_word' id='word_1_458' title='bbox 3386 3529 3493 3579; x_wconf 85' lang='lat' dir='ltr'><strong>tuo</strong></span> <span class='ocrx_word' id='word_1_459' title='bbox 3522 3537 3714 3579; x_wconf 73' lang='lat' dir='ltr'><strong>uxor.</strong></span> 
     </span>
     <span class='ocr_line' id='line_1_68' title="bbox 2622 3619 4019 3698; baseline -0.003 -18"><span class='ocrx_word' id='word_1_460' title='bbox 2622 3620 3099 3698; x_wconf 82' lang='lat' dir='ltr'><strong>Responditque</strong></span> <span class='ocrx_word' id='word_1_461' title='bbox 3126 3638 3245 3678; x_wconf 75' lang='lat' dir='ltr'><strong>rem</strong></span> <span class='ocrx_word' id='word_1_462' title='bbox 3272 3621 3678 3690; x_wconf 86' lang='lat' dir='ltr'><strong>Salomon,et</strong></span> <span class='ocrx_word' id='word_1_463' title='bbox 3696 3619 3875 3677; x_wconf 70' lang='lat' dir='ltr'><strong>dixit</strong></span> <span class='ocrx_word' id='word_1_464' title='bbox 3894 3637 4019 3676; x_wconf 84' lang='lat' dir='ltr'><strong>ma—</strong></span> 
     </span>
     <span class='ocr_line' id='line_1_69' title="bbox 2548 3716 4019 3794; baseline -0.002 -18"><span class='ocrx_word' id='word_1_465' title='bbox 2548 3719 2636 3776; x_wconf 85' lang='lat' dir='ltr'><strong>tri</strong></span> <span class='ocrx_word' id='word_1_466' title='bbox 2663 3737 2839 3780; x_wconf 85' lang='lat' dir='ltr'><strong>suoe:</strong></span> <span class='ocrx_word' id='word_1_467' title='bbox 2874 3719 3087 3787; x_wconf 85' lang='lat' dir='ltr'><strong>Quare</strong></span> <span class='ocrx_word' id='word_1_468' title='bbox 3117 3721 3409 3794; x_wconf 77' lang='lat' dir='ltr'><strong>postula-s</strong></span> <span class='ocrx_word' id='word_1_469' title='bbox 3440 3717 3682 3793; x_wconf 72' lang='lat' dir='ltr'><strong>Abisaq</strong></span> <span class='ocrx_word' id='word_1_470' title='bbox 3718 3716 4019 3778; x_wconf 80' lang='lat' dir='ltr'><strong>Sunami-</strong></span> 
     </span>
     <span class='ocr_line' id='line_1_70' title="bbox 2547 3812 4018 3897; baseline -0.002 -21"><span class='ocrx_word' id='word_1_471' title='bbox 2547 3826 2668 3876; x_wconf 86' lang='lat' dir='ltr'><strong>tem</strong></span> <span class='ocrx_word' id='word_1_472' title='bbox 2696 3817 3016 3878; x_wconf 81' lang='lat' dir='ltr'><strong>Adoniae?</strong></span> <span class='ocrx_word' id='word_1_473' title='bbox 3044 3813 3226 3897; x_wconf 91' lang='lat' dir='ltr'><strong>quasi</strong></span> <span class='ocrx_word' id='word_1_474' title='bbox 3267 3815 3459 3891; x_wconf 89' lang='lat' dir='ltr'><strong>dicat,</strong></span> <span class='ocrx_word' id='word_1_475' title='bbox 3504 3812 4018 3877; x_wconf 87' lang='lat' dir='ltr'><strong>Irrationahiliter</strong></span> 
     </span>
     <span class='ocr_line' id='line_1_71' title="bbox 2544 3911 4012 3996; baseline -0.003 -20"><span class='ocrx_word' id='word_1_476' title='bbox 2544 3913 2729 3996; x_wconf 79' lang='lat' dir='ltr'><strong>petiS,</strong></span> <span class='ocrx_word' id='word_1_477' title='bbox 2762 3915 3055 3996; x_wconf 92' lang='lat' dir='ltr'><strong>quamvis</strong></span> <span class='ocrx_word' id='word_1_478' title='bbox 3096 3921 3163 3976; x_wconf 92' lang='lat' dir='ltr'><strong>tu</strong></span> <span class='ocrx_word' id='word_1_479' title='bbox 3203 3913 3341 3995; x_wconf 86' lang='lat' dir='ltr'><strong>ipsa</strong></span> <span class='ocrx_word' id='word_1_480' title='bbox 3377 3931 3505 3977; x_wconf 90' lang='lat' dir='ltr'><strong>non</strong></span> <span class='ocrx_word' id='word_1_481' title='bbox 3546 3914 3835 3976; x_wconf 84' lang='lat' dir='ltr'><strong>advertas</strong></span> <span class='ocrx_word' id='word_1_482' title='bbox 3881 3911 4012 3974; x_wconf 91' lang='lat' dir='ltr'><strong>hoc.</strong></span> 
     </span>
     <span class='ocr_line' id='line_1_72' title="bbox 2544 4011 4012 4095; baseline -0.001 -20"><span class='ocrx_word' id='word_1_483' title='bbox 2544 4012 2837 4076; x_wconf 92' lang='lat' dir='ltr'><strong>Salomon</strong></span> <span class='ocrx_word' id='word_1_484' title='bbox 2884 4012 3125 4095; x_wconf 92' lang='lat' dir='ltr'><strong>quippe</strong></span> <span class='ocrx_word' id='word_1_485' title='bbox 3171 4011 3337 4076; x_wconf 89' lang='lat' dir='ltr'><strong>acuti</strong></span> <span class='ocrx_word' id='word_1_486' title='bbox 3372 4031 3596 4075; x_wconf 92' lang='lat' dir='ltr'><strong>sensus</strong></span> <span class='ocrx_word' id='word_1_487' title='bbox 3625 4021 3691 4075; x_wconf 87' lang='lat' dir='ltr'><strong>et</strong></span> <span class='ocrx_word' id='word_1_488' title='bbox 3721 4012 4012 4093; x_wconf 77' lang='lat' dir='ltr'><strong>prudenS,</strong></span> 
     </span>
     <span class='ocr_line' id='line_1_73' title="bbox 2542 4110 4011 4192; baseline -0.003 -18"><span class='ocrx_word' id='word_1_489' title='bbox 2542 4119 2604 4174; x_wconf 92' lang='lat' dir='ltr'><strong>et</strong></span> <span class='ocrx_word' id='word_1_490' title='bbox 2662 4111 2949 4192; x_wconf 83' lang='lat' dir='ltr'><strong>pristinae</strong></span> <span class='ocrx_word' id='word_1_491' title='bbox 3010 4110 3378 4175; x_wconf 86' lang='lat' dir='ltr'><strong>ambitionis</strong></span> <span class='ocrx_word' id='word_1_492' title='bbox 3437 4111 3699 4175; x_wconf 81' lang='lat' dir='ltr'><strong>Adoniae</strong></span> <span class='ocrx_word' id='word_1_493' title='bbox 3756 4127 4011 4184; x_wconf 88' lang='lat' dir='ltr'><strong>memor,</strong></span> 
     </span>
    </p>
   </div>
   <div class='ocr_carea' id='block_1_13' title="bbox 945 4206 4009 4291">
    <p class='ocr_par' dir='ltr' id='par_1_15' title="bbox 945 4206 4009 4291">
     <span class='ocr_line' id='line_1_74' title="bbox 945 4206 4009 4291; baseline -0 -23"><span class='ocrx_word' id='word_1_494' title='bbox 945 4224 1136 4287; x_wconf 87' lang='lat' dir='ltr'><strong>quam</strong></span> <span class='ocrx_word' id='word_1_495' title='bbox 1167 4207 1245 4270; x_wconf 89' lang='lat' dir='ltr'><strong>ad</strong></span> <span class='ocrx_word' id='word_1_496' title='bbox 1269 4207 1481 4270; x_wconf 90' lang='lat' dir='ltr'><strong>filium</strong></span> <span class='ocrx_word' id='word_1_497' title='bbox 1512 4209 1826 4273; x_wconf 90' lang='lat' dir='ltr'><strong>seniorem</strong></span> <span class='ocrx_word' id='word_1_498' title='bbox 1847 4216 1910 4278; x_wconf 88' lang='lat' dir='ltr'><strong>et</strong></span> <span class='ocrx_word' id='word_1_499' title='bbox 1931 4207 2427 4291; x_wconf 84' lang='lat' dir='ltr'><strong>primogenitum</strong></span> <span class='ocrx_word' id='word_1_500' title='bbox 2466 4216 2513 4277; x_wconf 91' lang='lat' dir='ltr'>D</span> <span class='ocrx_word' id='word_1_501' title='bbox 2542 4208 2755 4271; x_wconf 85' lang='lat' dir='ltr'><strong>statim</strong></span> <span class='ocrx_word' id='word_1_502' title='bbox 2800 4208 3073 4273; x_wconf 87' lang='lat' dir='ltr'><strong>advertit</strong></span> <span class='ocrx_word' id='word_1_503' title='bbox 3107 4227 3236 4291; x_wconf 91' lang='lat' dir='ltr'><strong>quo</strong></span> <span class='ocrx_word' id='word_1_504' title='bbox 3270 4208 3557 4272; x_wconf 88' lang='lat' dir='ltr'><strong>tenderet</strong></span> <span class='ocrx_word' id='word_1_505' title='bbox 3594 4209 3735 4290; x_wconf 87' lang='lat' dir='ltr'><strong>ejus</strong></span> <span class='ocrx_word' id='word_1_506' title='bbox 3774 4206 4009 4290; x_wconf 89' lang='lat' dir='ltr'><strong>petitio,</strong></span> 
     </span>
    </p>
   </div>
   <div class='ocr_carea' id='block_1_14' title="bbox 915 4302 2434 5383">
    <p class='ocr_par' dir='ltr' id='par_1_16' title="bbox 915 4302 2434 5383">
     <span class='ocr_line' id='line_1_75' title="bbox 947 4302 2434 4387; baseline 0.003 -21"><span class='ocrx_word' id='word_1_507' title='bbox 947 4302 1112 4369; x_wconf 91' lang='lat' dir='ltr'><strong>inter</strong></span> <span class='ocrx_word' id='word_1_508' title='bbox 1153 4305 1549 4387; x_wconf 87' lang='lat' dir='ltr'><strong>superstites,</strong></span> <span class='ocrx_word' id='word_1_509' title='bbox 1583 4317 1642 4368; x_wconf 91' lang='lat' dir='ltr'><strong>et</strong></span> <span class='ocrx_word' id='word_1_510' title='bbox 1681 4329 1780 4369; x_wconf 84' lang='lat' dir='ltr'><strong>me</strong></span> <span class='ocrx_word' id='word_1_511' title='bbox 1799 4319 2225 4386; x_wconf 82' lang='lat' dir='ltr'><strong>proposuerat</strong></span> <span class='ocrx_word' id='word_1_512' title='bbox 2248 4310 2271 4334; x_wconf 76' lang='lat'><strong>&#39;¹</strong></span> <span class='ocrx_word' id='word_1_513' title='bbox 2302 4329 2434 4371; x_wconf 88' lang='lat' dir='ltr'><strong>om-</strong></span> 
     </span>
     <span class='ocr_line' id='line_1_76' title="bbox 945 4404 2432 4488; baseline 0.003 -24"><span class='ocrx_word' id='word_1_514' title='bbox 945 4406 1049 4465; x_wconf 78' lang='lat' dir='ltr'><strong>nis</strong></span> <span class='ocrx_word' id='word_1_515' title='bbox 1076 4407 1303 4478; x_wconf 84' lang='lat' dir='ltr'><strong>Israel,</strong></span> <span class='ocrx_word' id='word_1_516' title='bbox 1339 4404 1404 4466; x_wconf 91' lang='lat' dir='ltr'><strong>id</strong></span> <span class='ocrx_word' id='word_1_517' title='bbox 1433 4413 1530 4468; x_wconf 91' lang='lat' dir='ltr'><strong>est</strong></span> <span class='ocrx_word' id='word_1_518' title='bbox 1558 4404 1820 4488; x_wconf 89' lang='lat' dir='ltr'><strong>quidam</strong></span> <span class='ocrx_word' id='word_1_519' title='bbox 1849 4407 1928 4469; x_wconf 92' lang='lat' dir='ltr'><strong>de</strong></span> <span class='ocrx_word' id='word_1_520' title='bbox 1957 4406 2280 4486; x_wconf 83' lang='lat' dir='ltr'><strong>omnibuS‚</strong></span> <span class='ocrx_word' id='word_1_521' title='bbox 2302 4410 2432 4468; x_wconf 83' lang='lat' dir='ltr'><strong>sibi</strong></span> 
     </span>
     <span class='ocr_line' id='line_1_77' title="bbox 943 4505 2433 4583; baseline 0.004 -20"><span class='ocrx_word' id='word_1_522' title='bbox 943 4505 1018 4565; x_wconf 84' lang='lat' dir='ltr'><strong>in</strong></span> <span class='ocrx_word' id='word_1_523' title='bbox 1047 4525 1298 4582; x_wconf 74' lang='lat' dir='ltr'><strong>reyem;</strong></span> <span class='ocrx_word' id='word_1_524' title='bbox 1332 4507 1444 4566; x_wconf 83' lang='lat' dir='ltr'><strong>sed</strong></span> <span class='ocrx_word' id='word_1_525' title='bbox 1484 4508 1874 4567; x_wconf 82' lang='lat' dir='ltr'><strong>translatum</strong></span> <span class='ocrx_word' id='word_1_526' title='bbox 1915 4515 2005 4566; x_wconf 82' lang='lat' dir='ltr'><strong>est</strong></span> <span class='ocrx_word' id='word_1_527' title='bbox 2045 4526 2339 4583; x_wconf 73' lang='lat' dir='ltr'><strong>reynum,</strong></span> <span class='ocrx_word' id='word_1_528' title='bbox 2372 4518 2433 4569; x_wconf 90' lang='lat' dir='ltr'><strong>et</strong></span> 
     </span>
     <span class='ocr_line' id='line_1_78' title="bbox 941 4602 2431 4683; baseline 0.001 -19"><span class='ocrx_word' id='word_1_529' title='bbox 941 4602 1192 4679; x_wconf 80' lang='lat' dir='ltr'><strong>factum</strong></span> <span class='ocrx_word' id='word_1_530' title='bbox 1239 4613 1328 4664; x_wconf 83' lang='lat' dir='ltr'><strong>est</strong></span> <span class='ocrx_word' id='word_1_531' title='bbox 1373 4604 1610 4683; x_wconf 78' lang='lat' dir='ltr'><strong>fratris</strong></span> <span class='ocrx_word' id='word_1_532' title='bbox 1652 4606 1801 4664; x_wconf 86' lang='lat' dir='ltr'><strong>mei.</strong></span> <span class='ocrx_word' id='word_1_533' title='bbox 1833 4607 1887 4664; x_wconf 88' lang='lat' dir='ltr'><strong><em>A</em></strong></span> <span class='ocrx_word' id='word_1_534' title='bbox 1937 4606 2215 4666; x_wconf 88' lang='lat' dir='ltr'><strong>Domino</strong></span> <span class='ocrx_word' id='word_1_535' title='bbox 2252 4608 2431 4666; x_wconf 83' lang='lat' dir='ltr'><strong>enim</strong></span> 
     </span>
     <span class='ocr_line' id='line_1_79' title="bbox 941 4702 2429 4780; baseline 0.003 -20"><span class='ocrx_word' id='word_1_536' title='bbox 941 4702 1363 4763; x_wconf 80' lang='lat' dir='ltr'><strong>constitutum</strong></span> <span class='ocrx_word' id='word_1_537' title='bbox 1401 4711 1490 4762; x_wconf 83' lang='lat' dir='ltr'><strong>est</strong></span> <span class='ocrx_word' id='word_1_538' title='bbox 1528 4703 1610 4764; x_wconf 88' lang='lat' dir='ltr'><strong>ei.</strong></span> <span class='ocrx_word' id='word_1_539' title='bbox 1645 4703 1840 4766; x_wconf 83' lang='lat' dir='ltr'><strong>Nunc</strong></span> <span class='ocrx_word' id='word_1_540' title='bbox 1877 4722 2023 4778; x_wconf 71' lang='lat' dir='ltr'><strong>erqo</strong></span> <span class='ocrx_word' id='word_1_541' title='bbox 2048 4704 2429 4780; x_wconf 80' lang='lat' dir='ltr'><strong>petitionem</strong></span> 
     </span>
     <span class='ocr_line' id='line_1_80' title="bbox 942 4803 2429 4881; baseline 0.002 -21"><span class='ocrx_word' id='word_1_542' title='bbox 942 4819 1146 4861; x_wconf 87' lang='lat' dir='ltr'><strong>unam</strong></span> <span class='ocrx_word' id='word_1_543' title='bbox 1173 4803 1471 4878; x_wconf 88' lang='lat' dir='ltr'><strong>deprecor</strong></span> <span class='ocrx_word' id='word_1_544' title='bbox 1501 4821 1542 4862; x_wconf 88' lang='lat' dir='ltr'><strong>a</strong></span> <span class='ocrx_word' id='word_1_545' title='bbox 1573 4810 1630 4861; x_wconf 88' lang='lat' dir='ltr'><strong>te</strong></span> <span class='ocrx_word' id='word_1_546' title='bbox 1643 4825 1669 4873; x_wconf 92' lang='lat'><strong>,·</strong></span> <span class='ocrx_word' id='word_1_547' title='bbox 1701 4821 1779 4861; x_wconf 83' lang='lat' dir='ltr'><strong>ne</strong></span> <span class='ocrx_word' id='word_1_548' title='bbox 1807 4803 2172 4881; x_wconf 80' lang='lat' dir='ltr'><strong>confundas</strong></span> <span class='ocrx_word' id='word_1_549' title='bbox 2194 4805 2429 4881; x_wconf 82' lang='lat' dir='ltr'><strong>faciem</strong></span> 
     </span>
     <span class='ocr_line' id='line_1_81' title="bbox 940 4901 2430 4980; baseline 0.001 -20"><span class='ocrx_word' id='word_1_550' title='bbox 940 4918 1168 4961; x_wconf 88' lang='lat' dir='ltr'><strong>meam.</strong></span> <span class='ocrx_word' id='word_1_551' title='bbox 1214 4902 1368 4969; x_wconf 80' lang='lat' dir='ltr'><strong>Quae</strong></span> <span class='ocrx_word' id='word_1_552' title='bbox 1407 4901 1584 4959; x_wconf 71' lang='lat' dir='ltr'><strong>dixit</strong></span> <span class='ocrx_word' id='word_1_553' title='bbox 1627 4903 1716 4960; x_wconf 85' lang='lat' dir='ltr'><strong>ad</strong></span> <span class='ocrx_word' id='word_1_554' title='bbox 1753 4921 1955 4961; x_wconf 88' lang='lat' dir='ltr'><strong>eum:</strong></span> <span class='ocrx_word' id='word_1_555' title='bbox 1985 4903 2295 4980; x_wconf 82' lang='lat' dir='ltr'><strong>Loquere.</strong></span> <span class='ocrx_word' id='word_1_556' title='bbox 2343 4903 2430 4962; x_wconf 87' lang='lat' dir='ltr'><strong>Et</strong></span> 
     </span>
     <span class='ocr_line' id='line_1_82' title="bbox 938 4998 2430 5076; baseline 0.003 -21"><span class='ocrx_word' id='word_1_557' title='bbox 938 4998 1052 5056; x_wconf 88' lang='lat' dir='ltr'><strong>ille</strong></span> <span class='ocrx_word' id='word_1_558' title='bbox 1099 4999 1196 5058; x_wconf 86' lang='lat' dir='ltr'><strong>ait</strong></span> <span class='ocrx_word' id='word_1_559' title='bbox 1226 5001 1516 5060; x_wconf 85' lang='lat' dir='ltr'><strong>:Precor</strong></span> <span class='ocrx_word' id='word_1_560' title='bbox 1563 5007 1634 5059; x_wconf 92' lang='lat' dir='ltr'><strong>ut</strong></span> <span class='ocrx_word' id='word_1_561' title='bbox 1679 4999 1858 5060; x_wconf 81' lang='lat' dir='ltr'><strong>dicas</strong></span> <span class='ocrx_word' id='word_1_562' title='bbox 1906 5001 2243 5061; x_wconf 79' lang='lat' dir='ltr'><strong>Salomoni</strong></span> <span class='ocrx_word' id='word_1_563' title='bbox 2290 5002 2430 5076; x_wconf 73' lang='lat' dir='ltr'><strong>reqi</strong></span> 
     </span>
     <span class='ocr_line' id='line_1_83' title="bbox 941 5098 2427 5178; baseline 0.003 -22"><span class='ocrx_word' id='word_1_564' title='bbox 941 5107 1167 5176; x_wconf 88' lang='lat' dir='ltr'><strong>(neque</strong></span> <span class='ocrx_word' id='word_1_565' title='bbox 1195 5099 1370 5158; x_wconf 86' lang='lat' dir='ltr'><strong>enim</strong></span> <span class='ocrx_word' id='word_1_566' title='bbox 1399 5117 1634 5174; x_wconf 71' lang='lat' dir='ltr'><strong>neyare</strong></span> <span class='ocrx_word' id='word_1_567' title='bbox 1666 5098 1785 5158; x_wconf 85' lang='lat' dir='ltr'><strong>tibi</strong></span> <span class='ocrx_word' id='word_1_568' title='bbox 1814 5099 2178 5178; x_wconf 84' lang='lat' dir='ltr'><strong>quidquam</strong></span> <span class='ocrx_word' id='word_1_569' title='bbox 2198 5108 2427 5176; x_wconf 81' lang='lat' dir='ltr'><strong>potest)</strong></span> 
     </span>
     <span class='ocr_line' id='line_1_84' title="bbox 941 5192 2427 5277; baseline 0.003 -24"><span class='ocrx_word' id='word_1_570' title='bbox 941 5192 1005 5255; x_wconf 93' lang='lat' dir='ltr'><strong>id</strong></span> <span class='ocrx_word' id='word_1_571' title='bbox 1036 5202 1153 5271; x_wconf 88' lang='lat' dir='ltr'><strong>est,</strong></span> <span class='ocrx_word' id='word_1_572' title='bbox 1191 5213 1318 5258; x_wconf 92' lang='lat' dir='ltr'><strong>non</strong></span> <span class='ocrx_word' id='word_1_573' title='bbox 1350 5195 1532 5258; x_wconf 89' lang='lat' dir='ltr'><strong>decet</strong></span> <span class='ocrx_word' id='word_1_574' title='bbox 1569 5203 1640 5257; x_wconf 94' lang='lat' dir='ltr'><strong>ut</strong></span> <span class='ocrx_word' id='word_1_575' title='bbox 1675 5194 1920 5277; x_wconf 92' lang='lat' dir='ltr'><strong>aliquid</strong></span> <span class='ocrx_word' id='word_1_576' title='bbox 1959 5196 2427 5259; x_wconf 86' lang='lat' dir='ltr'><strong>rationabiliter</strong></span> 
     </span>
     <span class='ocr_line' id='line_1_85' title="bbox 915 5291 2427 5383; baseline 0.004 -31"><span class='ocrx_word' id='word_1_577' title='bbox 915 5291 1208 5383; x_wconf 30' lang='lat' dir='ltr'><strong>pet-itum</strong></span> <span class='ocrx_word' id='word_1_578' title='bbox 1245 5294 1516 5376; x_wconf 79' lang='lat' dir='ltr'><strong>deneget</strong></span> <span class='ocrx_word' id='word_1_579' title='bbox 1555 5293 1694 5372; x_wconf 89' lang='lat' dir='ltr'><strong>tibi,</strong></span> <span class='ocrx_word' id='word_1_580' title='bbox 1737 5302 1874 5358; x_wconf 86' lang='lat' dir='ltr'><strong>tum</strong></span> <span class='ocrx_word' id='word_1_581' title='bbox 1913 5295 2158 5359; x_wconf 89' lang='lat' dir='ltr'><strong>ratione</strong></span> <span class='ocrx_word' id='word_1_582' title='bbox 2196 5304 2427 5359; x_wconf 89' lang='lat' dir='ltr'><strong>mater—</strong></span> 
     </span>
    </p>
   </div>
   <div class='ocr_carea' id='block_1_15' title="bbox 2534 4303 4014 5379">
    <p class='ocr_par' dir='ltr' id='par_1_17' title="bbox 2534 4303 4014 5379">
     <span class='ocr_line' id='line_1_86' title="bbox 2542 4303 4014 4390; baseline -0.003 -21"><span class='ocrx_word' id='word_1_583' title='bbox 2542 4315 2761 4390; x_wconf 89' lang='lat' dir='ltr'><strong>utpote</strong></span> <span class='ocrx_word' id='word_1_584' title='bbox 2787 4308 2868 4371; x_wconf 90' lang='lat' dir='ltr'><strong>ad</strong></span> <span class='ocrx_word' id='word_1_585' title='bbox 2900 4325 3163 4388; x_wconf 84' lang='lat' dir='ltr'><strong>regnum</strong></span> <span class='ocrx_word' id='word_1_586' title='bbox 3195 4306 3693 4390; x_wconf 88' lang='lat' dir='ltr'><strong>adipiscendum.</strong></span> <span class='ocrx_word' id='word_1_587' title='bbox 3714 4306 3859 4370; x_wconf 85' lang='lat' dir='ltr'><strong>Ideo</strong></span> <span class='ocrx_word' id='word_1_588' title='bbox 3882 4303 4014 4367; x_wconf 89' lang='lat' dir='ltr'><strong>sub-</strong></span> 
     </span>
     <span class='ocr_line' id='line_1_87' title="bbox 2542 4401 4011 4486; baseline -0.004 -18"><span class='ocrx_word' id='word_1_589' title='bbox 2542 4405 2712 4468; x_wconf 88' lang='lat' dir='ltr'><strong>ditur</strong></span> <span class='ocrx_word' id='word_1_590' title='bbox 2747 4423 2761 4468; x_wconf 86' lang='lat'><strong>:</strong></span> <span class='ocrx_word' id='word_1_591' title='bbox 2794 4409 3065 4468; x_wconf 79' lang='lat' dir='ltr'><strong>Postula</strong></span> <span class='ocrx_word' id='word_1_592' title='bbox 3100 4409 3163 4467; x_wconf 90' lang='lat' dir='ltr'><strong>ei</strong></span> <span class='ocrx_word' id='word_1_593' title='bbox 3202 4416 3263 4467; x_wconf 89' lang='lat' dir='ltr'><strong>et</strong></span> <span class='ocrx_word' id='word_1_594' title='bbox 3300 4427 3593 4484; x_wconf 63' lang='lat' dir='ltr'><strong>regnum.</strong></span> <span class='ocrx_word' id='word_1_595' title='bbox 3630 4405 3805 4480; x_wconf 88' lang='lat' dir='ltr'><strong>Quod</strong></span> <span class='ocrx_word' id='word_1_596' title='bbox 3840 4401 4011 4486; x_wconf 88' lang='lat' dir='ltr'><strong>quasi</strong></span> 
     </span>
     <span class='ocr_line' id='line_1_88' title="bbox 2542 4501 4011 4588; baseline -0.003 -22"><span class='ocrx_word' id='word_1_597' title='bbox 2542 4505 2782 4569; x_wconf 85' lang='lat' dir='ltr'><strong>ironice</strong></span> <span class='ocrx_word' id='word_1_598' title='bbox 2807 4505 2919 4583; x_wconf 88' lang='lat' dir='ltr'><strong>ait,</strong></span> <span class='ocrx_word' id='word_1_599' title='bbox 2952 4505 3271 4588; x_wconf 89' lang='lat' dir='ltr'><strong>loquendo</strong></span> <span class='ocrx_word' id='word_1_600' title='bbox 3300 4505 3380 4568; x_wconf 87' lang='lat' dir='ltr'><strong>de</strong></span> <span class='ocrx_word' id='word_1_601' title='bbox 3407 4506 3579 4587; x_wconf 88' lang='lat' dir='ltr'><strong>justa</strong></span> <span class='ocrx_word' id='word_1_602' title='bbox 3608 4504 3834 4582; x_wconf 86' lang='lat' dir='ltr'><strong>ironia,</strong></span> <span class='ocrx_word' id='word_1_603' title='bbox 3868 4501 4011 4585; x_wconf 84' lang='lat' dir='ltr'><strong>quia</strong></span> 
     </span>
     <span class='ocr_line' id='line_1_89' title="bbox 2541 4600 4012 4687; baseline -0.003 -22"><span class='ocrx_word' id='word_1_604' title='bbox 2541 4602 2881 4667; x_wconf 84' lang='lat' dir='ltr'><strong>femineam</strong></span> <span class='ocrx_word' id='word_1_605' title='bbox 2930 4622 3059 4667; x_wconf 79' lang='lat' dir='ltr'><strong>suae</strong></span> <span class='ocrx_word' id='word_1_606' title='bbox 3114 4603 3336 4667; x_wconf 90' lang='lat' dir='ltr'><strong>matris</strong></span> <span class='ocrx_word' id='word_1_607' title='bbox 3392 4602 3869 4687; x_wconf 85' lang='lat' dir='ltr'><strong>simplicitatem</strong></span> <span class='ocrx_word' id='word_1_608' title='bbox 3916 4600 4012 4684; x_wconf 91' lang='lat' dir='ltr'><strong>pie</strong></span> 
     </span>
     <span class='ocr_line' id='line_1_90' title="bbox 2539 4702 4013 4784; baseline -0.002 -20"><span class='ocrx_word' id='word_1_609' title='bbox 2539 4702 2783 4766; x_wconf 84' lang='lat' dir='ltr'><strong>notavit</strong></span> <span class='ocrx_word' id='word_1_610' title='bbox 2812 4710 3000 4784; x_wconf 89' lang='lat' dir='ltr'><strong>atque</strong></span> <span class='ocrx_word' id='word_1_611' title='bbox 3030 4703 3381 4780; x_wconf 87' lang='lat' dir='ltr'><strong>admonuit,</strong></span> <span class='ocrx_word' id='word_1_612' title='bbox 3414 4711 3486 4765; x_wconf 88' lang='lat' dir='ltr'><strong>ut</strong></span> <span class='ocrx_word' id='word_1_613' title='bbox 3524 4702 3603 4766; x_wconf 89' lang='lat' dir='ltr'><strong>de</strong></span> <span class='ocrx_word' id='word_1_614' title='bbox 3639 4711 3851 4766; x_wconf 91' lang='lat' dir='ltr'><strong>cetero</strong></span> <span class='ocrx_word' id='word_1_615' title='bbox 3878 4719 4013 4764; x_wconf 83' lang='lat' dir='ltr'><strong>cau-</strong></span> 
     </span>
     <span class='ocr_line' id='line_1_91' title="bbox 2537 4801 4009 4879; baseline -0.002 -17"><span class='ocrx_word' id='word_1_616' title='bbox 2537 4801 2661 4864; x_wconf 85' lang='lat' dir='ltr'><strong>tior</strong></span> <span class='ocrx_word' id='word_1_617' title='bbox 2681 4810 2867 4864; x_wconf 85' lang='lat' dir='ltr'><strong>esset.</strong></span> <span class='ocrx_word' id='word_1_618' title='bbox 2882 4804 3026 4879; x_wconf 87' lang='lat' dir='ltr'><strong>Ipse</strong></span> <span class='ocrx_word' id='word_1_619' title='bbox 3047 4811 3135 4864; x_wconf 85' lang='lat' dir='ltr'><strong>est</strong></span> <span class='ocrx_word' id='word_1_620' title='bbox 3158 4803 3333 4863; x_wconf 87' lang='lat' dir='ltr'><strong>enim</strong></span> <span class='ocrx_word' id='word_1_621' title='bbox 3352 4803 3565 4879; x_wconf 81' lang='lat' dir='ltr'><strong>frater</strong></span> <span class='ocrx_word' id='word_1_622' title='bbox 3582 4823 3759 4862; x_wconf 81' lang='lat' dir='ltr'><strong>meus</strong></span> <span class='ocrx_word' id='word_1_623' title='bbox 3782 4802 4009 4878; x_wconf 82' lang='lat' dir='ltr'><strong>major,</strong></span> 
     </span>
     <span class='ocr_line' id='line_1_92' title="bbox 2539 4899 4009 4974; baseline -0.002 -13"><span class='ocrx_word' id='word_1_624' title='bbox 2539 4900 2602 4964; x_wconf 89' lang='lat' dir='ltr'><strong>id</strong></span> <span class='ocrx_word' id='word_1_625' title='bbox 2636 4909 2733 4964; x_wconf 89' lang='lat' dir='ltr'><strong>est</strong></span> <span class='ocrx_word' id='word_1_626' title='bbox 2763 4899 2975 4963; x_wconf 86' lang='lat' dir='ltr'><strong>senior</strong></span> <span class='ocrx_word' id='word_1_627' title='bbox 3008 4922 3128 4974; x_wconf 88' lang='lat' dir='ltr'><strong>me,</strong></span> <span class='ocrx_word' id='word_1_628' title='bbox 3158 4912 3220 4963; x_wconf 87' lang='lat' dir='ltr'><strong>et</strong></span> <span class='ocrx_word' id='word_1_629' title='bbox 3248 4904 3434 4964; x_wconf 73' lang='lat' dir='ltr'><strong>habet</strong></span> <span class='ocrx_word' id='word_1_630' title='bbox 3462 4903 3783 4964; x_wconf 73' lang='lat' dir='ltr'><strong>Abiathar</strong></span> <span class='ocrx_word' id='word_1_631' title='bbox 3816 4919 4009 4964; x_wconf 80' lang='lat' dir='ltr'><strong>sacer-</strong></span> 
     </span>
     <span class='ocr_line' id='line_1_93' title="bbox 2534 4998 4007 5081; baseline -0.003 -22"><span class='ocrx_word' id='word_1_632' title='bbox 2534 5002 2766 5071; x_wconf 85' lang='lat' dir='ltr'><strong>dotem,</strong></span> <span class='ocrx_word' id='word_1_633' title='bbox 2810 4999 2873 5060; x_wconf 88' lang='lat' dir='ltr'><strong>id</strong></span> <span class='ocrx_word' id='word_1_634' title='bbox 2921 5006 3018 5062; x_wconf 82' lang='lat' dir='ltr'><strong>est</strong></span> <span class='ocrx_word' id='word_1_635' title='bbox 3064 4998 3463 5081; x_wconf 81' lang='lat' dir='ltr'><strong>pontificem,</strong></span> <span class='ocrx_word' id='word_1_636' title='bbox 3504 5009 3563 5060; x_wconf 90' lang='lat' dir='ltr'><strong>et</strong></span> <span class='ocrx_word' id='word_1_637' title='bbox 3602 5001 3759 5062; x_wconf 85' lang='lat' dir='ltr'><strong>Joab</strong></span> <span class='ocrx_word' id='word_1_638' title='bbox 3802 5001 4007 5077; x_wconf 76' lang='lat' dir='ltr'><strong>filium</strong></span> 
     </span>
     <span class='ocr_line' id='line_1_94' title="bbox 2536 5097 4003 5176; baseline -0.003 -16"><span class='ocrx_word' id='word_1_639' title='bbox 2536 5100 2791 5160; x_wconf 87' lang='lat' dir='ltr'><strong>Sarviae</strong></span> <span class='ocrx_word' id='word_1_640' title='bbox 2828 5100 3198 5176; x_wconf 81' lang='lat' dir='ltr'><strong>principem</strong></span> <span class='ocrx_word' id='word_1_641' title='bbox 3240 5100 3521 5161; x_wconf 64' lang='lat' dir='ltr'><strong>militiae.</strong></span> <span class='ocrx_word' id='word_1_642' title='bbox 3562 5097 3749 5172; x_wconf 86' lang='lat' dir='ltr'><strong>Quasi</strong></span> <span class='ocrx_word' id='word_1_643' title='bbox 3784 5098 3951 5160; x_wconf 86' lang='lat' dir='ltr'><strong>dicat</strong></span> <span class='ocrx_word' id='word_1_644' title='bbox 3990 5111 4003 5155; x_wconf 71' lang='grc' dir='ltr'><em>τ</em></span> 
     </span>
     <span class='ocr_line' id='line_1_95' title="bbox 2536 5195 4007 5279; baseline -0.001 -19"><span class='ocrx_word' id='word_1_645' title='bbox 2536 5197 2799 5261; x_wconf 86' lang='lat' dir='ltr'><strong>Ratione</strong></span> <span class='ocrx_word' id='word_1_646' title='bbox 2847 5197 3363 5279; x_wconf 81' lang='lat' dir='ltr'><strong>primogeniturae</strong></span> <span class='ocrx_word' id='word_1_647' title='bbox 3406 5206 3470 5261; x_wconf 91' lang='lat' dir='ltr'><strong>et</strong></span> <span class='ocrx_word' id='word_1_648' title='bbox 3517 5195 3735 5260; x_wconf 88' lang='lat' dir='ltr'><strong>favore</strong></span> <span class='ocrx_word' id='word_1_649' title='bbox 3780 5215 3859 5260; x_wconf 85' lang='lat' dir='ltr'><strong>ac</strong></span> <span class='ocrx_word' id='word_1_650' title='bbox 3902 5212 4007 5276; x_wconf 83' lang='lat' dir='ltr'><strong>ope</strong></span> 
     </span>
     <span class='ocr_line' id='line_1_96' title="bbox 2536 5295 4007 5379; baseline -0.002 -19"><span class='ocrx_word' id='word_1_651' title='bbox 2536 5295 2889 5379; x_wconf 77' lang='lat' dir='ltr'><strong>pontificiS,</strong></span> <span class='ocrx_word' id='word_1_652' title='bbox 2923 5295 3361 5378; x_wconf 89' lang='lat' dir='ltr'><strong>principisque</strong></span> <span class='ocrx_word' id='word_1_653' title='bbox 3400 5295 3647 5360; x_wconf 83' lang='lat' dir='ltr'><strong>militiae</strong></span> <span class='ocrx_word' id='word_1_654' title='bbox 3685 5295 3883 5359; x_wconf 83' lang='lat' dir='ltr'><strong>habet</strong></span> <span class='ocrx_word' id='word_1_655' title='bbox 3918 5313 4007 5357; x_wconf 87' lang='lat' dir='ltr'><strong>oc·</strong></span> 
     </span>
    </p>
   </div>
   <div class='ocr_carea' id='block_1_16' title="bbox 4249 5695 4252 6222">
    <p class='ocr_par' dir='ltr' id='par_1_18' title="bbox 4249 5695 4252 6222">
     <span class='ocr_line' id='line_1_97' title="bbox 4249 5695 4252 6222; baseline 0 0"><span class='ocrx_word' id='word_1_656' title='bbox 4249 5695 4252 6222; x_wconf 95' lang='lat' dir='ltr'><strong> </strong></span> 
     </span>
    </p>
   </div>
  </div>
 </body>
</html>
