4359 6250
945 495 1293 546 nummo
1335 497 1396 543 m
1438 496 1573 544 CAP-
1621 495 1708 544 x11
1749 495 1907 546 unm
1952 497 2120 548 mum
2164 497 2389 551 REGUH.
2434 523 2513 536 -
2554 501 2699 553 ART.
2744 503 2897 556 xxm

3344 483 3461 555 323

351 667 472 726 die
517 669 667 738 hac,
706 671 870 749 quia
918 689 1048 731 non
1097 671 1481 732 inveneritis
1531 672 1604 730 in
1654 691 1859 731 manu
1888 669 1940 732 A
1970 673 2357 759 tationisque
2401 686 2634 756 actum,
2676 698 2792 742 nec
2838 698 3118 761 unquam
3165 681 3483 764 quaesivit.

350 783 502 825 mea
545 767 896 845 quidpiam
936 789 959 828 .·
1000 767 1063 830 id
1109 777 1226 844 est,
1276 775 1404 831 tam
1453 769 1618 831 Deus
1663 785 1856 848 quam

351 879 469 923 rex
500 862 624 927 iste
655 864 764 928 Dei
799 864 1073 928 vicarius
1105 873 1296 929 testes
1329 873 1498 942 sunt,
1520 865 1692 946 quod
1723 883 1860 947 per-

349 961 668 1026 sonaliter
701 962 854 1026 fassi
886 965 1037 1027 estis
1071 983 1199 1028 non
1232 964 1558 1028 invenisse
1588 982 1702 1028 vos
1741 962 1857 1026 ali-

1969 774 2301 855 proprium
2332 778 2741 840 commodum
2771 785 2881 841 aut
2910 778 3259 845 honorem:
3287 781 3457 861 quod

1968 877 2170 933 totum
2204 874 2451 937 cunctis
2482 875 2808 955 judicibus
2840 884 2937 939 cst
2967 877 3153 941 valde
3184 897 3459 961 pensan-

1967 968 2117 1031 dum
2150 989 2225 1033 ac
2256 971 2659 1036 imitandum.
2683 974 2843 1037 Hinc
2873 993 3130 1058 quoque
3161 975 3227 1038 in
3247 977 3459 1040 Eccle-

349 1059 518 1140 quid
567 1063 1216 1145 reprehensibilitatis
1265 1072 1376 1127 aut
1425 1063 1749 1127 violentias
1790 1060 1856 1123 in
1967 1065 2225 1131 siastico
2254 1070 2559 1133 asseritur
2594 1088 2609 1132 :
2646 1072 2923 1135 Dilectus
2958 1094 2995 1136 a
3024 1075 3151 1137 Deo
3190 1094 3307 1139 suo
3350 1077 3458 1139 Sa·
3484 1097 3747 1151 secenum,

349 1160 539 1222 omni
571 1163 1058 1226 conversatione
1097 1183 1240 1227 mea
1277 1170 1386 1226 aut
1426 1160 1654 1227 officio
1688 1179 1852 1237 mee,

1967 1166 2161 1243 muel,
2202 1168 2636 1233 testimonium
2681 1171 2955 1253 praebuit
2999 1171 3064 1234 in
3108 1184 3453 1258 conspectu
3486 1165 3640 1214 “⁵2²²-

349 1265 416 1319 et
447 1258 576 1322 hoe
608 1260 815 1342 ipsum
837 1261 1275 1326 testimonium
1295 1261 1562 1325 valetad
1583 1268 1855 1325 vestram
1964 1263 2216 1326 Domini
2260 1275 2323 1329 et
2366 1267 2631 1344 christi3
2678 1271 2985 1352 pecunias
3028 1279 3092 1335 et
3134 1290 3337 1355 usque
3375 1275 3454 1337 ad

351 1357 948 1438 reprehensionem,
987 1361 1160 1443 quod
1199 1360 1446 1425 scilicet
1484 1359 1723 1440 injuste
1763 1379 1858 1422 re-
1963 1360 2392 1427 calceamenta
2432 1365 2512 1427 ab
2555 1368 2730 1429 omni
2775 1386 2967 1432 carne
3012 1388 3139 1433 non
3182 1373 3449 1455 accepit,

351 1455 618 1535 pulistis
657 1477 762 1520 me
799 1478 837 1521 a
877 1459 1242 1543 principatu
1272 1458 1521 1540 judicii.
1557 1461 1642 1520 Et
1671 1460 1856 1518 dime—

349 1565 565 1615 runt:
591 1559 810 1618 Testis.
835 1561 922 1620 Et
951 1561 1050 1620 ait
1081 1562 1350 1621 Samuel
1379 1563 1467 1619 ad
1487 1561 1807 1636 populum
1831 1577 1853 1616 .·

347 1655 680 1716 Dominus
719 1660 839 1736 qui
875 1659 1030 1736 fecit
1069 1661 1334 1736 Moysen
1376 1668 1438 1718 et
1469 1659 1716 1726 Aaron,
1752 1673 1856 1718 eo-

349 1768 498 1812 rum
531 1753 956 1818 substantiam
989 1757 1415 1839 producend0,
1451 1763 1513 1817 et
1544 1773 1652 1818 eos
1693 1753 1722 1815 f
1725 1752 1853 1814 iliis

1963 1467 2026 1520 et
2057 1479 2187 1523 non
2216 1463 2537 1525 accusavit
2567 1465 2751 1527 illum
2784 1466 2999 1531 homo.

2043 1561 2239 1621 Nunc
2266 1581 2413 1638 erqo
2442 1573 2624 1636 state,
2663 1575 2734 1626 ut
2762 1567 3030 1643 judicio
3071 1573 3453 1631 contendam

1960 1660 2305 1720 adversum
2346 1681 2452 1720 vos
2488 1680 2705 1724 coram
2742 1667 3037 1736 Domin0,
3073 1667 3191 1730 hoe
3232 1676 3347 1741 est,
3384 1675 3453 1730 ut

1963 1754 2223 1834 probem
2257 1776 2369 1821 vos
2401 1777 2563 1836 reoe,
2586 1768 2780 1842 atque
2801 1762 3083 1844 ingratos
3115 1763 3451 1828 beneficiis

347 1849 546 1914 lsrael
577 1851 1016 1934 praeficiendo,
1035 1866 1095 1917 et
1123 1858 1355 1918 eduxit
1367 1865 1587 1934 patres
1609 1863 1852 1914 nostros
1885 1851 1930 1914 B
1962 1853 2092 1929 Dei,
2130 1855 2296 1918 sicut
2336 1857 2403 1919 in
2451 1857 2589 1921 foro
2628 1861 3029 1925 contentioso
3066 1864 3229 1926 solet
3261 1883 3452 1928 causa

346 1953 430 2008 de
449 1961 630 2012 terra
653 1955 953 2031 [Eg-yffi,
973 1954 1420 2036 supple,adest
1451 1961 1514 2016 et
1545 1960 1641 2014 est
1673 1949 1851 2013 testis

98 2053 316 2122 ,la-¹¹1¹,
346 2047 586 2113 horum
615 2051 769 2132 :qui
799 2071 914 2134 per
941 2053 1276 2115 Jeremiam
1310 2053 1558 2115 locutus
1589 2057 1702 2124 est,
1721 2049 1850 2127 Ego

89 2121 316 2232 {omm-
346 2168 492 2210 sum
525 2150 724 2230 judex
753 2160 816 2212 et
848 2151 1056 2226 testis;
1083 2152 1162 2214 de
1192 2169 1320 2232 quo
1339 2149 1471 2226 Job,
1496 2149 1657 2211 Ecce
1679 2146 1849 2210 enim

345 2247 414 2309 in
447 2247 619 2311 eoelo
649 2256 747 2312 est
779 2248 956 2312 testis
991 2268 1192 2326 metm,
1226 2255 1290 2312 et
1327 2247 1624 2312 conscius
1666 2264 1845 2308 meus

345 2345 412 2408 in
461 2347 742 2411 excelso.
775 2347 1018 2410 Dicitur
1060 2356 1272 2411 autem
1316 2348 1480 2410 Deus
1531 2345 1710 2408 testis
1755 2363 1852 2407 ac-

343 2453 534 2508 tuum
581 2447 1032 2524 humanorum,
1071 2466 1198 2511 non
1241 2447 1412 2529 quod
1455 2446 1594 2527 ipse
1637 2462 1849 2507 coram

1962 1952 2219 2032 probari
2254 1972 2269 2016 ε
2305 1963 2367 2018 et-
2400 1956 2661 2037 probem
2694 1957 2814 2020 hoc
2844 1962 2924 2019 de
2953 1963 3249 2022 omnibus
3269 1965 3453 2023 mise-

1961 2051 2267 2112 ricordiis
2298 2056 2591 2126 Domini,
2626 2055 2689 2117 id
2730 2063 2827 2118 est
2865 2055 3161 2138 gratiosis
3206 2058 3452 2122 benefi-

1961 2148 2078 2210 ciis
2117 2149 2250 2228 Dei,
2284 2173 2446 2232 quas
2477 2155 2629 2234 fecit
2662 2156 2978 2215 Dominus
3012 2158 3361 2228 vobiscum,
3392 2169 3451 2220 et

1961 2268 2108 2309 cum
2138 2252 2441 2327 patribus
2480 2254 2706 2313 vestris
2737 2273 2760 2312 .·
2791 2257 3101 2332 quomodo
3131 2258 3321 2317 Jacob
3355 2261 3453 2318 in-

1954 2366 2210 2424 gressus
2236 2359 2327 2410 est
2356 2351 2739 2428 AEqyptum,
2772 2362 2831 2412 et
2860 2356 3307 2416 clamaverunt
3336 2375 3454 2433 pa-

1963 2456 2088 2508 tres
2123 2451 2320 2509 vestri
2355 2453 2443 2510 ad
2470 2453 2849 2522 Dominum,
2881 2461 2940 2512 et
2976 2453 3155 2513 misit
3186 2456 3447 2531 Moysen

341 2545 667 2628 superiori
687 2545 905 2627 judice
929 2545 1360 2609 testimonium
1387 2543 1681 2616 ferat,sed
1703 2561 1852 2625 quo-
1959 2556 2019 2606 et
2039 2549 2286 2618 Aaron,
2308 2559 2367 2608 et
2387 2550 2615 2609 eduoeit
2637 2559 2857 2626 patres
2888 2560 3120 2611 vestros
3148 2554 3228 2611 de
3242 2555 3451 2630 Αἴθῃ-

343 2643 524 2706 niam
570 2644 786 2708 omnia
829 2645 888 2707 ei
929 2652 1244 2720 constant,
1281 2652 1344 2706 et
1387 2643 1522 2725 ipse
1564 2651 1850 2724 tempore

342 2751 738 2826 opportuno,
767 2753 895 2807 tam
924 2744 1117 2825 judex
1147 2742 1269 2806 erit
1297 2759 1488 2824 quam
1521 2741 1722 2805 testis.

423 2843 551 2907 Sed
602 2844 932 2926 quaeritur,
977 2863 1093 2906 cur
1133 2842 1384 2906 Samuel
1431 2861 1500 2904 se
1548 2841 1634 2904 ita
1677 2858 1846 2903 com-

343 2944 772 3020 mendaverit,
806 2962 1008 3025 quum
1039 2943 1106 3004 in
1137 2941 1493 3005 Proverbiis
1534 2939 1842 3021 scriptum

1954 2655 2092 2722 pt0,
2113 2656 2172 2706 et
2192 2649 2526 2708 collocavit
2554 2667 2652 2707 eos
2684 2651 2757 2708 in
2784 2651 2900 2708 hoc
2928 2652 3081 2710 loco,
3111 2651 3238 2718 Qui
3266 2652 3451 2712 obliti

1957 2755 2110 2804 sunt
2139 2747 2408 2806 Domini
2436 2749 2559 2808 Dei
2587 2749 2721 2816 sui,
2737 2745 2906 2809 idola
2936 2747 3299 2826 colendo,et
3323 2759 3450 2811 tra-

1956 2845 2132 2903 didit
2159 2865 2259 2903 eos
2290 2845 2672 2925 puniendOS,
2706 2847 2774 2906 in
2813 2867 3013 2906 manu
3044 2849 3289 2909 Sisaroe
3318 2870 3448 2909 ma-

1950 2943 2148 3018 yistri
2175 2944 2433 3004 militioe
2464 2946 2653 3014 Asor,
2686 2943 2749 3005 id
2781 2951 2878 3006 est
2911 2943 3097 3007 Jabin
3140 2947 3305 3025 regis
3346 2967 3447 3009 ur·
3472 2967 3735 3020 leudicam.

91 3045 316 3102 amma,
345 3042 430 3104 sit
466 3059 480 3104 :
519 3042 768 3104 Laudet
795 3051 856 3105 tc
886 3041 1155 3118 alienuS,
1190 3049 1254 3104 et
1283 3059 1412 3103 non
1444 3057 1514 3102 os
1548 3039 1847 3101 tuum.Et
1881 3043 1925 3108 C
1957 3038 2056 3101 bis
2097 3041 2359 3103 nomine
2388 3041 2567 3118 Asor‚
2604 3049 2673 3103 ut
2714 3041 3017 3106 scribitur
3055 3043 3123 3105 in
3152 3044 3444 3108 Judieum

101 3161 412 3225 &caman
464 3141 929 3206 Eccleslastico-
969 3161 984 3204 ε
1033 3142 1168 3204 Νοιι
1222 3149 1282 3202 te
1329 3137 1650 3223 Justlfnces
1698 3145 1845 3201 ante

112 3246 314 3294 John-²⁰·
345 3240 573 3303 Deum.
627 3239 804 3302 Unde
851 3247 1108 3303 sanctus
1153 3238 1270 3302 Job
1320 3236 1662 3319 profitetur
1710 3256 1724 3300 ε
1780 3234 1844 3299 Si

337 3339 707 3420 justificare
737 3359 839 3401 me
871 3336 1156 3413 voluero,
1191 3356 1260 3401 os
1293 3356 1504 3400 meum
1547 3337 1846 3399 condem-

341 3437 524 3500 nabit
558 3456 681 3501 me.
715 3437 793 3499 Et
825 3437 1362 3519 respondendum,
1384 3435 1555 3516 quod
1587 3434 1840 3497 Samuel

338 3535 656 3619 populum
699 3535 1164 3618 increpaturus,
1201 3533 1412 3616 primo
1453 3552 1529 3596 ex
1572 3532 1840 3595 rationa-

334 3634 450 3698 bili
483 3652 681 3699 causa
712 3642 1020 3716 expurgat
1051 3651 1120 3696 se
1151 3651 1365 3695 coram
1397 3632 1524 3695 Deo
1565 3639 1628 3694 et
1668 3648 1834 3711 rege,

335 3753 416 3797 ne
457 3742 686 3816 postea
726 3732 1163 3815 inculparetur
1207 3730 1482 3812 injuste3
1525 3738 1718 3811 atque
1758 3731 1837 3791 ad

335 3832 765 3908 innuendum,
817 3832 989 3914 quod
1041 3849 1238 3914 purus
1298 3838 1360 3892 et
1421 3828 1833 3910 inculpabilis

335 3952 476 3995 esse
514 3932 729 4009 debet,
765 3930 878 4011 qui
915 3937 1331 3993 accusaturus
1375 3948 1487 3991 seu
1526 3928 1838 4007 judicatu-

337 4052 444 4093 rus
493 4041 600 4095 est
646 4029 828 4093 alios,
883 4030 959 4091 Et
1004 4030 1160 4091 item
1211 4029 1288 4091 ad
1341 4027 1450 4091 Dei
1502 4027 1830 4104 honorem,

331 4129 741 4211 aliorumque
799 4127 1295 4192 aedificationem
1355 4126 1476 4189 hoc
1543 4126 1694 4205 egit.
1759 4126 1834 4187 Et

1957 3139 2144 3217 libro,
2170 3151 2230 3201 et
2262 3143 2333 3199 in
2368 3162 2569 3201 manu
2590 3144 3098 3204 Pltilistinorum
3129 3154 3190 3205 et
3220 3147 3291 3206 in
3322 3167 3448 3207 ma·

1956 3260 2048 3299 nu
2075 3242 2245 3316 reqis
2280 3241 2471 3301 Moab
2510 3259 2582 3302 ac
2624 3240 2912 3321 gentium
2955 3241 3247 3319 aliarum,
3282 3244 3448 3307 sicut

1955 3337 2022 3398 in
2059 3336 2222 3401 libro
2248 3337 2541 3401 Indicum
2582 3336 2823 3402 diffuse
2861 3339 3170 3422 scriptum
3212 3350 3343 3417 est3
3387 3354 3447 3405 et

1943 3447 2412 3513 pugnaverunt
2440 3440 2785 3499 adversum
2821 3458 2942 3499 eos.
2967 3441 3194 3500 Postea
3226 3452 3445 3503 autem

1950 3538 2397 3596 clamaverunt
2439 3540 2527 3596 ad
2557 3538 2932 3609 Dominum,
2973 3548 3033 3598 et
3073 3540 3387 3601 disserunt
3420 3558 3444 3603 .·

1949 3636 2383 3703 Peccavimus,
2398 3636 2559 3714 quia
2579 3638 3049 3716 dereliquimus
3066 3640 3437 3713 Dominum,

1949 3744 2008 3794 et
2044 3734 2430 3794 servivimus
2468 3735 2734 3795 Baalim
2770 3744 2830 3793 et
2865 3738 3199 3797 Astaroth.
3242 3739 3442 3798 Nune

1947 3852 2094 3910 erqo
2113 3852 2264 3892 erue
2284 3851 2396 3891 nos
2414 3835 2494 3891 de
2514 3852 2719 3893 manu
2738 3833 3163 3894 inimicorum
3200 3846 3441 3897 nostro-

1948 3950 2123 4000 rum,
2153 3940 2214 3989 et
2243 3930 2591 3989 serviemus
2623 3931 2771 3989 tibi:
2794 3931 2881 3990 Et
2914 3932 3089 3991 misit
3122 3934 3439 3993 Dominus

1943 4030 2264 4100 Jerobaal,
2297 4027 2416 4090 hoc
2446 4035 2543 4089 est
2570 4025 2948 4104 Gedeonem‚
2982 4039 3042 4090 et
3072 4032 3332 4103 Badan,
3368 4030 3433 4094 id

1945 4136 2041 4193 est
2089 4129 2457 4192 Samsonem
2508 4126 2619 4208 qui
2668 4124 2791 4188 suit
2833 4128 2911 4189 de
2956 4127 3127 4190 tribu
3171 4129 3325 4207 Dan,
3372 4140 3437 4192 et

333 4237 600 4311 propter
645 4228 758 4290 has
797 4247 872 4291 ac
911 4226 1070 4289 alias
1108 4226 1415 4307 quasdam
1455 4244 1698 4301 causaS,
1748 4224 1833 4287 le·
1866 4230 1915 4291 D
1943 4231 2160 4289 Barac
2179 4228 2226 4297 *,
2258 4235 2318 4286 et
2353 4228 2600 4303 Iephte,
2631 4234 2689 4285 et
2729 4228 2999 4287 Samuel
3031 4244 3054 4286 .·
3085 4226 3307 4308 sicque
3346 4228 3435 4292 lo-
3504 4254 3520 4270 ·
3546 4252 3663 4297 Αιίω
3683 4256 3725 4297 ec

329 4336 574 4407 guntur
601 4326 723 4389 viri
765 4325 970 4389 sancti
1007 4325 1328 4389 interdum
1371 4344 1532 4387 suas·
1558 4341 1830 4386 comme-

331 4442 618 4488 morasse
657 4422 961 4505 justitiaS,
1012 4440 1140 4485 non
1167 4421 1270 4484 ·ob
1319 4420 1643 4503 propriam
1697 4420 1832 4483 lau-

334 4525 500 4601 dem,
561 4531 671 4585 aut
729 4521 1063 4605 praesentis
1122 4520 1270 4583 vitae
1331 4520 1660 4597 honorem,
1715 4539 1834 4583 nec

335 4624 448 4701 sic,
501 4620 694 4706 quasi
743 4641 782 4684 a
829 4620 1190 4684 venialibus
1250 4618 1458 4700 culpis
1509 4618 1826 4683 immunes

340 4722 586 4785 fuerint
628 4737 645 4782 :
691 4729 756 4783 et
799 4720 922 4783 hoc
971 4718 1376 4801 praetendunt
1423 4718 1832 4781 auctoritates

338 4822 641 4885 induetae.
693 4820 1022 4895 Praeterea,
1075 4817 1154 4880 ad
1207 4816 1480 4880 litteram
1533 4824 1707 4899 patet
1756 4836 1831 4879 ex

339 4919 756 5002 praeinductis
796 4936 1026 4998 magna
1066 4916 1249 4980 valde
1289 4915 1490 4978 sancti
1523 4915 1842 4979 Samuelis

336 5017 586 5098 justitia
614 5027 808 5101 atque
837 5015 1169 5099 perfectio,
1204 5014 1312 5095 qui
1358 5014 1424 5075 in
1467 5014 1624 5077 tanti
1669 5014 1832 5096 regi-

339 5119 510 5181 mine
541 5116 768 5200 populi
800 5114 971 5178 infra
1001 5121 1099 5178 tot·
1131 5130 1335 5177 annos
1377 5112 1836 5193 irreprehensi-

339 5215 556 5279 biliter
603 5214 764 5279 vixit
812 5234 886 5277 ac
933 5211 1232 5296 praefuit,
1261 5220 1324 5274 et
1373 5210 1650 5292 propriis
1701 5210 1834 5273 suis

335 5315 632 5398 expensis
669 5312 974 5395 judiciale
1013 5309 1296 5395 explevit
1335 5307 1636 5373 officium
1679 5309 1836 5371 visi-

1943 4326 2162 4407 quitur
2207 4325 2285 4387 de
2330 4343 2398 4387 se
2442 4323 2624 4404 quasi
2668 4323 2747 4385 de
2789 4323 2938 4387 alio.
2972 4323 3137 4386 Misit
3174 4343 3435 4408 quoque
3458 4314 3728 4427 ζῗζζοωξῖἔ

1941 4424 2247 4487 Dominus
2295 4423 2455 4486 alios
2499 4421 2769 4503 judiceS,
2817 4421 3062 4486 scilicet
3107 4422 3425 4504 othoniel,

1944 4523 2098 4601 Aod,
2134 4522 2414 4601 Samgar,
2448 4521 2597 4598 sain-3
2640 4529 2787 4598 etc„
2834 4530 2903 4583 ut
2948 4521 3013 4583 in
3058 4521 3221 4587 libro
3262 4523 3433 4587 Iudi-

1943 4638 2088 4684 cum
2136 4620 2459 4683 recitatur.
2493 4621 2579 4680 Et
2616 4622 2789 4680 eruit
2824 4636 2929 4679 vos
2957 4623 3037 4679 de
3064 4641 3269 4682 manu
3306 4624 3433 4684 ini-

1943 4724 2259 4782 micorum
2281 4726 2633 4780 vestrorum
2646 4737 2768 4795 per
2785 4720 3157 4790 circuitum,
3174 4722 3431 4799 quando

1944 4818 2234 4883 conversi
2266 4816 2587 4881 clamastis
2617 4816 2698 4877 ad
2726 4814 3080 4891 Dominum,
3098 4818 3433 4882 vexatione
3485 4838 3548 4883 ιι.
3568 4854 3713 4895 mm,

1943 4918 2132 4979 dante
2161 4916 2344 4979 vobis
2376 4913 2791 4989 intellectum,
2824 4923 2884 4973 et
2913 4914 3251 4975 habitastis
3283 4936 3431 4977 con·
3461 4904 3526 4945 ¹⁹·

1941 5018 2239 5094 fidenter,
2269 5013 2574 5095 quamdiu
2615 5013 2740 5075 Deo
2779 5010 3145 5075 obedientes
3187 5010 3425 5092 fuistis,

1942 5122 2006 5176 et
2046 5114 2125 5176 de
2167 5113 2453 5194 judicum
2494 5106 2845 5173 directione
2883 5109 3076 5172 eratis
3117 5112 3425 5175 contenti.

2029 5212 2333 5271 Vidistis*
2352 5220 2569 5271 autem
2599 5211 2771 5287 quod
2794 5210 2973 5269 Naas
3000 5228 3119 5267 νοω
3135 5211 3431 5286 filiorum
3476 5226 3493 5245 ·
3515 5224 3723 5270 videntes

1943 5314 2223 5372 Ammon
2272 5310 2541 5369 venisset
2584 5310 2931 5367 adversum
2986 5326 3117 5378 vos,
3164 5309 3433 5370 dimistis
