4359 6250
954 527 1302 573 amanam-io
1346 527 1407 572 ιΝ
1454 527 1589 572 car.
1634 525 1781 570 xxiv
1824 525 1980 571 unm
2023 525 2191 572 rmm
2233 527 2455 572 nanum.
2501 546 2582 556 —
2623 528 2767 576 Anr.
2811 527 2912 576 xm
3352 505 3470 570 389

366 696 499 758 sibi
531 697 824 773 dictaret,
846 717 958 760 seu
992 698 1149 760 ratio
1180 697 1531 760 indicaret:
1558 697 1685 760 imo
1718 715 1873 759 nun·
1901 696 1953 759 A
1984 697 2062 759 de
2097 705 2267 761 textu
2298 699 2418 760 hoc
2450 698 2610 774 loco,
2636 718 2752 762 nec
2787 699 2848 760 in
2882 699 3142 760 chraeo
3173 697 3462 773 habetur,

363 813 569 876 quam
601 797 709 858 dat
754 797 919 858 Deus
958 815 1157 858 unum
1199 796 1267 857 in
1304 816 1566 859 manum
1608 796 1871 860 alterius
1982 799 2092 859 sed
2138 797 2309 860 infra
2353 798 2418 860 in
2463 817 2613 860 casu
2657 798 3001 874 consimili,
3045 806 3106 860 et
3147 796 3235 858 ibi
3279 814 3466 878 expo·
3498 809 3748 868 mea-xxvi,

362 894 619 958 directe
664 895 743 957 ad
786 895 927 971 hoc,
962 896 1135 976 quod
1176 913 1319 958 eum
1370 895 1725 958 inordinate
1770 913 1872 958 oc-

364 993 569 1056 cidat.
604 992 904 1068 Quinimo
948 994 1114 1057 Deus
1157 995 1251 1058 sic
1293 994 1469 1058 dedit
1509 994 1762 1057 Saulem
1804 994 1868 1055 in

364 1110 608 1155 manus
663 1092 883 1169 David,
936 1101 1254 1176 quatenus
1314 1093 1588 1169 bonitaS,
1641 1093 1865 1171 virtuS,

364 1189 693 1273 perfectio
726 1191 930 1274 ipsius
960 1193 1037 1254 ad
1068 1191 1355 1255 omnium
1397 1200 1683 1255 nostrum
1724 1192 1873 1254 aedi-

366 1288 754 1352 ficationem
794 1290 1191 1367 claresceret,
1225 1309 1339 1372 per
1377 1291 1497 1353 hoc
1534 1290 1706 1372 quod
1737 1310 1873 1352 cru-

363 1388 711 1452 delissimo
749 1388 920 1452 hosti
968 1407 1085 1452 suo
1130 1398 1257 1451 tam
1301 1389 1447 1470 pius
1491 1398 1554 1453 ct
1592 1389 1874 1452 clemens

368 1486 526 1550 fuit.

452 1589 774 1649 Suri-emit
804 1607 951 1664 erqo
981 1590 1227 1658 David,
1247 1597 1308 1648 et
1326 1589 1663 1665 praescidit
1694 1608 1875 1648 oram

363 1686 769 1764 chlamydis,
788 1685 851 1747 id
874 1693 971 1749 est
992 1685 1453 1750 extremitatem
1484 1685 1687 1768 pallii,
1707 1689 1876 1748 Saul

363 1787 663 1846 silenter.
697 1784 945 1861 Mirum,
980 1785 1152 1865 quod
1185 1793 1313 1847 tam
1346 1785 1610 1848 silenter
1640 1785 1760 1847 hoc
1791 1783 1875 1847 fa·

1983 905 2190 958 netur.
2225 899 2311 958 Et
2341 898 2659 976 confreyit
2684 901 2904 959 David
2932 917 3140 957 servos
3168 917 3310 957 suos
3339 917 3468 956 ser-

1984 997 2276 1056 monibus
2314 997 2480 1067 istis,
2519 996 2584 1058 id
2626 1003 2744 1072 est,
2782 1003 3038 1076 pacatos
3077 995 3372 1070 reddidit,
3404 1001 3468 1062 et

1988 1093 2228 1156 malum
2249 1113 2469 1158 eorum
2491 1095 2888 1177 propositum
2912 1093 3062 1158 fecit
3082 1113 3328 1157 cessare
3348 1113 3468 1156 ser-

1984 1193 2282 1255 monibus
2313 1193 2441 1274 jam
2475 1193 2813 1274 praetactis,
2837 1202 2901 1256 et
2931 1192 3144 1256 forsan
3177 1192 3468 1274 pluribus

1980 1290 2217 1368 verbis,
2250 1311 2395 1373 quae
2432 1311 2559 1354 non
2591 1301 2739 1355 sunt
2771 1292 3048 1374 scripta3
3089 1301 3148 1352 et
3177 1313 3306 1352 non
3330 1311 3473 1369 per-

1984 1391 2188 1460 misit,
2220 1400 2292 1450 ut
2324 1400 2776 1468 consuryerenc
2817 1393 2890 1452 in
2928 1393 3118 1452 Saul.
3145 1389 3474 1453 Verumta-

1986 1507 2133 1550 men
2166 1487 2221 1549 si
2252 1488 2803 1552 consurrexissent
2833 1488 2899 1550 in
2933 1487 3474 1570 Saul,periculose

1987 1586 2291 1667 egisse-nt,
2327 1586 2631 1668 quoniam
2679 1587 2800 1650 tria
2837 1587 3043 1649 millia
3082 1585 3238 1650 foris
3276 1585 3478 1649 domi-

1988 1705 2141 1748 num
2168 1704 2353 1747 suum
2389 1686 2823 1768 praestolantia
2848 1705 2974 1749 non
3005 1686 3476 1766 abissent,quo-

1986 1805 2190 1867 usque
2221 1784 2550 1848 novissent
2583 1785 2738 1866 quid
2769 1785 3029 1848 domino
3067 1802 3181 1846 suo
3215 1783 3476 1846 accidis-

365 1901 519 1945 cere
552 1883 973 1964 potuit,quod
997 1883 1143 1946 Saul
1177 1902 1305 1947 non
1336 1884 1551 1946 sensit.
1569 1883 1687 1946 Sed
1720 1883 1873 1945 mul·
1910 1877 1955 1938 B
1985 1893 2117 1958 set3
2155 1893 2218 1946 et
2246 1883 2503 1963 cognita
2529 1883 2670 1965 ejus
2700 1883 3041 1960 occisione,
3075 1883 3472 1946 obsedissent

370 1989 435 2042 ta
480 1981 857 2062 hujusmodi
905 2000 1032 2044 non
1074 1981 1199 2044 nisi
1232 1982 1493 2064 speciali
1524 1983 1633 2045 Dei
1664 1982 1873 2046 mode-

367 2079 627 2141 ramine
673 2078 828 2143 fecit
872 2080 1091 2142 David.
1126 2079 1238 2143 Vel
1286 2080 1433 2142 Saul
1474 2081 1756 2144 intentus
1793 2080 1872 2142 ad

364 2176 499 2239 alia
544 2177 773 2254 multa,
805 2185 869 2240 et
905 2177 1075 2240 circa
1106 2178 1415 2259 requisita
1446 2186 1708 2256 naturae,
1744 2196 1871 2241 non

370 2276 673 2358 percepit
720 2275 1002 2339 sonitum
1054 2295 1345 2358 parvum.
1381 2277 1576 2340 David
1616 2295 1873 2358 quoque

372 2374 997 2438 industriosissimus
1019 2373 1278 2439 fuitvel
1299 2375 1584 2458 chlamys
1606 2374 1634 2437 f
1637 2375 1730 2437 uit
1756 2394 1874 2458 pro

370 2483 532 2536 tunc
564 2492 855 2537 seorsum
876 2473 1186 2556 deposita.
1202 2474 1487 2555 Denique
1509 2475 1689 2555 juxta
1706 2473 1875 2536 Glos-

368 2591 533 2649 sam,
572 2572 862 2654 chlamys
891 2579 989 2635 est
1020 2590 1243 2653 sagum
1276 2571 1571 2648 militare,
1608 2573 1779 2654 quod
1810 2581 1871 2636 et

127 2689 141 2706 ·
164 2689 341 2743 „aaa
368 2671 669 2752 pyrocita
696 2672 722 2696 *
764 2677 1047 2746 vocatur,
1098 2669 1205 2732 ἀπὸ
1244 2683 1346 2732 τοῦ
1384 2683 1513 2755 πῦρ,
1561 2671 1731 2752 quod
1776 2679 1874 2734 est

370 2769 569 2850 ignis,
604 2769 913 2851 quoniam
946 2787 1023 2831 eo
1057 2769 1396 2831 utebantur
1426 2777 1683 2851 pyratae.
1720 2773 1873 2831 Post

366 2872 485 2930 hoc
524 2870 850 2948 percussit
896 2887 1005 2927 cor
1050 2889 1245 2928 suum
1293 2870 1537 2939 David,
1581 2889 1649 2928 eo
1699 2872 1871 2948 quod

364 2969 744 3028 abscidisset
788 2987 973 3027 oram
1010 2968 1379 3044 chlamydis
1416 2969 1607 3037 Saul,
1644 2967 1708 3029 id
1748 2974 1863 3042 est,

1982 1961 2179 2047 David
2201 2001 2347 2045 cum
2379 1982 2512 2043 suis
2534 1982 2599 2043 in
2624 1982 2949 2063 spelunca,
2965 1990 3028 2044 et
3057 1981 3174 2043 ulti
3198 1978 3470 2043 fuissent

1986 2081 2149 2162 regis
2191 2080 2544 2143 interitum.

2062 2184 2269 2242 Porro
2295 2182 2462 2240 Saul
2491 2199 2836 2256 exsui-qens
2865 2182 2945 2238 de
2971 2182 3301 2256 spelunca,
3323 2197 3471 2255 per-

1978 2281 2162 2356 yebat
2182 2287 2377 2355 coepto
2409 2278 2986 2339 itinereSurreoeit
3016 2285 3233 2337 autem
3255 2278 3472 2337 David

1978 2388 2121 2457 post
2149 2396 2325 2447 eum,
2349 2376 2674 2457 sequendo
2696 2374 2946 2438 Saulem
2979 2394 3092 2456 per
3122 2373 3474 2456 aliquantu—

1985 2477 2120 2538 lum
2152 2474 2430 2558 spatium
2462 2483 2638 2536 extra
2667 2474 3163 2556 speluncam.Et
3191 2493 3472 2551 cyressus

1982 2578 2059 2636 de
2095 2577 2426 2652 spelunca,
2459 2573 2768 2634 clamavit
2803 2582 2947 2650 post
2993 2583 3240 2649 ieryum
3277 2574 3470 2639 Saul,

1980 2675 2200 2734 dicens
2233 2691 2256 2734 .·
2286 2673 2563 2733 Domine
2591 2673 2686 2732 mi
2713 2692 2852 2731 reoe.
2887 2672 2972 2731 Ec
3001 2671 3280 2747 respexit
3301 2672 3471 2731 Saul

1971 2782 2116 2850 post
2162 2792 2248 2842 se,
2280 2779 2340 2832 et
2384 2771 2716 2831 inclinans
2755 2789 2820 2830 se
2852 2771 3072 2831 David
3104 2788 3357 2846 pronus
3395 2769 3469 2829 in

1983 2882 2247 2941 terram,
2269 2853 2598 2940 ado'ravic,
2628 2871 2927 2948 dimitque
2955 2871 3042 2929 ad
3071 2871 3239 2930 Saul
3259 2887 3282 2930 .·
3308 2870 3469 2936 Qua-

1978 2991 2046 3031 re
2074 2971 2288 3039 audis,
2310 2968 2376 3030 id
2407 2976 2523 3046 est,
2545 2967 2860 3031 audiendo
2890 2985 3040 3029 vera
3069 2984 3206 3029 esse
3235 2965 3463 3041 crediS‚

3498 873 3564 924 ιο,
3587 874 3652 916 11.

364 3073 596 3147 pectus
630 3083 818 3127 suum
849 3063 915 3127 in
948 3083 1075 3147 quo
1105 3082 1215 3128 cor
1246 3065 1630 3142 continetur,
1651 3067 1871 3129 tunde·
1904 3067 1947 3131 C
1980 3070 2165 3130 verba
2189 3069 2529 3130 hominum
2552 3068 2977 3147 loquentium,
2997 3067 3216 3129 David
3234 3067 3469 3147 quoerit

368 3165 501 3241 bat,
540 3164 915 3246 poenitendo
944 3172 1008 3227 et
1038 3165 1563 3247 reprehendendo
1588 3181 1656 3227 se
1686 3165 1765 3229 de
1794 3184 1871 3228 eo
1984 3172 2233 3229 malum
2267 3170 2614 3227 adversum
2655 3176 2712 3227 te
2732 3170 2762 3226 ?
2795 3164 3009 3246 Aliqui
3051 3183 3328 3245 namque
3369 3164 3472 3227 de-

364 3264 543 3345 quod
590 3262 765 3339 fecit,
802 3262 957 3343 quia
998 3262 1169 3326 circa
1204 3262 1538 3326 dominum
1570 3282 1757 3325 suum
1790 3263 1872 3324 ir-

366 3368 744 3425 reverenter
784 3360 1085 3423 habuerit
1126 3380 1216 3423 se.
1254 3360 1367 3423 Vel
1406 3378 1515 3423 cor
1558 3380 1768 3438 suum,
1805 3360 1869 3423 id

366 3468 465 3522 est
498 3458 897 3523 conscientia
926 3478 1062 3535 sua,
1096 3459 1420 3539 redarguit
1450 3478 1621 3523 eum.

449 3560 775 3637 Dixitque
818 3560 907 3619 ad
952 3560 1126 3619 viros
1168 3578 1314 3619 suos
1344 3576 1367 3619 .·
1398 3561 1737 3636 Propitius
1784 3562 1871 3619 sit

371 3659 543 3717 milii
573 3659 919 3729 Dominus,
952 3656 1019 3719 id
1058 3664 1176 3733 est,
1210 3657 1487 3736 gratiose
1530 3665 1871 3740 praeservet

370 3774 475 3817 me
508 3774 549 3817 a
578 3763 864 3836 peccat0,
898 3756 975 3817 ad
1004 3756 1177 3836 quod
1210 3754 1525 3836 instigatis
1556 3775 1680 3819 me.
1714 3755 1864 3818 Nam

368 3862 441 3915 ut
469 3853 789 3935 Iosephus
820 3852 1042 3931 sensit,
1078 3853 1202 3917 viri
1233 3853 1431 3917 David
1470 3862 1691 3918 contra
1720 3874 1864 3917 eum

366 3951 878 4027 murmurabant,
906 3969 982 4014 eo
1010 3952 1183 4033 quod
1215 3952 1415 4016 nollet
1442 3953 1731 4016 occidere
1761 3954 1868 4017 ho-

366 4060 533 4113 stem
554 4069 746 4112 suum
778 4050 1223 4128 saevissimum,
1243 4051 1413 4132 quod
1444 4052 1605 4113 dixit
1634 4071 1701 4114 se
1730 4052 1869 4115 sine

370 4158 637 4233 peccato
666 4160 919 4231 patrare
949 4169 1079 4213 non
1108 4152 1867 4232 posse,quemadmodum

371 4248 677 4312 subditur
727 4269 741 4311 :

374 4348 731 4423 laesionem,
774 4350 1038 4408 domino
1068 4367 1205 4409 meo
1233 4349 1471 4409 christo
1490 4350 1785 4417 Domini,
1804 4348 1868 4410 id

372 4456 469 4509 est
508 4454 709 4509 uncto
742 4444 1047 4508 unctione
1088 4446 1285 4527 regali
1317 4465 1392 4508 ex
1434 4446 1701 4527 imperio
1734 4446 1865 4524 Dei,

370 4555 443 4605 uc
492 4548 759 4607 mittam
809 4564 1081 4604 manum
1130 4565 1339 4605 meam
1384 4547 1458 4605 in
1506 4566 1675 4616 eum,
1710 4548 1869 4624 quia

370 4644 658 4704 christus
678 4644 951 4703 Domini
969 4651 1061 4703 est
1080 4664 1102 4701 .·
1120 4642 1263 4705 ideo
1295 4644 1712 4706 reservandus
1746 4642 1871 4705 fuit

370 4741 595 4804 divino
645 4740 915 4822 judicio,
967 4758 1087 4803 nec
1134 4740 1623 4804 interficiendus
1664 4750 1871 4805 aucto-

374 4838 561 4901 ritate
621 4838 906 4920 privata,
960 4839 1315 4920 praesertim
1375 4858 1413 4901 a
1462 4839 1740 4902 subdito.
1794 4840 1872 4901 Et

373 4936 673 5018 quamvis
707 4935 832 4999 fuit
859 4946 1189 5020 tyrannuS,
1222 4956 1349 5001 non
1391 4946 1600 5000 tamen
1630 4946 1867 5016 tantuS,

374 5036 547 5116 quod
582 5033 710 5097 fuit
740 5036 1126 5098 occidendus
1166 5035 1248 5098 ab
1277 5035 1493 5118 aliquo
1524 5036 1603 5097 de
1633 5036 1871 5117 populo

380 5152 511 5211 su0,
548 5134 665 5215 qui
696 5134 881 5197 aliter
911 5133 1120 5216 potuit
1150 5152 1409 5196 manum
1441 5133 1614 5196 illius
1653 5136 1873 5198 evade-

381 5251 468 5295 re.
512 5234 709 5296 Porro
754 5233 925 5314 quod
964 5232 1279 5309 subditur,
1322 5232 1497 5296 Vivit
1543 5233 1867 5311 DominuS,

386 5350 593 5412 usque
637 5332 716 5393 ad
760 5332 849 5407 id,
883 5331 959 5393 Et
1002 5330 1321 5411 confregit
1355 5331 1571 5409 David,
1606 5350 1734 5396 non
1778 5341 1875 5396 est

1981 3272 2286 3328 tractores
2317 3271 2380 3325 et
2408 3262 2555 3326 odio
2584 3262 2892 3327 habentes
2924 3270 3212 3326 sanctum
3245 3261 3462 3339 David,

1982 3372 2173 3444 atque
2213 3362 2384 3425 Sauli
2428 3362 2680 3444 placere
2729 3369 3043 3443 optanteS,
3077 3368 3150 3422 ut
3192 3360 3360 3441 Doeg
3406 3368 3471 3423 et

1981 3461 2245 3537 simileS,
2279 3460 2762 3523 concitaverunt
2806 3459 3058 3521 Saulem
3096 3467 3317 3521 contra
3355 3460 3468 3521 Da·-

1982 3560 2111 3637 vid,
2149 3559 2546 3639 suggerendo
2575 3557 2747 3619 Sauli
2787 3558 2958 3638 quod
2986 3556 3181 3620 David
3226 3574 3468 3637 quaere-

1980 3667 2076 3722 ret
2108 3658 2248 3738 ejus
2288 3656 2641 3732 interitum,
2678 3664 2748 3717 ut
2786 3664 3001 3738 posset
3038 3671 3303 3734 regnare
3336 3671 3350 3716 τ
3388 3655 3464 3717 ad

1978 3757 2150 3839 quod
2181 3755 2372 3819 etiam
2403 3754 2879 3835 suspicandum,
2917 3753 3061 3816 Saul
3092 3772 3168 3816 ex
3206 3752 3466 3835 propria

1980 3854 2225 3917 malitia
2255 3861 2390 3916 erat
2417 3852 2570 3914 satis
2600 3870 2860 3934 pronuS.
2885 3854 3048 3913 Ecce
3077 3852 3265 3912 hodie
3293 3854 3464 3912 vide-

1976 3963 2135 4015 runt
2166 3953 2339 4014 oculi
2372 3952 2494 4022 tui,
2529 3950 2593 4011 id
2629 3958 2745 4027 est,
2785 3958 2855 4012 tu
2887 3950 3024 4032 ipse
3056 3969 3226 4013 nunc
3257 3950 3457 4027 videS,

1980 4056 2151 4133 quod
2201 4052 2550 4112 tradiderit
2601 4060 2656 4111 te
2703 4052 3020 4111 Dominus
3067 4051 3142 4109 in
3194 4068 3465 4111 manum

1978 4172 2188 4214 meam
2216 4152 2290 4210 in
2319 4153 2643 4226 spelunca.
2662 4147 2887 4211 Omnia
2914 4147 3108 4225 enim,
3132 4148 3322 4211 etiam
3355 4148 3466 4210 mi-

792 4268 874 4309 ne
925 4250 1175 4325 faciam
1222 4252 1391 4310 hanc
1440 4270 1603 4319 rem,
1650 4258 1869 4331 utpote
1900 4251 1951 4312 D
1981 4250 2175 4326 nima,
2213 4248 2450 4311 cadunt
2479 4245 2597 4308 sub
2635 4245 3037 4328 providentia
3063 4246 3196 4323 Dei,
3233 4254 3296 4309 et
3325 4246 3464 4328 ejus

1981 4346 2400 4429 dispositione
2430 4344 2494 4406 id
2527 4344 2815 4424 contigit,
2841 4345 3011 4425 quod
3044 4343 3190 4407 Saul
3221 4345 3467 4408 introiit

1981 4466 2242 4530 specum
2284 4444 2349 4505 in
2382 4462 2510 4526 quo
2551 4443 2738 4505 latuit
2766 4444 2963 4509 David
3009 4461 3022 4505 :
3056 4445 3226 4526 quod
3259 4464 3468 4526 respe-

1980 4555 2088 4610 ctu
2123 4544 2360 4607 divinae
2399 4543 2818 4625 providentiae
2857 4562 2984 4606 non
3026 4541 3150 4605 fuit
3187 4543 3460 4607 casuale.

1984 4650 2067 4708 Et
2098 4644 2382 4721 coyitavi
2410 4653 2484 4703 ut
2513 4645 2862 4703 occiderem
2893 4652 2951 4702 te
2978 4662 3002 4702 .·
3033 4661 3108 4704 ex
3138 4660 3266 4723 quo
3298 4642 3466 4706 vide-

1980 4754 2104 4821 tur,
2153 4743 2325 4824 quod
2377 4739 2574 4805 David
2626 4740 2850 4803 habuit
2898 4741 3171 4822 primum
3221 4748 3462 4803 motum

1981 4843 2091 4904 irae
2122 4839 2492 4903 inclinantis
2523 4838 2733 4921 ipsum
2764 4840 2841 4901 ad
2863 4838 3318 4901 vindicandum
3350 4858 3418 4902 se
3444 4864 3458 4915 3

1977 4945 2088 5002 sed
2109 4941 2398 5018 pepercit
2422 4940 2540 4999 tibi
2569 4942 2791 4998 oculus
2811 4958 3005 5010 meus,
3042 4936 3104 4998 id
3137 4945 3253 5015 est,
3279 4936 3462 5000 oculo

1982 5037 2281 5102 exteriori
2331 5036 2574 5117 respexi
2626 5044 2690 5098 te
2738 5035 2864 5117 pie,
2907 5043 2969 5097 et
3014 5034 3236 5098 oculus
3285 5054 3463 5098 meus

1984 5137 2270 5209 interior,
2297 5144 2518 5217 utpote
2547 5132 3092 5210 ratio‚refrenavit
3121 5134 3466 5197 iracundiae

1984 5241 2251 5295 motum.
2266 5234 2432 5293 Dz‘oei
2449 5232 2651 5300 enim,
2665 5234 2811 5292 Non
2831 5234 3176 5291 emendam
3199 5252 3466 5291 manum

1986 5352 2196 5393 meam
2240 5328 2694 5413 inssdominum
2725 5349 2964 5399 meum,
2993 5330 3152 5408 quia
3192 5331 3470 5391 christus
