4359 6250
633 2349 745 2394 Osee
753 2364 822 2401 vn,
837 2353 879 2394 5.

630 3828 705 3871 1²⁸.
725 3840 792 3879 cv,
808 3830 874 3871 20.

637 4113 774 4156 Amos
791 4127 874 4163 vm,

613 4178 678 4217 ¹4.

665 4308 828 4351 Sensus

609 4371 800 4414 moralis.

910 463 1030 528 682

1497 489 1844 536 manuario
1887 489 1948 534 IN
1991 489 2127 534 cAP.
2171 489 2261 535 xn
2302 489 2461 534 unm
2500 491 2699 537 Titn‘ru
2744 491 2970 539 amun.
3014 511 3095 522 —
3135 492 3277 538 ΛΒΤ.
3319 492 3404 539 11

911 656 1140 714 vitulis
1177 675 1334 735 quos
1378 659 1740 735 fabricatus
1768 663 1991 740 fuerat
2011 680 2032 718 .·
2055 657 2275 740 sicque
2303 678 2401 720 as-
2428 657 2481 719 A
2509 668 2571 722 et
2597 661 2925 742 juniorum
2956 661 3245 726 consiliis
3282 662 3625 725 adhaerere.
3658 659 3774 734 Qui
3816 658 3991 722 enim
4076 679 4219 721 Ereti.
4291 647 4292 736 ἶ

913 754 1186 836 sumpsit
1214 754 1337 817 sibi
1391 756 1781 820 sacerdotale
1811 754 2127 834 officium,
2162 765 2226 819 et
2269 776 2401 819 ma-

912 851 1146 916 nifeste
1181 852 1339 916 dicit
1358 853 1706 937 Scriptura,
1724 856 1894 938 quod
1919 855 2137 919 vitulis
2167 855 2397 918 immo-

911 949 1087 1028 lavit,
1109 970 1236 1015 non
1277 953 1402 1016 Deo
1440 971 1592 1019 vero
1632 954 1698 1015 in
1738 954 2084 1029 vitulis3et
2102 955 2397 1036 quamvis

909 1051 1073 1112 Deus
1105 1071 1294 1114 verus
1315 1051 1426 1133 qui
1459 1053 1676 1115 eduxit
1695 1053 1881 1116 lsrael
1902 1053 1982 1115 de
2001 1053 2292 1135 AEgypto,
2317 1053 2399 1114 sit

909 1168 1097 1226 unus,
1133 1150 1465 1231 pluraliter
1507 1159 1719 1214 tamen
1754 1151 2070 1228 dixerunt,
2105 1152 2267 1216 Ecce
2307 1150 2397 1214 dii

909 1249 1025 1324 tui,
1060 1247 1237 1328 juxta
1262 1249 1524 1335 modum
1560 1250 1861 1332 loquendi
1892 1249 2393 1328 idololatrarum,

912 1348 1010 1410 vel
1062 1347 1307 1429 plurale
1356 1367 1472 1430 pro
1521 1349 1829 1431 singulari
1881 1351 2199 1432 ponend0,
2236 1349 2401 1412 sicut

911 1447 990 1509 de
1018 1446 1220 1509 vitulo
1249 1446 1456 1511 Aaron
1500 1448 1942 1529 loquebantur,
1977 1449 2082 1510 Isti
2130 1457 2281 1512 sunt
2308 1447 2396 1511 dii

911 1545 1026 1606 tui.
1055 1547 1520 1626 Constituicque
1551 1549 1624 1608 in
1664 1549 1887 1608 Bethel
1921 1550 2270 1608 sacerdotes
2296 1568 2399 1606 ecc-

909 1648 1244 1714 celsorum,
1275 1665 1418 1724 quoe
1454 1646 1714 1722 fecerat.
1749 1648 1836 1707 Et
1879 1648 2165 1706 ascendit
2206 1665 2398 1722 super

908 1746 1115 1802 altare
1162 1746 1333 1822 quod
1375 1753 1784 1804 eoestruxerat
1833 1746 1904 1805 in
1933 1747 2177 1815 Beckel,
2211 1747 2399 1824 quin-

2510 777 2637 822 non
2665 768 2760 823 est
2788 770 3107 844 expertuS,
3132 781 3335 844 pauca
3365 760 3781 841 recognoscit,
3799 767 3861 821 et
3892 757 3993 818 vir

2510 857 2577 920 in
2611 860 2829 922 multis
2866 869 3161 943 expertus
3202 860 3438 942 cogitat
3478 859 3709 932 multa3
3741 857 3993 938 eritque

2508 958 2678 1020 salus
2723 958 2832 1020 ubi
2877 978 3030 1021 sana
3074 959 3362 1022 consilia.
3395 959 3678 1040 Insuper,
3714 956 3989 1019 Roboam

2508 1057 2729 1133 malm,
2783 1058 2975 1120 duros
3034 1066 3097 1120 et
3153 1056 3524 1120 ambitiosos
3581 1045 3991 1138 prabsidentes

2506 1155 2818 1232 designat,
2850 1156 2963 1237 qui
2994 1155 3265 1218 subditis
3305 1155 3438 1217 suis
3467 1155 3761 1217 nesciunt
3788 1151 3996 1215 humi-

2508 1253 2656 1316 liter
2686 1254 3089 1336 respondere,
3114 1254 3355 1317 mititer
3384 1252 3583 1335 loqui,
3618 1253 3997 1317 condescen-

2507 1352 2677 1429 dere,
2713 1352 2869 1414 etin
2912 1352 3039 1435 piis
3088 1352 3491 1434 acquiescere
3530 1350 3849 1433 precibuS,
3884 1350 3997 1412 sed

2508 1451 2769 1534 propria
2811 1453 3144 1515 commoda
3172 1460 3489 1534 quaerunt,
3522 1450 3733 1514 timeri
3782 1459 3847 1512 et
3886 1450 4000 1512 ho—

2510 1549 2717 1612 norari
2769 1550 3153 1627 desiderant,
3202 1559 3267 1613 et
3312 1570 3458 1613 cum
3506 1549 3877 1612 austeritate
3924 1567 3999 1610 ac

2508 1649 2794 1730 potentia
2825 1658 3129 1731 praesun't.
3180 1649 3485 1712 Similiter
3520 1647 3852 1711 Jeroboam
3890 1666 3997 1710 eos

2507 1747 2962 1828 praefiguravit,
2999 1748 3113 1829 qui
3146 1748 3211 1810 in
3243 1747 3559 1830 principio
3590 1765 3719 1809 suae
3748 1764 4000 1828 promo-

911 1843 1226 1902 tadecima
1256 1843 1364 1901 die
1391 1846 1624 1903 mensis
1652 1845 1882 1915 octavi,
1898 1864 2085 1923 quem
2110 1849 2398 1920 fin-verat
2435 1843 2480 1904 B
2506 1846 2701 1908 tionis
2752 1855 2898 1909 sunt
2942 1847 3119 1924 boni,
3152 1848 3265 1911 sed
3322 1856 3608 1928 tempore
3650 1845 4000 1928 proceden-

909 1941 988 1998 de
1017 1943 1204 2000 corde
1243 1961 1382 2002 suo,
1418 1945 1502 2002 Et
1534 1944 1690 2021 fecit
1735 1944 2187 2003 solennitatem
2234 1944 2397 2018 filiis

910 2039 1140 2108 Israel,
1169 2048 1229 2099 ec
1268 2041 1554 2100 ascendit
1601 2059 1792 2117 super
1821 2044 2052 2110 altare,
2085 2050 2156 2100 ut
2194 2044 2400 2100 adole-

911 2147 1006 2196 ret
1037 2139 1396 2206 incensum,
1424 2137 1487 2199 id
1520 2147 1636 2213 est,
1672 2138 2116 2201 solennitatem
2149 2139 2400 2201 dedica-

911 2234 1104 2296 tionis
1144 2235 1512 2312 celebraret,
1549 2235 1712 2299 sicut
1750 2237 2108 2319 expositum
2147 2245 2244 2300 est
2267 2237 2299 2314 ;†
2320 2238 2398 2300 de

909 2351 1038 2413 qua
1069 2333 1270 2396 multa
1317 2333 1666 2415 loquuntur
1705 2336 1772 2396 in
1812 2335 2011 2399 Osee:
2045 2337 2189 2399 Dies
2233 2336 2397 2415 regis

913 2431 1136 2508 nostri,
1162 2431 1224 2494 id
1257 2439 1372 2508 est,
1408 2433 1542 2495 haec
1573 2442 1670 2496 est
1699 2433 1834 2496 dies
1865 2434 2170 2512 solennis,
2206 2454 2397 2516 quam

909 2547 1018 2592 rex
1049 2538 1264 2592 noster
1289 2530 1620 2594 Jeroboam
1653 2531 1931 2595 instituit
1969 2532 2176 2611 nobiS,
2209 2542 2399 2615 prout

909 2627 996 2689 ibi
1029 2628 1386 2710 expositum
1419 2628 1566 2692 fuit.

987 2726 1166 2789 Circa
1211 2728 1344 2790 haec
1396 2728 1619 2792 scribit
1649 2729 1807 2811 Lyra
1843 2729 2122 2793 :Dicunt
2169 2731 2392 2813 aliqui,

905 2833 970 2886 et
999 2825 1150 2887 satis
1182 2826 1598 2907 probabiliter
1619 2829 1966 2890 secundum
1992 2827 2114 2890 ista
2138 2828 2395 2910 Josephi

905 2923 1120 3000 verba,
1156 2925 1326 3006 quod
1359 2926 1633 3009 populus
1668 2927 1732 2988 in
1766 2926 1895 2988 illis
1926 2927 2144 2990 vitulis
2177 2929 2396 2990 adora-

2508 1953 2588 2021 tc,
2624 1945 2898 2008 honores
2930 1955 3303 2028 pervertunt
3333 1947 3617 2029 ipsorum
3648 1963 3883 2020 mores,
3908 1944 3999 2006 ita

2504 2044 2676 2124 quod
2735 2043 2961 2107 timore
3031 2044 3339 2126 perdendi
3397 2043 3827 2126 principatum
3884 2049 3997 2104 aut

2505 2141 2865 2204 sustinendi
2903 2141 3281 2219 molestiam,
3328 2143 3393 2203 in
3438 2140 3641 2203 multa
3676 2149 3741 2203 et
3776 2140 3997 2220 gravia

2506 2239 2807 2302 labuntur
2862 2240 3181 2314 facinora3
3236 2260 3351 2304 nec
3391 2239 3730 2303 considunt
3779 2240 3845 2300 in
3882 2240 3999 2302 Do-

2504 2339 2701 2414 mino,
2740 2339 2847 2402 sed
2879 2340 3174 2417 honoreS,
3210 2340 3553 2420 dignitates
3590 2348 3653 2401 et
3680 2338 3999 2421 praelatio-

2506 2457 2617 2500 nes
2648 2458 2819 2514 suas,
2841 2438 3024 2520 quasi
3058 2439 3399 2502 simulacra
3426 2438 3715 2519 quaedam
3748 2438 3993 2512 colunt,

2502 2545 2741 2612 amant,
2775 2537 3235 2620 appretiantur.
3261 2537 3385 2600 Nec
3408 2537 3737 2600 Jeroboam
3770 2537 3889 2599 iste
3918 2556 3996 2598 ex

2506 2633 2851 2698 formidine
2894 2655 3021 2716 qua
3068 2635 3271 2698 occidi
3320 2635 3551 2713 timuit,
3603 2645 3988 2698 excusatur:

2504 2733 2807 2813 quoniam
2841 2753 2953 2816 per
2980 2735 3356 2816 Prophetam
3390 2735 3551 2797 Deus
3600 2733 3725 2795 sibi
3756 2735 3995 2814 promi—

2504 2831 2608 2907 sit,
2642 2833 2814 2912 quod
2844 2841 3011 2894 esset
3040 2853 3185 2895 cum
3220 2851 3316 2909 eo,
3352 2840 3416 2894 et
3444 2833 3705 2895 domum
3752 2833 3815 2896 ei
3842 2833 3993 2896 aedi-

2506 2929 2729 2993 ficaret
2754 2930 3037 3008 fidelem,
3064 2931 3117 2993 si
3148 2931 3215 2993 in
3248 2931 3384 2994 suis
3411 2939 3813 3014 permaneret-
3839 2951 3993 3014 prse-

906 3022 1000 3084 vit
1029 3023 1249 3085 Deum.
1283 3023 1514 3086 Contra
1555 3025 1726 3106 quod
1759 3023 1982 3087 scribit
2009 3025 2211 3088 Rabbi
2241 3025 2395 3089 Pau·
2429 3027 2474 3092 C
2502 3029 2731 3111 ceptis;
2756 3031 2865 3092 sed
2889 3030 3027 3112 ipse
3047 3029 3329 3095 divinam
3353 3030 3989 3112 promissionemnon

906 3121 1026 3197 luS,
1063 3131 1128 3185 et
1166 3122 1253 3185 ait
1289 3141 1302 3185 :
1337 3122 1557 3187 Dicere
1604 3125 1778 3206 quod
1824 3125 2098 3208 populus
2146 3126 2213 3188 in
2264 3127 2393 3190 illis

905 3221 1126 3284 vitulis
1146 3221 1434 3284 adoravit
1456 3224 1672 3301 Deum,
1699 3232 1762 3287 et
1793 3224 1885 3287 sic
1915 3232 2248 3287 excusatus
2271 3224 2395 3288 fuit

903 3338 942 3380 a
989 3326 1246 3400 peccato
1300 3318 1692 3399 idololatriae,
1724 3330 1822 3385 est
1869 3321 2126 3404 penitus
2176 3322 2396 3387 incon-

905 3415 1168 3479 veniens
1220 3419 1568 3499 :quoniam
1619 3419 1738 3482 sub
1785 3420 2024 3483 eisdem
2076 3419 2285 3483 forma
2331 3430 2395 3485 et

905 3515 1094 3577 modo
1132 3516 1468 3579 coluerunt
1509 3517 1766 3595 vituIOS‚
1803 3519 1970 3582 sicut
2010 3520 2287 3601 populus
2316 3520 2396 3583 Is-

905 3613 1037 3676 rael
1067 3613 1134 3675 in
1175 3614 1424 3677 deserto
1457 3616 1730 3679 vitulum
1773 3636 2060 3693 aureum,
2097 3618 2389 3694 dicend0,

907 3712 980 3774 Hi
1013 3720 1160 3774 sunt
1204 3712 1293 3774 dii
1329 3713 1441 3791 tui,
1480 3714 1690 3791 Israel,
1727 3724 1873 3789 etc.;
1909 3716 2128 3798 sicque
2161 3717 2393 3782 vitulos

907 3821 1283 3893 receperunt
1331 3812 1395 3873 in
1445 3813 1619 3889 deOS,
1653 3814 1831 3895 juxta
1880 3813 2035 3876 illud
2071 3832 2086 3877 :
2121 3816 2396 3879 Mutave-

907 3918 1055 3970 runt
1082 3909 1349 3989 gloriam
1384 3930 1563 3973 suam
1588 3912 1653 3973 in
1687 3912 2172 3976 similitudinem
2208 3914 2391 3976 vituli

905 4008 1295 4070 comedentis
1347 4008 1614 4071 foenum.
1648 4010 1826 4073 Unde
1853 4019 1917 4073 et
1965 4011 2029 4073 in
2068 4012 2259 4075 Amos
2290 4013 2397 4075 ha-

905 4106 1091 4167 betur
1125 4123 1140 4167 z
1173 4106 1287 4179 Qui
1335 4107 1552 4189 jurant
1601 4108 1668 4169 in
1718 4108 1950 4173 delicto
1979 4109 2296 4187 Samariae,
2332 4120 2396 4174 et

905 4204 1168 4266 dicunt:
1200 4204 1365 4266 Vivit
1395 4206 1558 4268 Deus
1590 4214 1758 4283 tuuS‚
1793 4209 1947 4270 Dan.

981 4302 1164 4363 Juxta
1199 4302 1614 4384 tropologiam
1659 4313 1831 4387 patet
1870 4326 1946 4369 cx
1987 4306 2110 4370 isto
2149 4308 2393 4389 capitu-

903 4401 986 4476 lo,
1022 4420 1212 4481 quam
1245 4401 1507 4463 stultum
1531 4403 1633 4480 sit,
1669 4403 2150 4486 sapientiorum,
2187 4406 2393 4469 senio-

907 4518 1045 4561 rum
1093 4508 1157 4563 et
1199 4508 1600 4581 expertorum
1645 4503 1913 4565 consilia
1959 4521 2086 4566 non
2136 4504 2385 4581 sectari,

2503 3128 2863 3210 perpendit,
2890 3148 3006 3192 nec
3035 3129 3173 3211 ejus
3202 3130 3555 3211 jussionem
3588 3129 3857 3211 implere
3884 3150 3995 3192 cu—

2503 3226 2688 3289 ravit.

2580 3325 2901 3388 Postremo
2950 3334 3197 3388 constat
3238 3346 3313 3389 ex
3351 3326 3473 3400 his,
3508 3327 3587 3389 ad
3629 3336 3871 3408 quanta
3899 3327 3995 3390 fa-

2502 3422 2723 3487 cinora
2756 3422 2963 3486 trahat
2994 3423 3282 3500 ambitio,
3317 3424 3471 3506 quia
3500 3424 3833 3489 Jeroboam
3870 3427 3992 3489 iste

2504 3520 2570 3581 in
2610 3529 2856 3583 tantum
2885 3522 2964 3584 ad
3001 3541 3180 3584 suam
3213 3523 3716 3586 dominationem
3747 3522 3995 3587 afficic-

2501 3618 2704 3695 batur,
2737 3619 2907 3701 quod
2940 3619 3167 3683 timore
3208 3620 3512 3701 perdendi
3544 3622 3861 3699 eamdem,
3892 3622 3993 3685 in-

2502 3718 2781 3780 troduxit
2819 3717 3243 3781 idololatriam
3285 3719 3651 3800 pessimam,
3684 3728 3751 3783 et
3789 3730 3990 3784 totum

2501 3817 2808 3898 populum
2865 3816 2974 3879 Dei
3028 3816 3151 3879 sibi
3208 3817 3619 3879 commissum
3670 3820 3901 3882 avertit
3954 3842 3993 3883 a

2500 3915 2678 3978 cultu
2727 3915 2859 3991 Dei,
2904 3923 2968 3977 et
3014 3916 3094 3978 ad
3148 3915 3569 3998 multiplicem
3618 3917 3988 3982 divinorum

2504 4013 3073 4093 transgressionem
3119 4022 3579 4096 praeceptorum
3624 4016 3991 4079 universam

2502 4111 2623 4173 sibi
2656 4112 2963 4175 creditam
2993 4112 3514 4175 communitatem
3554 4114 3826 4193 induxit,
3862 4136 3989 4179 non

2424 4212 2473 4274 D
2502 4210 2913 4273 considerans
2950 4228 3159 4291 neque
3197 4208 3549 4273 formidans
3584 4212 3791 4275 divini
3824 4214 3991 4295 rigo—

2503 4326 2634 4369 rem
2662 4306 2911 4389 judicii,
2948 4307 3357 4370 acerbitatem
3407 4310 3626 4371 aeterni
3657 4312 3983 4393 supplicii,

2503 4424 2710 4487 neque
2752 4424 3008 4468 suorum
3062 4406 3521 4470 immanitatem
3561 4408 3989 4473 innumerabi-

2501 4503 2875 4587 litatemque
2912 4503 3246 4567 scelerum.

4020 755 4163 784 xmv.
4178 744 4271 782 195³.
4291 761 4292 802 ᾗ

4078 972 4292 1022 Prot-El

4022 1039 4091 1078 Η.

4046 2750 4105 2792 111
4116 2752 4209 2805 805-
4220 2765 4257 2795 u

4018 2815 4093 2858 38.
