<?xml version="1.0" encoding="UTF-8"?>
<!DOCTYPE html PUBLIC "-//W3C//DTD XHTML 1.0 Transitional//EN"
    "http://www.w3.org/TR/xhtml1/DTD/xhtml1-transitional.dtd">
<html xmlns="http://www.w3.org/1999/xhtml" xml:lang="en" lang="en">
 <head>
  <title>
</title>
<meta http-equiv="Content-Type" content="text/html;charset=utf-8" />
  <meta name='ocr-system' content='tesseract 3.04.00' />
  <meta name='ocr-capabilities' content='ocr_page ocr_carea ocr_par ocr_line ocrx_word'/>
</head>
<body>
  <div class='ocr_page' id='page_1' title='image "./doctorisecstati02denigoog_0426.png"; bbox 0 0 4359 6250; ppageno 0'>
   <div class='ocr_carea' id='block_1_1' title="bbox 904 511 3459 596">
    <p class='ocr_par' dir='ltr' id='par_1_1' title="bbox 904 511 3459 596">
     <span class='ocr_line' id='line_1_1' title="bbox 904 511 3459 596; baseline -0.001 -19"><span class='ocrx_word' id='word_1_1' title='bbox 904 531 1253 577; x_wconf 64' lang='lat' dir='ltr'><em>manuario</em></span> <span class='ocrx_word' id='word_1_2' title='bbox 1292 531 1355 596; x_wconf 62' lang='lat' dir='ltr'><em>IN</em></span> <span class='ocrx_word' id='word_1_3' title='bbox 1398 531 1533 575; x_wconf 76' lang='lat' dir='ltr'><em>CAP.</em></span> <span class='ocrx_word' id='word_1_4' title='bbox 1582 528 1713 573; x_wconf 83' lang='lat' dir='ltr'><em>xxu</em></span> <span class='ocrx_word' id='word_1_5' title='bbox 1756 527 1911 573; x_wconf 76' lang='lat' dir='ltr'><em>unm</em></span> <span class='ocrx_word' id='word_1_6' title='bbox 1953 528 2121 572; x_wconf 80' lang='lat' dir='ltr'><em>Pmm</em></span> <span class='ocrx_word' id='word_1_7' title='bbox 2164 528 2390 575; x_wconf 71' lang='lat' dir='ltr'><em>REGUM.</em></span> <span class='ocrx_word' id='word_1_8' title='bbox 2434 548 2515 558; x_wconf 90' lang='lat'><strong>—</strong></span> <span class='ocrx_word' id='word_1_9' title='bbox 2556 529 2698 574; x_wconf 67' lang='grc' dir='ltr'><strong>ΛΒΤ.</strong></span> <span class='ocrx_word' id='word_1_10' title='bbox 2745 529 2940 574; x_wconf 77' lang='lat' dir='ltr'>XXXIX</span> <span class='ocrx_word' id='word_1_11' title='bbox 3337 511 3459 574; x_wconf 79' lang='grc'><em>383</em></span> 
     </span>
    </p>
   </div>
   <div class='ocr_carea' id='block_1_2' title="bbox 368 696 3456 784">
    <p class='ocr_par' dir='ltr' id='par_1_2' title="bbox 368 696 3456 784">
     <span class='ocr_line' id='line_1_2' title="bbox 368 696 3456 784; baseline -0.001 -18"><span class='ocrx_word' id='word_1_12' title='bbox 368 704 565 766; x_wconf 81' lang='lat' dir='ltr'><em>Deum</em></span> <span class='ocrx_word' id='word_1_13' title='bbox 590 721 707 784; x_wconf 91' lang='lat' dir='ltr'><em>pro</em></span> <span class='ocrx_word' id='word_1_14' title='bbox 735 702 1302 783; x_wconf 85' lang='lat' dir='ltr'><em>David,exponunt</em></span> <span class='ocrx_word' id='word_1_15' title='bbox 1329 702 1421 764; x_wconf 88' lang='lat' dir='ltr'><em>sic</em></span> <span class='ocrx_word' id='word_1_16' title='bbox 1446 721 1458 764; x_wconf 90' lang='lat'>:</span> <span class='ocrx_word' id='word_1_17' title='bbox 1485 701 1647 764; x_wconf 91' lang='lat' dir='ltr'><em>Num</em></span> <span class='ocrx_word' id='word_1_18' title='bbox 1674 699 1866 763; x_wconf 90' lang='lat' dir='ltr'><em>hodic</em></span> <span class='ocrx_word' id='word_1_19' title='bbox 1895 696 1947 759; x_wconf 82' lang='lat' dir='ltr'>A</span> <span class='ocrx_word' id='word_1_20' title='bbox 1975 716 2103 761; x_wconf 89' lang='lat' dir='ltr'><em>ere.</em></span> <span class='ocrx_word' id='word_1_21' title='bbox 2150 698 2378 762; x_wconf 89' lang='lat' dir='ltr'><em>Dicunt</em></span> <span class='ocrx_word' id='word_1_22' title='bbox 2426 718 2682 780; x_wconf 90' lang='lat' dir='ltr'><em>quoque</em></span> <span class='ocrx_word' id='word_1_23' title='bbox 2733 699 2996 778; x_wconf 80' lang='lat' dir='ltr'><em>Hebraei,</em></span> <span class='ocrx_word' id='word_1_24' title='bbox 3051 718 3179 763; x_wconf 90' lang='lat' dir='ltr'><em>non</em></span> <span class='ocrx_word' id='word_1_25' title='bbox 3234 719 3456 764; x_wconf 89' lang='lat' dir='ltr'><em>omnes</em></span> 
     </span>
    </p>
   </div>
   <div class='ocr_carea' id='block_1_3' title="bbox 358 801 1872 1862">
    <p class='ocr_par' dir='ltr' id='par_1_3' title="bbox 358 801 1872 1862">
     <span class='ocr_line' id='line_1_3' title="bbox 364 801 1867 882; baseline -0.003 -19"><span class='ocrx_word' id='word_1_26' title='bbox 364 801 559 882; x_wconf 65' lang='lat' dir='ltr'><em>caepi,</em></span> <span class='ocrx_word' id='word_1_27' title='bbox 596 801 661 862; x_wconf 91' lang='lat' dir='ltr'><em>id</em></span> <span class='ocrx_word' id='word_1_28' title='bbox 707 808 825 876; x_wconf 85' lang='lat' dir='ltr'><em>est,</em></span> <span class='ocrx_word' id='word_1_29' title='bbox 850 819 966 862; x_wconf 91' lang='lat' dir='ltr'><em>nec</em></span> <span class='ocrx_word' id='word_1_30' title='bbox 1011 801 1201 862; x_wconf 91' lang='lat' dir='ltr'><em>modo</em></span> <span class='ocrx_word' id='word_1_31' title='bbox 1245 819 1361 862; x_wconf 91' lang='lat' dir='ltr'><em>nec</em></span> <span class='ocrx_word' id='word_1_32' title='bbox 1400 818 1683 881; x_wconf 89' lang='lat' dir='ltr'><em>unquam</em></span> <span class='ocrx_word' id='word_1_33' title='bbox 1714 816 1867 861; x_wconf 91' lang='lat' dir='ltr'><em>con-</em></span> 
     </span>
     <span class='ocr_line' id='line_1_4' title="bbox 366 899 1866 980; baseline -0.003 -20"><span class='ocrx_word' id='word_1_34' title='bbox 366 899 548 960; x_wconf 83' lang='lat' dir='ltr'><em>sului</em></span> <span class='ocrx_word' id='word_1_35' title='bbox 573 901 771 961; x_wconf 86' lang='lat' dir='ltr'><em>Deum</em></span> <span class='ocrx_word' id='word_1_36' title='bbox 803 917 919 980; x_wconf 90' lang='lat' dir='ltr'><em>pro</em></span> <span class='ocrx_word' id='word_1_37' title='bbox 948 917 1045 960; x_wconf 80' lang='lat' dir='ltr'><em>eo,</em></span> <span class='ocrx_word' id='word_1_38' title='bbox 1074 901 1259 960; x_wconf 82' lang='lat' dir='ltr'><em>Absit</em></span> <span class='ocrx_word' id='word_1_39' title='bbox 1281 901 1395 959; x_wconf 79' lang='lat' dir='ltr'><em>lzoc</em></span> <span class='ocrx_word' id='word_1_40' title='bbox 1426 921 1469 960; x_wconf 92' lang='lat' dir='ltr'><em>a</em></span> <span class='ocrx_word' id='word_1_41' title='bbox 1498 921 1615 960; x_wconf 88' lang='lat' dir='ltr'><em>me.</em></span> <span class='ocrx_word' id='word_1_42' title='bbox 1640 901 1739 958; x_wconf 88' lang='lat' dir='ltr'><em>Nc</em></span> <span class='ocrx_word' id='word_1_43' title='bbox 1765 919 1866 957; x_wconf 87' lang='lat' dir='ltr'><em>su-</em></span> 
     </span>
     <span class='ocr_line' id='line_1_5' title="bbox 364 1001 1867 1077; baseline 0 -20"><span class='ocrx_word' id='word_1_44' title='bbox 364 1001 657 1077; x_wconf 73' lang='lat' dir='ltr'><em>spicetur</em></span> <span class='ocrx_word' id='word_1_45' title='bbox 692 1019 809 1058; x_wconf 74' lang='lat' dir='ltr'><em>rex</em></span> <span class='ocrx_word' id='word_1_46' title='bbox 844 1001 1187 1060; x_wconf 84' lang='lat' dir='ltr'><em>adversum</em></span> <span class='ocrx_word' id='word_1_47' title='bbox 1215 1019 1473 1058; x_wconf 87' lang='lat' dir='ltr'><em>servum</em></span> <span class='ocrx_word' id='word_1_48' title='bbox 1508 1019 1701 1058; x_wconf 86' lang='lat' dir='ltr'><em>suum</em></span> <span class='ocrx_word' id='word_1_49' title='bbox 1732 1017 1867 1057; x_wconf 86' lang='lat' dir='ltr'><em>rem</em></span> 
     </span>
     <span class='ocr_line' id='line_1_6' title="bbox 358 1097 1864 1176; baseline -0.002 -19"><span class='ocrx_word' id='word_1_50' title='bbox 358 1098 823 1176; x_wconf 67' lang='lat' dir='ltr'><em>hujuscemodi</em></span> <span class='ocrx_word' id='word_1_51' title='bbox 850 1099 919 1157; x_wconf 87' lang='lat' dir='ltr'><em>in</em></span> <span class='ocrx_word' id='word_1_52' title='bbox 948 1098 1253 1156; x_wconf 74' lang='lat' dir='ltr'><em>uniuersa</em></span> <span class='ocrx_word' id='word_1_53' title='bbox 1272 1100 1457 1156; x_wconf 85' lang='lat' dir='ltr'><em>domo</em></span> <span class='ocrx_word' id='word_1_54' title='bbox 1482 1098 1695 1173; x_wconf 78' lang='lat' dir='ltr'><em>patris</em></span> <span class='ocrx_word' id='word_1_55' title='bbox 1718 1097 1864 1166; x_wconf 88' lang='lat' dir='ltr'><em>mei,</em></span> 
     </span>
     <span class='ocr_line' id='line_1_7' title="bbox 362 1193 1869 1276; baseline -0.002 -18"><span class='ocrx_word' id='word_1_56' title='bbox 362 1197 543 1276; x_wconf 88' lang='lat' dir='ltr'><em>quod</em></span> <span class='ocrx_word' id='word_1_57' title='bbox 581 1195 832 1258; x_wconf 88' lang='lat' dir='ltr'><em>seilicet</em></span> <span class='ocrx_word' id='word_1_58' title='bbox 872 1193 1346 1274; x_wconf 87' lang='lat' dir='ltr'><em>conjuraverim</em></span> <span class='ocrx_word' id='word_1_59' title='bbox 1392 1203 1610 1257; x_wconf 86' lang='lat' dir='ltr'><em>contra</em></span> <span class='ocrx_word' id='word_1_60' title='bbox 1653 1203 1733 1270; x_wconf 88' lang='lat' dir='ltr'><em>te,</em></span> <span class='ocrx_word' id='word_1_61' title='bbox 1760 1202 1869 1256; x_wconf 89' lang='lat' dir='ltr'><em>aut</em></span> 
     </span>
     <span class='ocr_line' id='line_1_8' title="bbox 366 1293 1868 1377; baseline 0 -21"><span class='ocrx_word' id='word_1_62' title='bbox 366 1295 435 1356; x_wconf 89' lang='lat' dir='ltr'><em>in</em></span> <span class='ocrx_word' id='word_1_63' title='bbox 462 1303 647 1356; x_wconf 88' lang='lat' dir='ltr'><em>-tuam</em></span> <span class='ocrx_word' id='word_1_64' title='bbox 680 1293 1031 1377; x_wconf 89' lang='lat' dir='ltr'><em>perniciem</em></span> <span class='ocrx_word' id='word_1_65' title='bbox 1058 1293 1492 1357; x_wconf 85' lang='lat' dir='ltr'><em>consuluerim</em></span> <span class='ocrx_word' id='word_1_66' title='bbox 1527 1294 1719 1356; x_wconf 89' lang='lat' dir='ltr'><em>Deum</em></span> <span class='ocrx_word' id='word_1_67' title='bbox 1753 1311 1868 1374; x_wconf 88' lang='lat' dir='ltr'><em>pro</em></span> 
     </span>
     <span class='ocr_line' id='line_1_9' title="bbox 364 1393 1870 1470; baseline -0.003 -16"><span class='ocrx_word' id='word_1_68' title='bbox 364 1394 592 1458; x_wconf 79' lang='lat' dir='ltr'><em>David.</em></span> <span class='ocrx_word' id='word_1_69' title='bbox 632 1395 779 1455; x_wconf 82' lang='lat' dir='ltr'><em>Non</em></span> <span class='ocrx_word' id='word_1_70' title='bbox 809 1395 989 1454; x_wconf 86' lang='lat' dir='ltr'><em>enim</em></span> <span class='ocrx_word' id='word_1_71' title='bbox 1018 1394 1211 1454; x_wconf 87' lang='lat' dir='ltr'><em>scivit</em></span> <span class='ocrx_word' id='word_1_72' title='bbox 1246 1413 1467 1454; x_wconf 82' lang='lat' dir='ltr'><em>servus</em></span> <span class='ocrx_word' id='word_1_73' title='bbox 1505 1403 1651 1454; x_wconf 85' lang='lat' dir='ltr'><em>tuus</em></span> <span class='ocrx_word' id='word_1_74' title='bbox 1681 1393 1870 1470; x_wconf 82' lang='lat' dir='ltr'><em>quict-</em></span> 
     </span>
     <span class='ocr_line' id='line_1_10' title="bbox 364 1491 1871 1571; baseline -0.001 -19"><span class='ocrx_word' id='word_1_75' title='bbox 364 1513 573 1571; x_wconf 79' lang='lat' dir='ltr'><em>qaam</em></span> <span class='ocrx_word' id='word_1_76' title='bbox 598 1511 793 1568; x_wconf 80' lang='lat' dir='ltr'><em>super</em></span> <span class='ocrx_word' id='word_1_77' title='bbox 821 1493 936 1552; x_wconf 72' lang='lat' dir='ltr'><em>hoc</em></span> <span class='ocrx_word' id='word_1_78' title='bbox 966 1493 1239 1568; x_wconf 72' lang='lat' dir='ltr'><em>neqotio,</em></span> <span class='ocrx_word' id='word_1_79' title='bbox 1274 1491 1340 1552; x_wconf 89' lang='lat' dir='ltr'><em>id</em></span> <span class='ocrx_word' id='word_1_80' title='bbox 1380 1498 1476 1553; x_wconf 87' lang='lat' dir='ltr'><em>est</em></span> <span class='ocrx_word' id='word_1_81' title='bbox 1506 1491 1583 1552; x_wconf 91' lang='lat' dir='ltr'><em>de</em></span> <span class='ocrx_word' id='word_1_82' title='bbox 1621 1497 1871 1552; x_wconf 87' lang='lat' dir='ltr'><em>contro-</em></span> 
     </span>
     <span class='ocr_line' id='line_1_11' title="bbox 368 1587 1871 1669; baseline -0.005 -15"><span class='ocrx_word' id='word_1_83' title='bbox 368 1589 581 1654; x_wconf 80' lang='lat' dir='ltr'><em>versia</em></span> <span class='ocrx_word' id='word_1_84' title='bbox 608 1597 673 1652; x_wconf 86' lang='lat' dir='ltr'><em>et</em></span> <span class='ocrx_word' id='word_1_85' title='bbox 705 1587 859 1669; x_wconf 82' lang='lat' dir='ltr'><em>fuga</em></span> <span class='ocrx_word' id='word_1_86' title='bbox 888 1589 1084 1652; x_wconf 85' lang='lat' dir='ltr'><em>David</em></span> <span class='ocrx_word' id='word_1_87' title='bbox 1116 1609 1154 1650; x_wconf 92' lang='lat' dir='ltr'><em>a</em></span> <span class='ocrx_word' id='word_1_88' title='bbox 1183 1597 1266 1665; x_wconf 91' lang='lat' dir='ltr'><em>te,</em></span> <span class='ocrx_word' id='word_1_89' title='bbox 1294 1593 1393 1649; x_wconf 85' lang='lat' dir='ltr'><em>vel</em></span> <span class='ocrx_word' id='word_1_90' title='bbox 1424 1591 1748 1650; x_wconf 79' lang='lat' dir='ltr'><em>modicum</em></span> <span class='ocrx_word' id='word_1_91' title='bbox 1774 1592 1871 1648; x_wconf 84' lang='lat' dir='ltr'><em>vet</em></span> 
     </span>
     <span class='ocr_line' id='line_1_12' title="bbox 358 1688 1872 1766; baseline -0.002 -17"><span class='ocrx_word' id='word_1_92' title='bbox 358 1691 643 1765; x_wconf 61' lang='lat' dir='ltr'><em>arande.</em></span> <span class='ocrx_word' id='word_1_93' title='bbox 698 1689 1016 1766; x_wconf 71' lang='lat' dir='ltr'><em>Dixitque</em></span> <span class='ocrx_word' id='word_1_94' title='bbox 1062 1707 1179 1746; x_wconf 73' lang='lat' dir='ltr'><em>rex</em></span> <span class='ocrx_word' id='word_1_95' title='bbox 1227 1708 1249 1746; x_wconf 91' lang='lat'><em>.·</em></span> <span class='ocrx_word' id='word_1_96' title='bbox 1294 1689 1501 1748; x_wconf 87' lang='lat' dir='ltr'><em>Morte</em></span> <span class='ocrx_word' id='word_1_97' title='bbox 1549 1688 1872 1755; x_wconf 82' lang='lat' dir='ltr'><em>morieris,</em></span> 
     </span>
     <span class='ocr_line' id='line_1_13' title="bbox 365 1787 1867 1862; baseline -0.003 -14"><span class='ocrx_word' id='word_1_98' title='bbox 365 1787 812 1855; x_wconf 74' lang='lat' dir='ltr'><em>Achimeteelz,</em></span> <span class='ocrx_word' id='word_1_99' title='bbox 834 1795 905 1846; x_wconf 85' lang='lat' dir='ltr'><em>tu</em></span> <span class='ocrx_word' id='word_1_100' title='bbox 935 1794 996 1845; x_wconf 89' lang='lat' dir='ltr'><em>et</em></span> <span class='ocrx_word' id='word_1_101' title='bbox 1024 1787 1236 1846; x_wconf 88' lang='lat' dir='ltr'><em>omnis</em></span> <span class='ocrx_word' id='word_1_102' title='bbox 1256 1788 1485 1846; x_wconf 82' lang='lat' dir='ltr'><em>domus</em></span> <span class='ocrx_word' id='word_1_103' title='bbox 1508 1787 1722 1862; x_wconf 84' lang='lat' dir='ltr'><em>patris</em></span> <span class='ocrx_word' id='word_1_104' title='bbox 1747 1787 1867 1845; x_wconf 86' lang='lat' dir='ltr'><em>tui.</em></span> 
     </span>
    </p>
   </div>
   <div class='ocr_carea' id='block_1_4' title="bbox 1968 796 3470 1868">
    <p class='ocr_par' dir='ltr' id='par_1_4' title="bbox 1968 796 3470 1868">
     <span class='ocr_line' id='line_1_14' title="bbox 1980 796 3460 881; baseline 0.003 -23"><span class='ocrx_word' id='word_1_105' title='bbox 1980 796 2177 859; x_wconf 77' lang='lat' dir='ltr'><em>fuisse</em></span> <span class='ocrx_word' id='word_1_106' title='bbox 2209 799 2586 875; x_wconf 80' lang='lat' dir='ltr'><em>sacerdotcS,</em></span> <span class='ocrx_word' id='word_1_107' title='bbox 2623 817 2738 861; x_wconf 86' lang='lat' dir='ltr'><em>nec</em></span> <span class='ocrx_word' id='word_1_108' title='bbox 2785 800 2995 881; x_wconf 81' lang='lat' dir='ltr'><strong>ephod</strong></span> <span class='ocrx_word' id='word_1_109' title='bbox 3041 799 3316 876; x_wconf 79' lang='lat' dir='ltr'><em>indutoS,</em></span> <span class='ocrx_word' id='word_1_110' title='bbox 3352 801 3460 872; x_wconf 80' lang='lat' dir='ltr'><em>sed</em></span> 
     </span>
     <span class='ocr_line' id='line_1_15' title="bbox 1977 895 3466 978; baseline 0.001 -20"><span class='ocrx_word' id='word_1_111' title='bbox 1977 896 2203 977; x_wconf 85' lang='lat' dir='ltr'><em>dignos</em></span> <span class='ocrx_word' id='word_1_112' title='bbox 2237 895 2534 973; x_wconf 85' lang='lat' dir='ltr'><em>suissc‚et</em></span> <span class='ocrx_word' id='word_1_113' title='bbox 2564 897 2715 978; x_wconf 89' lang='lat' dir='ltr'><em>quia</em></span> <span class='ocrx_word' id='word_1_114' title='bbox 2745 898 2824 960; x_wconf 91' lang='lat' dir='ltr'><em>de</em></span> <span class='ocrx_word' id='word_1_115' title='bbox 2854 897 3023 959; x_wconf 90' lang='lat' dir='ltr'><em>tribu</em></span> <span class='ocrx_word' id='word_1_116' title='bbox 3055 906 3233 960; x_wconf 91' lang='lat' dir='ltr'><em>erant</em></span> <span class='ocrx_word' id='word_1_117' title='bbox 3262 918 3466 962; x_wconf 82' lang='lat' dir='ltr'><em>sacer-</em></span> 
     </span>
     <span class='ocr_line' id='line_1_16' title="bbox 1978 994 3464 1058; baseline 0.001 -2"><span class='ocrx_word' id='word_1_118' title='bbox 1978 994 2197 1057; x_wconf 85' lang='lat' dir='ltr'><em>dotali.</em></span> <span class='ocrx_word' id='word_1_119' title='bbox 2235 997 2410 1056; x_wconf 89' lang='lat' dir='ltr'><em>Nobe</em></span> <span class='ocrx_word' id='word_1_120' title='bbox 2444 1005 2662 1057; x_wconf 86' lang='lat' dir='ltr'><em>autem</em></span> <span class='ocrx_word' id='word_1_121' title='bbox 2701 998 3028 1056; x_wconf 86' lang='lat' dir='ltr'><em>civitatem</em></span> <span class='ocrx_word' id='word_1_122' title='bbox 3065 999 3464 1058; x_wconf 80' lang='lat' dir='ltr'><em>sacerdotum</em></span> 
     </span>
     <span class='ocr_line' id='line_1_17' title="bbox 1968 1095 3466 1170; baseline 0.003 -18"><span class='ocrx_word' id='word_1_123' title='bbox 1968 1096 2288 1170; x_wconf 77' lang='lat' dir='ltr'><em>percussit</em></span> <span class='ocrx_word' id='word_1_124' title='bbox 2332 1095 2406 1154; x_wconf 84' lang='lat' dir='ltr'><em>in</em></span> <span class='ocrx_word' id='word_1_125' title='bbox 2443 1112 2548 1153; x_wconf 88' lang='lat' dir='ltr'><em>ore</em></span> <span class='ocrx_word' id='word_1_126' title='bbox 2582 1095 2827 1170; x_wconf 77' lang='lat' dir='ltr'><em>yladii‚</em></span> <span class='ocrx_word' id='word_1_127' title='bbox 2859 1096 3026 1154; x_wconf 84' lang='lat' dir='ltr'><em>viros</em></span> <span class='ocrx_word' id='word_1_128' title='bbox 3068 1105 3128 1155; x_wconf 83' lang='lat' dir='ltr'><em>et</em></span> <span class='ocrx_word' id='word_1_129' title='bbox 3167 1098 3466 1156; x_wconf 83' lang='lat' dir='ltr'><em>mulieres</em></span> 
     </span>
     <span class='ocr_line' id='line_1_18' title="bbox 1977 1196 3466 1272; baseline 0.003 -22"><span class='ocrx_word' id='word_1_130' title='bbox 1977 1202 2035 1252; x_wconf 86' lang='lat' dir='ltr'><em>et</em></span> <span class='ocrx_word' id='word_1_131' title='bbox 2074 1197 2387 1269; x_wconf 79' lang='lat' dir='ltr'><em>parvulos</em></span> <span class='ocrx_word' id='word_1_132' title='bbox 2427 1203 2486 1253; x_wconf 89' lang='lat' dir='ltr'><em>et</em></span> <span class='ocrx_word' id='word_1_133' title='bbox 2527 1197 2854 1265; x_wconf 79' lang='lat' dir='ltr'><em>lactantes,</em></span> <span class='ocrx_word' id='word_1_134' title='bbox 2890 1196 3227 1272; x_wconf 78' lang='lat' dir='ltr'><em>bovemque</em></span> <span class='ocrx_word' id='word_1_135' title='bbox 3255 1205 3314 1256; x_wconf 90' lang='lat' dir='ltr'><em>et</em></span> <span class='ocrx_word' id='word_1_136' title='bbox 3343 1197 3466 1256; x_wconf 90' lang='lat' dir='ltr'><em>asi—</em></span> 
     </span>
     <span class='ocr_line' id='line_1_19' title="bbox 1978 1292 3464 1369; baseline 0.004 -19"><span class='ocrx_word' id='word_1_137' title='bbox 1978 1312 2136 1352; x_wconf 86' lang='lat' dir='ltr'><em>num</em></span> <span class='ocrx_word' id='word_1_138' title='bbox 2166 1301 2230 1350; x_wconf 83' lang='lat' dir='ltr'><em>et</em></span> <span class='ocrx_word' id='word_1_139' title='bbox 2258 1312 2434 1352; x_wconf 84' lang='lat' dir='ltr'><em>ovem</em></span> <span class='ocrx_word' id='word_1_140' title='bbox 2475 1293 2548 1350; x_wconf 86' lang='lat' dir='ltr'><em>in</em></span> <span class='ocrx_word' id='word_1_141' title='bbox 2588 1312 2693 1351; x_wconf 89' lang='lat' dir='ltr'><em>ore</em></span> <span class='ocrx_word' id='word_1_142' title='bbox 2723 1295 2962 1369; x_wconf 64' lang='lat' dir='ltr'><em>⁸aladii,</em></span> <span class='ocrx_word' id='word_1_143' title='bbox 2998 1292 3060 1354; x_wconf 88' lang='lat' dir='ltr'><em>id</em></span> <span class='ocrx_word' id='word_1_144' title='bbox 3106 1300 3202 1354; x_wconf 85' lang='lat' dir='ltr'><em>est</em></span> <span class='ocrx_word' id='word_1_145' title='bbox 3243 1311 3464 1356; x_wconf 82' lang='lat' dir='ltr'><em>omnes</em></span> 
     </span>
     <span class='ocr_line' id='line_1_20' title="bbox 1980 1388 3468 1474; baseline 0.003 -24"><span class='ocrx_word' id='word_1_146' title='bbox 1980 1389 2091 1471; x_wconf 91' lang='lat' dir='ltr'><em>qui</em></span> <span class='ocrx_word' id='word_1_147' title='bbox 2137 1388 2511 1451; x_wconf 80' lang='lat' dir='ltr'><strong>habitabant</strong></span> <span class='ocrx_word' id='word_1_148' title='bbox 2556 1389 2620 1452; x_wconf 89' lang='lat' dir='ltr'><em>in</em></span> <span class='ocrx_word' id='word_1_149' title='bbox 2668 1409 2763 1467; x_wconf 89' lang='lat' dir='ltr'><em>ea,</em></span> <span class='ocrx_word' id='word_1_150' title='bbox 2799 1391 2927 1453; x_wconf 91' lang='lat' dir='ltr'><em>imo</em></span> <span class='ocrx_word' id='word_1_151' title='bbox 2967 1399 3028 1454; x_wconf 90' lang='lat' dir='ltr'><em>et</em></span> <span class='ocrx_word' id='word_1_152' title='bbox 3067 1411 3294 1474; x_wconf 90' lang='lat' dir='ltr'><em>pecora</em></span> <span class='ocrx_word' id='word_1_153' title='bbox 3326 1393 3468 1454; x_wconf 87' lang='lat' dir='ltr'><em>uni-</em></span> 
     </span>
     <span class='ocr_line' id='line_1_21' title="bbox 1981 1487 3468 1571; baseline 0.003 -21"><span class='ocrx_word' id='word_1_154' title='bbox 1981 1507 2163 1551; x_wconf 86' lang='lat' dir='ltr'><em>versa</em></span> <span class='ocrx_word' id='word_1_155' title='bbox 2201 1505 2214 1548; x_wconf 75' lang='grc' dir='ltr'>ε</span> <span class='ocrx_word' id='word_1_156' title='bbox 2249 1487 2314 1550; x_wconf 88' lang='lat' dir='ltr'><em>in</em></span> <span class='ocrx_word' id='word_1_157' title='bbox 2347 1506 2475 1568; x_wconf 92' lang='lat' dir='ltr'><em>quo</em></span> <span class='ocrx_word' id='word_1_158' title='bbox 2507 1496 2677 1570; x_wconf 89' lang='lat' dir='ltr'><em>patet</em></span> <span class='ocrx_word' id='word_1_159' title='bbox 2710 1490 3016 1571; x_wconf 82' lang='lat' dir='ltr'><em>tyranniS,</em></span> <span class='ocrx_word' id='word_1_160' title='bbox 3045 1490 3174 1554; x_wconf 89' lang='lat' dir='ltr'><em>imo</em></span> <span class='ocrx_word' id='word_1_161' title='bbox 3205 1500 3266 1554; x_wconf 88' lang='lat' dir='ltr'><em>et</em></span> <span class='ocrx_word' id='word_1_162' title='bbox 3299 1490 3468 1557; x_wconf 85' lang='lat' dir='ltr'><em>furia</em></span> 
     </span>
     <span class='ocr_line' id='line_1_22' title="bbox 1982 1586 3469 1669; baseline 0.003 -21"><span class='ocrx_word' id='word_1_163' title='bbox 1982 1586 2151 1648; x_wconf 90' lang='lat' dir='ltr'><em>Saul.</em></span> <span class='ocrx_word' id='word_1_164' title='bbox 2187 1587 2358 1666; x_wconf 77' lang='lat' dir='ltr'><em>Doeg</em></span> <span class='ocrx_word' id='word_1_165' title='bbox 2397 1595 2608 1649; x_wconf 87' lang='lat' dir='ltr'><em>autem</em></span> <span class='ocrx_word' id='word_1_166' title='bbox 2649 1595 2949 1669; x_wconf 83' lang='lat' dir='ltr'><strong>tanquam</strong></span> <span class='ocrx_word' id='word_1_167' title='bbox 2983 1589 3229 1652; x_wconf 89' lang='lat' dir='ltr'><em>alicnus</em></span> <span class='ocrx_word' id='word_1_168' title='bbox 3259 1610 3296 1652; x_wconf 90' lang='lat' dir='ltr'><em>a</em></span> <span class='ocrx_word' id='word_1_169' title='bbox 3325 1610 3469 1653; x_wconf 91' lang='lat' dir='ltr'><em>san-</em></span> 
     </span>
     <span class='ocr_line' id='line_1_23' title="bbox 1978 1686 3470 1768; baseline 0.005 -21"><span class='ocrx_word' id='word_1_170' title='bbox 1978 1686 2171 1766; x_wconf 86' lang='lat' dir='ltr'><em>guine</em></span> <span class='ocrx_word' id='word_1_171' title='bbox 2202 1686 2413 1764; x_wconf 88' lang='lat' dir='ltr'><em>lsrael,</em></span> <span class='ocrx_word' id='word_1_172' title='bbox 2449 1687 2710 1768; x_wconf 91' lang='lat' dir='ltr'><em>pronior</em></span> <span class='ocrx_word' id='word_1_173' title='bbox 2743 1687 2864 1750; x_wconf 84' lang='lat' dir='ltr'><em>fuit</em></span> <span class='ocrx_word' id='word_1_174' title='bbox 2896 1689 2973 1750; x_wconf 94' lang='lat' dir='ltr'><em>ad</em></span> <span class='ocrx_word' id='word_1_175' title='bbox 3007 1689 3146 1766; x_wconf 83' lang='lat' dir='ltr'><em>ista,</em></span> <span class='ocrx_word' id='word_1_176' title='bbox 3183 1709 3298 1754; x_wconf 91' lang='lat' dir='ltr'><em>nec</em></span> <span class='ocrx_word' id='word_1_177' title='bbox 3331 1691 3470 1754; x_wconf 90' lang='lat' dir='ltr'><em>sinc</em></span> 
     </span>
     <span class='ocr_line' id='line_1_24' title="bbox 1980 1785 3024 1868; baseline 0.004 -22"><span class='ocrx_word' id='word_1_178' title='bbox 1980 1785 2297 1866; x_wconf 86' lang='lat' dir='ltr'><em>adjutorio</em></span> <span class='ocrx_word' id='word_1_179' title='bbox 2325 1785 2672 1867; x_wconf 88' lang='lat' dir='ltr'><em>impiorum</em></span> <span class='ocrx_word' id='word_1_180' title='bbox 2705 1787 2838 1849; x_wconf 80' lang='lat' dir='ltr'><em>haec</em></span> <span class='ocrx_word' id='word_1_181' title='bbox 2868 1788 3024 1868; x_wconf 86' lang='lat' dir='ltr'><em>egit.</em></span> 
     </span>
    </p>
   </div>
   <div class='ocr_carea' id='block_1_5' title="bbox 360 1882 3465 1964">
    <p class='ocr_par' dir='ltr' id='par_1_5' title="bbox 360 1882 3465 1964">
     <span class='ocr_line' id='line_1_25' title="bbox 360 1882 3465 1964; baseline 0 -18"><span class='ocrx_word' id='word_1_182' title='bbox 360 1931 367 1934; x_wconf 91' lang='lat'>-</span> <span class='ocrx_word' id='word_1_183' title='bbox 454 1887 542 1946; x_wconf 75' lang='lat' dir='ltr'><em>Ec</em></span> <span class='ocrx_word' id='word_1_184' title='bbox 571 1885 668 1944; x_wconf 84' lang='lat' dir='ltr'><em>ait</em></span> <span class='ocrx_word' id='word_1_185' title='bbox 696 1905 816 1944; x_wconf 76' lang='lat' dir='ltr'><em>rex</em></span> <span class='ocrx_word' id='word_1_186' title='bbox 844 1885 1202 1944; x_wconf 78' lang='lat' dir='ltr'><em>emissariis</em></span> <span class='ocrx_word' id='word_1_187' title='bbox 1223 1885 1341 1964; x_wconf 81' lang='lat' dir='ltr'><em>qui</em></span> <span class='ocrx_word' id='word_1_188' title='bbox 1369 1885 1870 1944; x_wconf 76' lang='lat' dir='ltr'><em>circumstabant</em></span> <span class='ocrx_word' id='word_1_189' title='bbox 1906 1883 1953 1945; x_wconf 91' lang='lat' dir='ltr'>B</span> <span class='ocrx_word' id='word_1_190' title='bbox 2059 1882 2362 1941; x_wconf 83' lang='lat' dir='ltr'><em>Evadens</em></span> <span class='ocrx_word' id='word_1_191' title='bbox 2401 1891 2615 1941; x_wconf 87' lang='lat' dir='ltr'><em>autem</em></span> <span class='ocrx_word' id='word_1_192' title='bbox 2646 1902 2818 1942; x_wconf 84' lang='lat' dir='ltr'><em>unus</em></span> <span class='ocrx_word' id='word_1_193' title='bbox 2844 1885 3028 1960; x_wconf 78' lang='lat' dir='ltr'><em>fitius</em></span> <span class='ocrx_word' id='word_1_194' title='bbox 3058 1885 3465 1946; x_wconf 73' lang='lat' dir='ltr'><em>Achimetech.</em></span> 
     </span>
    </p>
   </div>
   <div class='ocr_carea' id='block_1_6' title="bbox 364 1981 1877 3044">
    <p class='ocr_par' dir='ltr' id='par_1_6' title="bbox 364 1981 1877 3044">
     <span class='ocr_line' id='line_1_26' title="bbox 364 1981 1873 2064; baseline 0 -22"><span class='ocrx_word' id='word_1_195' title='bbox 364 2001 542 2043; x_wconf 80' lang='lat' dir='ltr'><em>eum.</em></span> <span class='ocrx_word' id='word_1_196' title='bbox 564 1982 679 2044; x_wconf 90' lang='lat' dir='ltr'><em>Per</em></span> <span class='ocrx_word' id='word_1_197' title='bbox 698 1982 1063 2044; x_wconf 81' lang='lat' dir='ltr'><em>emissarios</em></span> <span class='ocrx_word' id='word_1_198' title='bbox 1093 1981 1355 2064; x_wconf 91' lang='lat' dir='ltr'><em>quidam</em></span> <span class='ocrx_word' id='word_1_199' title='bbox 1386 1981 1756 2063; x_wconf 83' lang='lat' dir='ltr'><em>intelligunt</em></span> <span class='ocrx_word' id='word_1_200' title='bbox 1782 2001 1873 2042; x_wconf 91' lang='lat' dir='ltr'><em>sa-</em></span> 
     </span>
     <span class='ocr_line' id='line_1_27' title="bbox 364 2080 1872 2162; baseline -0.001 -19"><span class='ocrx_word' id='word_1_201' title='bbox 364 2081 687 2161; x_wconf 78' lang='lat' dir='ltr'><em>gittariOS,</em></span> <span class='ocrx_word' id='word_1_202' title='bbox 725 2081 835 2143; x_wconf 91' lang='lat' dir='ltr'><em>alii</em></span> <span class='ocrx_word' id='word_1_203' title='bbox 874 2099 1093 2144; x_wconf 87' lang='lat' dir='ltr'><em>servos</em></span> <span class='ocrx_word' id='word_1_204' title='bbox 1122 2089 1187 2144; x_wconf 89' lang='lat' dir='ltr'><em>et</em></span> <span class='ocrx_word' id='word_1_205' title='bbox 1214 2098 1505 2143; x_wconf 90' lang='lat' dir='ltr'><em>cursores</em></span> <span class='ocrx_word' id='word_1_206' title='bbox 1542 2080 1654 2162; x_wconf 91' lang='lat' dir='ltr'><em>qui</em></span> <span class='ocrx_word' id='word_1_207' title='bbox 1693 2080 1872 2142; x_wconf 90' lang='lat' dir='ltr'><em>emit-</em></span> 
     </span>
     <span class='ocr_line' id='line_1_28' title="bbox 367 2171 1870 2261; baseline 0 -20"><span class='ocrx_word' id='word_1_208' title='bbox 367 2171 601 2242; x_wconf 74' lang='lat' dir='ltr'><em>t‘un‘tur</em></span> <span class='ocrx_word' id='word_1_209' title='bbox 625 2180 705 2243; x_wconf 90' lang='lat' dir='ltr'><em>ad</em></span> <span class='ocrx_word' id='word_1_210' title='bbox 734 2178 903 2243; x_wconf 85' lang='lat' dir='ltr'><em>facta</em></span> <span class='ocrx_word' id='word_1_211' title='bbox 928 2179 1292 2261; x_wconf 83' lang='lat' dir='ltr'><em>principum</em></span> <span class='ocrx_word' id='word_1_212' title='bbox 1318 2180 1738 2260; x_wconf 86' lang='lat' dir='ltr'><em>exsequenda,</em></span> <span class='ocrx_word' id='word_1_213' title='bbox 1760 2179 1870 2241; x_wconf 88' lang='lat' dir='ltr'><em>alii</em></span> 
     </span>
     <span class='ocr_line' id='line_1_29' title="bbox 366 2277 1872 2360; baseline -0.003 -16"><span class='ocrx_word' id='word_1_214' title='bbox 366 2297 491 2344; x_wconf 53' lang='lat' dir='ltr'><em>eos‘</em></span> <span class='ocrx_word' id='word_1_215' title='bbox 530 2279 647 2360; x_wconf 91' lang='lat' dir='ltr'><em>qui</em></span> <span class='ocrx_word' id='word_1_216' title='bbox 696 2278 1139 2358; x_wconf 78' lang='lat' dir='ltr'><em>dirigebantur</em></span> <span class='ocrx_word' id='word_1_217' title='bbox 1180 2277 1258 2340; x_wconf 91' lang='lat' dir='ltr'><em>ad</em></span> <span class='ocrx_word' id='word_1_218' title='bbox 1307 2279 1711 2360; x_wconf 82' lang='lat' dir='ltr'><em>exsequenda</em></span> <span class='ocrx_word' id='word_1_219' title='bbox 1759 2296 1872 2340; x_wconf 91' lang='lat' dir='ltr'><em>seu</em></span> 
     </span>
     <span class='ocr_line' id='line_1_30' title="bbox 364 2374 1871 2460; baseline -0.004 -17"><span class='ocrx_word' id='word_1_220' title='bbox 364 2378 777 2460; x_wconf 85' lang='lat' dir='ltr'><em>disponenda</em></span> <span class='ocrx_word' id='word_1_221' title='bbox 806 2377 1061 2458; x_wconf 86' lang='lat' dir='ltr'><em>negotia</em></span> <span class='ocrx_word' id='word_1_222' title='bbox 1090 2376 1295 2458; x_wconf 84' lang='lat' dir='ltr'><em>regni.</em></span> <span class='ocrx_word' id='word_1_223' title='bbox 1315 2376 1492 2439; x_wconf 83' lang='lat' dir='ltr'><em>Unde</em></span> <span class='ocrx_word' id='word_1_224' title='bbox 1512 2377 1610 2456; x_wconf 87' lang='lat' dir='ltr'><em>(ut</em></span> <span class='ocrx_word' id='word_1_225' title='bbox 1640 2374 1871 2455; x_wconf 76' lang='lat' dir='ltr'><em>fertur)</em></span> 
     </span>
     <span class='ocr_line' id='line_1_31' title="bbox 369 2474 1872 2559; baseline -0.002 -19"><span class='ocrx_word' id='word_1_226' title='bbox 369 2496 488 2559; x_wconf 87' lang='lat' dir='ltr'><em>per</em></span> <span class='ocrx_word' id='word_1_227' title='bbox 537 2476 906 2540; x_wconf 85' lang='lat' dir='ltr'><em>emissarios</em></span> <span class='ocrx_word' id='word_1_228' title='bbox 960 2474 1161 2537; x_wconf 84' lang='lat' dir='ltr'><em>Rabbi</em></span> <span class='ocrx_word' id='word_1_229' title='bbox 1211 2475 1509 2539; x_wconf 87' lang='lat' dir='ltr'><strong>Salomon</strong></span> <span class='ocrx_word' id='word_1_230' title='bbox 1570 2474 1872 2554; x_wconf 86' lang='lat' dir='ltr'><em>intelligit</em></span> 
     </span>
     <span class='ocr_line' id='line_1_32' title="bbox 368 2574 1872 2655; baseline 0 -19"><span class='ocrx_word' id='word_1_231' title='bbox 368 2575 595 2639; x_wconf 83' lang='lat' dir='ltr'><em>Abner</em></span> <span class='ocrx_word' id='word_1_232' title='bbox 642 2583 705 2638; x_wconf 87' lang='lat' dir='ltr'><em>et</em></span> <span class='ocrx_word' id='word_1_233' title='bbox 754 2575 1052 2636; x_wconf 86' lang='lat' dir='ltr'><em>Amasam</em></span> <span class='ocrx_word' id='word_1_234' title='bbox 1092 2597 1107 2648; x_wconf 81' lang='lat'>3</span> <span class='ocrx_word' id='word_1_235' title='bbox 1160 2574 1269 2636; x_wconf 90' lang='lat' dir='ltr'><em>sed</em></span> <span class='ocrx_word' id='word_1_236' title='bbox 1321 2591 1449 2635; x_wconf 89' lang='lat' dir='ltr'><em>non</em></span> <span class='ocrx_word' id='word_1_237' title='bbox 1498 2583 1652 2655; x_wconf 90' lang='lat' dir='ltr'><em>puto</em></span> <span class='ocrx_word' id='word_1_238' title='bbox 1700 2574 1872 2655; x_wconf 89' lang='lat' dir='ltr'><em>quod</em></span> 
     </span>
     <span class='ocr_line' id='line_1_33' title="bbox 370 2671 1873 2740; baseline -0.005 -1"><span class='ocrx_word' id='word_1_239' title='bbox 370 2675 525 2740; x_wconf 88' lang='lat' dir='ltr'><em>Saul</em></span> <span class='ocrx_word' id='word_1_240' title='bbox 553 2674 763 2736; x_wconf 84' lang='lat' dir='ltr'><em>adhuc</em></span> <span class='ocrx_word' id='word_1_241' title='bbox 797 2672 1075 2735; x_wconf 87' lang='lat' dir='ltr'><em>tenuerit</em></span> <span class='ocrx_word' id='word_1_242' title='bbox 1104 2690 1317 2734; x_wconf 87' lang='lat' dir='ltr'><em>secum</em></span> <span class='ocrx_word' id='word_1_243' title='bbox 1341 2671 1635 2733; x_wconf 85' lang='lat' dir='ltr'><em>Amasam</em></span> <span class='ocrx_word' id='word_1_244' title='bbox 1662 2671 1873 2733; x_wconf 82' lang='lat' dir='ltr'><em>filium</em></span> 
     </span>
     <span class='ocr_line' id='line_1_34' title="bbox 371 2771 1875 2848; baseline -0.004 -12"><span class='ocrx_word' id='word_1_245' title='bbox 371 2773 618 2837; x_wconf 85' lang='lat' dir='ltr'><em>sororis</em></span> <span class='ocrx_word' id='word_1_246' title='bbox 661 2771 883 2834; x_wconf 89' lang='lat' dir='ltr'><em>David.</em></span> <span class='ocrx_word' id='word_1_247' title='bbox 922 2772 1392 2831; x_wconf 84' lang='lat' dir='ltr'><em>Convertimini</em></span> <span class='ocrx_word' id='word_1_248' title='bbox 1428 2780 1488 2831; x_wconf 88' lang='lat' dir='ltr'><em>et</em></span> <span class='ocrx_word' id='word_1_249' title='bbox 1532 2772 1875 2848; x_wconf 81' lang='lat' dir='ltr'><em>interficite</em></span> 
     </span>
     <span class='ocr_line' id='line_1_35' title="bbox 368 2870 1877 2933; baseline -0.002 0"><span class='ocrx_word' id='word_1_250' title='bbox 368 2874 729 2933; x_wconf 74' lang='lat' dir='ltr'><em>sacerdotes</em></span> <span class='ocrx_word' id='word_1_251' title='bbox 748 2871 1029 2931; x_wconf 81' lang='lat' dir='ltr'><em>Domini.</em></span> <span class='ocrx_word' id='word_1_252' title='bbox 1046 2870 1215 2930; x_wconf 87' lang='lat' dir='ltr'><em>Nam</em></span> <span class='ocrx_word' id='word_1_253' title='bbox 1242 2888 1475 2928; x_wconf 88' lang='lat' dir='ltr'><em>manus</em></span> <span class='ocrx_word' id='word_1_254' title='bbox 1494 2889 1713 2928; x_wconf 85' lang='lat' dir='ltr'><em>eorum</em></span> <span class='ocrx_word' id='word_1_255' title='bbox 1733 2889 1877 2930; x_wconf 86' lang='lat' dir='ltr'><em>cum</em></span> 
     </span>
     <span class='ocr_line' id='line_1_36' title="bbox 371 2966 1874 3044; baseline -0.002 -14"><span class='ocrx_word' id='word_1_256' title='bbox 371 2971 603 3030; x_wconf 85' lang='lat' dir='ltr'><em>David</em></span> <span class='ocrx_word' id='word_1_257' title='bbox 641 2978 758 3038; x_wconf 86' lang='lat' dir='ltr'><em>est,</em></span> <span class='ocrx_word' id='word_1_258' title='bbox 786 2969 1053 3027; x_wconf 84' lang='lat' dir='ltr'><em>scientes</em></span> <span class='ocrx_word' id='word_1_259' title='bbox 1096 2969 1269 3044; x_wconf 76' lang='lat' dir='ltr'><em>quod</em></span> <span class='ocrx_word' id='word_1_260' title='bbox 1311 2966 1603 3043; x_wconf 69' lang='lat' dir='ltr'><em>fuqisset,</em></span> <span class='ocrx_word' id='word_1_261' title='bbox 1636 2975 1696 3026; x_wconf 88' lang='lat' dir='ltr'><em>et</em></span> <span class='ocrx_word' id='word_1_262' title='bbox 1744 2987 1874 3027; x_wconf 86' lang='lat' dir='ltr'><em>non</em></span> 
     </span>
    </p>
   </div>
   <div class='ocr_carea' id='block_1_7' title="bbox 1978 1980 3474 2658">
    <p class='ocr_par' dir='ltr' id='par_1_7' title="bbox 1978 1980 3474 2658">
     <span class='ocr_line' id='line_1_37' title="bbox 1978 1980 3465 2057; baseline 0.005 -19"><span class='ocrx_word' id='word_1_263' title='bbox 1978 1980 2113 2056; x_wconf 78' lang='lat' dir='ltr'><em>filii</em></span> <span class='ocrx_word' id='word_1_264' title='bbox 2141 1980 2434 2050; x_wconf 75' lang='lat' dir='ltr'><em>Ackitob‚</em></span> <span class='ocrx_word' id='word_1_265' title='bbox 2465 1981 2652 2057; x_wconf 80' lang='lat' dir='ltr'><em>cujus</em></span> <span class='ocrx_word' id='word_1_266' title='bbox 2681 2000 2912 2041; x_wconf 85' lang='lat' dir='ltr'><em>nomen</em></span> <span class='ocrx_word' id='word_1_267' title='bbox 2949 1993 3088 2043; x_wconf 82' lang='lat' dir='ltr'><em>erat</em></span> <span class='ocrx_word' id='word_1_268' title='bbox 3117 1985 3465 2054; x_wconf 72' lang='lat' dir='ltr'><em>Abiatltar,</em></span> 
     </span>
     <span class='ocr_line' id='line_1_38' title="bbox 1980 2077 3466 2164; baseline 0.007 -28"><span class='ocrx_word' id='word_1_269' title='bbox 1980 2077 2157 2155; x_wconf 70' lang='lat' dir='ltr'><em>fuyit</em></span> <span class='ocrx_word' id='word_1_270' title='bbox 2176 2081 2264 2138; x_wconf 82' lang='lat' dir='ltr'><em>ad</em></span> <span class='ocrx_word' id='word_1_271' title='bbox 2284 2079 2512 2138; x_wconf 85' lang='lat' dir='ltr'><em>David.</em></span> <span class='ocrx_word' id='word_1_272' title='bbox 2531 2077 2604 2144; x_wconf 77' lang='lat' dir='ltr'><em>Et</em></span> <span class='ocrx_word' id='word_1_273' title='bbox 2634 2077 2780 2140; x_wconf 86' lang='lat' dir='ltr'><em>tulit</em></span> <span class='ocrx_word' id='word_1_274' title='bbox 2807 2097 3018 2141; x_wconf 90' lang='lat' dir='ltr'><em>secum</em></span> <span class='ocrx_word' id='word_1_275' title='bbox 3050 2081 3466 2164; x_wconf 89' lang='lat' dir='ltr'><em>eph0d‚quod</em></span> 
     </span>
     <span class='ocr_line' id='line_1_39' title="bbox 1984 2175 3470 2258; baseline 0.005 -22"><span class='ocrx_word' id='word_1_276' title='bbox 1984 2175 2222 2258; x_wconf 85' lang='lat' dir='ltr'><em>Moyses</em></span> <span class='ocrx_word' id='word_1_277' title='bbox 2252 2175 2398 2238; x_wconf 84' lang='lat' dir='ltr'><em>fieri</em></span> <span class='ocrx_word' id='word_1_278' title='bbox 2431 2175 2603 2254; x_wconf 85' lang='lat' dir='ltr'><em>fecit,</em></span> <span class='ocrx_word' id='word_1_279' title='bbox 2643 2184 2712 2238; x_wconf 87' lang='lat' dir='ltr'><em>ut</em></span> <span class='ocrx_word' id='word_1_280' title='bbox 2752 2177 2815 2238; x_wconf 91' lang='lat' dir='ltr'><em>in</em></span> <span class='ocrx_word' id='word_1_281' title='bbox 2849 2177 3236 2242; x_wconf 81' lang='lat' dir='ltr'><em>Scholastica</em></span> <span class='ocrx_word' id='word_1_282' title='bbox 3274 2181 3470 2245; x_wconf 89' lang='lat' dir='ltr'><em>histo-</em></span> 
     </span>
     <span class='ocr_line' id='line_1_40' title="bbox 1987 2273 3470 2362; baseline 0.006 -28"><span class='ocrx_word' id='word_1_283' title='bbox 1987 2274 2081 2336; x_wconf 89' lang='lat' dir='ltr'><em>ria</em></span> <span class='ocrx_word' id='word_1_284' title='bbox 2126 2273 2348 2351; x_wconf 84' lang='lat' dir='ltr'><em>fertur,</em></span> <span class='ocrx_word' id='word_1_285' title='bbox 2382 2283 2445 2337; x_wconf 87' lang='lat' dir='ltr'><em>et</em></span> <span class='ocrx_word' id='word_1_286' title='bbox 2483 2275 2715 2357; x_wconf 91' lang='lat' dir='ltr'><em>partim</em></span> <span class='ocrx_word' id='word_1_287' title='bbox 2755 2275 2821 2337; x_wconf 89' lang='lat' dir='ltr'><em>in</em></span> <span class='ocrx_word' id='word_1_288' title='bbox 2861 2279 3151 2359; x_wconf 81' lang='lat' dir='ltr'><em>sequenti</em></span> <span class='ocrx_word' id='word_1_289' title='bbox 3190 2279 3470 2362; x_wconf 90' lang='lat' dir='ltr'><em>capitulo</em></span> 
     </span>
     <span class='ocr_line' id='line_1_41' title="bbox 1987 2373 3472 2456; baseline 0.003 -22"><span class='ocrx_word' id='word_1_290' title='bbox 1987 2373 2285 2453; x_wconf 83' lang='lat' dir='ltr'><em>tangitur.</em></span> <span class='ocrx_word' id='word_1_291' title='bbox 2321 2377 2404 2435; x_wconf 84' lang='lat' dir='ltr'><em>E&#39;t</em></span> <span class='ocrx_word' id='word_1_292' title='bbox 2447 2377 2784 2436; x_wconf 82' lang='lat' dir='ltr'><em>nuntiavit</em></span> <span class='ocrx_word' id='word_1_293' title='bbox 2820 2377 2903 2448; x_wconf 86' lang='lat' dir='ltr'><em>ei,</em></span> <span class='ocrx_word' id='word_1_294' title='bbox 2937 2381 3108 2456; x_wconf 82' lang='lat' dir='ltr'><em>quod</em></span> <span class='ocrx_word' id='word_1_295' title='bbox 3149 2380 3472 2440; x_wconf 81' lang='lat' dir='ltr'><em>occidisset</em></span> 
     </span>
     <span class='ocr_line' id='line_1_42' title="bbox 1982 2476 3474 2540; baseline 0.004 -6"><span class='ocrx_word' id='word_1_296' title='bbox 1982 2477 2151 2534; x_wconf 83' lang='lat' dir='ltr'><em>Saul</em></span> <span class='ocrx_word' id='word_1_297' title='bbox 2176 2477 2527 2534; x_wconf 83' lang='lat' dir='ltr'><em>sacerdotes</em></span> <span class='ocrx_word' id='word_1_298' title='bbox 2555 2476 2845 2536; x_wconf 79' lang='lat' dir='ltr'><em>Domini.</em></span> <span class='ocrx_word' id='word_1_299' title='bbox 2881 2479 2964 2538; x_wconf 81' lang='lat' dir='ltr'><em>Et</em></span> <span class='ocrx_word' id='word_1_300' title='bbox 2999 2478 3098 2536; x_wconf 85' lang='lat' dir='ltr'><em>ait</em></span> <span class='ocrx_word' id='word_1_301' title='bbox 3127 2481 3348 2539; x_wconf 82' lang='lat' dir='ltr'><em>David</em></span> <span class='ocrx_word' id='word_1_302' title='bbox 3385 2483 3474 2540; x_wconf 82' lang='lat' dir='ltr'><em>ad</em></span> 
     </span>
     <span class='ocr_line' id='line_1_43' title="bbox 1984 2574 3473 2658; baseline 0.003 -24"><span class='ocrx_word' id='word_1_303' title='bbox 1984 2574 2344 2634; x_wconf 79' lang='lat' dir='ltr'><em>Abiatkar:</em></span> <span class='ocrx_word' id='word_1_304' title='bbox 2365 2574 2656 2634; x_wconf 82' lang='lat' dir='ltr'><em>Sciebam</em></span> <span class='ocrx_word' id='word_1_305' title='bbox 2686 2577 2864 2636; x_wconf 84' lang='lat' dir='ltr'><em>enim</em></span> <span class='ocrx_word' id='word_1_306' title='bbox 2893 2577 2964 2635; x_wconf 87' lang='lat' dir='ltr'><em>in</em></span> <span class='ocrx_word' id='word_1_307' title='bbox 2995 2577 3103 2636; x_wconf 87' lang='lat' dir='ltr'><em>die</em></span> <span class='ocrx_word' id='word_1_308' title='bbox 3132 2577 3280 2647; x_wconf 86' lang='lat' dir='ltr'><em>itta,</em></span> <span class='ocrx_word' id='word_1_309' title='bbox 3301 2582 3473 2658; x_wconf 82' lang='lat' dir='ltr'><em>quod</em></span> 
     </span>
    </p>
   </div>
   <div class='ocr_carea' id='block_1_8' title="bbox 1984 2673 3762 2760">
    <p class='ocr_par' dir='ltr' id='par_1_8' title="bbox 1984 2673 3762 2760">
     <span class='ocr_line' id='line_1_44' title="bbox 1984 2673 3762 2760; baseline 0.006 -30"><span class='ocrx_word' id='word_1_310' title='bbox 1984 2692 2187 2749; x_wconf 80' lang='lat' dir='ltr'><em>quum</em></span> <span class='ocrx_word' id='word_1_311' title='bbox 2217 2673 2312 2731; x_wconf 89' lang='lat' dir='ltr'><em>ibi</em></span> <span class='ocrx_word' id='word_1_312' title='bbox 2338 2681 2489 2732; x_wconf 88' lang='lat' dir='ltr'><em>esset</em></span> <span class='ocrx_word' id='word_1_313' title='bbox 2518 2675 2688 2750; x_wconf 73' lang='lat' dir='ltr'><em>Doey</em></span> <span class='ocrx_word' id='word_1_314' title='bbox 2717 2676 3073 2743; x_wconf 66' lang='lat' dir='ltr'><em>Idumaeas,</em></span> <span class='ocrx_word' id='word_1_315' title='bbox 3101 2680 3328 2752; x_wconf 81' lang='lat' dir='ltr'><em>procul</em></span> <span class='ocrx_word' id='word_1_316' title='bbox 3352 2680 3472 2736; x_wconf 87' lang='lat' dir='ltr'><em>du·</em></span> <span class='ocrx_word' id='word_1_317' title='bbox 3527 2701 3762 2760; x_wconf 41' lang='lat' dir='ltr'><em>mam,</em></span> 
     </span>
    </p>
   </div>
   <div class='ocr_carea' id='block_1_9' title="bbox 1986 2767 3539 3048">
    <p class='ocr_par' dir='ltr' id='par_1_9' title="bbox 1986 2767 3539 3048">
     <span class='ocr_line' id='line_1_45' title="bbox 1986 2767 3539 2850; baseline 0.006 -22"><span class='ocrx_word' id='word_1_318' title='bbox 1986 2771 2085 2828; x_wconf 89' lang='lat' dir='ltr'><em>bio</em></span> <span class='ocrx_word' id='word_1_319' title='bbox 2127 2772 2555 2831; x_wconf 78' lang='lat' dir='ltr'><em>annuntiaret</em></span> <span class='ocrx_word' id='word_1_320' title='bbox 2597 2773 2818 2840; x_wconf 83' lang='lat' dir='ltr'><em>Sauli,</em></span> <span class='ocrx_word' id='word_1_321' title='bbox 2848 2789 2950 2834; x_wconf 90' lang='lat' dir='ltr'><em>me</em></span> <span class='ocrx_word' id='word_1_322' title='bbox 2997 2771 3088 2833; x_wconf 91' lang='lat' dir='ltr'><em>ibi</em></span> <span class='ocrx_word' id='word_1_323' title='bbox 3136 2771 3357 2850; x_wconf 84' lang='lat' dir='ltr'><em>fuisse,</em></span> <span class='ocrx_word' id='word_1_324' title='bbox 3405 2783 3468 2838; x_wconf 88' lang='lat' dir='ltr'><em>et</em></span> <span class='ocrx_word' id='word_1_325' title='bbox 3499 2767 3539 2809; x_wconf 90' lang='lat'><em>⁷·</em></span> 
     </span>
     <span class='ocr_line' id='line_1_46' title="bbox 1986 2865 3471 2953; baseline 0.005 -24"><span class='ocrx_word' id='word_1_326' title='bbox 1986 2874 2196 2930; x_wconf 86' lang='lat' dir='ltr'><em>cetera</em></span> <span class='ocrx_word' id='word_1_327' title='bbox 2224 2865 2311 2928; x_wconf 90' lang='lat' dir='ltr'><em>ibi</em></span> <span class='ocrx_word' id='word_1_328' title='bbox 2342 2875 2540 2947; x_wconf 83' lang='lat' dir='ltr'><em>gesta.</em></span> <span class='ocrx_word' id='word_1_329' title='bbox 2572 2866 2837 2941; x_wconf 86' lang='lat' dir='ltr'><em>Quidam</em></span> <span class='ocrx_word' id='word_1_330' title='bbox 2865 2869 3106 2948; x_wconf 89' lang='lat' dir='ltr'><em>dicunt,</em></span> <span class='ocrx_word' id='word_1_331' title='bbox 3141 2873 3313 2953; x_wconf 89' lang='lat' dir='ltr'><em>quod</em></span> <span class='ocrx_word' id='word_1_332' title='bbox 3347 2873 3471 2936; x_wconf 88' lang='lat' dir='ltr'><em>Sci·</em></span> 
     </span>
     <span class='ocr_line' id='line_1_47' title="bbox 1986 2965 3476 3048; baseline 0.005 -22"><span class='ocrx_word' id='word_1_333' title='bbox 1986 2984 2055 3028; x_wconf 89' lang='lat' dir='ltr'><em>re</em></span> <span class='ocrx_word' id='word_1_334' title='bbox 2083 2965 2331 3046; x_wconf 78' lang='lat' dir='ltr'><em>capitur</em></span> <span class='ocrx_word' id='word_1_335' title='bbox 2363 2965 2466 3028; x_wconf 88' lang='lat' dir='ltr'><em>hic</em></span> <span class='ocrx_word' id='word_1_336' title='bbox 2506 2985 2621 3047; x_wconf 90' lang='lat' dir='ltr'><em>pro</em></span> <span class='ocrx_word' id='word_1_337' title='bbox 2649 2966 3012 3048; x_wconf 84' lang='lat' dir='ltr'><em>Conjicere3</em></span> <span class='ocrx_word' id='word_1_338' title='bbox 3058 2970 3166 3032; x_wconf 91' lang='lat' dir='ltr'><em>sed</em></span> <span class='ocrx_word' id='word_1_339' title='bbox 3214 2989 3342 3033; x_wconf 91' lang='lat' dir='ltr'><em>non</em></span> <span class='ocrx_word' id='word_1_340' title='bbox 3382 2972 3476 3036; x_wconf 88' lang='lat' dir='ltr'><em>vi-</em></span> 
     </span>
    </p>
   </div>
   <div class='ocr_carea' id='block_1_10' title="bbox 370 3063 3471 3154">
    <p class='ocr_par' dir='ltr' id='par_1_10' title="bbox 370 3063 3471 3154">
     <span class='ocr_line' id='line_1_48' title="bbox 370 3063 3471 3154; baseline 0.002 -24"><span class='ocrx_word' id='word_1_341' title='bbox 370 3070 847 3130; x_wconf 79' lang='lat' dir='ltr'><em>indicaverunt</em></span> <span class='ocrx_word' id='word_1_342' title='bbox 880 3066 1069 3126; x_wconf 74' lang='lat' dir='ltr'><em>milti.</em></span> <span class='ocrx_word' id='word_1_343' title='bbox 1106 3066 1474 3125; x_wconf 81' lang='lat' dir='ltr'><em>Noluerunt</em></span> <span class='ocrx_word' id='word_1_344' title='bbox 1504 3074 1720 3126; x_wconf 86' lang='lat' dir='ltr'><em>autem</em></span> <span class='ocrx_word' id='word_1_345' title='bbox 1749 3085 1877 3126; x_wconf 83' lang='lat' dir='ltr'><em>ser·</em></span> <span class='ocrx_word' id='word_1_346' title='bbox 1910 3063 1954 3128; x_wconf 93' lang='lat' dir='ltr'>C</span> <span class='ocrx_word' id='word_1_347' title='bbox 1984 3064 2189 3140; x_wconf 86' lang='lat' dir='ltr'><em>detur,</em></span> <span class='ocrx_word' id='word_1_348' title='bbox 2209 3083 2408 3145; x_wconf 92' lang='lat' dir='ltr'><em>quum</em></span> <span class='ocrx_word' id='word_1_349' title='bbox 2439 3063 2635 3127; x_wconf 86' lang='lat' dir='ltr'><em>David</em></span> <span class='ocrx_word' id='word_1_350' title='bbox 2667 3072 2953 3144; x_wconf 85' lang='lat' dir='ltr'><em>testetur,</em></span> <span class='ocrx_word' id='word_1_351' title='bbox 2980 3067 3268 3133; x_wconf 83' lang='lat' dir='ltr'><em>Sciebam</em></span> <span class='ocrx_word' id='word_1_352' title='bbox 3299 3073 3471 3154; x_wconf 89' lang='lat' dir='ltr'><em>quod</em></span> 
     </span>
    </p>
   </div>
   <div class='ocr_carea' id='block_1_11' title="bbox 368 3162 1878 3737">
    <p class='ocr_par' dir='ltr' id='par_1_11' title="bbox 368 3162 1878 3737">
     <span class='ocr_line' id='line_1_49' title="bbox 368 3162 1870 3244; baseline -0.002 -16"><span class='ocrx_word' id='word_1_353' title='bbox 368 3170 442 3228; x_wconf 83' lang='lat' dir='ltr'><em>vi</em></span> <span class='ocrx_word' id='word_1_354' title='bbox 470 3168 651 3244; x_wconf 73' lang='lat' dir='ltr'><em>reyis</em></span> <span class='ocrx_word' id='word_1_355' title='bbox 680 3164 997 3228; x_wconf 85' lang='lat' dir='ltr'><em>emissarii</em></span> <span class='ocrx_word' id='word_1_356' title='bbox 1036 3170 1099 3225; x_wconf 89' lang='lat' dir='ltr'><em>et</em></span> <span class='ocrx_word' id='word_1_357' title='bbox 1140 3162 1254 3244; x_wconf 90' lang='lat' dir='ltr'><em>qui</em></span> <span class='ocrx_word' id='word_1_358' title='bbox 1298 3162 1493 3225; x_wconf 89' lang='lat' dir='ltr'><em>Deum</em></span> <span class='ocrx_word' id='word_1_359' title='bbox 1540 3163 1870 3240; x_wconf 84' lang='lat' dir='ltr'><em>timebant,</em></span> 
     </span>
     <span class='ocr_line' id='line_1_50' title="bbox 370 3262 1877 3328; baseline -0.005 0"><span class='ocrx_word' id='word_1_360' title='bbox 370 3286 619 3328; x_wconf 81' lang='lat' dir='ltr'><em>manus</em></span> <span class='ocrx_word' id='word_1_361' title='bbox 646 3284 800 3325; x_wconf 83' lang='lat' dir='ltr'><em>suas</em></span> <span class='ocrx_word' id='word_1_362' title='bbox 826 3264 1167 3324; x_wconf 74' lang='lat' dir='ltr'><em>eoetendere</em></span> <span class='ocrx_word' id='word_1_363' title='bbox 1194 3262 1267 3322; x_wconf 84' lang='lat' dir='ltr'><em>in</em></span> <span class='ocrx_word' id='word_1_364' title='bbox 1295 3265 1643 3322; x_wconf 83' lang='lat' dir='ltr'><em>sacerdotes</em></span> <span class='ocrx_word' id='word_1_365' title='bbox 1662 3264 1877 3323; x_wconf 87' lang='lat' dir='ltr'><em>Domi·</em></span> 
     </span>
     <span class='ocr_line' id='line_1_51' title="bbox 370 3360 1876 3445; baseline -0.001 -20"><span class='ocrx_word' id='word_1_366' title='bbox 370 3366 451 3425; x_wconf 78' lang='lat' dir='ltr'><em>ni</em></span> <span class='ocrx_word' id='word_1_367' title='bbox 461 3363 659 3445; x_wconf 87' lang='lat' dir='ltr'><em>:quia</em></span> <span class='ocrx_word' id='word_1_368' title='bbox 678 3361 985 3425; x_wconf 83' lang='lat' dir='ltr'><em>videbant</em></span> <span class='ocrx_word' id='word_1_369' title='bbox 1016 3378 1229 3442; x_wconf 87' lang='lat' dir='ltr'><em>regem</em></span> <span class='ocrx_word' id='word_1_370' title='bbox 1262 3360 1657 3441; x_wconf 87' lang='lat' dir='ltr'><em>apertissime</em></span> <span class='ocrx_word' id='word_1_371' title='bbox 1677 3360 1876 3425; x_wconf 86' lang='lat' dir='ltr'><em>devia-</em></span> 
     </span>
     <span class='ocr_line' id='line_1_52' title="bbox 374 3458 1875 3546; baseline -0.001 -21"><span class='ocrx_word' id='word_1_372' title='bbox 374 3484 447 3528; x_wconf 88' lang='lat' dir='ltr'><em>re</em></span> <span class='ocrx_word' id='word_1_373' title='bbox 476 3472 677 3543; x_wconf 84' lang='lat' dir='ltr'><em>atque</em></span> <span class='ocrx_word' id='word_1_374' title='bbox 704 3458 1052 3546; x_wconf 77' lang='lat' dir='ltr'><em>enormiter</em></span> <span class='ocrx_word' id='word_1_375' title='bbox 1075 3458 1490 3541; x_wconf 83' lang='lat' dir='ltr'><em>tyrannizare.</em></span> <span class='ocrx_word' id='word_1_376' title='bbox 1512 3458 1875 3523; x_wconf 85' lang='lat' dir='ltr'><em>Sacerdotes</em></span> 
     </span>
     <span class='ocr_line' id='line_1_53' title="bbox 372 3556 1876 3645; baseline -0.003 -21"><span class='ocrx_word' id='word_1_377' title='bbox 372 3580 645 3645; x_wconf 84' lang='lat' dir='ltr'><em>quoque</em></span> <span class='ocrx_word' id='word_1_378' title='bbox 692 3568 993 3640; x_wconf 90' lang='lat' dir='ltr'><em>tanquam</em></span> <span class='ocrx_word' id='word_1_379' title='bbox 1044 3565 1290 3639; x_wconf 88' lang='lat' dir='ltr'><em>partem</em></span> <span class='ocrx_word' id='word_1_380' title='bbox 1334 3556 1443 3619; x_wconf 90' lang='lat' dir='ltr'><em>Dei</em></span> <span class='ocrx_word' id='word_1_381' title='bbox 1491 3557 1876 3638; x_wconf 89' lang='lat' dir='ltr'><em>peculiarem</em></span> 
     </span>
     <span class='ocr_line' id='line_1_54' title="bbox 376 3656 1878 3737; baseline -0.004 -11"><span class='ocrx_word' id='word_1_382' title='bbox 376 3658 821 3726; x_wconf 79' lang='lat' dir='ltr'><em>formidabant</em></span> <span class='ocrx_word' id='word_1_383' title='bbox 852 3656 1113 3737; x_wconf 84' lang='lat' dir='ltr'><em>indigne</em></span> <span class='ocrx_word' id='word_1_384' title='bbox 1144 3663 1431 3731; x_wconf 86' lang='lat' dir='ltr'><em>tractare,</em></span> <span class='ocrx_word' id='word_1_385' title='bbox 1454 3674 1535 3718; x_wconf 89' lang='lat' dir='ltr'><em>ne</em></span> <span class='ocrx_word' id='word_1_386' title='bbox 1561 3656 1626 3717; x_wconf 90' lang='lat' dir='ltr'><em>in</em></span> <span class='ocrx_word' id='word_1_387' title='bbox 1654 3657 1746 3719; x_wconf 88' lang='lat' dir='ltr'><em>eis</em></span> <span class='ocrx_word' id='word_1_388' title='bbox 1766 3657 1878 3720; x_wconf 92' lang='lat' dir='ltr'><em>Do-</em></span> 
     </span>
    </p>
   </div>
   <div class='ocr_carea' id='block_1_12' title="bbox 133 3752 1881 3835">
    <p class='ocr_par' dir='ltr' id='par_1_12' title="bbox 133 3752 1881 3835">
     <span class='ocr_line' id='line_1_55' title="bbox 133 3752 1881 3835; baseline 0.001 -20"><span class='ocrx_word' id='word_1_389' title='bbox 133 3777 147 3793; x_wconf 94' lang='lat'><strong>·</strong></span> <span class='ocrx_word' id='word_1_390' title='bbox 170 3774 347 3817; x_wconf 67' lang='lat' dir='ltr'><em>oure-de-</em></span> <span class='ocrx_word' id='word_1_391' title='bbox 376 3758 635 3821; x_wconf 88' lang='lat' dir='ltr'><em>minum</em></span> <span class='ocrx_word' id='word_1_392' title='bbox 669 3755 1088 3819; x_wconf 81' lang='lat' dir='ltr'><em>formidarent</em></span> <span class='ocrx_word' id='word_1_393' title='bbox 1116 3755 1141 3777; x_wconf 82' lang='lat'>*</span> <span class='ocrx_word' id='word_1_394' title='bbox 1171 3752 1543 3834; x_wconf 83' lang='lat' dir='ltr'><em>majestatiS‚</em></span> <span class='ocrx_word' id='word_1_395' title='bbox 1576 3772 1776 3835; x_wconf 86' lang='lat' dir='ltr'><em>quum</em></span> <span class='ocrx_word' id='word_1_396' title='bbox 1818 3764 1881 3819; x_wconf 90' lang='lat' dir='ltr'><em>et</em></span> 
     </span>
    </p>
   </div>
   <div class='ocr_carea' id='block_1_13' title="bbox 108 3842 186 3879">
    <p class='ocr_par' dir='ltr' id='par_1_13' title="bbox 108 3842 186 3879">
     <span class='ocr_line' id='line_1_56' title="bbox 108 3842 186 3879; baseline -0.013 0"><span class='ocrx_word' id='word_1_397' title='bbox 108 3842 186 3879; x_wconf 52' lang='lat' dir='ltr'><em>reni</em></span> 
     </span>
    </p>
   </div>
   <div class='ocr_carea' id='block_1_14' title="bbox 374 3852 1885 4235">
    <p class='ocr_par' dir='ltr' id='par_1_14' title="bbox 374 3852 1885 4235">
     <span class='ocr_line' id='line_1_57' title="bbox 378 3852 1876 3940; baseline -0.001 -21"><span class='ocrx_word' id='word_1_398' title='bbox 378 3857 507 3940; x_wconf 87' lang='lat' dir='ltr'><em>ipsi</em></span> <span class='ocrx_word' id='word_1_399' title='bbox 561 3855 923 3919; x_wconf 84' lang='lat' dir='ltr'><em>sacerdotes</em></span> <span class='ocrx_word' id='word_1_400' title='bbox 973 3852 1428 3915; x_wconf 87' lang='lat' dir='ltr'><em>intercessores</em></span> <span class='ocrx_word' id='word_1_401' title='bbox 1478 3852 1608 3914; x_wconf 91' lang='lat' dir='ltr'><em>sint</em></span> <span class='ocrx_word' id='word_1_402' title='bbox 1658 3855 1876 3936; x_wconf 89' lang='lat' dir='ltr'><em>populi</em></span> 
     </span>
     <span class='ocr_line' id='line_1_58' title="bbox 376 3951 1883 4039; baseline -0.001 -20"><span class='ocrx_word' id='word_1_403' title='bbox 376 3957 556 4039; x_wconf 85' lang='lat' dir='ltr'><em>apud</em></span> <span class='ocrx_word' id='word_1_404' title='bbox 598 3955 819 4031; x_wconf 90' lang='lat' dir='ltr'><em>Deum,</em></span> <span class='ocrx_word' id='word_1_405' title='bbox 856 3962 918 4017; x_wconf 88' lang='lat' dir='ltr'><em>et</em></span> <span class='ocrx_word' id='word_1_406' title='bbox 956 3951 1337 4014; x_wconf 87' lang='lat' dir='ltr'><em>mediatores</em></span> <span class='ocrx_word' id='word_1_407' title='bbox 1379 3951 1545 4015; x_wconf 88' lang='lat' dir='ltr'><em>inter</em></span> <span class='ocrx_word' id='word_1_408' title='bbox 1583 3952 1779 4015; x_wconf 89' lang='lat' dir='ltr'><em>Deum</em></span> <span class='ocrx_word' id='word_1_409' title='bbox 1820 3962 1883 4017; x_wconf 84' lang='lat' dir='ltr'><em>et</em></span> 
     </span>
     <span class='ocr_line' id='line_1_59' title="bbox 374 4052 1885 4134; baseline -0.003 -15"><span class='ocrx_word' id='word_1_410' title='bbox 374 4055 703 4119; x_wconf 80' lang='lat' dir='ltr'><em>homines,</em></span> <span class='ocrx_word' id='word_1_411' title='bbox 745 4053 1006 4134; x_wconf 91' lang='lat' dir='ltr'><em>Propter</em></span> <span class='ocrx_word' id='word_1_412' title='bbox 1053 4052 1225 4131; x_wconf 84' lang='lat' dir='ltr'><em>quod</em></span> <span class='ocrx_word' id='word_1_413' title='bbox 1276 4058 1579 4131; x_wconf 88' lang='lat' dir='ltr'><em>tanquam</em></span> <span class='ocrx_word' id='word_1_414' title='bbox 1625 4052 1885 4133; x_wconf 88' lang='lat' dir='ltr'><em>spiritu-</em></span> 
     </span>
     <span class='ocr_line' id='line_1_60' title="bbox 374 4149 1882 4235; baseline -0.002 -18"><span class='ocrx_word' id='word_1_415' title='bbox 374 4154 513 4217; x_wconf 86' lang='lat' dir='ltr'><em>ales</em></span> <span class='ocrx_word' id='word_1_416' title='bbox 564 4161 801 4235; x_wconf 80' lang='lat' dir='ltr'><em>patreS,</em></span> <span class='ocrx_word' id='word_1_417' title='bbox 846 4158 997 4212; x_wconf 87' lang='lat' dir='ltr'><em>sunt</em></span> <span class='ocrx_word' id='word_1_418' title='bbox 1041 4149 1405 4231; x_wconf 86' lang='lat' dir='ltr'><em>specialiter</em></span> <span class='ocrx_word' id='word_1_419' title='bbox 1453 4149 1764 4231; x_wconf 83' lang='lat' dir='ltr'><em>diligendi</em></span> <span class='ocrx_word' id='word_1_420' title='bbox 1810 4170 1882 4214; x_wconf 96' lang='lat' dir='ltr'><em>ac</em></span> 
     </span>
    </p>
   </div>
   <div class='ocr_carea' id='block_1_15' title="bbox 1983 3162 3477 4230">
    <p class='ocr_par' dir='ltr' id='par_1_15' title="bbox 1983 3162 3477 4230">
     <span class='ocr_line' id='line_1_61' title="bbox 1983 3162 3474 3252; baseline 0.007 -28"><span class='ocrx_word' id='word_1_421' title='bbox 1983 3163 2204 3245; x_wconf 91' lang='lat' dir='ltr'><em>procul</em></span> <span class='ocrx_word' id='word_1_422' title='bbox 2251 3162 2469 3239; x_wconf 90' lang='lat' dir='ltr'><em>dubio,</em></span> <span class='ocrx_word' id='word_1_423' title='bbox 2517 3172 2637 3227; x_wconf 88' lang='lat' dir='ltr'><em>etc.</em></span> <span class='ocrx_word' id='word_1_424' title='bbox 2686 3164 2924 3228; x_wconf 86' lang='lat' dir='ltr'><em>Idcirco</em></span> <span class='ocrx_word' id='word_1_425' title='bbox 2972 3178 3257 3249; x_wconf 89' lang='lat' dir='ltr'><em>apparet,</em></span> <span class='ocrx_word' id='word_1_426' title='bbox 3302 3173 3474 3252; x_wconf 90' lang='lat' dir='ltr'><em>quod</em></span> 
     </span>
     <span class='ocr_line' id='line_1_62' title="bbox 1983 3261 3472 3350; baseline 0.007 -27"><span class='ocrx_word' id='word_1_427' title='bbox 1983 3261 2178 3325; x_wconf 89' lang='lat' dir='ltr'><em>David</em></span> <span class='ocrx_word' id='word_1_428' title='bbox 2227 3261 2448 3323; x_wconf 87' lang='lat' dir='ltr'><em>debuit</em></span> <span class='ocrx_word' id='word_1_429' title='bbox 2497 3261 2708 3343; x_wconf 90' lang='lat' dir='ltr'><em>ipsum</em></span> <span class='ocrx_word' id='word_1_430' title='bbox 2751 3263 3161 3329; x_wconf 84' lang='lat' dir='ltr'><em>Achimelech</em></span> <span class='ocrx_word' id='word_1_431' title='bbox 3211 3287 3472 3350; x_wconf 82' lang='lat' dir='ltr'><em>praemo-</em></span> 
     </span>
     <span class='ocr_line' id='line_1_63' title="bbox 1985 3360 3472 3443; baseline 0.007 -21"><span class='ocrx_word' id='word_1_432' title='bbox 1985 3360 2202 3423; x_wconf 90' lang='lat' dir='ltr'><em>nuisse</em></span> <span class='ocrx_word' id='word_1_433' title='bbox 2230 3360 2309 3423; x_wconf 90' lang='lat' dir='ltr'><em>dc</em></span> <span class='ocrx_word' id='word_1_434' title='bbox 2334 3360 2709 3423; x_wconf 86' lang='lat' dir='ltr'><em>imminente</em></span> <span class='ocrx_word' id='word_1_435' title='bbox 2741 3363 3048 3443; x_wconf 90' lang='lat' dir='ltr'><em>periculo.</em></span> <span class='ocrx_word' id='word_1_436' title='bbox 3082 3364 3261 3431; x_wconf 87' lang='lat' dir='ltr'><em>Unde</em></span> <span class='ocrx_word' id='word_1_437' title='bbox 3301 3377 3364 3430; x_wconf 88' lang='lat' dir='ltr'><em>et</em></span> <span class='ocrx_word' id='word_1_438' title='bbox 3405 3390 3472 3433; x_wconf 89' lang='lat' dir='ltr'><em>se</em></span> 
     </span>
     <span class='ocr_line' id='line_1_64' title="bbox 1984 3458 3475 3547; baseline 0.005 -26"><span class='ocrx_word' id='word_1_439' title='bbox 1984 3468 2259 3535; x_wconf 88' lang='lat' dir='ltr'><em>accusat,</em></span> <span class='ocrx_word' id='word_1_440' title='bbox 2293 3458 2562 3521; x_wconf 88' lang='lat' dir='ltr'><em>dicendo</em></span> <span class='ocrx_word' id='word_1_441' title='bbox 2599 3477 2612 3520; x_wconf 74' lang='grc' dir='ltr'><strong><em>ε</em></strong></span> <span class='ocrx_word' id='word_1_442' title='bbox 2649 3462 2788 3537; x_wconf 77' lang='lat' dir='ltr'><em>Eyo</em></span> <span class='ocrx_word' id='word_1_443' title='bbox 2815 3482 2960 3523; x_wconf 89' lang='lat' dir='ltr'><em>sum</em></span> <span class='ocrx_word' id='word_1_444' title='bbox 2998 3484 3146 3524; x_wconf 88' lang='lat' dir='ltr'><em>reus</em></span> <span class='ocrx_word' id='word_1_445' title='bbox 3183 3469 3475 3547; x_wconf 85' lang='lat' dir='ltr'><em>omnium</em></span> 
     </span>
     <span class='ocr_line' id='line_1_65' title="bbox 1984 3560 3477 3637; baseline 0.006 -18"><span class='ocrx_word' id='word_1_446' title='bbox 1984 3560 2366 3619; x_wconf 85' lang='lat' dir='ltr'><em>animarum</em></span> <span class='ocrx_word' id='word_1_447' title='bbox 2393 3561 2622 3618; x_wconf 89' lang='lat' dir='ltr'><em>domus</em></span> <span class='ocrx_word' id='word_1_448' title='bbox 2644 3562 2858 3637; x_wconf 85' lang='lat' dir='ltr'><em>patris</em></span> <span class='ocrx_word' id='word_1_449' title='bbox 2891 3564 3014 3631; x_wconf 87' lang='lat' dir='ltr'><em>tui,</em></span> <span class='ocrx_word' id='word_1_450' title='bbox 3047 3562 3108 3624; x_wconf 91' lang='lat' dir='ltr'><em>id</em></span> <span class='ocrx_word' id='word_1_451' title='bbox 3157 3571 3251 3625; x_wconf 85' lang='lat' dir='ltr'><em>est</em></span> <span class='ocrx_word' id='word_1_452' title='bbox 3281 3565 3477 3627; x_wconf 87' lang='lat' dir='ltr'><em>inter-</em></span> 
     </span>
     <span class='ocr_line' id='line_1_66' title="bbox 1987 3655 3474 3745; baseline 0.006 -28"><span class='ocrx_word' id='word_1_453' title='bbox 1987 3655 2282 3719; x_wconf 82' lang='lat' dir='ltr'><em>fectionis</em></span> <span class='ocrx_word' id='word_1_454' title='bbox 2311 3656 2456 3719; x_wconf 76' lang='lat' dir='ltr'><em>vitae</em></span> <span class='ocrx_word' id='word_1_455' title='bbox 2486 3656 2684 3737; x_wconf 88' lang='lat' dir='ltr'><em>patris</em></span> <span class='ocrx_word' id='word_1_456' title='bbox 2716 3656 2808 3718; x_wconf 91' lang='lat' dir='ltr'><em>tui</em></span> <span class='ocrx_word' id='word_1_457' title='bbox 2842 3666 2904 3719; x_wconf 91' lang='lat' dir='ltr'><em>et</em></span> <span class='ocrx_word' id='word_1_458' title='bbox 2933 3669 3346 3739; x_wconf 85' lang='lat' dir='ltr'><em>cognatorum</em></span> <span class='ocrx_word' id='word_1_459' title='bbox 3382 3663 3474 3745; x_wconf 87' lang='lat' dir='ltr'><em>ip-</em></span> 
     </span>
     <span class='ocr_line' id='line_1_67' title="bbox 1988 3754 3470 3844; baseline 0.006 -27"><span class='ocrx_word' id='word_1_460' title='bbox 1988 3756 2119 3817; x_wconf 88' lang='lat' dir='ltr'><em>sius</em></span> <span class='ocrx_word' id='word_1_461' title='bbox 2156 3773 2170 3817; x_wconf 79' lang='lat' dir='ltr'><strong><em>z</em></strong></span> <span class='ocrx_word' id='word_1_462' title='bbox 2203 3756 2305 3819; x_wconf 89' lang='lat' dir='ltr'><em>vel</em></span> <span class='ocrx_word' id='word_1_463' title='bbox 2334 3754 2488 3836; x_wconf 90' lang='lat' dir='ltr'><em>quia</em></span> <span class='ocrx_word' id='word_1_464' title='bbox 2516 3754 2854 3837; x_wconf 89' lang='lat' dir='ltr'><em>culpabilis</em></span> <span class='ocrx_word' id='word_1_465' title='bbox 2896 3776 3032 3820; x_wconf 91' lang='lat' dir='ltr'><em>sum</em></span> <span class='ocrx_word' id='word_1_466' title='bbox 3069 3758 3132 3820; x_wconf 90' lang='lat' dir='ltr'><em>in</em></span> <span class='ocrx_word' id='word_1_467' title='bbox 3167 3778 3263 3837; x_wconf 88' lang='lat' dir='ltr'><em>eo,</em></span> <span class='ocrx_word' id='word_1_468' title='bbox 3298 3764 3470 3844; x_wconf 90' lang='lat' dir='ltr'><em>quod</em></span> 
     </span>
     <span class='ocr_line' id='line_1_68' title="bbox 1990 3854 3476 3943; baseline 0.006 -28"><span class='ocrx_word' id='word_1_469' title='bbox 1990 3873 2115 3917; x_wconf 91' lang='lat' dir='ltr'><em>non</em></span> <span class='ocrx_word' id='word_1_470' title='bbox 2162 3854 2478 3935; x_wconf 82' lang='lat' dir='ltr'><em>praedocui</em></span> <span class='ocrx_word' id='word_1_471' title='bbox 2521 3872 2628 3916; x_wconf 90' lang='lat' dir='ltr'><em>eos</em></span> <span class='ocrx_word' id='word_1_472' title='bbox 2670 3854 3035 3936; x_wconf 88' lang='lat' dir='ltr'><em>prudenter,</em></span> <span class='ocrx_word' id='word_1_473' title='bbox 3069 3858 3292 3921; x_wconf 88' lang='lat' dir='ltr'><em>saltem</em></span> <span class='ocrx_word' id='word_1_474' title='bbox 3333 3870 3476 3943; x_wconf 91' lang='lat' dir='ltr'><em>post</em></span> 
     </span>
     <span class='ocr_line' id='line_1_69' title="bbox 1991 3953 3475 4035; baseline 0.006 -21"><span class='ocrx_word' id='word_1_475' title='bbox 1991 3970 2589 4032; x_wconf 73' lang='lat' dir='ltr'><em>meumrecessum3</em></span> <span class='ocrx_word' id='word_1_476' title='bbox 2634 3953 2734 4016; x_wconf 80' lang='lat' dir='ltr'><em>vel</em></span> <span class='ocrx_word' id='word_1_477' title='bbox 2779 3954 2933 4035; x_wconf 90' lang='lat' dir='ltr'><em>quia</em></span> <span class='ocrx_word' id='word_1_478' title='bbox 2973 3957 3306 4021; x_wconf 87' lang='lat' dir='ltr'><em>occasione</em></span> <span class='ocrx_word' id='word_1_479' title='bbox 3348 3961 3475 4023; x_wconf 92' lang='lat' dir='ltr'><em>mei</em></span> 
     </span>
     <span class='ocr_line' id='line_1_70' title="bbox 1990 4050 3472 4137; baseline 0.007 -26"><span class='ocrx_word' id='word_1_480' title='bbox 1990 4050 2184 4112; x_wconf 90' lang='lat' dir='ltr'><em>occisi</em></span> <span class='ocrx_word' id='word_1_481' title='bbox 2216 4058 2387 4125; x_wconf 87' lang='lat' dir='ltr'><em>sunt,</em></span> <span class='ocrx_word' id='word_1_482' title='bbox 2407 4051 2495 4113; x_wconf 89' lang='lat' dir='ltr'><em>ita</em></span> <span class='ocrx_word' id='word_1_483' title='bbox 2515 4053 2685 4133; x_wconf 93' lang='lat' dir='ltr'><em>quod</em></span> <span class='ocrx_word' id='word_1_484' title='bbox 2708 4072 2851 4114; x_wconf 90' lang='lat' dir='ltr'><em>sum</em></span> <span class='ocrx_word' id='word_1_485' title='bbox 2881 4072 3072 4116; x_wconf 86' lang='lat' dir='ltr'><em>causa</em></span> <span class='ocrx_word' id='word_1_486' title='bbox 3101 4058 3472 4137; x_wconf 87' lang='lat' dir='ltr'><em>materialis,</em></span> 
     </span>
     <span class='ocr_line' id='line_1_71' title="bbox 1990 4148 3475 4230; baseline 0.006 -19"><span class='ocrx_word' id='word_1_487' title='bbox 1990 4148 2073 4211; x_wconf 91' lang='lat' dir='ltr'><em>ob</em></span> <span class='ocrx_word' id='word_1_488' title='bbox 2102 4168 2297 4230; x_wconf 90' lang='lat' dir='ltr'><em>quam</em></span> <span class='ocrx_word' id='word_1_489' title='bbox 2329 4157 2477 4210; x_wconf 89' lang='lat' dir='ltr'><em>sunt</em></span> <span class='ocrx_word' id='word_1_490' title='bbox 2509 4149 2851 4214; x_wconf 82' lang='lat' dir='ltr'><em>interfecti.</em></span> <span class='ocrx_word' id='word_1_491' title='bbox 2882 4154 3072 4213; x_wconf 86' lang='lat' dir='ltr'><em>Mane</em></span> <span class='ocrx_word' id='word_1_492' title='bbox 3102 4174 3370 4229; x_wconf 82' lang='lat' dir='ltr'><em>mecum,</em></span> <span class='ocrx_word' id='word_1_493' title='bbox 3395 4180 3475 4220; x_wconf 86' lang='lat' dir='ltr'><em>ne</em></span> 
     </span>
    </p>
   </div>
   <div class='ocr_carea' id='block_1_16' title="bbox 375 4249 3479 4328">
    <p class='ocr_par' dir='ltr' id='par_1_16' title="bbox 375 4249 3479 4328">
     <span class='ocr_line' id='line_1_72' title="bbox 375 4249 3479 4328; baseline 0.001 -13"><span class='ocrx_word' id='word_1_494' title='bbox 375 4250 769 4319; x_wconf 82' lang='lat' dir='ltr'><em>honorandi.</em></span> <span class='ocrx_word' id='word_1_495' title='bbox 793 4251 880 4310; x_wconf 87' lang='lat' dir='ltr'><em>Et</em></span> <span class='ocrx_word' id='word_1_496' title='bbox 912 4252 1009 4308; x_wconf 89' lang='lat' dir='ltr'><em>ait</em></span> <span class='ocrx_word' id='word_1_497' title='bbox 1030 4269 1147 4308; x_wconf 74' lang='lat' dir='ltr'><em>rex</em></span> <span class='ocrx_word' id='word_1_498' title='bbox 1176 4252 1264 4309; x_wconf 84' lang='lat' dir='ltr'><em>ad</em></span> <span class='ocrx_word' id='word_1_499' title='bbox 1294 4251 1464 4324; x_wconf 74' lang='lat' dir='ltr'><em>Doey</em></span> <span class='ocrx_word' id='word_1_500' title='bbox 1496 4269 1518 4307; x_wconf 88' lang='grc'><em>.·</em></span> <span class='ocrx_word' id='word_1_501' title='bbox 1556 4254 1883 4311; x_wconf 84' lang='lat' dir='ltr'><em>Converte-</em></span> <span class='ocrx_word' id='word_1_502' title='bbox 1910 4254 1958 4315; x_wconf 93' lang='lat' dir='ltr'><em>D</em></span> <span class='ocrx_word' id='word_1_503' title='bbox 1994 4250 2238 4309; x_wconf 88' lang='lat' dir='ltr'><em>timeas.</em></span> <span class='ocrx_word' id='word_1_504' title='bbox 2275 4249 2354 4309; x_wconf 88' lang='lat' dir='ltr'><em>Si</em></span> <span class='ocrx_word' id='word_1_505' title='bbox 2381 4250 2527 4328; x_wconf 81' lang='lat' dir='ltr'><em>quis</em></span> <span class='ocrx_word' id='word_1_506' title='bbox 2556 4250 2881 4327; x_wconf 81' lang='lat' dir='ltr'><em>quaesierit</em></span> <span class='ocrx_word' id='word_1_507' title='bbox 2911 4253 3205 4313; x_wconf 88' lang='lat' dir='ltr'><em>animam</em></span> <span class='ocrx_word' id='word_1_508' title='bbox 3245 4276 3479 4328; x_wconf 85' lang='lat' dir='ltr'><em>meam,</em></span> 
     </span>
    </p>
   </div>
   <div class='ocr_carea' id='block_1_17' title="bbox 374 4348 1885 5114">
    <p class='ocr_par' dir='ltr' id='par_1_17' title="bbox 374 4348 1885 5114">
     <span class='ocr_line' id='line_1_73' title="bbox 375 4348 1881 4422; baseline -0.001 -11"><span class='ocrx_word' id='word_1_509' title='bbox 375 4372 469 4422; x_wconf 83' lang='lat' dir='ltr'><em>re,</em></span> <span class='ocrx_word' id='word_1_510' title='bbox 508 4360 611 4419; x_wconf 87' lang='lat' dir='ltr'><em>tu,</em></span> <span class='ocrx_word' id='word_1_511' title='bbox 630 4357 691 4408; x_wconf 87' lang='lat' dir='ltr'><em>et</em></span> <span class='ocrx_word' id='word_1_512' title='bbox 722 4350 907 4408; x_wconf 86' lang='lat' dir='ltr'><em>irrue</em></span> <span class='ocrx_word' id='word_1_513' title='bbox 926 4348 1007 4407; x_wconf 56' lang='lat' dir='ltr'><em>⁴in</em></span> <span class='ocrx_word' id='word_1_514' title='bbox 1036 4349 1386 4406; x_wconf 85' lang='lat' dir='ltr'><em>sacerdotes</em></span> <span class='ocrx_word' id='word_1_515' title='bbox 1412 4348 1699 4408; x_wconf 83' lang='lat' dir='ltr'><em>Domini.</em></span> <span class='ocrx_word' id='word_1_516' title='bbox 1726 4351 1881 4409; x_wconf 90' lang='lat' dir='ltr'><em>Con-</em></span> 
     </span>
     <span class='ocr_line' id='line_1_74' title="bbox 376 4445 1882 4527; baseline -0.003 -17"><span class='ocrx_word' id='word_1_517' title='bbox 376 4468 731 4527; x_wconf 80' lang='lat' dir='ltr'><em>versusque</em></span> <span class='ocrx_word' id='word_1_518' title='bbox 759 4449 930 4522; x_wconf 75' lang='lat' dir='ltr'><em>Doey</em></span> <span class='ocrx_word' id='word_1_519' title='bbox 958 4447 1311 4512; x_wconf 82' lang='lat' dir='ltr'><em>Idumoeus,</em></span> <span class='ocrx_word' id='word_1_520' title='bbox 1346 4445 1551 4505; x_wconf 86' lang='lat' dir='ltr'><em>irruit</em></span> <span class='ocrx_word' id='word_1_521' title='bbox 1582 4446 1655 4505; x_wconf 83' lang='lat' dir='ltr'><em>in</em></span> <span class='ocrx_word' id='word_1_522' title='bbox 1684 4466 1882 4505; x_wconf 88' lang='lat' dir='ltr'><em>sacer-</em></span> 
     </span>
     <span class='ocr_line' id='line_1_75' title="bbox 374 4544 1881 4621; baseline -0.002 -13"><span class='ocrx_word' id='word_1_523' title='bbox 374 4552 587 4615; x_wconf 83' lang='lat' dir='ltr'><em>dotes,</em></span> <span class='ocrx_word' id='word_1_524' title='bbox 615 4555 676 4605; x_wconf 92' lang='lat' dir='ltr'><em>et</em></span> <span class='ocrx_word' id='word_1_525' title='bbox 720 4544 1079 4605; x_wconf 84' lang='lat' dir='ltr'><em>trucidavit</em></span> <span class='ocrx_word' id='word_1_526' title='bbox 1128 4544 1201 4601; x_wconf 88' lang='lat' dir='ltr'><em>in</em></span> <span class='ocrx_word' id='word_1_527' title='bbox 1243 4544 1351 4602; x_wconf 85' lang='lat' dir='ltr'><em>die</em></span> <span class='ocrx_word' id='word_1_528' title='bbox 1396 4544 1518 4602; x_wconf 83' lang='lat' dir='ltr'><em>illa</em></span> <span class='ocrx_word' id='word_1_529' title='bbox 1562 4546 1881 4621; x_wconf 69' lang='lat' dir='ltr'><em>octoqinta</em></span> 
     </span>
     <span class='ocr_line' id='line_1_76' title="bbox 376 4640 1878 4725; baseline -0.001 -20"><span class='ocrx_word' id='word_1_530' title='bbox 376 4648 678 4725; x_wconf 77' lang='lat' dir='ltr'><em>quinque</em></span> <span class='ocrx_word' id='word_1_531' title='bbox 708 4646 881 4703; x_wconf 87' lang='lat' dir='ltr'><em>viros</em></span> <span class='ocrx_word' id='word_1_532' title='bbox 912 4643 1165 4701; x_wconf 85' lang='lat' dir='ltr'><em>vestitos</em></span> <span class='ocrx_word' id='word_1_533' title='bbox 1204 4642 1409 4716; x_wconf 71' lang='lat' dir='ltr'><em>ephod</em></span> <span class='ocrx_word' id='word_1_534' title='bbox 1439 4642 1633 4709; x_wconf 84' lang='lat' dir='ltr'><em>lineo,</em></span> <span class='ocrx_word' id='word_1_535' title='bbox 1667 4640 1728 4703; x_wconf 86' lang='lat' dir='ltr'><em>id</em></span> <span class='ocrx_word' id='word_1_536' title='bbox 1761 4649 1878 4717; x_wconf 86' lang='lat' dir='ltr'><em>est,</em></span> 
     </span>
     <span class='ocr_line' id='line_1_77' title="bbox 376 4736 1883 4825; baseline -0.003 -19"><span class='ocrx_word' id='word_1_537' title='bbox 376 4744 494 4825; x_wconf 86' lang='lat' dir='ltr'><em>qui</em></span> <span class='ocrx_word' id='word_1_538' title='bbox 529 4749 710 4805; x_wconf 82' lang='lat' dir='ltr'><em>veste</em></span> <span class='ocrx_word' id='word_1_539' title='bbox 740 4740 853 4802; x_wconf 87' lang='lat' dir='ltr'><em>tali</em></span> <span class='ocrx_word' id='word_1_540' title='bbox 884 4736 1258 4801; x_wconf 87' lang='lat' dir='ltr'><em>sacerdotali</em></span> <span class='ocrx_word' id='word_1_541' title='bbox 1293 4748 1766 4801; x_wconf 87' lang='lat' dir='ltr'><em>consueverunt</em></span> <span class='ocrx_word' id='word_1_542' title='bbox 1795 4740 1883 4801; x_wconf 86' lang='lat' dir='ltr'><em>in-</em></span> 
     </span>
     <span class='ocr_line' id='line_1_78' title="bbox 378 4836 1881 4917; baseline -0.003 -12"><span class='ocrx_word' id='word_1_543' title='bbox 378 4842 520 4917; x_wconf 90' lang='lat' dir='ltr'><em>dui,</em></span> <span class='ocrx_word' id='word_1_544' title='bbox 558 4839 662 4903; x_wconf 86' lang='lat' dir='ltr'><em>vel</em></span> <span class='ocrx_word' id='word_1_545' title='bbox 697 4838 911 4901; x_wconf 85' lang='lat' dir='ltr'><em>forsan</em></span> <span class='ocrx_word' id='word_1_546' title='bbox 946 4844 1099 4899; x_wconf 90' lang='lat' dir='ltr'><em>tunc</em></span> <span class='ocrx_word' id='word_1_547' title='bbox 1128 4843 1309 4898; x_wconf 89' lang='lat' dir='ltr'><em>erant</em></span> <span class='ocrx_word' id='word_1_548' title='bbox 1338 4855 1415 4899; x_wconf 89' lang='lat' dir='ltr'><em>ea</em></span> <span class='ocrx_word' id='word_1_549' title='bbox 1453 4836 1666 4899; x_wconf 86' lang='lat' dir='ltr'><em>vestiti</em></span> <span class='ocrx_word' id='word_1_550' title='bbox 1703 4854 1716 4897; x_wconf 77' lang='grc' dir='ltr'>ε</span> <span class='ocrx_word' id='word_1_551' title='bbox 1752 4837 1881 4901; x_wconf 90' lang='lat' dir='ltr'><em>imo</em></span> 
     </span>
     <span class='ocr_line' id='line_1_79' title="bbox 376 4934 1884 5022; baseline -0.002 -20"><span class='ocrx_word' id='word_1_552' title='bbox 376 4940 651 5022; x_wconf 86' lang='lat' dir='ltr'><em>quidam</em></span> <span class='ocrx_word' id='word_1_553' title='bbox 686 4936 1040 5011; x_wconf 79' lang='lat' dir='ltr'><em>affirmant,</em></span> <span class='ocrx_word' id='word_1_554' title='bbox 1074 4935 1244 5016; x_wconf 90' lang='lat' dir='ltr'><em>quod</em></span> <span class='ocrx_word' id='word_1_555' title='bbox 1291 4943 1606 4997; x_wconf 88' lang='lat' dir='ltr'><em>venerunt</em></span> <span class='ocrx_word' id='word_1_556' title='bbox 1650 4934 1737 4998; x_wconf 84' lang='lat' dir='ltr'><em>ita</em></span> <span class='ocrx_word' id='word_1_557' title='bbox 1776 4956 1884 4999; x_wconf 85' lang='lat' dir='ltr'><em>ve-</em></span> 
     </span>
     <span class='ocr_line' id='line_1_80' title="bbox 380 5032 1885 5114; baseline -0.004 -10"><span class='ocrx_word' id='word_1_558' title='bbox 380 5038 543 5114; x_wconf 82' lang='lat' dir='ltr'><em>stiti,</em></span> <span class='ocrx_word' id='word_1_559' title='bbox 582 5044 655 5099; x_wconf 86' lang='lat' dir='ltr'><em>ut</em></span> <span class='ocrx_word' id='word_1_560' title='bbox 687 5034 1022 5099; x_wconf 84' lang='lat' dir='ltr'><em>flecterent</em></span> <span class='ocrx_word' id='word_1_561' title='bbox 1052 5032 1341 5095; x_wconf 87' lang='lat' dir='ltr'><em>animum</em></span> <span class='ocrx_word' id='word_1_562' title='bbox 1373 5032 1539 5112; x_wconf 86' lang='lat' dir='ltr'><em>regis</em></span> <span class='ocrx_word' id='word_1_563' title='bbox 1574 5034 1739 5097; x_wconf 85' lang='lat' dir='ltr'><em>irati.</em></span> <span class='ocrx_word' id='word_1_564' title='bbox 1776 5035 1885 5099; x_wconf 93' lang='lat' dir='ltr'><em>Po-</em></span> 
     </span>
    </p>
   </div>
   <div class='ocr_carea' id='block_1_18' title="bbox 1991 4346 3481 5118">
    <p class='ocr_par' dir='ltr' id='par_1_18' title="bbox 1991 4346 3481 5118">
     <span class='ocr_line' id='line_1_81' title="bbox 1991 4346 3479 4426; baseline 0.008 -19"><span class='ocrx_word' id='word_1_565' title='bbox 1991 4356 2230 4425; x_wconf 78' lang='lat' dir='ltr'><em>quoeret</em></span> <span class='ocrx_word' id='word_1_566' title='bbox 2258 4356 2318 4406; x_wconf 86' lang='lat' dir='ltr'><em>et</em></span> <span class='ocrx_word' id='word_1_567' title='bbox 2345 4347 2639 4407; x_wconf 84' lang='lat' dir='ltr'><em>animam</em></span> <span class='ocrx_word' id='word_1_568' title='bbox 2674 4356 2878 4417; x_wconf 84' lang='lat' dir='ltr'><em>tuam,</em></span> <span class='ocrx_word' id='word_1_569' title='bbox 2900 4346 2963 4409; x_wconf 93' lang='lat' dir='ltr'><em>id</em></span> <span class='ocrx_word' id='word_1_570' title='bbox 2994 4357 3111 4426; x_wconf 89' lang='lat' dir='ltr'><em>est,</em></span> <span class='ocrx_word' id='word_1_571' title='bbox 3135 4358 3260 4412; x_wconf 89' lang='lat' dir='ltr'><em>tam</em></span> <span class='ocrx_word' id='word_1_572' title='bbox 3294 4373 3479 4419; x_wconf 90' lang='lat' dir='ltr'><em>carus</em></span> 
     </span>
     <span class='ocr_line' id='line_1_82' title="bbox 1991 4444 3481 4531; baseline 0.003 -24"><span class='ocrx_word' id='word_1_573' title='bbox 1991 4454 2053 4507; x_wconf 88' lang='lat' dir='ltr'><em>et</em></span> <span class='ocrx_word' id='word_1_574' title='bbox 2097 4444 2434 4507; x_wconf 85' lang='lat' dir='ltr'><em>familiaris</em></span> <span class='ocrx_word' id='word_1_575' title='bbox 2483 4444 2608 4505; x_wconf 87' lang='lat' dir='ltr'><em>eris</em></span> <span class='ocrx_word' id='word_1_576' title='bbox 2657 4444 2836 4521; x_wconf 63' lang='lat' dir='ltr'><em>mihi,</em></span> <span class='ocrx_word' id='word_1_577' title='bbox 2871 4446 3039 4527; x_wconf 91' lang='lat' dir='ltr'><em>quod</em></span> <span class='ocrx_word' id='word_1_578' title='bbox 3087 4448 3140 4509; x_wconf 92' lang='lat' dir='ltr'><em>si</em></span> <span class='ocrx_word' id='word_1_579' title='bbox 3184 4451 3331 4531; x_wconf 88' lang='lat' dir='ltr'><em>quis</em></span> <span class='ocrx_word' id='word_1_580' title='bbox 3369 4473 3481 4517; x_wconf 85' lang='lat' dir='ltr'><em>vo-</em></span> 
     </span>
     <span class='ocr_line' id='line_1_83' title="bbox 1993 4542 3478 4626; baseline 0.007 -21"><span class='ocrx_word' id='word_1_581' title='bbox 1993 4543 2182 4606; x_wconf 89' lang='lat' dir='ltr'><em>luerit</em></span> <span class='ocrx_word' id='word_1_582' title='bbox 2226 4542 2516 4607; x_wconf 91' lang='lat' dir='ltr'><em>occidere</em></span> <span class='ocrx_word' id='word_1_583' title='bbox 2557 4550 2637 4619; x_wconf 91' lang='lat' dir='ltr'><em>te,</em></span> <span class='ocrx_word' id='word_1_584' title='bbox 2673 4543 2761 4605; x_wconf 89' lang='lat' dir='ltr'><em>ita</em></span> <span class='ocrx_word' id='word_1_585' title='bbox 2797 4544 3105 4626; x_wconf 87' lang='lat' dir='ltr'><em>accipiam</em></span> <span class='ocrx_word' id='word_1_586' title='bbox 3146 4548 3288 4626; x_wconf 90' lang='lat' dir='ltr'><em>hoc,</em></span> <span class='ocrx_word' id='word_1_587' title='bbox 3319 4570 3391 4615; x_wconf 90' lang='lat' dir='ltr'><em>ac</em></span> <span class='ocrx_word' id='word_1_588' title='bbox 3423 4554 3478 4615; x_wconf 90' lang='lat' dir='ltr'><em>si</em></span> 
     </span>
     <span class='ocr_line' id='line_1_84' title="bbox 1992 4640 3474 4713; baseline 0.007 -10"><span class='ocrx_word' id='word_1_589' title='bbox 1992 4661 2093 4704; x_wconf 90' lang='lat' dir='ltr'><em>me</em></span> <span class='ocrx_word' id='word_1_590' title='bbox 2125 4641 2280 4703; x_wconf 88' lang='lat' dir='ltr'><em>velit</em></span> <span class='ocrx_word' id='word_1_591' title='bbox 2310 4640 2619 4703; x_wconf 84' lang='lat' dir='ltr'><em>occidere.</em></span> <span class='ocrx_word' id='word_1_592' title='bbox 2645 4640 2758 4704; x_wconf 89' lang='lat' dir='ltr'><em>Vel</em></span> <span class='ocrx_word' id='word_1_593' title='bbox 2788 4662 3012 4705; x_wconf 91' lang='lat' dir='ltr'><em>sensus</em></span> <span class='ocrx_word' id='word_1_594' title='bbox 3043 4653 3138 4707; x_wconf 89' lang='lat' dir='ltr'><em>est</em></span> <span class='ocrx_word' id='word_1_595' title='bbox 3175 4664 3188 4707; x_wconf 92' lang='lat'><strong>:</strong></span> <span class='ocrx_word' id='word_1_596' title='bbox 3224 4648 3474 4713; x_wconf 88' lang='lat' dir='ltr'><em>Erimus</em></span> 
     </span>
     <span class='ocr_line' id='line_1_85' title="bbox 1992 4739 3479 4823; baseline 0.007 -21"><span class='ocrx_word' id='word_1_597' title='bbox 1992 4741 2184 4802; x_wconf 91' lang='lat' dir='ltr'><em>unius</em></span> <span class='ocrx_word' id='word_1_598' title='bbox 2232 4739 2535 4802; x_wconf 88' lang='lat' dir='ltr'><em>consortii</em></span> <span class='ocrx_word' id='word_1_599' title='bbox 2586 4747 2649 4801; x_wconf 88' lang='lat' dir='ltr'><em>et</em></span> <span class='ocrx_word' id='word_1_600' title='bbox 2698 4758 2894 4802; x_wconf 92' lang='lat' dir='ltr'><em>unum</em></span> <span class='ocrx_word' id='word_1_601' title='bbox 2941 4741 3005 4803; x_wconf 93' lang='lat' dir='ltr'><em>in</em></span> <span class='ocrx_word' id='word_1_602' title='bbox 3055 4743 3344 4823; x_wconf 88' lang='lat' dir='ltr'><em>Domino,</em></span> <span class='ocrx_word' id='word_1_603' title='bbox 3390 4748 3479 4813; x_wconf 88' lang='lat' dir='ltr'><em>ita</em></span> 
     </span>
     <span class='ocr_line' id='line_1_86' title="bbox 1991 4836 3477 4923; baseline 0.005 -22"><span class='ocrx_word' id='word_1_604' title='bbox 1991 4840 2161 4920; x_wconf 92' lang='lat' dir='ltr'><em>quod</em></span> <span class='ocrx_word' id='word_1_605' title='bbox 2191 4838 2301 4920; x_wconf 91' lang='lat' dir='ltr'><em>qui</em></span> <span class='ocrx_word' id='word_1_606' title='bbox 2333 4836 2658 4919; x_wconf 82' lang='lat' dir='ltr'><em>quaesierit</em></span> <span class='ocrx_word' id='word_1_607' title='bbox 2688 4858 2917 4901; x_wconf 91' lang='lat' dir='ltr'><em>nocere</em></span> <span class='ocrx_word' id='word_1_608' title='bbox 2948 4840 3078 4915; x_wconf 90' lang='lat' dir='ltr'><em>uni,</em></span> <span class='ocrx_word' id='word_1_609' title='bbox 3099 4854 3342 4923; x_wconf 83' lang='lat' dir='ltr'><em>quaeret</em></span> <span class='ocrx_word' id='word_1_610' title='bbox 3371 4866 3477 4910; x_wconf 89' lang='lat' dir='ltr'><em>no-</em></span> 
     </span>
     <span class='ocr_line' id='line_1_87' title="bbox 1992 4936 3473 5025; baseline 0.006 -26"><span class='ocrx_word' id='word_1_611' title='bbox 1992 4956 2135 4999; x_wconf 88' lang='lat' dir='ltr'><em>cere</em></span> <span class='ocrx_word' id='word_1_612' title='bbox 2164 4944 2229 4999; x_wconf 83' lang='lat' dir='ltr'><em>et</em></span> <span class='ocrx_word' id='word_1_613' title='bbox 2260 4936 2464 4999; x_wconf 88' lang='lat' dir='ltr'><em>alteri.</em></span> <span class='ocrx_word' id='word_1_614' title='bbox 2499 4940 2874 5016; x_wconf 80' lang='lat' dir='ltr'><em>Mecumque</em></span> <span class='ocrx_word' id='word_1_615' title='bbox 2913 4943 3286 5013; x_wconf 82' lang='lat' dir='ltr'><em>servaberis,</em></span> <span class='ocrx_word' id='word_1_616' title='bbox 3318 4945 3473 5025; x_wconf 89' lang='lat' dir='ltr'><em>quia</em></span> 
     </span>
     <span class='ocr_line' id='line_1_88' title="bbox 1994 5035 3320 5118; baseline 0.003 -19"><span class='ocrx_word' id='word_1_617' title='bbox 1994 5054 2111 5117; x_wconf 84' lang='lat' dir='ltr'><em>ego</em></span> <span class='ocrx_word' id='word_1_618' title='bbox 2142 5035 2341 5118; x_wconf 87' lang='lat' dir='ltr'><em>etqui</em></span> <span class='ocrx_word' id='word_1_619' title='bbox 2373 5054 2625 5099; x_wconf 88' lang='lat' dir='ltr'><em>mecum</em></span> <span class='ocrx_word' id='word_1_620' title='bbox 2655 5043 2824 5111; x_wconf 90' lang='lat' dir='ltr'><em>sunt,</em></span> <span class='ocrx_word' id='word_1_621' title='bbox 2863 5044 2924 5099; x_wconf 85' lang='lat' dir='ltr'><em>te</em></span> <span class='ocrx_word' id='word_1_622' title='bbox 2951 5036 3320 5103; x_wconf 82' lang='lat' dir='ltr'><em>defendent.</em></span> 
     </span>
    </p>
   </div>
   <div class='ocr_carea' id='block_1_19' title="bbox 378 5132 1886 5419">
    <p class='ocr_par' dir='ltr' id='par_1_19' title="bbox 378 5132 1886 5419">
     <span class='ocr_line' id='line_1_89' title="bbox 380 5132 1885 5212; baseline -0.003 -11"><span class='ocrx_word' id='word_1_623' title='bbox 380 5139 514 5201; x_wconf 88' lang='lat' dir='ltr'><em>tius</em></span> <span class='ocrx_word' id='word_1_624' title='bbox 562 5144 779 5199; x_wconf 87' lang='lat' dir='ltr'><em>tamen</em></span> <span class='ocrx_word' id='word_1_625' title='bbox 826 5150 988 5209; x_wconf 90' lang='lat' dir='ltr'><em>reor,</em></span> <span class='ocrx_word' id='word_1_626' title='bbox 1022 5132 1195 5212; x_wconf 88' lang='lat' dir='ltr'><em>quod</em></span> <span class='ocrx_word' id='word_1_627' title='bbox 1246 5149 1374 5193; x_wconf 89' lang='lat' dir='ltr'><em>non</em></span> <span class='ocrx_word' id='word_1_628' title='bbox 1419 5132 1746 5197; x_wconf 89' lang='lat' dir='ltr'><em>sciverunt</em></span> <span class='ocrx_word' id='word_1_629' title='bbox 1790 5153 1885 5197; x_wconf 90' lang='lat' dir='ltr'><em>re-</em></span> 
     </span>
     <span class='ocr_line' id='line_1_90' title="bbox 378 5232 1886 5317; baseline -0.002 -19"><span class='ocrx_word' id='word_1_630' title='bbox 378 5256 529 5317; x_wconf 82' lang='lat' dir='ltr'><em>gem</em></span> <span class='ocrx_word' id='word_1_631' title='bbox 576 5241 801 5296; x_wconf 85' lang='lat' dir='ltr'><em>eontra</em></span> <span class='ocrx_word' id='word_1_632' title='bbox 843 5249 951 5295; x_wconf 89' lang='lat' dir='ltr'><em>eos</em></span> <span class='ocrx_word' id='word_1_633' title='bbox 996 5250 1136 5293; x_wconf 90' lang='lat' dir='ltr'><em>esse</em></span> <span class='ocrx_word' id='word_1_634' title='bbox 1176 5239 1586 5307; x_wconf 90' lang='lat' dir='ltr'><em>commotum,</em></span> <span class='ocrx_word' id='word_1_635' title='bbox 1622 5232 1886 5296; x_wconf 87' lang='lat' dir='ltr'><em>sicut-et</em></span> 
     </span>
     <span class='ocr_line' id='line_1_91' title="bbox 382 5328 1885 5419; baseline -0.004 -21"><span class='ocrx_word' id='word_1_636' title='bbox 382 5328 919 5419; x_wconf 67' lang='lat' dir='ltr'><em>praetacta-verba</em></span> <span class='ocrx_word' id='word_1_637' title='bbox 937 5328 1344 5391; x_wconf 87' lang='lat' dir='ltr'><em>Achimelech</em></span> <span class='ocrx_word' id='word_1_638' title='bbox 1366 5329 1664 5392; x_wconf 88' lang='lat' dir='ltr'><em>videntur</em></span> <span class='ocrx_word' id='word_1_639' title='bbox 1697 5330 1885 5395; x_wconf 89' lang='lat' dir='ltr'><em>innu-</em></span> 
     </span>
    </p>
   </div>
   <div class='ocr_carea' id='block_1_20' title="bbox 1992 5133 3724 5416">
    <p class='ocr_par' dir='ltr' id='par_1_20' title="bbox 1992 5133 3724 5416">
     <span class='ocr_line' id='line_1_92' title="bbox 2073 5133 3724 5220; baseline 0.007 -24"><span class='ocrx_word' id='word_1_640' title='bbox 2073 5134 2408 5211; x_wconf 86' lang='lat' dir='ltr'><em>Moraliter,</em></span> <span class='ocrx_word' id='word_1_641' title='bbox 2441 5134 2606 5196; x_wconf 92' lang='lat' dir='ltr'><em>sicut</em></span> <span class='ocrx_word' id='word_1_642' title='bbox 2645 5134 2841 5196; x_wconf 89' lang='lat' dir='ltr'><em>David</em></span> <span class='ocrx_word' id='word_1_643' title='bbox 2892 5133 3056 5215; x_wconf 82' lang='lat' dir='ltr'><em>fugit</em></span> <span class='ocrx_word' id='word_1_644' title='bbox 3108 5136 3172 5200; x_wconf 90' lang='lat' dir='ltr'><em>in</em></span> <span class='ocrx_word' id='word_1_645' title='bbox 3223 5142 3480 5220; x_wconf 88' lang='lat' dir='ltr'><em>spelun-</em></span> <span class='ocrx_word' id='word_1_646' title='bbox 3561 5161 3724 5207; x_wconf 71' lang='lat' dir='ltr'><em>Sensus</em></span> 
     </span>
     <span class='ocr_line' id='line_1_93' title="bbox 1992 5226 3698 5320; baseline 0.003 -25"><span class='ocrx_word' id='word_1_647' title='bbox 1992 5252 2130 5295; x_wconf 88' lang='lat' dir='ltr'><em>cam</em></span> <span class='ocrx_word' id='word_1_648' title='bbox 2163 5232 2469 5307; x_wconf 89' lang='lat' dir='ltr'><em>Odollam,</em></span> <span class='ocrx_word' id='word_1_649' title='bbox 2506 5232 2594 5293; x_wconf 88' lang='lat' dir='ltr'><em>ita</em></span> <span class='ocrx_word' id='word_1_650' title='bbox 2624 5241 2688 5293; x_wconf 87' lang='lat' dir='ltr'><em>et</em></span> <span class='ocrx_word' id='word_1_651' title='bbox 2723 5250 2838 5294; x_wconf 86' lang='lat' dir='ltr'><em>nos</em></span> <span class='ocrx_word' id='word_1_652' title='bbox 2881 5233 2962 5296; x_wconf 89' lang='lat' dir='ltr'><em>ab</em></span> <span class='ocrx_word' id='word_1_653' title='bbox 3003 5234 3468 5320; x_wconf 87' lang='lat' dir='ltr'><em>inquietudine,</em></span> <span class='ocrx_word' id='word_1_654' title='bbox 3509 5226 3698 5271; x_wconf 56' lang='grc' dir='ltr'><em>Μ’·</em></span> 
     </span>
     <span class='ocr_line' id='line_1_94' title="bbox 1995 5329 3484 5416; baseline 0.007 -23"><span class='ocrx_word' id='word_1_655' title='bbox 1995 5330 2475 5413; x_wconf 87' lang='lat' dir='ltr'><em>importunitate</em></span> <span class='ocrx_word' id='word_1_656' title='bbox 2521 5339 2714 5413; x_wconf 86' lang='lat' dir='ltr'><em>atque</em></span> <span class='ocrx_word' id='word_1_657' title='bbox 2762 5329 3070 5395; x_wconf 89' lang='lat' dir='ltr'><em>molestiis</em></span> <span class='ocrx_word' id='word_1_658' title='bbox 3120 5349 3484 5416; x_wconf 88' lang='lat' dir='ltr'><em>persecuto-</em></span> 
     </span>
    </p>
   </div>
  </div>
 </body>
</html>
