4359 6250
945 514 1296 560 ENAnnArlo
1337 514 1400 559 IN
1442 515 1578 560 CAP-

1627 516 1732 561 vm
1775 516 1933 562 LIBRI
1972 517 2171 562 'tamn
2214 517 2436 563 REGUM.
2481 537 2562 548 ·—·
2603 518 2744 563 Am.

2793 517 2903 563 xm
3342 500 3462 562 645

363 682 600 745 deinde
645 702 846 764 quum
879 683 1114 747 Levitae
1150 704 1226 747 ea
1263 692 1624 767 portassent
1665 704 1868 767 usque
1896 685 1947 747 A
1976 688 2147 767 quod
2197 686 2287 748 ait
2314 686 2535 749 Glossa
2569 704 2582 749 ε
2617 686 3024 769 Apparebant
3065 688 3461 750 summitates

365 781 442 843 ad
486 782 870 847 exteriorem
929 782 1156 865 templi
1203 791 1471 865 partem,
1510 793 1870 866 reportave-

367 888 520 941 runt
540 899 618 943 ea
637 882 996 945 sacerdotes
1017 882 1096 943 ad
1120 881 1463 963 pristinum
1486 881 1720 944 locum.
1748 883 1869 944 Ista

363 978 626 1041 videtur
654 980 1091 1063 expositorum
1136 980 1411 1044 intentio
1452 980 1602 1043 libri
1643 981 1868 1045 Nume-

363 1094 607 1139 rorum.

436 1179 779 1257 Quumque
795 1180 1175 1251 eminerent,
1201 1178 1262 1241 id
1288 1186 1404 1255 est,
1429 1178 1870 1261 prominerent

364 1292 480 1337 seu
532 1278 1051 1355 extenderentur,
1099 1288 1325 1348 vectes,
1365 1278 1432 1340 in
1474 1277 1711 1360 quibus
1756 1279 1868 1341 Le-

362 1373 516 1437 vitae
545 1392 758 1437 arcam
793 1375 1154 1458 portabant,
1189 1387 1248 1437 et
1286 1387 1670 1455 apparerent
1699 1398 1868 1438 sum·

365 1475 649 1550 mitates,
685 1473 752 1536 id
790 1483 889 1537 est
917 1474 1348 1539 extremitates
1380 1494 1492 1538 seu
1519 1476 1620 1553 (ut
1663 1477 1728 1538 in
1758 1476 1868 1537 Pa-

113 1582 338 1635 upamm.
365 1571 816 1653 ralipomenon
858 1572 1121 1655 legitur)
1161 1574 1394 1657 capita,
1435 1594 1654 1635 eorum
1701 1576 1866 1652 foris

361 1673 848 1744 sanctuarium,
883 1672 948 1735 id
997 1681 1094 1735 est
1141 1682 1318 1735 extra
1347 1672 1572 1735 Sancta
1620 1680 1868 1736 sancto-

363 1788 530 1845 rum,
551 1780 704 1830 ante
724 1775 1086 1843 oraculum,
1106 1771 1168 1833 id
1192 1771 1374 1833 estin
1405 1771 1699 1834 exteriori
1725 1791 1868 1853 par-

363 1876 427 1929 te
475 1867 704 1949 templi
746 1877 896 1931 ante
939 1869 1269 1932 oraculum
1315 1870 1568 1947 situata,
1604 1878 1668 1933 et
1705 1869 1867 1933 exsi-

363 1965 687 2029 stentibus
720 1965 812 2029 ibi
845 1985 1039 2049 prope
1063 1968 1393 2031 oraculum
1425 1987 1536 2030 seu
1566 1968 1863 2031 Sanctum

367 2074 766 2143 sanctorum,
801 2086 932 2128 non
975 2069 1374 2145 apparebant
1403 2072 1582 2128 ultra
1619 2069 1866 2128 emerin-

361 2186 567 2244 secus,
599 2165 663 2228 id
694 2174 792 2230 est
823 2166 915 2229 eis
947 2167 1061 2247 qui
1091 2165 1346 2248 longius
1377 2166 1628 2229 stabant
1658 2167 1738 2229 ab
1770 2168 1866 2228 in-

369 2283 598 2345 gressu
643 2273 707 2329 et
754 2265 899 2329 velo
951 2265 1163 2329 Sancti
1209 2273 1596 2329 sanctorum.
1633 2267 1718 2328 De
1763 2266 1864 2329 his

365 2361 624 2425 duobus
666 2361 958 2425 vectibus
997 2362 1306 2444 scriptum
1357 2370 1452 2425 est
1499 2361 1565 2423 in
1597 2362 1809 2425 Exodo
1845 2382 1859 2426 ε

97 2466 334 2523 snam,
365 2460 592 2524 Facies
622 2468 688 2523 et
719 2468 930 2523 vectes
976 2462 1056 2523 de
1089 2460 1280 2542 lignis
1329 2460 1538 2537 setim,
1575 2460 1866 2523 induces-

99 2532 152 2581 η’
173 2536 231 2577 “’
364 2579 496 2642 que
527 2578 638 2623 eos
671 2578 784 2641 per
813 2559 1086 2622 circulos
1107 2559 1219 2641 qui
1252 2568 1400 2621 sunt
1431 2560 1498 2621 in
1529 2578 1690 2622 arcae
1719 2560 1867 2621 late-

365 2660 572 2736 ribuS‚
599 2667 672 2721 ut
701 2666 990 2741 portetur
1021 2658 1088 2720 in
1119 2660 1232 2734 εἰς,
1259 2660 1322 2721 id
1355 2665 1472 2733 est,
1495 2676 1639 2720 arca
1660 2665 1868 2739 porte-

365 2770 472 2822 tur
503 2777 623 2841 per
642 2764 856 2823 vectes
892 2774 906 2819 ε
941 2776 1217 2838 quorum
1249 2755 1526 2839 quilibet
1571 2757 1867 2821 transivit

363 2878 484 2941 per
513 2855 791 2921 circulos
813 2856 974 2919 duos
1005 2856 1175 2919 circa
1195 2855 1393 2919 latera
1415 2874 1575 2919 arcae
1597 2875 1712 2938 per
1731 2856 1866 2920 Ion-

361 2956 730 3038 gitudinem
761 2955 926 3037 ejuS.

1975 784 2253 847 vectium
2289 784 2445 847 foris
2476 795 2623 847 ante
2652 786 3002 863 oraculum,
3027 805 3153 849 non
3186 805 3457 869 semper,

1975 884 2085 945 scd
2106 903 2305 965 quum
2338 884 2500 947 ostia
2519 884 2759 947 oraculi
2790 885 3220 966 aperirentur3
3256 904 3463 967 neque

1973 981 2094 1043 hoc
2135 981 2458 1059 omnibuS,
2507 983 2617 1045 sed
2664 982 2791 1043 illis
2835 983 2947 1065 qui
2992 983 3253 1065 propius
3294 1003 3463 1047 acce-

1975 1080 2218 1157 denteS,
2254 1100 2329 1143 ea
2375 1100 2519 1163 quae
2569 1081 2741 1143 intus
2784 1090 2985 1159 erant,
3018 1083 3321 1145 attentius
3367 1082 3464 1144 in·

1976 1178 2343 1241 tuebantur.
2377 1179 2515 1261 Ipsa
2546 1188 2757 1242 autem
2800 1200 2945 1243 arca
2973 1180 3181 1261 qualis
3212 1189 3275 1244 et
3316 1200 3464 1261 qua-

1976 1276 2122 1340 liter
2151 1286 2319 1340 esset
2339 1278 2567 1359 posita,
2592 1278 2719 1341 illis
2754 1279 2959 1341 solum
2991 1280 3103 1360 qui
3140 1279 3462 1342 intrabant

1974 1376 2324 1453 oraculum,
2361 1377 2575 1441 videre
2616 1377 2866 1440 licebat.
2902 1378 2979 1441 Et
3005 1398 3225 1441 rursus
3257 1379 3463 1461 loqui-

1972 1483 2079 1536 tur
2105 1473 2325 1537 Glossa
2360 1491 2374 1536 :
2408 1474 2707 1549 Quamvis
2738 1476 2949 1557 capita
2978 1476 3256 1539 vectium
3285 1496 3462 1541 acce-

1973 1574 2273 1636 dentibus
2306 1574 2568 1656 propius
2599 1582 2661 1637 et
2690 1574 3032 1656 diligenter
3061 1575 3460 1639 intuentibus

1973 1672 2273 1755 patebant
2298 1682 2447 1735 ante
2476 1673 2821 1751 oraculum,
2843 1692 3044 1755 quum
3069 1674 3457 1739 eminerent:

1975 1779 2187 1834 tamen
2232 1790 2489 1835 necesse
2531 1781 2687 1849 erat,
2718 1780 2790 1834 ut
2830 1772 3047 1835 clauso
3087 1774 3365 1852 oraculo,
3400 1784 3465 1839 et

1901 1869 1948 1933 B
1975 1889 2257 1952 appenso
2278 1878 2425 1933 ante
2444 1870 2607 1935 ostia
2625 1870 2792 1948 ve10,
2814 1871 2938 1953 ipsi
2970 1890 3227 1954 quoque
3249 1882 3459 1937 vectes

1974 1970 2399 2051 producendis
2438 1970 2517 2032 ad
2563 1970 2987 2033 claudendum
3028 1972 3207 2034 ostiis
3250 1972 3459 2035 locum

1971 2067 2216 2129 darent.

2054 2168 2185 2235 Qui
2212 2176 2271 2227 et
2302 2174 2515 2229 vectes
2544 2169 2828 2244 fuerunt
2853 2169 2946 2227 ibi
2974 2188 3175 2248 usquc
3202 2170 3271 2230 in
3292 2190 3463 2247 proe-

1970 2276 2208 2326 sentem
2248 2268 2444 2327 diem.
2480 2266 2612 2328 Non
2660 2266 2832 2329 enim
2877 2267 3333 2349 separabantur
3381 2268 3461 2331 ab

1970 2383 2136 2441 arca,
2160 2364 2339 2445 juxta
2368 2364 2431 2426 id
2464 2364 2658 2427 Exodi
2694 2384 2708 2426 :
2742 2365 2966 2429 Vectes
2996 2384 3249 2447 semper
3276 2374 3465 2429 erunt
3508 2396 3755 2449 amdan,

1974 2463 2040 2525 in
2069 2462 2327 2525 circulis
2360 2482 2541 2540 arcae,
2572 2482 2689 2527 nec
2727 2482 3011 2545 unquam
3056 2464 3463 2527 extrahentur
3494 2462 3558 2504 ¹⁵·

1972 2562 2054 2624 ab
2083 2561 2199 2625 eiS.
2237 2561 2474 2624 Idcirco
2505 2580 2620 2643 pro
2651 2580 2727 2625 eo
2756 2563 2928 2643 quod
2956 2562 3211 2639 dicitur,
3246 2562 3321 2624 Hi
3349 2563 3463 2645 qui

1975 2659 2235 2723 fuerunt
2277 2660 2387 2737 ibi,
2444 2668 2591 2737 etc.,
2620 2662 2899 2725 secundo
2940 2662 3463 2744 Paralipomenon

1973 2760 2285 2841 scriptum
2328 2768 2427 2821 est
2460 2777 2474 2821 :
2510 2760 2655 2822 Fuit
2702 2760 2917 2842 itaque
2948 2780 3095 2823 arca
3122 2760 3215 2823 ibi
3259 2780 3465 2844 usque
3494 2779 3755 2833 urar-‚na

1975 2859 2040 2921 in
2071 2866 2446 2941 praesentem
2477 2859 2669 2922 diem.

2051 2960 2131 3019 In
2174 2977 2330 3018 arca
2362 2967 2579 3017 autem
2607 2977 2737 3019 non
2768 2968 2907 3019 erac
2936 2960 3128 3019 aliud
3156 2961 3293 3020 nisi
3314 2964 3466 3023 duoe

443 3056 900 3119 Verumtamen
933 3054 1104 3117 eirca
1146 3054 1317 3117 hunc
1347 3072 1604 3137 passum
1647 3052 1865 3117 scribit
1899 3055 1943 3118 C
1977 3057 2209 3117 tabulae
2243 3057 2539 3134 lapideae,
2560 3076 2719 3136 quas
2740 3067 3045 3134 posuerat
3074 3059 3149 3119 in
3178 3079 3254 3119 ea
3284 3062 3466 3138 Moy·

362 3158 580 3240 Lyra:
617 3155 780 3218 Dicit
829 3154 1029 3217 Rabbi
1079 3154 1398 3230 Salomon,
1433 3153 1603 3234 quod
1653 3161 1864 3216 vectes

364 3254 731 3319 transibant
759 3273 875 3335 per
906 3253 1309 3316 latitudinem
1340 3271 1520 3329 arem,
1557 3260 1620 3314 et
1649 3251 1742 3314 sic
1772 3271 1866 3314 ca-

364 3355 505 3438 pita
523 3353 804 3418 vectium
826 3361 1007 3415 erant
1027 3359 1246 3415 contra
1264 3352 1574 3414 cortinam
1596 3351 1864 3433 penden-

361 3462 498 3518 tem
527 3453 596 3514 in
621 3453 910 3531 ingressu
943 3450 1390 3526 sanctuarii,et
1411 3469 1550 3513 eam
1580 3450 1866 3532 aliquan-

364 3553 580 3616 tulum
645 3549 1062 3632 impellebant
1115 3567 1129 3611 ε
1189 3549 1410 3630 sicque
1473 3549 1865 3631 apparebant

365 3651 462 3715 ibi
496 3648 714 3734 [sicut]
749 3650 892 3712 duae
933 3648 1234 3710 mamillae
1271 3648 1392 3710 sub
1432 3656 1629 3725 veste,
1665 3647 1727 3710 id
1769 3654 1864 3711 est

361 3753 498 3814 duo
531 3759 835 3824 tumoreS,
859 3747 1158 3812 videlicet
1179 3755 1388 3828 partes
1409 3745 1582 3808 illius
1603 3745 1863 3809 cortinae

361 3851 462 3913 sic
513 3847 954 3931 prominentes
1005 3865 1082 3908 ex
1130 3845 1241 3907 illa
1291 3845 1717 3926 impulsione3
1752 3845 1860 3906 sed

359 3949 524 4031 quia
553 3946 802 4010 cortina
841 3944 967 4006 fuit
1005 3943 1404 4020 intermedia,
1441 3960 1568 4005 non
1602 3961 1864 4024 appare-

361 4049 525 4112 bant
553 4063 824 4128 corpora
853 4043 1132 4108 vectium
1175 4043 1365 4119 nuda,
1400 4043 1509 4104 sed
1543 4051 1753 4104 tamen
1784 4042 1865 4105 fi-

360 4166 550 4230 gura,
597 4145 764 4208 sicut
811 4143 1066 4206 videtur
1114 4160 1340 4204 manus
1390 4160 1503 4223 per
1551 4140 1864 4204 chirothe—

361 4265 533 4310 cam.
567 4243 680 4306 His
710 4241 924 4308 verbis
956 4241 1117 4324 Lyra
1157 4239 1486 4322 subjungit
1517 4257 1530 4302 :
1566 4240 1862 4302 Doctores
1891 4243 1940 4304 D
1971 4238 2373 4312 testamenti3
2416 4258 2619 4317 quum
2664 4242 3119 4316 eyredereucur
3158 4243 3239 4301 de
3287 4251 3460 4302 terra

361 4344 571 4409 nostri
604 4342 788 4406 aliter
808 4349 1156 4424 exponunt,
1181 4340 1488 4416 dicenteS‚
1511 4341 1682 4422 quod
1715 4339 1864 4403 licet

361 4451 582 4508 vectes
613 4447 880 4524 possent
908 4439 1111 4504 videri
1132 4438 1213 4501 ab
1235 4439 1333 4500 his
1364 4437 1478 4519 qui
1509 4447 1687 4501 erant
1720 4457 1864 4520 pro-

361 4563 450 4626 pe
491 4539 750 4616 ostium,
787 4557 914 4603 non
957 4537 1278 4600 tamen-ab
1316 4536 1416 4598 his
1460 4537 1571 4618 qui
1609 4536 1862 4617 longius

362 4649 574 4706 erant.
607 4639 788 4703 Circa
814 4637 986 4719 quod
1025 4636 1191 4712 dice,
1213 4635 1386 4717 quod
1428 4635 1738 4716 expositio
1787 4635 1866 4698 is-

365 4751 432 4804 ta
462 4737 938 4803 Catholicorum
976 4743 1072 4797 est
1119 4734 1345 4811 verior,
1388 4741 1608 4815 utpote
1663 4734 1863 4812 magis

365 4855 656 4904 consona
685 4835 1027 4917 Scripturae
1056 4831 1378 4895 canonicae
1401 4849 1415 4893 z
1439 4832 1742 4913 quoniam
1775 4851 1866 4894 se-

95 4961 332 5014 maam.
365 4938 586 5003 cundo
642 4933 1166 5015 Paralipomenon
1217 4931 1542 5008 asseritur,
1575 4931 1863 4994 Vectium

365 5037 612 5120 quibus
673 5032 1044 5116 portabatur
1098 5050 1262 5106 arca,
1326 5030 1478 5112 quia
1533 5029 1862 5110 paululum

367 5133 700 5216 longiores
729 5139 931 5206 erant,
969 5129 1178 5211 capita
1216 5128 1525 5209 parebant
1553 5135 1700 5190 ante
1729 5145 1868 5190 ora-

368 5234 636 5306 culum3
673 5231 726 5292 si
759 5247 910 5292 vero
943 5228 1166 5290 suisset
1209 5227 1356 5307 quis
1396 5226 1728 5308 paululum
1766 5246 1870 5289 ex-

369 5333 718 5406 trinseeuS,
769 5345 878 5392 eos
937 5327 1152 5391 videre
1201 5343 1330 5388 non
1379 5332 1644 5407 poterat.
1691 5325 1871 5389 Circa

1970 3176 2066 3215 ses
2095 3157 2168 3214 in
2190 3157 2425 3226 Horeb,
2441 3154 2503 3216 id
2524 3155 2707 3218 estin
2739 3162 2955 3218 monte
2986 3155 3183 3233 Sinai,
3203 3157 3304 3221 vel
3326 3176 3465 3239 pro-

1973 3273 2074 3336 pe,
2123 3253 2308 3335 cujus
2352 3253 2588 3315 montis
2636 3273 2747 3336 pes
2797 3263 3059 3318 vocatur
3100 3256 3322 3320 Horeb.
3360 3257 3463 3320 11ae

1973 3360 2121 3415 sunt
2151 3351 2385 3414 tabulae
2424 3352 2489 3414 in
2531 3352 2769 3434 quibus
2801 3353 2999 3434 digito
3037 3355 3151 3418 Dei
3186 3355 3461 3438 scriptus
3524 3375 3758 3424 αιτιοι.

1973 3450 2095 3513 fuit
2126 3451 2493 3531 Decalogus‚
2529 3460 2718 3533 prout
2758 3452 2825 3514 in
2855 3453 3068 3516 Exodo
3112 3453 3455 3516 inducitur.
3489 3441 3719 3553 ζζξ;;’ξζ

1971 3550 2149 3612 Unde
2188 3557 2251 3612 et
2279 3549 2581 3611 Dominus
2613 3550 2775 3612 dixit
2816 3552 2894 3613 ad
2927 3551 3176 3634 Moysen
3214 3569 3228 3613 z
3263 3551 3459 3614 Pones
3514 3581 3637 3626 md.
3657 3595 3755 3634 xxv,

1973 3649 2038 3711 in
2089 3667 2162 3710 ea
2212 3647 2729 3711 testificationem
2779 3668 2972 3731 quam
3013 3649 3177 3714 dabo
3223 3649 3359 3728 tibi,
3396 3650 3458 3713 id
3493 3647 3558 3689 ¹⁶·

1971 3756 2066 3810 est
2099 3746 2345 3808 tabulas
2368 3747 2751 3810 testamenti.
2782 3751 3051 3816 Quando
3074 3750 3327 3826 pepiqit
3346 3751 3463 3827 foe-

1969 3850 2092 3906 dus
2122 3847 2440 3907 Dominus
2480 3866 2630 3905 cum
2667 3848 2831 3923 filiis
2859 3850 3091 3916 Israel,
3122 3846 3185 3909 id
3217 3855 3333 3924 est,
3352 3867 3463 3930 pa-

1970 3953 2142 4007 ctum
2174 3942 2321 4005 iniit
2348 3961 2497 4006 cum
2533 3943 2647 4020 eiS,
2689 3945 2860 4026 quod
2894 3944 3031 4028 ipse
3060 3954 3226 4008 esset
3254 3947 3333 4009 de
3362 3965 3462 4009 ce-
3490 3967 3754 4020 maana.

1975 4051 2105 4104 tero
2127 4043 2289 4104 Deus
2328 4041 2713 4124 ipsorum‚ct
2734 4042 2857 4125 ipsi
2881 4043 3155 4125 populus
3177 4045 3315 4127 ejus
3342 4062 3355 4106 :
3394 4045 3459 4107 in

1970 4159 2044 4203 cu
2049 4140 2153 4221 jus
2185 4139 2437 4219 signum
2467 4140 2739 4202 contulit
2769 4141 2862 4202 eis
2893 4140 3098 4220 legem
3128 4147 3191 4204 et
3211 4141 3459 4205 tabulas
3527 4164 3649 4208 ma.
3672 4178 3753 4218 m

3487 4229 3757 4280 xxxtv,27‚28.

1967 4339 2266 4414 AEyypti,
2303 4337 2365 4398 id
2398 4343 2513 4412 est,
2550 4337 2786 4416 egressi
2818 4347 3029 4400 essent
3074 4339 3153 4401 de
3182 4358 3297 4414 ea3
3330 4340 3454 4415 vel,

1969 4436 2122 4518 quia
2151 4436 2471 4498 desertum
2497 4434 2562 4496 in
2586 4453 2714 4516 quo
2744 4454 2927 4498 mons
2950 4436 3121 4499 Sinai
3154 4437 3316 4500 situs
3338 4447 3455 4516 est,

1969 4543 2104 4599 erat
2151 4534 2473 4596 desertum
2518 4533 2791 4616 AEgypti,
2829 4536 3113 4597 nondum
3162 4544 3345 4600 erant
3392 4538 3459 4601 in

1970 4642 2101 4697 toto
2159 4633 2237 4694 de
2298 4641 2464 4694 terra
2521 4631 2633 4694 illa
2691 4632 2952 4712 egressi.
3007 4633 3459 4699 Verumtamen

1970 4733 2226 4814 quando
2271 4730 2478 4794 foedus
2512 4730 2632 4793 hoc
2673 4731 2920 4813 pepigit
2957 4732 3141 4810 Deus,
3177 4734 3463 4814 quiesce-

1970 4831 2126 4894 bant
2158 4830 2284 4904 ibi;
2318 4829 2427 4892 sed
2473 4837 2759 4910 tempore
2803 4829 2935 4908 illo,
2972 4829 3274 4896 videlieet
3316 4842 3464 4897 ante

1971 4940 2034 4995 et
2065 4931 2257 5014 paulo
2297 4938 2457 5012 post,
2490 4929 2803 4992 exierunt.
2836 4931 3143 4995 Praeterea
3183 4933 3241 4996 ei
3290 4935 3463 5016 quod

1971 5030 2210 5093 dictum
2244 5037 2360 5106 est,
2388 5047 2514 5091 non
2549 5027 2751 5092 fuisse
2784 5029 2849 5090 in
2883 5048 3027 5092 arca
3060 5031 3183 5092 nisi
3215 5031 3461 5095 tabulas

1975 5127 2358 5203 testamenti,
2416 5127 2670 5190 videtur
2724 5127 3101 5190 contrariari
3159 5131 3329 5210 quod
3383 5132 3459 5193 ad

1974 5226 2268 5290 Hebraeos
2296 5223 2587 5287 affirmat
2605 5225 2945 5306 Apostolus
2972 5242 2985 5287 ε
3012 5225 3078 5288 In
3109 5246 3257 5309 qua,
3282 5238 3462 5310 utpo-
3489 5253 3752 5304 monast.

1975 5333 2038 5388 te
2067 5343 2236 5401 arca,
2261 5331 2396 5387 erat
2426 5342 2588 5387 urna
2616 5341 2807 5386 aurea
2836 5322 3079 5386 habens
3108 5344 3363 5405 manna,
3397 5337 3461 5392 et
