4359 6250
901 481 1020 546 500

1441 503 1788 550 manuum
1831 503 1893 548 IN
1935 503 2071 548 CAP.
2119 502 2181 547 11
2226 499 2385 546 unm
2428 501 2677 547 SECUND!
2722 500 2946 547 unnim.
2991 521 3070 530 —
3113 501 3255 547 ΛΒΤ.
3300 499 3449 547 xvlu

899 672 1225 749 interfecit
1253 694 1400 733 eum
1433 676 1506 734 in
1545 675 1815 736 Thebes?
1843 672 2121 747 Qualiter
2151 672 2273 734 hoc
2306 671 2389 732 fa-
2416 670 2468 732 A
2496 670 2635 753 ipsa
2664 672 2995 734 meruisset
3024 671 3345 752 lapidibus
3375 670 3583 733 obrui.
3606 669 3733 732 Nec
3770 670 3977 732 divor-

897 777 1071 830 ctum
1101 770 1204 846 sit,
1242 770 1304 832 in
1334 770 1628 834 Judicum
1661 771 1827 833 libro
1858 771 2146 834 habetur.
2176 775 2389 839 Quare

899 871 1245 930 accessistis
1274 874 1362 930 ad
1401 875 1711 931 murum?
1739 872 1922 931 Dices
1959 891 1980 930 .·
2015 871 2241 930 Etiam
2266 889 2389 928 ser-

901 986 1018 1026 vus
1060 976 1208 1027 tuus
1253 969 1444 1029 Urias
1485 969 1788 1029 Hetlz-aeus
1834 969 2150 1028 occubuit.
2192 965 2390 1028 Seivit

899 1063 1070 1125 enim
1102 1064 1370 1128 callidus
1401 1065 1577 1141 soah,
1611 1066 1785 1147 quod
1825 1065 1946 1129 hoc
1986 1084 2241 1128 rumore
2279 1084 2390 1127 au-

803 1173 806 1176 ’
901 1161 1056 1240 dito,
1107 1184 1215 1227 rex
1263 1173 1760 1228 contentaretur.
1808 1167 1992 1226 Abiit
2034 1185 2181 1242 erqo
2224 1184 2391 1224 nun-

633 2560 648 2604 l
661 2559 810 2604 itaet.
823 2573 880 2612 τι,

617 3444 722 3489 Lev.
735 3448 880 3497 xx,1⁰.

906 1263 1057 1333 tius,
1074 1273 1133 1323 et
1155 1267 1328 1324 venit
1356 1273 1416 1324 et
1443 1266 1745 1325 narravit
1767 1265 1984 1324 David
2007 1265 2229 1323 omnia
2248 1283 2391 1342 quoe

903 1362 964 1418 ei
997 1373 1391 1440 praeceperat
1429 1365 1606 1423 Joab.
1648 1365 1730 1423 Ec
1769 1363 1946 1422 dixit
1991 1363 2267 1422 nuntius
2305 1365 2391 1421 ad

903 1461 1122 1520 David
1142 1477 1166 1519 .·
1187 1462 1686 1521 praevaluerunt
1717 1463 2059 1520 adversum
2087 1480 2201 1519 nos
2234 1461 2389 1530 viri,

903 1568 962 1618 et
989 1561 1222 1634 eyressi
1247 1568 1400 1618 sunt
1429 1562 1517 1618 ad
1559 1579 1670 1618 nos
1712 1561 1784 1619 in
1823 1578 2078 1634 ayrum.
2117 1561 2252 1618 Nos
2280 1579 2394 1618 au-

908 1666 1056 1725 tem,
1109 1658 1283 1734 facto
1335 1659 1601 1734 impetu,
1643 1658 1962 1734 persecuti
2013 1677 2112 1716 eos
2167 1677 2393 1716 sumus

905 1775 1101 1834 usque
1143 1759 1231 1815 ad
1265 1765 1490 1832 portas
1532 1757 1860 1825 civitatis;
1901 1765 1961 1815 et
2002 1757 2391 1814 diremerunt

2497 769 2655 831 tium
2690 769 2812 831 fuit
2842 769 2931 831 ita
2958 769 3363 852 permissum,
3402 775 3703 850 tanquam
3736 767 3974 830 licitum

2494 875 2558 930 et
2605 867 2844 948 absque
2894 875 3173 949 peccato,
3224 867 3332 930 sed
3382 866 3549 929 sicut
3596 884 3789 929 usura
3832 885 3973 928 cum

2497 965 2747 1029 alienis,
2779 965 3038 1047 Propter
3074 966 3247 1047 quod
3287 964 3522 1027 dicitur
3558 985 3597 1026 a
3631 963 3928 1026 Malachia
3957 981 3971 1024 :

2496 1062 2751 1145 Operiet
2792 1063 3094 1144 iniquitas
3125 1063 3581 1127 vestimentum
3618 1061 3781 1142 ejuS‚
3818 1061 3979 1126 vide—
4016 1075 4217 1120 natat..

2500 1162 2649 1226 licet
2700 1162 2821 1226 viri
2871 1163 3080 1246 dantis
3138 1162 3319 1226 uxori
3370 1161 3658 1226 libellum
3708 1161 3974 1245 repudii.

2498 1260 2670 1335 Quod
2704 1261 2941 1323 ibidem
2973 1259 3280 1323 diffusius
3309 1260 3768 1324 demonstravi.

2578 1359 2737 1422 Hinc
2766 1360 2957 1422 etiam
2988 1359 3188 1422 Rabbi
3219 1359 3450 1421 Paulus
3492 1358 3731 1422 seriose
3772 1367 3981 1421 contra

2501 1458 2765 1539 praefata
2794 1457 2993 1520 Rabbi
3022 1457 3378 1520 Salomonis
3409 1458 3606 1521 verba
3634 1456 3875 1532 scribit,
3898 1457 3982 1518 di-

2500 1554 2701 1617 cendo
2737 1572 2751 1615 ε
2788 1555 2987 1617 Rabbi
3019 1554 3313 1618 Salomon
3358 1563 3423 1617 et
3462 1554 3570 1617 alii
3604 1555 3983 1636 expositores

2501 1653 2767 1730 Hebraei,
2812 1671 2979 1735 saepe
3017 1661 3435 1735 corrumpunt
3477 1673 3700 1717 verum
3747 1651 3985 1714 intelle-

2502 1759 2674 1814 ctum
2724 1751 3083 1833 Scripturae,
3140 1752 3462 1832 sequendo
3516 1751 3795 1814 litteram
3846 1750 3982 1832 plus

889 1853 1125 1928 jacula
1160 1855 1494 1931 sayittart‘i
1536 1857 1625 1914 ad
1663 1873 1871 1913 servos
1911 1863 2047 1913 tuos
2084 1875 2166 1912 ea:
2206 1873 2392 1914 muro
2432 1851 2477 1911 B
2504 1867 2693 1931 quam
2734 1857 3004 1931 oportet.
3048 1849 3149 1912 Sic
3188 1868 3447 1931 quoque
3494 1849 3859 1930 frequenter
3902 1849 3985 1910 la-

903 1953 1197 2028 desuper,
1229 1954 1594 2031 mortuique
1641 1961 1794 2011 sunt
1837 1954 1915 2010 de
1961 1953 2162 2010 servis
2200 1953 2389 2028 reyiS.

911 2051 1082 2116 Quin
1131 2052 1330 2110 etiam
1378 2070 1597 2128 servus
1652 2060 1801 2111 tuus
1850 2052 2039 2111 Urias
2089 2053 2395 2111 Hethoeus

906 2159 1197 2210 mortuus
1225 2159 1335 2210 est.
1359 2151 1446 2210 Et
1474 2151 1650 2209 dimit
1672 2151 1890 2209 David
1918 2153 2006 2209 ad
2037 2151 2397 2209 nuntium:

907 2250 1061 2310 Hoee
1106 2250 1277 2308 dices
1329 2250 1486 2309 Joab
1533 2266 1609 2309 ex
1658 2255 1836 2328 parte
1884 2247 2009 2309 mei
2067 2265 2081 2309 ε
2131 2249 2280 2310 Non
2339 2256 2394 2306 te

906 2348 1174 2424 franyat
1195 2348 1319 2405 ista
1339 2367 1460 2416 νεε,
1487 2345 1550 2407 id
1579 2353 1695 2420 est,
1726 2343 2028 2407 fiduciam
2064 2354 2235 2407 tuam
2266 2363 2395 2408 non

909 2443 1177 2506 minuat.
1217 2442 1395 2504 Unde
1434 2443 1512 2505 de
1550 2443 1708 2504 Juda
1746 2443 1978 2522 legitur
2015 2443 2391 2520 Machabae0‚

909 2543 1080 2624 quod
1139 2540 1500 2605 confractus
1556 2548 1653 2602 est
1698 2541 1908 2618 corde,
1953 2543 2213 2623 quando
2267 2561 2396 2604 non

909 2639 1134 2702 habuit
1165 2659 1342 2722 spem
1384 2638 1716 2719 triumphi.
1755 2641 1985 2700 Varius
2015 2643 2191 2701 enim
2222 2661 2399 2700 even·

907 2749 1011 2800 tus
1053 2750 1142 2800 est
1190 2739 1361 2808 belli,
1405 2747 1464 2796 et
1507 2757 1684 2796 nunc
1727 2737 1922 2808 hunc,
1969 2758 2147 2798 nune
2198 2740 2392 2798 illum

905 2838 1222 2898 consumit
1245 2837 1533 2913 madius,
1564 2835 1868 2911 Consorta
1901 2837 2226 2896 bellatores
2260 2845 2396 2896 tuos

906 2939 1213 2996 adversus
1257 2936 1504 3002 urbem,
1535 2943 1606 2993 ut
1647 2936 1944 2994 destruas
1984 2953 2152 3003 eam,
2192 2944 2252 2994 et
2293 2955 2397 2993 ex-

907 3036 1163 3094 hortare
1192 3052 1311 3092 eos.

985 3133 1268 3193 Audivit
1307 3140 1526 3190 autem
1569 3149 1736 3189 uxor
1784 3129 1977 3199 Uriae,
2019 3132 2193 3209 quod
2237 3150 2397 3191 mor—

909 3241 1058 3291 tuus
1083 3238 1236 3289 esset
1267 3230 1370 3287 vir
1397 3248 1578 3296 suu-3,
1609 3237 1667 3287 et
1691 3228 1960 3305 planxit
1987 3248 2156 3287 eum.
2177 3225 2392 3308 Aliqui

907 3326 1152 3403 dicunt,
1172 3326 1343 3408 quod
1377 3323 1528 3387 ficte
1557 3331 1826 3401 tantum,
1849 3324 2001 3406 quia
2030 3325 2253 3406 gavisa
2274 3325 2397 3387 fuit

907 3428 987 3490 de
1007 3433 1209 3488 morte
1228 3423 1548 3499 mariti,ut
1579 3422 1670 3485 sie
1701 3440 1954 3504 poenam
1987 3423 2393 3506 lapidationis

909 3525 1204 3587 evaderet
1230 3532 1294 3587 et
1323 3541 1480 3586 uxor
1511 3521 1698 3585 fieret
1728 3522 1914 3602 regiS.
1936 3523 2385 3589 Verumtamen

907 3622 1121 3705 potius
1159 3640 1320 3697 reor,
1352 3621 1524 3702 quod
1564 3620 1756 3683 etiam
1789 3638 1864 3682 ex
1894 3622 2083 3684 corde
2115 3622 2393 3703 ploravit

903 3723 983 3785 de
1020 3721 1229 3784 mariti
1270 3719 1532 3782 interitu
1573 3737 1765 3800 quem
1805 3719 2048 3795 dilexit,
2089 3721 2383 3802 quamvis

905 3820 1045 3900 ejus
1086 3819 1292 3882 dolori
1332 3817 1683 3882 consolatio
1726 3818 2017 3898 quaedam
2059 3837 2134 3880 ex
2178 3828 2395 3900 praeta-

905 3918 1024 3980 ctis
1065 3917 1274 3980 causis
1315 3915 1510 3978 fuerit
1547 3915 1764 3977 mixta.
1799 3914 1978 3978 Circa
2016 3916 2136 3978 hoc
2175 3918 2399 3980 scribit

905 4016 1065 4097 Lyra
1085 4015 1210 4077 :Ad
1231 4014 1416 4095 cujus
1439 4013 1834 4076 intellectum
1867 4014 2397 4098 sciendum,quod

908 4113 1104 4176 Rabbi
1135 4114 1431 4176 Salomon
1471 4112 1626 4175 dicit
1658 4111 1784 4189 hic,
1820 4114 1993 4194 quod
2021 4112 2142 4175 viri
2175 4132 2397 4195 proce-

2505 1946 2743 2008 buntur
2775 1946 2841 2007 in
2872 1946 3237 2029 oppositum
3268 1946 3569 2011 vitiosum
3610 1955 3979 2018 extremum,

2506 2042 2851 2106 fabulando
2883 2044 3082 2107 multa
3124 2045 3443 2108 contraria
3474 2045 3724 2120 litterae,
3760 2055 3823 2107 et
3850 2063 3984 2125 quae

2458 2129 2482 2149 ⁶
2509 2161 2823 2223 nusquam
2846 2143 2912 2203 in
2936 2143 3278 2224 Scripturis
3306 2143 3709 2226 reperiuntur
3739 2141 3985 2205 authen·

2510 2241 2673 2303 tiois.
2693 2241 2847 2303 Nam
2878 2249 2941 2304 et
2973 2242 3092 2303 ista
3114 2241 3312 2304 Rabbi
3336 2241 3687 2304 Salomonis
3718 2241 3980 2311 assertio,

2506 2339 2822 2420 dependet
2868 2358 2945 2401 ex
2990 2338 3295 2422 opinione
3341 2340 3765 2420 quorumdam
3810 2339 3985 2400 Thal-

2507 2437 2948 2514 mudistarum‚
2967 2437 3387 2500 asserentium
3418 2438 3587 2519 quod
3613 2437 3807 2503 David
3840 2457 3985 2498 nun-

2505 2554 2699 2617 quam
2762 2533 2884 2596 fuit
2932 2535 3179 2598 adulter
3226 2554 3374 2598 cum
3421 2554 3617 2599 uxore
3664 2535 3850 2598 Uriae.
3898 2535 3985 2596 Ad

2506 2635 2675 2714 quod
2713 2633 3136 2716 probandum,
3172 2632 3429 2715 fingunt
3476 2633 3647 2696 istud
3687 2635 3771 2698 de
3816 2633 3986 2696 libel-

2508 2731 2569 2795 lo
2606 2731 3046 2813 separationiS,
3088 2733 3260 2813 quod
3304 2731 3507 2795 Rabbi
3546 2731 3850 2796 Salomon
3888 2731 3983 2793 hic

2507 2829 2750 2892 inducit
2784 2847 2797 2890 :
2830 2830 3001 2911 quod
3033 2838 3129 2892 est
3158 2830 3430 2893 maxime
3462 2839 3687 2894 contra
3726 2839 3981 2904 textum,

2508 2928 2573 2989 in
2604 2946 2731 3008 quo
2757 2928 2953 2990 David
2986 2927 3477 3011 reprehenditur
3509 2936 3814 3011 tanquam
3846 2947 3985 2990 vere

2431 3030 2474 3093 C
2506 3025 2775 3102 adulter,
2801 3026 2972 3107 quod
3003 3033 3065 3088 et
3096 3027 3235 3108 ipse
3265 3025 3519 3090 fatetur.
3547 3026 3611 3090 Si
3640 3036 3857 3091 autem
3884 3025 3988 3088 illa

2508 3122 2687 3188 fictio
2727 3133 2893 3188 esset
2930 3144 3101 3203 vera,
3154 3146 3485 3207 nunquam
3536 3125 3763 3191 fuisset
3811 3127 3985 3190 adul-

2508 3223 2649 3286 terii
2692 3242 2857 3287 reus.
2892 3224 3044 3286 Nam
3086 3243 3243 3288 uxor
3270 3224 3431 3289 Uriae
3462 3223 3689 3289 fuisset
3722 3226 3922 3289 libera
3954 3245 3989 3287 a

2507 3330 2789 3403 tempore
2847 3321 3122 3386 dationis
3184 3321 3409 3401 libelli,
3470 3342 3613 3405 quae
3672 3324 3987 3405 praecessit

2507 3418 2777 3501 primam
2808 3420 3325 3485 commixtionem
3369 3422 3565 3485 David
3608 3441 3757 3485 cum
3796 3442 3889 3497 ea,
3926 3430 3989 3483 ut

2506 3526 2749 3580 certum
2788 3526 2882 3580 est
2920 3519 3270 3581 secundum
3304 3518 3478 3581 illam
3506 3519 3983 3583 confictionem.

2505 3616 2703 3679 Causa
2738 3635 2989 3699 quoque
3027 3616 3303 3680 dationis
3342 3617 3535 3698 hujus
3572 3617 3781 3682 libelli
3816 3638 3989 3701 repu-

2506 3714 2617 3791 dii,
2650 3734 2842 3796 quam
2871 3716 3153 3794 assignat
3182 3714 3382 3778 Rabbi
3414 3716 3734 3793 Salomon,
3772 3726 3859 3779 ut·
3882 3716 3991 3779 sci-

2508 3814 2657 3875 lieet
2684 3814 2984 3877 mulieres
3012 3814 3167 3877 viris
3201 3814 3266 3876 in
3297 3814 3466 3877 bello
3496 3814 3767 3878 mortuis
3798 3815 3990 3878 libere

2508 3920 2768 3994 possent
2812 3912 3206 3989 contrahere,
3248 3921 3346 3975 est
3388 3913 3645 3995 penitus
3692 3932 3891 3977 vacua
3932 3922 3991 3975 et

2508 4012 2718 4073 inanis
2760 4029 2773 4072 :
2817 4010 3120 4093 quoniam
3159 4010 3453 4091 quamvis
3492 4010 3612 4074 viri
3666 4031 3989 4094 nunquam

2509 4108 2831 4172 dedissent
2879 4109 3067 4172 talem
3118 4107 3409 4171 libellum
3460 4109 3735 4190 repudii,
3791 4110 3989 4173 nihilo

907 4214 1127 4276 dentes
1166 4212 1246 4274 ad
1286 4211 1549 4287 bellum,
1584 4210 1821 4273 dabant
1864 4212 2169 4273 uxoribus
2218 4212 2400 4275 libel·
2429 4216 2479 4277 D
2512 4206 2720 4268 minus
2748 4205 3069 4269 defunctis
3102 4205 3367 4283 maritis,
3404 4206 3602 4270 libere
3633 4207 3989 4289 potuissent

911 4310 1044 4371 lum
1075 4308 1515 4390 separationiS‚
1549 4316 1868 4389 quatenus
1909 4308 2106 4373 libere
2137 4320 2401 4392 possent

912 4408 1304 4483 contrahere,
1341 4407 1395 4469 si
1440 4406 1564 4488 ipsi
1606 4404 1726 4467 viri
1769 4406 1833 4467 in
1867 4406 2036 4471 bello
2065 4410 2402 4473 occumbe—

913 4513 1074 4581 rent,
1094 4512 1158 4567 et
1186 4503 1673 4585 computabatur
1706 4511 1976 4585 tempuS,
2000 4505 2063 4567 id
2097 4514 2193 4568 est
2222 4507 2398 4585 hora,

911 4602 1329 4684 separationis
1367 4620 1477 4663 seu
1515 4600 1772 4664 divortii
1812 4621 1848 4664 a
1887 4602 1990 4665 die
2021 4604 2299 4666 dationis
2335 4606 2405 4666 li-

911 4701 1089 4764 belli.
1123 4702 1200 4763 Et
1237 4700 1401 4775 ideo,
1437 4698 1591 4781 quia
1633 4718 1790 4762 uxor
1826 4700 1988 4764 Uriae
2027 4713 2406 4785 conceperat

911 4820 988 4864 ex
1036 4799 1231 4863 David
1280 4806 1421 4881 post
1472 4817 1792 4860 recessum
1841 4800 1938 4861 sui
1988 4801 2224 4877 mariti,
2263 4802 2405 4865 ideo

913 4918 987 4962 eo
1019 4896 1342 4974 defuncte,
1363 4895 1670 4958 evadebat
1690 4915 1946 4977 poenam
1969 4898 2399 4980 lapidationis

914 4998 1086 5060 Istud
1114 4996 1352 5059 dictum
1386 4995 1637 5057 videtur
1668 4996 1929 5060 omnino
1961 4997 2311 5059 absurdum
2344 5006 2408 5060 et

919 5093 1152 5157 falsum
1187 5111 1202 5154 :
1235 5092 1388 5173 quia
1417 5092 1470 5153 si
1502 5092 1615 5162 sic,
1649 5092 1846 5154 David
1889 5111 2016 5156 non
2057 5095 2409 5157 commisis-

919 5199 1014 5253 set
1041 5188 1423 5253 adulterium
1454 5208 1600 5251 cum
1631 5188 1995 5265 Bethsabee,
2021 5210 2164 5271 quae
2194 5210 2413 5254 secun-

2509 4306 2904 4383 contrahere,
2920 4324 3117 4386 quum
3146 4313 3389 4367 certum
3412 4306 3705 4387 sit,quod
3739 4307 3807 4369 in
3840 4326 3991 4371 mor-

2509 4413 2572 4467 te
2614 4404 2876 4467 alterius
2924 4404 3291 4484 conjugum,
3336 4404 3615 4467 solvatur
3663 4406 3989 4469 vinculum

2510 4502 2865 4583 conjugale,
2918 4502 3107 4565 etiam
3158 4501 3212 4563 si
3262 4500 3517 4565 libellus
3566 4504 3817 4584 repudii
3868 4524 3989 4568 non

2510 4602 2845 4684 praeccdat.
2880 4601 3019 4664 Haec
3060 4600 3259 4662 Rabbi
3299 4600 3549 4662 PauluS.

2599 4704 3064 4777 Trans-actoque
3094 4704 3300 4769 luctu,
3330 4697 3393 4761 id
3422 4706 3539 4775 est,
3562 4700 3820 4763 evoluto
3850 4710 3995 4764 tem-

2511 4817 2667 4880 pore
2694 4816 2823 4879 quo
2852 4797 3196 4860 Bethsabee
3227 4797 3435 4860 virum
3468 4816 3653 4860 suum
3684 4796 3949 4863 deflevit
3976 4817 3989 4860 :

2513 4916 2660 4959 nam
2682 4896 2871 4958 certis
2892 4894 3117 4958 diebus
3138 4896 3344 4958 solent
3365 4914 3592 4959 uxores
3614 4896 3994 4978 deplangere

2515 4993 2685 5057 viros
2724 4992 3081 5069 defunctOS‚
3118 5000 3181 5055 et
3222 4993 3522 5073 lugubres
3564 4993 3730 5057 ferre
3770 5004 3991 5058 vesteS.

4006 1143 4064 1182 16.

2518 5092 2837 5173 Scriptum
2866 5100 2963 5153 est
3000 5100 3213 5155 autem
3254 5092 3317 5153 in
3358 5092 3803 5157 Ecclesiastico
3837 5112 3853 5156 ε
3886 5094 3997 5154 Lu-
4032 5104 4213 5151 scas-m-

2518 5200 2657 5254 etus
2690 5189 2945 5265 mortui,
2980 5198 3221 5272 septem
3262 5192 3421 5254 dies.
3458 5191 3645 5255 Porro
3681 5192 3747 5254 in
3790 5193 3995 5255 Deute-

4042 5174 4075 5213 ³.

4040 5242 4141 5285 μαι.
4158 5244 4211 5273 m.
4258 5246 4260 5289 ᾖ

918 5289 1071 5350 dum
1103 5288 1235 5349 haec
1267 5304 1394 5349 nou
1426 5284 1654 5347 fuisset
1698 5293 1848 5347 tunc
1891 5305 2047 5349 uxor
2075 5288 2261 5365 Uriae,
2292 5309 2407 5352 nec
2522 5288 2810 5353 ronomio
2850 5288 3102 5369 legitur,
3134 5290 3301 5369 quod
3347 5308 3503 5351 uxor
3546 5310 3657 5352 seu
3705 5289 3845 5353 filia
3880 5288 3992 5353 viri
4020 5302 4143 5355 mu.
