4359 6250
883 476 964 541 90

1657 502 2003 550 ΕΝΑΙΙΜΤΙΟ
2047 504 2106 549 lN
2150 504 2286 549 CAP-
2334 504 2419 549 XX
2459 503 2661 550 Josnss.
2706 524 2786 534 -
2826 506 2967 551 ΛΒΤ.
3015 506 3207 553 xxvtn

885 669 1228 751 propinqui
1262 672 1403 752 ejus
1434 673 1544 754 qui
1577 674 1824 738 occisus
1856 684 1974 753 est,
2009 678 2164 755 quia
2198 678 2377 751 iyno-
2404 675 2456 738 A
2487 684 2651 740 terra
2676 676 2955 740 tribuum
2990 696 3216 741 novem
3246 696 3319 739 ac
3344 674 3981 738 -mediae.Secundum

883 788 1041 827 rans
1063 772 1378 845 percussit
1401 773 1782 849 prooeimunz
1815 774 1977 849 eju-5,
2014 772 2076 834 id
2109 781 2205 835 est
2237 772 2374 835 sine

886 866 1216 948 proposito
1245 876 1307 930 et
1344 868 1698 933 intentione
1743 871 2038 947 laedendi,
2089 891 2205 934 nec
2253 871 2375 933 fuit

887 964 1214 1044 negligens
1249 966 1312 1027 in
1346 967 1711 1031 adhibendo
1733 971 2205 1033 cautelamNec
2224 980 2374 1032 ante

884 1064 1152 1123 biduum
1177 1070 1275 1124 vel
1298 1068 1594 1127 triduum
1615 1070 1756 1145 ejus
1773 1090 1900 1128 esse
1912 1072 2227 1146 probatur
2248 1072 2373 1129 κήκ-’-

883 1162 1192 1233 me‘ous,id
1224 1173 1340 1241 est,
1369 1165 1622 1246 probari
1658 1186 1784 1229 non
1817 1177 2046 1249 potest,
2067 1170 2240 1249 quod
2268 1188 2375 1231 an-

884 1268 980 1322 tea
1007 1260 1031 1320 f
1033 1262 1196 1323 uerit
1217 1262 1418 1325 hostis
1441 1264 1838 1347 illiuS,quem
1873 1286 2043 1329 nunc
2074 1267 2374 1348 improvi-

881 1376 948 1420 se
972 1360 1572 1444 inculpabiliterque
1596 1364 1850 1427 occidit.
1865 1369 1942 1427 Ec
1962 1368 2279 1427 habitabit
2301 1369 2371 1426 in

880 1460 1145 1519 civitate
1174 1461 1316 1533 illa,
1339 1460 1464 1522 nisi
1495 1461 1754 1525 aliunde
1784 1463 2181 1526 obstaculum
2216 1463 2374 1525 oria-

883 1565 1007 1632 tur,
1043 1577 1154 1620 seu
1194 1577 1366 1621 mors
1412 1559 1817 1638 interveniat,
1852 1566 2050 1622 donec
2077 1573 2193 1623 stet
2225 1574 2374 1623 ante

869 1654 1234 1730 judicium,
1271 1655 1335 1717 id
1376 1666 1492 1735 est,
1529 1658 1608 1719 ad
1652 1658 1927 1720 tribunal
1975 1659 2149 1721 illius
2196 1660 2373 1722 urbis

880 1752 1170 1829 ducatur,
1226 1752 1292 1815 in
1342 1755 1526 1837 cujus
1575 1757 1861 1819 dominio
1913 1777 2023 1820 seu
2083 1758 2373 1820 terminis

2484 786 2600 852 est,
2636 796 2749 840 cur
2779 778 3022 841 occisor
3052 777 3315 840 omnino
3354 773 3757 850 excusabilis,
3788 788 3986 850 coge-

2485 876 2671 938 batur
2701 886 2827 939 tam
2860 876 2970 938 diu
3002 895 3140 938 csse
3170 874 3482 956 profugus
3512 893 3549 935 a
3580 871 3835 954 propria
3866 872 3985 933 do-

2482 994 2589 1038 mo
2631 982 2694 1037 et
2731 975 2987 1058 oppido.
3024 974 3328 1050 Tertium,
3362 993 3475 1036 cur
3514 980 3659 1053 post
3700 978 3979 1033 mortem

2484 1075 2717 1137 summi
2752 1073 3083 1157 pontificis
3116 1073 3547 1135 revertebatur
3576 1069 3655 1132 ad
3688 1068 3977 1152 propria.

2482 1174 2743 1237 Possent
2772 1183 2835 1236 et
2864 1173 2989 1235 alia
3020 1172 3221 1235 multa
3248 1172 3349 1235 hic
3370 1171 3589 1252 quaeri,
3608 1189 3750 1252 quae
3782 1187 3983 1249 super

2482 1272 2719 1335 librum
2750 1272 3170 1334 Numerorum
3203 1278 3267 1333 et.
3296 1269 3452 1331 alibi
3484 1268 3694 1350 potius
3736 1266 3983 1328 habent

2483 1372 2715 1447 locum,
2736 1378 2891 1454 puta
2920 1372 2999 1433 de
3030 1368 3376 1433 homicidio
3406 1366 3664 1443 casuali,
3684 1376 3749 1429 et
3778 1384 3981 1446 quan-

2482 1472 2563 1533 do
2583 1489 2655 1533 ac
2677 1469 2951 1550 qualiter
2970 1467 3386 1532 homicidium
3420 1466 3696 1529 totaliter
3716 1483 3979 1530 excuse-

2484 1578 2606 1629 tur.
2624 1568 2715 1629 Ad
2740 1568 3016 1650 primum
3040 1566 3169 1631 dici
3200 1574 3426 1649 potest,
3441 1566 3615 1646 quod
3641 1572 3807 1626 terra
3824 1564 3979 1624 dua-

2483 1686 2623 1729 rum
2672 1667 2954 1730 trihuum
2996 1686 3068 1729 ac
3108 1664 3333 1728 mediae
3372 1672 3508 1727 erat
3546 1661 3876 1738 latissima,
3912 1670 3977 1723 et

2485 1766 2755 1828 multum
2787 1786 2824 1827 a
2858 1766 3095 1847 templo
3128 1784 3201 1827 ac
3245 1762 3653 1825 tabernaculo
3684 1761 3974 1823 distans:

885 1851 1303 1915 homicidium
1350 1856 1760 1937 perpetravit,
1795 1878 2058 1917 causam
2103 1862 2374 1919 reddens
2408 1862 2455 1922 B
2487 1864 2722 1926 idcirco
2744 1872 2924 1927 erant
2944 1872 3004 1927 et
3030 1863 3119 1926 ibi
3152 1871 3277 1925 tres
3300 1859 3588 1924 civitates
3618 1858 3977 1939 refugii.Ad

882 1951 1049 2027 facti
1077 1954 1207 2022 sui,
1239 1952 1304 2013 id
1336 1962 1452 2030 est,
1489 1972 1650 2036 opus
1692 1974 1877 2016 suum
1909 1974 2024 2037 pro
2056 1974 2244 2037 posse
2272 1976 2375 2019 ex-

885 2068 1137 2126 cusanS,
1161 2058 1224 2113 et-
1253 2051 1530 2133 qualiter
1561 2054 1896 2133 contigerit
1928 2054 2371 2117 manifestans

887 2148 1123 2211 Finalis
1145 2149 1385 2231 quippe
1418 2152 1734 2214 sententia
1756 2153 1834 2214 de
1865 2173 1980 2215 sua
2012 2153 2378 2217 innocentia

886 2256 997 2310 aut
1028 2256 1226 2325 reatu,
1262 2268 1390 2311 non
1424 2248 1692 2312 dabatur
1724 2270 1835 2333 per
1873 2251 2119 2333 judices
2159 2251 2379 2314 civita-

890 2346 972 2407 tis
1008 2346 1264 2428 refugii,
1302 2347 1424 2409 nisi
1461 2348 1526 2410 in
1558 2350 1696 2430 ejus
1729 2350 2012 2413 dominio
2043 2351 2379 2413 accidisset

891 2444 1330 2522 homicidium,
1368 2447 1477 2509 sed
1523 2447 1601 2509 ad
1637 2447 1660 2469 *
1693 2448 1940 2528 judices
1982 2448 2112 2530 jam
2158 2449 2380 2530 praefa-

891 2553 1008 2619 tOS,
1046 2552 1107 2605 et
1137 2545 1214 2606 ad
1247 2564 1353 2607 eos
1396 2545 1668 2627 pacifice
1707 2546 2056 2609 ducebatur
2098 2547 2176 2610 de
2224 2548 2379 2611 urbe

891 2643 1146 2724 refugii.
1181 2643 1357 2717 Quod
1398 2644 1450 2706 si
1493 2644 1800 2708 innocens
1839 2646 2267 2727 judicabatur,
2300 2648 2375 2710 ad

890 2740 1112 2803 urbem
1160 2741 1393 2821 refugii
1442 2743 1878 2821 reducebatur,
1914 2764 2254 2807 mansurus
2288 2746 2377 2807 ibi

889 2858 1141 2913 secure;
1168 2840 1220 2901 si
1254 2859 1407 2903 vero
1439 2860 1580 2903 reus
1615 2841 2078 2919 inveniebatur,
2099 2861 2245 2906 mox
2275 2845 2379 2907 da-

888 2937 1073 3001 batur
1093 2939 1377 3017 cognatis
1410 2939 1602 3002 occisi
1636 2940 2120 3004 interimendus,
2143 2946 2227 3005 Ec
2256 2964 2378 3004 mo-

888 3147 1209 3214 tempore:
1243 3136 1305 3199 id
1338 3145 1454 3214 est,
1478 3138 1720 3202 tamdiu
1753 3140 1818 3201 in
1851 3140 2108 3202 civitate
2140 3141 2375 3222 refugii

889 3235 1226 3312 habitabit,
1261 3254 1594 3318 quousque
1636 3238 1921 3318 pontifex
1967 3248 2118 3302 tunc
2164 3241 2380 3322 praesi-

886 3335 1043 3396 dens
1076 3334 1403 3410 moriatur,
1441 3335 1540 3396 vel
1577 3337 1766 3398 etiam
1799 3357 2133 3419 quousque
2163 3357 2379 3402 recon-

886 3431 1140 3495 cilietur
1159 3432 1384 3494 amicis
1406 3433 1622 3497 occisi.
1642 3437 1840 3505 Tunc,
1856 3420 2098 3498 scilicet
2129 3445 2379 3500 mortuo

888 3530 1222 3613 pontifice,
1248 3542 1604 3593 revertetur
1633 3536 1984 3604 homicida,
2005 3545 2064 3594 et
2097 3537 2381 3611 inyredi—

883 3640 1031 3690 θίαν
1051 3631 1374 3691 civitatem
1411 3649 1522 3692 seu
1553 3630 1795 3707 villam,
1820 3642 1879 3691 et
1909 3635 2171 3693 domum
2193 3655 2380 3718 suom

885 3731 964 3788 de
993 3749 1124 3808 qua
1151 3730 1436 3806 sufferat.

967 3831 1547 3908 Decreveruntquc,
1579 3828 1644 3889 id
1695 3835 1811 3905 est,
1858 3847 1973 3911 pro
2011 3829 2382 3892 civitatibus

889 3925 1122 4004 refugii
1155 3926 1482 4007 assignare
1515 3936 2002 4008 proposuerunt,
2039 3928 2168 3990 imo
2198 3937 2260 3990 et
2290 3948 2383 3990 as-

889 4024 1326 4106 signaverunt,
1364 4027 1573 4097 CecIeS,
1609 4025 1673 4087 id
1723 4034 1820 4104 est
1870 4025 2091 4089 urbem
2139 4027 2231 4090 sic
2276 4047 2383 4090 no-

887 4121 1219 4198 minatam,
1268 4125 1340 4182 in
1395 4126 1670 4184 Galilaea
1717 4127 1952 4185 montis
2003 4129 2376 4204 Neplttlzalt'‚

2486 1963 2837 2025 secundum
2883 1961 3247 2036 dicendum,
3284 1960 3457 2041 quod
3497 1958 3803 2041 profugus
3839 1966 3974 2019 erat

2486 2061 2629 2123 talis
2679 2061 2923 2124 occisor
2972 2068 3094 2121 tam
3142 2059 3277 2135 diu,
3324 2078 3405 2120 ne
3450 2058 3590 2137 ejus
3638 2054 3975 2138 praesentia

2486 2159 2832 2223 concitaret
2886 2159 3279 2241 propinquos
3330 2156 3523 2219 occisi
3574 2156 3651 2217 ad
3704 2154 3861 2216 iram
3910 2163 3977 2216 et

2487 2257 2816 2321 ultionem.
2863 2258 2952 2319 Ad
3008 2256 3262 2319 tertium
3318 2254 3756 2337 respondetur,
3802 2252 3973 2334 quod

2486 2355 2790 2420 defuncto
2822 2355 3153 2439 pontifice,
3180 2364 3315 2417 erat
3346 2354 3529 2437 quasi
3561 2353 3844 2434 quaedam
3880 2352 3975 2413 in-

2488 2455 2744 2519 novatio
2776 2463 2977 2517 status
3011 2455 3077 2517 in
3110 2451 3775 2537 populo,etquoniam
3809 2472 3975 2513 sum-

2486 2574 2591 2618 mo
2622 2554 2933 2637 pontifice
2962 2554 3102 2636 (qui
3134 2562 3268 2617 erat
3298 2553 3585 2616 omnium
3624 2551 3974 2632 spiritualis

2487 2656 2703 2736 pater)
2754 2654 3025 2727 sublam,
3082 2653 3174 2715 sic
3230 2651 3413 2715 affici
3462 2650 3818 2713 debuerunt
3866 2651 3975 2731 pio

2488 2770 2759 2815 moerore
2791 2760 2849 2814 et
2886 2751 3084 2827 luctu,
3120 2752 3293 2832 quod
3325 2749 3618 2831 proprias
3648 2747 3975 2811 oblivisce-

2487 2858 2710 2912 rentur
2742 2849 3032 2931 injuriaS.

2565 2949 2890 3024 Praeterea,
2924 2949 3102 3028 juxta
3145 2946 3636 3027 intelligentiam
3686 2946 3978 3027 spiritua·
4056 2977 4231 3017 &nm

887 3039 1108 3097 riatur
1135 3042 1427 3098 sacerdos
1461 3059 1753 3117 maynm,
1779 3044 1895 3119 qui
1923 3042 2131 3118 fueri!
2156 3045 2229 3102 in
2262 3046 2376 3103 illo
2411 3047 2454 3110 C
2485 3046 2633 3122 lem,
2661 3065 2776 3128 per
2795 3046 3084 3110 civitates
3118 3044 3347 3126 refugii
3382 3043 3821 3125 intelliguntur
3851 3064 3980 3105 ma-
4011 3038 4281 3093 “Pifflmlss·

2487 3146 2739 3209 teriales
2783 3145 3069 3209 ecclesiae
3114 3153 3517 3221 consecrante,
3554 3145 3633 3206 ad
3676 3163 3833 3226 quas
3884 3145 3976 3207 rei

2486 3252 2550 3308 et
2582 3245 2917 3308 homicidae
2944 3243 3413 3325 confugienteS,
3436 3261 3563 3306 non
3595 3243 3933 3324 capiuntur
3960 3260 3975 3305 :

2488 3345 2616 3406 imo
2663 3361 2790 3405 non
2837 3342 3044 3404 solum
3090 3342 3506 3419 excusabileS,
3552 3341 3661 3404 sed
3704 3349 3767 3404 et
3806 3341 3983 3404 inex-

2488 3441 2804 3505 cusabiles
2859 3440 3268 3522 injuriatores
3316 3449 3379 3502 et
3431 3439 3764 3502 homicidae
3811 3457 3983 3502 asse-

2489 3548 2794 3603 curantur
2834 3540 2901 3602 in
2941 3540 3033 3602 eis
3069 3560 3083 3603 :
3128 3538 3279 3620 quia
3320 3539 3420 3602 lex
3459 3537 3849 3620 evangelica,
3883 3538 3984 3600 lex

2490 3638 2744 3721 pietatis
2778 3647 3091 3714 censetur,
3121 3637 3359 3701 ideirco
3394 3636 3458 3698 in
3490 3652 3565 3700 ea
3597 3636 3985 3719 superabun-

2490 3737 2596 3800 dat
2640 3736 3096 3799 misericordia.
3142 3735 3370 3814 Figura
3414 3754 3669 3816 quoque
3712 3735 3903 3796 distat
3946 3756 3985 3798 a

2493 3835 2789 3917 figurato,
2826 3844 2887 3897 et
2937 3836 3141 3915 major
3194 3843 3289 3897 est
3340 3833 3618 3914 dignitas
3658 3851 3985 3896 sacrorum

2492 3935 2800 4011 locorum,
2854 3953 3045 4014 quam
3102 3933 3351 3996 urbium
3404 3941 3539 3995 erat
3588 3931 3865 3994 illarum.
3916 3932 3985 3993 ln

2492 4051 2655 4094 novo
2700 4031 2888 4094 etiam
2925 4032 3327 4094 Testamento
3372 4051 3531 4094 cum.
3565 4049 3731 4094 novo
3778 4030 3991 4112 ponti-

2493 4130 2617 4192 fice
2666 4149 2740 4194 ac
2790 4129 3082 4212 principe
3123 4129 3364 4190 intrant
3413 4129 3528 4191 rei.
3573 4129 3833 4202 RursuS,
3872 4147 3990 4209 per

889 4221 954 4282 id
996 4228 1111 4296 est,
1149 4222 1215 4282 in
1247 4240 1373 4302 qua
1403 4220 1659 4283 Galilaea
1689 4231 1786 4284 est
1822 4240 2005 4285 mons
2036 4225 2114 4286 ad
2147 4232 2377 4287 sortem
2416 4229 2463 4289 D
2490 4229 2782 4291 civitates
2825 4227 3060 4306 refugii
3101 4227 3518 4308 designantur
3561 4227 3883 4310 principes
3922 4235 3991 4288 et

891 4319 1096 4380 tribus
1129 4319 1463 4400 Nephthali
1506 4319 1875 4401 pcrtinens;
1909 4331 1969 4381 et
1999 4325 2285 4393 Siehem,
2317 4324 2380 4385 id

889 4425 986 4480 est
1018 4416 1323 4498 oppidum
1369 4417 1552 4494 illud,
1592 4421 1660 4478 in
1708 4430 1916 4480 monte
1944 4423 2295 4497 Ephraim,
2323 4432 2381 4482 et

893 4516 1333 4586 Fariacltarbe,
1360 4518 1500 4594 ipsa
1528 4527 1618 4577 esc
1643 4520 1924 4589 Hebron,
1948 4521 2020 4578 in
2045 4531 2253 4580 monte
2271 4525 2383 4581 Ju-

888 4617 997 4676 da.
1025 4613 1130 4675 Hae
1165 4622 1290 4676 tres
1326 4613 1352 4674 f
1356 4625 1586 4677 uerunt
1617 4617 1776 4678 citra
1797 4617 2129 4680 Jordanem
2165 4618 2232 4679 in
2267 4629 2383 4681 ter-

891 4733 959 4776 ra
1004 4712 1473 4795 promissionis
1522 4714 1678 4777 Aliae
1725 4725 1850 4778 tres
1898 4716 2158 4779 fuerunt
2208 4727 2383 4779 trans

887 4812 1221 4874 Iordanem
1258 4813 1322 4873 in
1359 4820 1526 4875 terra
1556 4814 2087 4891 Amorrhaeorum,
2113 4823 2181 4875 ut
2214 4824 2386 4897 patet

890 4908 958 4970 in
991 4907 1241 4971 littera:
1278 4929 1420 4992 quae
1451 4930 1648 4992 quum
1680 4911 1872 4992 plana
1903 4912 2006 4988 sit,
2042 4913 2385 4994 expositio-

893 5025 1038 5069 nem
1070 5025 1198 5070 non
1231 5009 1446 5088 exigit.

959 5105 1138 5167 Circa
1160 5106 1292 5169 haec
1314 5107 1510 5168 multa
1533 5114 1798 5187 possunt
1820 5107 2379 5188 inquiri.Primum‚

891 5223 1005 5266 cur
1037 5223 1217 5284 aeque
1249 5204 1466 5266 multae
1508 5213 1687 5266 erant
1728 5205 2019 5269 civitates
2050 5206 2282 5288 refugii
2319 5209 2383 5270 in

892 5311 1058 5365 terra
1091 5303 1362 5366 duarum
1393 5321 1466 5365 ac
1499 5302 1724 5366 mediae
1757 5304 2059 5381 tribuum,
2093 5315 2285 5387 atque
2317 5308 2383 5369 in

2493 4327 2757 4409 praelati,
2811 4327 2889 4388 ad
2942 4345 3103 4407 quos
3156 4325 3473 4406 refugium
3526 4326 3763 4388 habent
3805 4326 3991 4388 inno-

2492 4433 2729 4502 centeS,
2764 4434 2826 4486 et
2856 4443 3078 4488 omnes
3117 4425 3230 4505 qui
3262 4424 3501 4487 habent
3544 4443 3823 4486 causam.
3866 4423 3992 4485 Un-

2496 4524 2595 4598 de,
2642 4524 2995 4586 secundum
3045 4522 3526 4604 Philosophum,
3576 4523 3655 4584 ad
3702 4522 3989 4603 judicem

2495 4632 2794 4702 tanquam
2827 4622 2905 4683 ad
2938 4621 3144 4684 vivam
3180 4621 3383 4703 legem
3415 4630 3477 4683 et
3517 4621 3859 4683 animatam
3888 4620 3993 4700 ju-

2494 4720 2732 4782 stitiam
2776 4720 3158 4800 confugiunt
3197 4720 3511 4783 homineS.
3548 4721 3725 4793 Item,
3762 4738 3875 4801 per
3902 4717 3993 4780 ci-

2496 4817 2719 4881 vitates
2767 4817 2995 4897 refugii
3030 4818 3471 4899 exprimuntur
3505 4818 3643 4881 loca
3674 4816 3993 4898 poeniten-

2494 4917 2599 4978 tiae
2630 4925 2693 4979 et
2721 4916 3277 4988 monasteriorum,
3312 4917 3393 4977 ad
3434 4935 3576 4998 quae
3606 4914 3995 5003 confugiunt

2494 5015 2702 5090 multi,
2739 5033 2819 5076 ne
2850 5013 2929 5075 ab
2960 5013 3395 5076 invisibilibus
3430 5012 3722 5076 hostibus
3751 5014 3832 5075 ad
3860 5032 3995 5076 car-

2497 5132 2670 5175 ceres
2705 5111 3051 5174 infernales
3096 5112 3448 5174 trahantur.
3484 5110 3854 5174 Generalius
3886 5131 3997 5172 au-

2496 5219 2621 5272 tem
2684 5210 3027 5291 loquendo,
3084 5227 3194 5289 per
3244 5209 3536 5272 civitates
3591 5208 3827 5290 refugii
3890 5208 3995 5270 in-

2498 5308 2873 5388 telliguntur
2924 5307 3203 5370 remedia
3252 5316 3473 5371 contra
3524 5315 3825 5390 peccata3
3878 5326 3997 5388 per
