4359 6250
977 486 1098 551 596
1607 504 1954 553 manuario
1997 504 2058 550 m
2101 504 2238 549 mr.
2286 500 2329 549 n
2372 498 2528 548 unm
2568 500 2767 546 'ren-ru
2810 500 3035 547 neuun.
3078 520 3159 529 —
3200 498 3341 544 aar.
3388 496 3449 543 iv

980 678 1126 736 isset
1166 679 1381 739 Semei
1429 680 1498 737 in
1549 682 1702 739 Geth
1753 682 1834 737 de
1858 680 2242 745 Jerusalem,
2270 685 2330 734 et
2377 696 2471 734 re-
2496 672 2549 734 Α
2578 677 2885 735 Salomon
2916 674 3277 732 benedictus
3306 670 3389 731 sit
3418 687 3455 730 a
3484 668 3631 743 Dee,
3658 666 3722 727 id
3752 674 3845 727 aet
3868 662 4041 725 donis

978 775 1223 835 diisset.
1257 777 1344 836 Et
1375 780 1633 836 mittens
1677 778 1924 837 vocavit
1964 796 2133 849 eum,
2169 775 2471 851 dioeitque
2577 772 2796 851 gratiae
2832 780 3231 852 perornatuS‚
3266 780 3326 829 et
3367 772 3631 829 thronus
3669 766 3906 831 David,
3932 762 4039 823 hoc

981 872 1090 931 itti
1120 893 1144 931 .·
1175 876 1406 935 Nonne
1453 875 1825 951 testificatus
1863 894 2008 933 sum
2047 874 2167 931 tibi
2203 892 2323 948 per
2352 873 2471 931 Do·
2578 879 2675 931 est
2705 870 2879 950 regia
2908 870 3049 950 ejus
3080 868 3398 931 successio
3426 874 3489 928 et
3532 861 3929 946 praesidentia
3954 859 4044 939 ju-

981 973 1262 1043 minum,
1292 982 1351 1032 et
1387 974 1681 1050 praedixi
1727 974 1867 1043 tibi,
1903 975 2317 1049 Quacumque
2364 971 2472 1028 die
2580 968 2852 1044 dietatis,
2885 970 3010 1028 erit
3036 970 3289 1028 stabitis
3316 986 3533 1026 coram
3560 963 3832 1024 Domino
3866 980 4043 1038 usque

980 1092 1262 1149 eyressus
1305 1074 1518 1151 fueris
1559 1074 1686 1133 leue
1731 1082 1790 1131 et
1829 1075 2014 1140 illuc,
2043 1073 2199 1131 scito
2250 1080 2307 1131 te
2345 1090 2472 1129 esse

984 1172 1379 1231 moriturum
1401 1174 1431 1231 ?
1455 1174 1542 1232 Et
1572 1172 1961 1248 respondisti
1999 1170 2167 1230 milti
2198 1186 2221 1229 .·
2252 1172 2471 1229 Bonus

982 1288 1186 1329 sermo
1211 1291 1398 1349 quem
1419 1273 1554 1329 (md
1561 1272 1674 1331 ivi.
1703 1273 1914 1338 Quare
1941 1288 2087 1344 erqo
2117 1288 2247 1328 non
2275 1277 2473 1327 custo-

2582 1070 2653 1127 ·ιή
2702 1069 3185 1143 sempiternum.
3222 1064 3349 1128 Hoc
3399 1062 3523 1124 ruit
3569 1059 3830 1123 verbum
3876 1056 4041 1119 bona·

2582 1166 2858 1241 fiduciae,
2890 1165 3045 1247 quia
3086 1163 3367 1246 speravit
3412 1162 3501 1223 ita
3529 1159 3833 1233 futurum,
3868 1166 4041 1237 atque

2582 1264 2893 1347 implicita
2922 1264 3209 1345 quaedam
3248 1262 3471 1337 oratio,
3504 1259 3657 1340 quia
3684 1256 3917 1339 optavit
3958 1254 4037 1315 sie

2581 1364 2837 1427 evenire
2862 1388 2877 1436 3
2914 1363 3023 1425 sed
3057 1370 3313 1444 propter
3334 1357 3687 1423 Salomonis
3708 1355 3937 1417 seelera
3958 1372 4040 1415 re-
4076 1373 4249 1421 ulnae

2580 1481 2776 1542 gnum
2811 1460 2933 1522 fuit
2962 1461 3261 1536 divisum,
3286 1469 3349 1521 et
3380 1466 3636 1541 propter
3668 1463 4035 1537 posterorum
4062 1436 4115 1539 {1}
4134 1442 4187 1478 ‘⁹³³
4206 1450 4249 1487 ²²·

2582 1581 2839 1624 suorum
2876 1560 3179 1635 facinora,
3216 1557 3339 1620 fuit
3364 1567 3645 1638 tempore
3674 1551 4039 1633 Babylonica?

2580 1660 2967 1742 captivitatis
3010 1658 3314 1734 ablatum,
3358 1654 3649 1737 quamvis
3692 1660 3899 1734 postea
3936 1650 4037 1711 ali·
4062 1664 4249 1715 tinem.

2582 1760 2856 1843 qualiter
2888 1766 3349 1841 recuperatum.
3386 1754 3615 1835 Sicque
3644 1750 3899 1814 verbum
3926 1749 4033 1809 hoc
4072 1762 4249 1813 {feras

4060 1842 4103 1875 n,
4120 1830 4165 1870 ti.
4182 1828 4227 1865 ti.

983 1368 1144 1427 disti
1159 1369 1644 1445 jusjurandum
1675 1370 1962 1437 Domini,
1997 1377 2054 1427 et
2081 1376 2472 1443 praeceptam

985 1469 1158 1545 quod
1190 1486 1551 1545 praecepera
1559 1488 1621 1526 m
1673 1470 1724 1527 ti
1727 1469 1791 1525 bi
1812 1470 1840 1526 a?
1870 1468 2182 1545 Dixitque
2232 1486 2348 1523 rea:
2386 1466 2474 1524 ad

703 1570 955 1626 lmen-¹¹1¹,
987 1566 1201 1625 Semei
1221 1586 1243 1625 .·
1281 1569 1376 1626 Tu
1405 1568 1574 1626 nosti
1601 1586 1786 1625 omne
1825 1568 2100 1634 matum,
2129 1565 2321 1641 eujus
2355 1564 2474 1623 tibi

689 1635 778 1677 Μ’
985 1665 1309 1724 conscium
1335 1673 1425 1724 est
1454 1684 1560 1723 cor
1592 1674 1804 1732 tuum,
1823 1666 1994 1743 quod
2021 1663 2237 1739 fecisti
2255 1662 2475 1722 David

975 1764 1163 1839 patri
1210 1783 1364 1823 mec.
1417 1765 1734 1824 Reddidit
1781 1764 2098 1823 Dominus
2148 1761 2473 1821 malitiam

989 1870 1167 1921 tuam
1199 1864 1273 1921 in
1303 1871 1498 1939 caput
1531 1872 1716 1922 tuum
1748 1882 1770 1919 .·
1802 1861 1924 1922 hoc
1954 1868 2070 1936 est,
2102 1860 2277 1941 justo
2306 1857 2475 1939 judi·
2511 1864 2555 1926 B
2584 1858 2937 1922 Salomonis
2978 1857 3101 1918 fuit
3139 1856 3257 1918 sub
3298 1853 3663 1918 conditione
3708 1849 4037 1928 intelligen-

985 1958 1084 2021 cio
1114 1959 1404 2042 permisit
1443 1968 1504 2021 te
1541 1960 1768 2022 eadere
1799 1958 1864 2019 in
1905 1956 2491 2037 transgressionem-

983 2058 1285 2141 praecepti
1325 2057 1471 2134 mei,
1510 2066 1768 2140 propter
1809 2057 2179 2139 iniquitates
2222 2064 2362 2117 tuas
2406 2056 2472 2117 in

983 2156 1180 2222 David
1221 2156 1613 2233 commissaS,
1651 2165 1909 2238 propter
1950 2175 2108 2238 quas
2156 2174 2328 2218 nunc
2370 2156 2476 2218 de-

983 2254 1182 2318 bitam
1215 2255 1331 2318 tibi
1360 2275 1614 2338 poenam
1644 2253 1897 2336 infliget
1930 2274 2042 2337 per
2082 2274 2205 2317 me.
2243 2257 2329 2316 Et
2360 2276 2476 2315 rex

2582 1958 2756 2032 dum,
2794 1955 3089 2018 videlicet
3118 1954 3241 2015 nisi
3275 1972 3391 2015 sua
3426 1961 3489 2015 et
3518 1967 3776 2013 suorum
3805 1954 4035 2029 peecata

2582 2055 2756 2117 aliud
2804 2062 3217 2116 mererentur.
3260 2053 3467 2113 lussit
3515 2053 3735 2127 itaque
3782 2067 3890 2106 rex
3925 2048 4037 2106 Ba-

2584 2158 2757 2215 naioe
2784 2156 2925 2231 filio
2952 2156 3199 2215 Joiadoe
3218 2176 3245 2223 ,·
3272 2152 3389 2232 qui
3432 2167 3783 2229 aym-essm,
3806 2165 4039 2222 percus—

2582 2258 2667 2315 sit
2696 2274 2870 2323 eum,
2900 2262 2959 2312 et
2989 2262 3281 2313 mortuus
3308 2262 3420 2311 est.

2120 2680 2770 2768 ARTICULUS
2836 2680 2948 2763 IV

1721 2956 1799 3001 DE
1854 2956 2189 3001 SPIRITUAU
2246 2955 2431 3000 umus
2488 2954 2739 2999 SECUNDI
2798 2952 3073 2998 CAPITULI
3128 2952 3337 2997 SENSU.

1109 3237 1216 3301 ER
1245 3237 1365 3300 hoe
1393 3237 1565 3318 quod
1596 3235 1791 3299 David
1835 3253 2201 3298 recessurus
2235 3234 2313 3296 de
2345 3235 2475 3298 vita
2509 3232 2553 3295 C
2587 3232 2812 3312 rigoris
2861 3233 3024 3314 juris
3076 3233 3142 3294 in
3186 3251 3317 3308 e08‚
3368 3251 3528 3318 quos
3580 3233 3717 3314 ipse
3759 3251 3833 3295 ex
3870 3230 4035 3292 ratio-

1129 3337 1448 3420 praesenti,
1475 3334 1788 3400 sollicitus
1824 3333 1850 3396 l'
1855 3335 1947 3396 uit
1973 3335 2052 3397 de
2085 3335 2313 3397 idoneo
2336 3355 2475 3396 suc-

983 3456 1254 3514 cessore,
1297 3446 1360 3500 et
1409 3457 1552 3499 eum
1604 3435 1743 3498 loco
1793 3435 1890 3496 sui
1940 3433 2239 3510 instituit,
2283 3453 2473 3515 quem

985 3537 1164 3600 novit
1194 3557 1231 3599 a
1258 3535 1526 3599 Domino
1573 3534 1974 3616 praeelectum
2022 3534 2098 3596 ad
2137 3533 2476 3614 praesiden-

985 3637 1160 3711 dum,
1195 3645 1384 3716 atquc
1429 3634 1722 3697 eumdem
1763 3632 2104 3712 diligenter
2142 3631 2476 3693 admonuit

969 3742 1049 3797 -et
1079 3732 1378 3796 instruxit
1407 3733 1485 3794 de
1527 3730 1969 3794 observatione
2015 3729 2170 3809 legis
2216 3729 2472 3805 divinae,

975 3840 1051 3894 et
1080 3832 1158 3894 de
1187 3830 1590 3894 exsecutione
1631 3829 1916 3910 justitiae,
1952 3847 2024 3891 ac
2050 3829 2224 3909 justa
2270 3847 2475 3890 remu-

988 3930 1337 4006 neratione,
1363 3928 1688 3991 moraliter
1717 3929 2074 4002 edocemur,
2101 3928 2272 4008 quod
2298 3946 2474 4007 reges

985 4037 1049 4091 et
1079 4026 1400 4110 principes
1433 4025 1764 4088 saeculares
1797 4034 2078 4104 satagere
2109 4025 2365 4102 debent,
2401 4029 2475 4087 ac

984 4126 1474 4206 diligentissime
1506 4123 1860 4206 providere,
1885 4133 1955 4186 ut
1985 4124 2299 4186 virtuosos
2333 4133 2475 4205 post

983 4244 1050 4287 se
1073 4225 1437 4305 relinquant
1469 4241 1726 4286 suorum
1749 4241 2144 4284 successores
2167 4222 2477 4286 dominio-

969 4341 1147 4398 -rum,
1183 4331 1246 4386 et
1275 4342 1380 4386 eos
1421 4341 1578 4404 quos
1619 4321 1936 4382 aestirnant
1983 4339 2377 4384 successores
2410 4321 2475 4382 in

2585 3331 2782 3393 nabili
2821 3351 3011 3393 eausa
3048 3331 3298 3394 distulit
3336 3341 3445 3394 aut
3478 3331 3917 3394 convenienter
3948 3347 4040 3390 ne-

2584 3428 2794 3511 quivit
2824 3431 3071 3512 punire,
3107 3430 3199 3492 sie
3229 3439 3436 3512 potest
3476 3449 3582 3492 rex
3624 3449 3735 3493 seu
3768 3428 4037 3510 princeps

2586 3529 2931 3591 moriturus
2960 3549 3075 3592 suo
3096 3529 3493 3592 committere
3525 3527 3889 3592 successori.
3912 3527 4040 3588 Rur-

2585 3647 2705 3702 sus,
2723 3628 2887 3690 sieut
2907 3628 3102 3692 David
3131 3627 3492 3705 morituruS‚
3510 3627 3900 3690 Salomonem
3918 3643 4041 3688 con·

2585 3727 2789 3788 stituit
2822 3745 3045 3806 regem,
3064 3725 3155 3788 sic
3176 3725 3461 3789 Christus
3484 3727 3807 3808 proximus
3835 3723 4042 3808 passio-

2586 3825 2675 3901 ni,
2711 3825 3147 3888 beatissimum
3180 3825 3432 3888 Petrum
3461 3825 3816 3906 designavit
3844 3823 3955 3886 sibi
3984 3823 4039 3883 in
4064 3833 4248 3942 &fg-m*

2585 3923 2913 4004 potestatis
2944 3922 3343 4005 plenitudine
3373 3942 3813 3986 successurum
3840 3939 4039 4003 :quem

2584 4029 2647 4082 et
2676 4021 2803 4084 cito
2836 4031 2977 4103 post
3006 4021 3367 4103 passionem
3390 4021 3722 4085 constituit
3752 4021 3933 4084 totius
3950 4020 4044 4080 Ec·

2584 4119 2795 4182 clesiae
2826 4120 3159 4202 praesulem
3188 4139 3259 4182 ae
3292 4128 3621 4196 rectorem,
3654 4128 3843 4202 atque
3869 4119 4043 4182 eccle-

2586 4218 2856 4281 siasticae
2905 4218 3235 4300 potestatis
3286 4218 3755 4300 plenitudinem
3802 4216 4045 4282 eontulit

2586 4317 2667 4392 ei,
2712 4316 3003 4392 dicend0,
3037 4317 3223 4379 Pasce
3262 4336 3413 4379 oves
3459 4336 3652 4389 meaa
3689 4326 3759 4379 ut
3798 4317 4045 4380 solveret
4080 4334 4248 4418 mma

984 4421 1370 4502 principatu,
1407 4418 1776 4500 vigilantius
1815 4418 2228 4481 exhortentur
2258 4420 2336 4481 ad
2367 4419 2475 4482 Dei
2506 4421 2553 4482 D
2578 4423 2649 4478 et
2680 4415 2923 4494 ligaret.
2947 4415 3021 4476 Et
3040 4415 3193 4497 quia
3224 4415 3289 4476 in
3322 4416 3519 4480 veteri
3542 4417 3934 4478 Testamento
3952 4433 4046 4476 rex
4074 4400 4120 4440 ¹⁷·

988 4521 1303 4596 timorem,
1337 4521 1414 4582 ad
1446 4518 1763 4599 aequitatis
1799 4526 2104 4593 tenorem,
2139 4517 2217 4578 ad
2263 4518 2479 4599 praesi-

990 4618 1270 4681 dentiam
1296 4619 1556 4700 justam.
1580 4616 1824 4678 Praelati
1855 4635 2112 4697 quoque
2132 4635 2277 4678 cum
2311 4636 2481 4678 sum-

981 4735 1099 4779 -mo
1130 4724 1361 4780 conatu
1390 4715 1626 4777 debent
1654 4714 2036 4795 prospicere,
2057 4723 2125 4778 ut
2145 4713 2236 4775 eis
2268 4734 2483 4778 succe-

995 4815 1148 4877 dant
1179 4833 1326 4878 vere
1357 4813 1570 4876 idonei
1602 4820 1664 4874 et
1693 4811 2147 4892 condigni‚qui
2179 4821 2484 4876 vocentur

647 4913 659 4930 '
714 4937 968 4988 fleon-aa.
997 4932 1034 4974 a
1065 4913 1188 4984 Deo
1219 4921 1290 4975 ut
1320 4914 1546 4987 Aaron,
1585 4930 1696 4973 seu
1730 4910 2011 4991 legitime
2053 4910 2371 4989 eligantur
2411 4930 2483 4973 ac

998 5010 1432 5087 instituantur,
1470 5029 1585 5072 nec
1610 5010 1902 5090 ingerant
1933 5008 2330 5090 semetipSOS,
2368 5029 2484 5074 nec

995 5109 1424 5171 intrudantur.

983 5269 992 5280 ,
1078 5206 1382 5288 Denique,
1439 5205 1604 5268 sicut
1663 5205 1858 5267 David
1917 5206 2286 5282 morituruS‚
2344 5205 2486 5270 filio

999 5323 1114 5368 suo
1147 5304 1277 5385 regi
1323 5324 1395 5367 ae
1424 5303 1622 5385 judici
1657 5303 1978 5366 commisit
2011 5303 2481 5366 exsecutionem

2588 4514 2775 4576 altior
2806 4512 2931 4575 fuit
2960 4533 3033 4576 ae
3073 4514 3325 4592 dignior
3356 4515 3647 4595 praesule,
3682 4515 3833 4596 quia
3869 4531 4050 4576 sacer-

2589 4612 2832 4674 dotium
2864 4612 3026 4674 illud
3056 4621 3190 4674 erat
3221 4612 3499 4694 typicum
3534 4621 3597 4675 et
3624 4614 3893 4689 carnale,
3929 4611 4051 4672 ideo

2593 4710 2888 4774 Salomon
2918 4712 3127 4792 potuit
3154 4712 3665 4793 jurisdictionem
3696 4733 3769 4775 ac
3798 4709 4055 4792 discipli-

2595 4829 2739 4872 nam
2774 4810 2838 4871 in
2870 4809 3173 4872 Abiathar
3204 4829 3517 4874 exercere.
3552 4811 3620 4873 ln
3660 4830 3829 4875 novo
3866 4818 4051 4873 autem

2594 4909 3015 4984 TestamentO,
3066 4910 3484 4972 sacerdotium
3536 4910 4055 4992 pontificatusque

2594 5006 2869 5086 dignitas
2901 5004 3323 5070 ineffabiliter
3355 5009 3772 5090 praeeminent
3798 5007 3963 5071 omni
3986 5023 4057 5066 re-

2594 5106 2721 5187 gali
2771 5125 2842 5167 ac
2892 5106 3178 5168 saeculari
3228 5107 3555 5188 potestati,
3608 5106 3962 5170 auctoritati
4006 5113 4059 5165 et

2595 5205 2889 5284 dignitati
2927 5221 2939 5265 :
2978 5205 3215 5268 ideirco
3258 5225 3373 5268 nee
3410 5206 3807 5287 Imperatori,
3842 5225 3951 5268 nee
3980 5221 4059 5264 re-

2594 5304 2805 5384 gibus,
2841 5322 2956 5366 nec
3001 5304 3399 5386 principibus
3448 5304 3597 5368 licet
3628 5314 3737 5367 aut
3786 5302 4059 5368 convenit
