4359 6250
968 479 1084 544 732
1497 501 1844 548 manzano
1886 503 1948 548 IN
1990 502 2127 548 GAP.
2174 502 2305 548 1111
2347 502 2504 548 LIBRI
2544 503 2743 548 Tmrn
2786 504 3007 550 amun.
3054 523 3137 534 -
3174 505 3314 550 Am.
3360 503 3546 550 xxxn

966 689 1114 730 cum
1151 673 1240 730 eis
1283 673 1356 730 in
1399 673 1660 733 civitate
1690 674 1910 733 David
1939 674 2154 750 patris
2192 673 2300 732 sui
2311 696 2335 742 ,·
2364 691 2456 731 re·
2487 670 2537 732 A
2568 679 2801 748 entem,
2849 679 2913 734 et
2959 673 3324 755 loquentem
3374 672 3670 754 perfecte
3715 673 4019 736 abominati

961 769 1316 848 qnavitque
1343 773 1566 831 ,loram
1595 773 1779 849 filius
1804 773 1944 848 ejus
1967 791 2090 849 pro
2119 791 2209 831 eo,

1069 870 1374 928 Oolzozias
1422 879 1640 930 autem
1684 873 1870 948 filius
1916 873 2138 932 Achab
2184 890 2455 947 regnare

968 976 1240 1042 coeperat
1267 986 1461 1044 super
1489 971 1696 1029 Israel
1726 970 1798 1028 in
1827 971 2138 1030 Samaria
2167 989 2339 1029 armo
2369 991 2455 1029 se-

960 1066 1413 1140 ptimodecimo
1448 1067 1756 1143 Josapleat
1792 1069 1962 1143 reqis
1995 1070 2194 1140 Juda,
2228 1086 2455 1143 reyna-

969 1165 1184 1240 vitque
1235 1183 1428 1240 super
1473 1165 1680 1224 Israel
1730 1167 1977 1224 duobus
2029 1169 2246 1226 annis,
2297 1165 2456 1226 Prae-

676 1277 834 1334 ιιιιιερ
836 1293 934 1330 ‚‚‚‚‚
969 1261 1256 1325 habitum
1305 1271 1420 1340 est,
1465 1263 1635 1343 quod
1673 1263 1890 1326 Achab
1939 1263 2226 1342 regnavit
2269 1265 2454 1326 annis

674 1342 741 1383 ²⁹·
967 1361 1194 1442 viginti
1226 1362 1496 1438 duobuS,
1532 1370 1596 1424 et
1635 1362 1786 1425 item
1829 1363 1999 1444 quod
2030 1371 2258 1443 quarto
2290 1382 2454 1425 anno

967 1459 1148 1540 regni
1185 1460 1422 1538 Achab,
1468 1461 1707 1543 incepit
1744 1461 2042 1544 Josaphat
2084 1481 2194 1525 rex
2238 1480 2455 1543 regna-

969 1578 1036 1621 re
1061 1576 1074 1619 :
1101 1576 1250 1639 ergo
1271 1558 1487 1622 Achab
1509 1559 1799 1639 regnavit
1827 1579 2031 1642 usque
2061 1561 2139 1623 ad
2169 1579 2456 1624 consum-

967 1657 1312 1719 mationem
1353 1657 1800 1721 octavidecimi
1851 1659 2004 1722 anni
2058 1661 2237 1739 regni
2286 1660 2456 1723 Josa-

966 1757 1140 1839 phat.
1182 1757 1360 1819 Unde
1403 1757 1586 1838 sequi
1631 1759 1904 1836 videtur,
1939 1760 2109 1841 quod
2153 1758 2453 1822 Ochozias

2568 778 2737 832 sunt.
2774 770 2821 834 O
2850 791 3041 852 quam
3071 772 3257 834 multi
3289 791 3470 835 nunc
3512 772 3674 834 tales
3708 776 3880 833 sunt!
3908 771 4021 846 Qui-

2568 869 2687 931 bus
2729 868 2783 931 si
2823 869 3055 933 veritas
3101 872 3270 934 nude
3312 871 3596 946 dicatur,
3641 878 3705 933 et
3738 871 3895 951 justa
3930 870 4019 933 fiat

2568 969 2905 1050 correptio,
2922 987 3051 1032 non
3074 971 3530 1046 emendantur,
3548 969 3660 1031 sed
3686 987 4023 1051 persequun-

2572 1075 2671 1128 tur
2699 1067 3038 1130 dicentem.
3073 1068 3453 1132 Adulatores
3486 1075 3705 1130 autem
3742 1078 3934 1130 amant
3965 1088 4021 1130 ac

2566 1165 2855 1241 audiunt,
2884 1166 3048 1228 sicut
3076 1166 3291 1229 Achab
3324 1165 3664 1230 Sedeciam
3698 1165 4021 1249 prophetas-

2567 1283 2693 1346 que
2734 1264 2877 1327 Baal
2921 1282 2935 1326 :
2978 1284 3093 1347 per
3128 1284 3291 1346 quos
3338 1265 3616 1346 figurati
3656 1273 3800 1328 sunt
3834 1266 4022 1346 praedi-

2568 1369 2832 1440 catoreS‚
2873 1371 3155 1444 pastores
3204 1372 3268 1426 et
3313 1363 3563 1442 clerici,
3610 1363 3721 1445 qui
3758 1363 4020 1446 principi-

2566 1460 2687 1523 bus
2728 1470 2789 1524 et
2826 1461 3172 1542 majoribus
3202 1462 3489 1544 praelatis
3532 1462 3944 1536 blandiuntur,
3970 1471 4018 1523 et

2568 1578 2871 1642 prospera
2930 1561 3466 1640 sermocinantur,
3524 1569 3869 1644 quaerentes
3915 1559 4018 1621 illis

2569 1660 2834 1743 placere,
2860 1667 2923 1722 et
2951 1659 3209 1741 propria
3234 1661 3595 1737 commoda,
3616 1659 4019 1741 promotiones,

2569 1757 2887 1821 beneficia
2934 1757 3246 1835 obtinere,
3313 1777 3449 1821 non
3510 1766 3843 1841 pensantes
3890 1756 4019 1819 illud

967 1855 1146 1918 filius
1181 1857 1397 1919 Achab
1437 1857 1631 1939 coepit
1671 1877 1936 1938 regnare
1968 1877 2136 1922 anno
2176 1860 2456 1922 nonode—
2490 1866 2535 1926 B
2569 1857 2771 1919 sancti
2800 1855 3165 1937 Hieronymi
3204 1873 3217 1917 τ
3252 1857 3351 1919 Nil
3380 1857 3649 1938 gravius
3682 1857 3746 1919 in
3776 1857 4019 1919 sacerdo-

965 1956 1132 2017 cimo
1160 1955 1462 2037 Josaphat
1493 1956 1674 2036 regiS.
1691 1957 1785 2021 Ad
1815 1959 1986 2040 quod
2010 1959 2450 2039 respondetur,

963 2054 1135 2135 quod
1181 2055 1426 2136 primus
1475 2064 1536 2117 et
1583 2055 1849 2117 ultimus
1891 2056 2065 2132 anni,
2110 2056 2178 2118 in
2222 2055 2455 2138 quibus

964 2151 1182 2215 Achab
1221 2154 1508 2232 regnavit
1547 2154 1739 2216 simul
1779 2174 1926 2217 cum
1961 2155 2283 2237 Josaphat‚
2328 2174 2457 2218 non

967 2251 1229 2314 fuerunt
1247 2252 1571 2336 completi,
1593 2253 1831 2316 idcirco
1861 2272 1978 2316 nec
2007 2263 2458 2337 computantur

967 2353 1086 2415 hoc
1127 2352 1289 2416 loct).
1333 2352 1430 2427 Et,
1477 2360 1546 2413 ut
1587 2351 1652 2413 in
1694 2351 2082 2416 Scholastica
2121 2353 2325 2417 fertur
2362 2352 2459 2415 hi-

967 2451 1182 2526 storia,
1217 2469 1294 2513 ex
1333 2450 1520 2514 dictis
1561 2459 1624 2512 et
1662 2449 1846 2513 libris
1885 2452 2283 2516 diversorum
2311 2453 2459 2514 Pro-

969 2549 1304 2631 phetarum
1333 2549 1639 2612 collectus
1675 2559 1772 2612 est
1811 2549 1972 2613 liber
2003 2551 2263 2630 Regum.
2298 2549 2457 2613 Hinc

967 2655 1062 2710 est
1092 2649 1263 2729 quod
1292 2649 1458 2711 alius
1479 2649 1676 2726 aliud,
1697 2649 1944 2712 etalius
1973 2648 2152 2711 aliud
2181 2649 2459 2730 assigna-

967 2747 1060 2808 vit
1090 2747 1346 2810 initium
1378 2747 1806 2812 inchoationis
1839 2748 2039 2828 regni,
2075 2755 2206 2810 tam
2237 2765 2455 2828 regum

964 2847 1140 2922 luda,
1161 2862 1353 2928 quam
1387 2865 1608 2927 regum
1639 2846 1850 2923 Israel,
1871 2848 2223 2910 secundum
2255 2847 2458 2909 diver-

969 2943 1218 3007 sitatem
1253 2945 1571 3007 rationum
1601 2953 1792 3026 atque
1817 2951 2244 3025 respectuum.
2266 2948 2351 3007 Et
2373 2946 2458 3022 fe-

2567 1963 2650 2033 te,
2682 1974 2875 2035 quam
2907 1973 3325 2037 personarum
3364 1956 3684 2038 acceptio.
3716 1955 3876 2028 Quod
3902 1955 4019 2015 Am·

2568 2053 2819 2116 brosius
2848 2073 3104 2134 quoque
3134 2054 3389 2118 fatetur.
3411 2055 3623 2132 Porro,
3641 2072 3751 2136 per
3766 2053 4019 2134 Josaphat

2566 2153 3010 2236 exprimuntur
3040 2154 3153 2234 qui
3190 2173 3375 2218 veros
3418 2163 3487 2217 et
3518 2155 3727 2237 justos
3765 2152 4017 2236 praedica-

2569 2260 2734 2314 tores
2770 2260 3183 2335 pastoresque
3214 2252 3501 2335 diligunt
3532 2263 3597 2316 et
3626 2252 3949 2333 requirunt,
3965 2259 4017 2312 et

2569 2351 2761 2414 verba
2814 2351 3237 2434 correptionis
3288 2371 3363 2415 ac
3416 2351 3841 2415 saluberrimae
3881 2349 4015 2410 dire-

2568 2449 2798 2513 ctionis
2829 2451 3097 2512 audiunt
3127 2451 3470 2532 patienter,
3496 2459 3561 2513 et
3593 2449 4015 2531 amplectuntur

2568 2548 2860 2611 libenter.
2911 2549 3091 2612 Tales
3140 2549 3401 2612 demum
3454 2548 3612 2632 justi
3658 2567 3729 2611 ac
3778 2543 4011 2608 timorati

2568 2648 3011 2728 praedicatores
3054 2666 3125 2712 ac
3170 2648 3615 2730 praesidenteS,
3650 2655 3711 2710 et
3746 2651 4013 2706 amatores

2570 2745 2859 2823 fratrum,
2910 2746 3142 2826 signati
3192 2755 3343 2808 sunt
3392 2766 3513 2829 per
3561 2745 3880 2819 Michm,
3918 2738 4010 2821 qui

2567 2845 2741 2908 omni
2777 2845 3059 2907 humano
3096 2844 3324 2908 timore
3364 2843 3744 2927 postposito,
3778 2848 3837 2903 et
3868 2835 4011 2901 omni

2568 2945 2971 3028 propriorum
3005 2944 3489 3006 commodorum
3520 2940 3849 3006 affectione
3872 2933 4010 3017 sopi-

965 3046 1053 3102 cit
1085 3047 1331 3104 malum
1360 3046 1434 3103 in
1464 3054 1795 3121 conspectu
1822 3046 2113 3114 Domini,
2145 3053 2206 3104 et
2237 3046 2459 3104 ambu-
2486 3052 2529 3115 C
2566 3053 2650 3120 ta,
2691 3041 3210 3108 constantissime
3252 3041 3418 3105 dixit
3462 3060 3477 3103 :
3522 3039 3695 3103 Vivit
3728 3035 4007 3100 Dominus

968 3145 1130 3203 lavit
1169 3145 1241 3203 in
1283 3146 1393 3202 via
1425 3145 1640 3220 patris
1677 3146 1804 3215 sui,
1839 3154 1898 3204 et
1939 3145 2167 3204 matris
2210 3164 2366 3212 sace,
2396 3154 2457 3203 et

969 3244 1038 3301 in
1081 3244 1191 3301 via
1228 3245 1560 3303 Jeroboam
1598 3244 1734 3318 filii
1774 3244 2009 3314 Nabat,
2041 3246 2161 3321 qui
2194 3262 2457 3321 peccare

963 3342 1120 3418 fecit
1148 3343 1375 3401 Israel.
1403 3343 1694 3402 Servivit
1723 3361 1968 3420 quoque
1993 3344 2188 3412 Baal,
2220 3352 2279 3401 et
2309 3344 2458 3401 ado-

965 3441 1140 3499 ravit
1187 3459 1360 3509 eum,
1401 3450 1460 3500 et
1509 3442 1805 3500 irritavit
1846 3441 2204 3500 Dominum
2246 3445 2455 3501 Deum

964 3539 1190 3609 Israel,
1199 3539 1406 3614 juxta
1429 3540 1648 3599 omnia
1669 3559 1812 3618 quoe
1829 3539 2069 3615 fecerat
2083 3549 2273 3616 pater
2292 3541 2450 3617 ejuS,

965 3634 1264 3699 videlicet
1290 3635 1526 3699 Achab.
1558 3635 1836 3710 Qualiter
1865 3645 2077 3698 autem
2109 3636 2457 3699 incommu-

965 3734 1179 3797 tabilis
1209 3743 1272 3798 et
1301 3736 1871 3815 tranquillissimus
1902 3737 2066 3799 Deus
2099 3736 2336 3797 irritari
2368 3738 2455 3802 di-

963 3841 1162 3911 catur,
1211 3843 1433 3917 utpote
1484 3845 1790 3917 quantum
1841 3838 1922 3900 ad
1965 3836 2452 3903 similitudinem

963 3932 1260 4011 effectus»,
1286 3953 1413 3998 non
1446 3954 1558 4018 per
1589 3936 1920 3999 veritatem
1954 3936 2252 4015 affectus,
2277 3939 2455 4019 juxta

964 4051 1155 4112 quem
1188 4034 1446 4096 modum
1478 4034 1914 4097 attribuuntur
1953 4036 2012 4098 ei
2055 4034 2251 4113 furor,
2290 4036 2452 4100 indi-

963 4131 1202 4209 gnatio,
1233 4131 1347 4208 ira,
1379 4132 1624 4194 dictum
1655 4141 1752 4195 est
1780 4152 1966 4215 saepe.

2566 3148 2720 3229 quia
2760 3150 3211 3230 quodcumque
3256 3141 3495 3207 dixerit
3533 3138 3689 3203 mihi
3726 3134 4005 3203 Dominus,

2566 3246 2687 3310 hoc
2717 3247 2963 3328 loquar.
3001 3237 3105 3331 Sic
3134 3241 3288 3305 boni
3318 3250 3387 3304 et
3427 3260 3577 3305 vere
3614 3236 3908 3319 sapientes
3938 3229 4010 3292 lo-

2565 3354 2851 3427 quuntur
2880 3366 2953 3409 ac
2984 3338 3335 3432 prmdicant
3366 3349 3653 3421 tempore
3680 3338 4005 3416 opportuna

2564 3444 2881 3527 quidquid
2903 3442 3210 3515 Dominus
3233 3439 3525 3520 loquitur
3544 3437 3611 3499 in
3632 3426 4011 3514 ScripturiS,et

2564 3543 2879 3626 quidquid
2938 3537 3335 3609 conscientia
3385 3536 3605 3611 dictat,
3655 3550 3725 3594 ac
3772 3523 4005 3609 Spiritus

2566 3643 2847 3722 suggerit
2873 3627 3239 3723 veritatis&

2644 3741 2964 3804 Postremo
2992 3730 3303 3805 docemur
3322 3754 3404 3798 ex
3424 3736 3546 3797 isto
3565 3727 4008 3813 capitulo,quan-

2567 3848 2700 3902 tum
2730 3841 2989 3905 vitanda
3018 3842 3101 3903 sit
3132 3844 3239 3924 jus
3282 3835 3333 3897 ‘s
3366 3830 3762 3917 principibus
3792 3842 3856 3887 ac
3882 3827 4009 3883 cete-

2566 3938 2652 4000 ris
2691 3938 3003 4001 timoratis
3044 3939 3327 4003 familiar
3434 3952 3464 3994 s
3502 3928 3872 4005 societasque
3900 3934 4007 3999 ΡΜ·

2565 4058 2811 4115 vorum,
2849 4040 3003 4120 quia
3050 4058 3125 4103 ex
3172 4059 3247 4103 ea
3296 4041 3364 4104 in
3476 4033 3676 4095 iversa
3719 4033 3777 4089 et
3818 4032 4007 4127 magua

2564 4138 2867 4201 labuntur
2897 4138 3195 4221 pericula.
3217 4139 3457 4204 Iterum
3524 4134 3722 4194 onstat
3740 4142 3809 4185 ex
3826 4132 4007 4202 praem·

720 4242 884 4318 smus
1032 4230 1212 4291 Juxta
1232 4230 1660 4311 tropologiam,
1677 4250 1787 4312 per
1806 4232 2021 4296 Achab
2039 4234 2453 4315 designantur
2486 4242 2534 4303 D
2563 4238 2791 4315 ductiS,
2812 4238 2983 4319 quod
3014 4255 3193 4317 reges
3224 4248 3289 4301 et
3318 4240 3535 4321 prium
3592 4247 3654 4290 es
3678 4218 4005 4305 quandoque

799 4320 828 4348 ¹¹
869 4320 922 4350 ¹⁸·
966 4328 1078 4409 qui
1111 4328 1442 4391 veritatem
1472 4329 1832 4393 dicentibus
1873 4341 1936 4395 et
1974 4333 2451 4415 increpantibus

968 4425 1406 4507 indignantur,
1451 4428 1669 4509 quales
1711 4440 1860 4492 sunt
1898 4431 2086 4493 multi
2125 4443 2452 4513 magnates

966 4533 1028 4589 et
1057 4525 1290 4589 divites
1321 4544 1393 4588 ac
1422 4534 1734 4607 potentes
1769 4530 1856 4591 De
1896 4530 2127 4612 quibus
2169 4532 2454 4615 loquitur

669 4640 931 4691 12.1xx.1o.
965 4624 1155 4687 Isaias
1193 4642 1205 4685 ε
1240 4624 1469 4687 Dicunt
1513 4624 1900 4705 videntibuS‚
1945 4627 2149 4692 Nolite
2193 4632 2449 4706 videre3

965 4731 1029 4787 et
1071 4722 1596 4805 adspicientibuS,
1647 4724 1854 4788 Nolite
1893 4728 2223 4809 adspicere
2268 4730 2454 4793 nobis

966 4840 1040 4884 ea
1078 4840 1222 4903 quae
1265 4830 1436 4885 recta
1479 4832 1663 4897 sunt;
1713 4824 2050 4906 loquimini
2096 4827 2283 4889 nobis
2324 4828 2456 4910 pla-

967 4920 1195 4996 centia,
1216 4921 1427 4984 videte
1459 4922 1644 4985 nobis
1676 4942 1942 4986 errores,
1962 4925 2048 4986 De
2079 4926 2314 4989 talibus
2337 4927 2458 4991 fer-

667 5036 803 5078 Amos
822 5040 935 5087 mo.
967 5026 1070 5081 tur
1111 5029 1174 5082 et
1211 5020 1276 5081 in
1315 5022 1506 5084 Amos
1543 5039 1556 5083 :
1592 5022 1748 5085 Odio
1787 5022 2148 5085 habuerunt
2190 5026 2455 5110 corripi-

1635 5288 1817 5337 FINIS
1871 5288 2540 5343 COMMENTARIORUM
2594 5292 2784 5342 LIBRI
2836 5292 3086 5343 REGUM
3139 5292 3375 5341 TERTII

2565 4336 2987 4399 succumbunt
3039 4337 3103 4397 in
3154 4336 3419 4419 praeliis,
3475 4357 3585 4420 qu«
3616 4322 3765 4387 mViS
3808 4318 4002 4398 jusum

2563 4434 2837 4499 habeant
2866 4455 3145 4513 causam,
3180 4436 3333 4518 quia
3366 4437 3590 4499 aliund
3672 4426 3806 4483 sunt
3833 4410 4002 4489 calpa·

2565 4536 2747 4612 biles,
2782 4543 2845 4599 et
2873 4534 2937 4597 id
2967 4535 3139 4617 quod
3169 4534 3261 4598 eis
3293 4535 3563 4599 debetur
3594 4552 3629 4596 ο
3710 4518 3834 4625 jure
3865 4524 4001 4571 0⁰1⁰·

2564 4636 2757 4712 muni,
2770 4635 3054 4717 recipere
3078 4642 3229 4696 sunt
3252 4633 3501 4715 indigni
3526 4651 3601 4695 ex
3622 4651 3658 4694 c
3713 4617 3877 4722 'mule
3896 4622 4000 4687 ⁵1³0·

2566 4733 2733 4799 ciali.
2770 4733 3097 4814 Siquidem
3130 4732 3397 4795 Ramoth
3424 4730 3653 4795 Galaad
3778 4702 4000 4773 suffibat

2566 4835 2643 4896 de
2671 4834 2816 4915 jure
2854 4831 3241 4913 adregnum
3272 4831 3482 4907 Israel,
3524 4846 3650 4891 non
3693 4844 3730 4887 a
3820 4807 3995 4887 siffis?

2565 4939 2627 4993 et
2668 4938 2877 4992 tamen
2922 4948 3031 4992 rex
3073 4929 3261 4993 Israel
3308 4929 3373 4992 in
3416 4927 3604 5002 bello,
3645 4942 3728 5004 qu
3826 4902 3995 4967 urbem

2570 5028 2745 5091 illam
2774 5029 3123 5091 conabatur
3154 5045 3542 5110 recuperare,
3578 5030 3668 5087 est
3696 5018 3754 5081 vi
3818 5014 3909 5066 2¹1³·
