<?xml version="1.0" encoding="UTF-8"?>
<!DOCTYPE html PUBLIC "-//W3C//DTD XHTML 1.0 Transitional//EN"
    "http://www.w3.org/TR/xhtml1/DTD/xhtml1-transitional.dtd">
<html xmlns="http://www.w3.org/1999/xhtml" xml:lang="en" lang="en">
 <head>
  <title>
</title>
<meta http-equiv="Content-Type" content="text/html;charset=utf-8" />
  <meta name='ocr-system' content='tesseract 3.04.00' />
  <meta name='ocr-capabilities' content='ocr_page ocr_carea ocr_par ocr_line ocrx_word'/>
</head>
<body>
  <div class='ocr_page' id='page_1' title='image "./doctorisecstati02denigoog_0711.png"; bbox 0 0 4359 6250; ppageno 0'>
   <div class='ocr_carea' id='block_1_1' title="bbox 949 474 3471 539">
    <p class='ocr_par' dir='ltr' id='par_1_1' title="bbox 949 474 3471 539">
     <span class='ocr_line' id='line_1_1' title="bbox 949 474 3471 539; baseline 0 -3"><span class='ocrx_word' id='word_1_1' title='bbox 949 474 1069 539; x_wconf 82' lang='lat'><strong>670</strong></span> <span class='ocrx_word' id='word_1_2' title='bbox 1521 490 1868 537; x_wconf 65' lang='lat' dir='ltr'><strong>mannum</strong></span> <span class='ocrx_word' id='word_1_3' title='bbox 1910 490 1972 535; x_wconf 81' lang='grc' dir='ltr'><strong>ιΝ</strong></span> <span class='ocrx_word' id='word_1_4' title='bbox 2011 490 2150 535; x_wconf 69' lang='grc' dir='ltr'><strong>ω.</strong></span> <span class='ocrx_word' id='word_1_5' title='bbox 2198 490 2261 535; x_wconf 80' lang='lat' dir='ltr'><strong>xl</strong></span> <span class='ocrx_word' id='word_1_6' title='bbox 2302 489 2461 535; x_wconf 80' lang='lat' dir='ltr'><strong>mnu</strong></span> <span class='ocrx_word' id='word_1_7' title='bbox 2501 489 2699 535; x_wconf 71' lang='lat' dir='ltr'><strong>rem-11</strong></span> <span class='ocrx_word' id='word_1_8' title='bbox 2741 490 2965 537; x_wconf 73' lang='lat' dir='ltr'><strong>amun.</strong></span> <span class='ocrx_word' id='word_1_9' title='bbox 3010 510 3091 520; x_wconf 95' lang='lat'>—</span> <span class='ocrx_word' id='word_1_10' title='bbox 3131 491 3274 537; x_wconf 66' lang='lat' dir='ltr'><strong>aar.</strong></span> <span class='ocrx_word' id='word_1_11' title='bbox 3320 490 3471 537; x_wconf 79' lang='lat' dir='ltr'><strong>xvm</strong></span> 
     </span>
    </p>
   </div>
   <div class='ocr_carea' id='block_1_2' title="bbox 631 658 4264 5284">
    <p class='ocr_par' dir='ltr' id='par_1_2' title="bbox 631 658 4264 5284">
     <span class='ocr_line' id='line_1_2' title="bbox 945 658 4245 742; baseline -0.001 -18"><span class='ocrx_word' id='word_1_12' title='bbox 945 660 1188 724; x_wconf 89' lang='lat' dir='ltr'><strong>cultum</strong></span> <span class='ocrx_word' id='word_1_13' title='bbox 1219 670 1283 723; x_wconf 87' lang='lat' dir='ltr'><strong>et</strong></span> <span class='ocrx_word' id='word_1_14' title='bbox 1309 660 1871 725; x_wconf 79' lang='lat' dir='ltr'><strong>honorificentiam</strong></span> <span class='ocrx_word' id='word_1_15' title='bbox 1902 659 2030 737; x_wconf 90' lang='lat' dir='ltr'><strong>Dei,</strong></span> <span class='ocrx_word' id='word_1_16' title='bbox 2047 659 2265 723; x_wconf 90' lang='lat' dir='ltr'><strong>decuit</strong></span> <span class='ocrx_word' id='word_1_17' title='bbox 2294 662 2433 741; x_wconf 86' lang='lat' dir='ltr'><strong>ejus</strong></span> <span class='ocrx_word' id='word_1_18' title='bbox 2465 659 2517 722; x_wconf 89' lang='lat' dir='ltr'>A</span> <span class='ocrx_word' id='word_1_19' title='bbox 2548 660 2683 723; x_wconf 92' lang='lat' dir='ltr'><strong>Non</strong></span> <span class='ocrx_word' id='word_1_20' title='bbox 2730 660 3198 724; x_wconf 77' lang='lat' dir='ltr'><strong>abominaberis</strong></span> <span class='ocrx_word' id='word_1_21' title='bbox 3246 660 3611 737; x_wconf 81' lang='lat' dir='ltr'><strong>Idumaeum,</strong></span> <span class='ocrx_word' id='word_1_22' title='bbox 3645 660 3801 742; x_wconf 92' lang='lat' dir='ltr'><strong>quia</strong></span> <span class='ocrx_word' id='word_1_23' title='bbox 3834 658 4024 723; x_wconf 80' lang='lat' dir='ltr'><strong>frater</strong></span> <span class='ocrx_word' id='word_1_24' title='bbox 4060 678 4245 728; x_wconf 59' lang='lat' dir='ltr'><strong>neam,</strong></span> 
     </span>
     <span class='ocr_line' id='line_1_3' title="bbox 947 743 4083 840; baseline -0.001 -20"><span class='ocrx_word' id='word_1_25' title='bbox 947 760 1186 840; x_wconf 85' lang='lat' dir='ltr'><strong>regium</strong></span> <span class='ocrx_word' id='word_1_26' title='bbox 1243 759 1546 823; x_wconf 88' lang='lat' dir='ltr'><strong>minorari</strong></span> <span class='ocrx_word' id='word_1_27' title='bbox 1601 760 1930 823; x_wconf 83' lang='lat' dir='ltr'><strong>honorem.</strong></span> <span class='ocrx_word' id='word_1_28' title='bbox 1985 762 2435 821; x_wconf 77' lang='lat' dir='ltr'><strong>Verumtamen</strong></span> <span class='ocrx_word' id='word_1_29' title='bbox 2548 768 2693 821; x_wconf 88' lang='lat' dir='ltr'><strong>tuus</strong></span> <span class='ocrx_word' id='word_1_30' title='bbox 2738 768 2872 837; x_wconf 87' lang='lat' dir='ltr'><strong>est;</strong></span> <span class='ocrx_word' id='word_1_31' title='bbox 2918 770 2977 821; x_wconf 88' lang='lat' dir='ltr'><strong>et</strong></span> <span class='ocrx_word' id='word_1_32' title='bbox 3013 761 3337 820; x_wconf 83' lang='lat' dir='ltr'><strong>occidisset</strong></span> <span class='ocrx_word' id='word_1_33' title='bbox 3374 780 3557 820; x_wconf 84' lang='lat' dir='ltr'><strong>omne</strong></span> <span class='ocrx_word' id='word_1_34' title='bbox 3596 762 4023 819; x_wconf 79' lang='lat' dir='ltr'><strong>masculinam</strong></span> <span class='ocrx_word' id='word_1_35' title='bbox 4048 743 4083 783; x_wconf 82' lang='lat'><strong>⁷·</strong></span> 
     </span>
     <span class='ocr_line' id='line_1_4' title="bbox 943 858 4025 938; baseline 0 -21"><span class='ocrx_word' id='word_1_36' title='bbox 943 860 1017 919; x_wconf 83' lang='lat' dir='ltr'><strong>in</strong></span> <span class='ocrx_word' id='word_1_37' title='bbox 1046 861 1268 919; x_wconf 85' lang='lat' dir='ltr'><strong>diebus</strong></span> <span class='ocrx_word' id='word_1_38' title='bbox 1299 861 1429 920; x_wconf 87' lang='lat' dir='ltr'><strong>tuis</strong></span> <span class='ocrx_word' id='word_1_39' title='bbox 1459 878 1588 919; x_wconf 85' lang='lat' dir='ltr'><strong>non</strong></span> <span class='ocrx_word' id='word_1_40' title='bbox 1618 860 1892 938; x_wconf 84' lang='lat' dir='ltr'><strong>faciam,</strong></span> <span class='ocrx_word' id='word_1_41' title='bbox 1921 868 2189 936; x_wconf 79' lang='lat' dir='ltr'><strong>propter</strong></span> <span class='ocrx_word' id='word_1_42' title='bbox 2218 858 2437 917; x_wconf 88' lang='lat' dir='ltr'><strong>David</strong></span> <span class='ocrx_word' id='word_1_43' title='bbox 2546 860 2618 918; x_wconf 84' lang='lat' dir='ltr'><strong>in</strong></span> <span class='ocrx_word' id='word_1_44' title='bbox 2660 862 2957 920; x_wconf 84' lang='lat' dir='ltr'><strong>Idumoea</strong></span> <span class='ocrx_word' id='word_1_45' title='bbox 2997 861 3137 936; x_wconf 69' lang='lat' dir='ltr'><strong>(sem</strong></span> <span class='ocrx_word' id='word_1_46' title='bbox 3184 860 3361 919; x_wconf 87' lang='lat' dir='ltr'><strong>enim</strong></span> <span class='ocrx_word' id='word_1_47' title='bbox 3403 860 3727 918; x_wconf 79' lang='lat' dir='ltr'><strong>mensibus</strong></span> <span class='ocrx_word' id='word_1_48' title='bbox 3766 858 3861 917; x_wconf 81' lang='lat' dir='ltr'><strong>ibi</strong></span> <span class='ocrx_word' id='word_1_49' title='bbox 3902 878 4025 917; x_wconf 85' lang='lat' dir='ltr'><strong>mo-</strong></span> 
     </span>
     <span class='ocr_line' id='line_1_5' title="bbox 934 953 4023 1038; baseline -0.001 -21"><span class='ocrx_word' id='word_1_50' title='bbox 934 966 1190 1034; x_wconf 80' lang='lat' dir='ltr'><strong>patrem</strong></span> <span class='ocrx_word' id='word_1_51' title='bbox 1233 967 1439 1029; x_wconf 87' lang='lat' dir='ltr'><strong>tuum,</strong></span> <span class='ocrx_word' id='word_1_52' title='bbox 1473 976 1666 1038; x_wconf 88' lang='lat' dir='ltr'><strong>quem</strong></span> <span class='ocrx_word' id='word_1_53' title='bbox 1714 956 1780 1018; x_wconf 90' lang='lat' dir='ltr'><strong>in</strong></span> <span class='ocrx_word' id='word_1_54' title='bbox 1834 964 1893 1019; x_wconf 90' lang='lat' dir='ltr'><strong>te</strong></span> <span class='ocrx_word' id='word_1_55' title='bbox 1945 954 2085 1017; x_wconf 86' lang='lat' dir='ltr'><strong>filio</strong></span> <span class='ocrx_word' id='word_1_56' title='bbox 2129 974 2245 1017; x_wconf 91' lang='lat' dir='ltr'><strong>suo</strong></span> <span class='ocrx_word' id='word_1_57' title='bbox 2287 953 2433 1017; x_wconf 81' lang='lat' dir='ltr'><strong>volo</strong></span> <span class='ocrx_word' id='word_1_58' title='bbox 2546 967 2729 1018; x_wconf 88' lang='lat' dir='ltr'><strong>ratus</strong></span> <span class='ocrx_word' id='word_1_59' title='bbox 2766 968 2855 1019; x_wconf 88' lang='lat' dir='ltr'><strong>est</strong></span> <span class='ocrx_word' id='word_1_60' title='bbox 2891 960 3049 1019; x_wconf 81' lang='lat' dir='ltr'><strong>Joab</strong></span> <span class='ocrx_word' id='word_1_61' title='bbox 3088 966 3149 1017; x_wconf 91' lang='lat' dir='ltr'><strong>et</strong></span> <span class='ocrx_word' id='word_1_62' title='bbox 3186 960 3396 1017; x_wconf 84' lang='lat' dir='ltr'><strong>omnis</strong></span> <span class='ocrx_word' id='word_1_63' title='bbox 3432 960 3665 1025; x_wconf 83' lang='lat' dir='ltr'><strong>Israel,</strong></span> <span class='ocrx_word' id='word_1_64' title='bbox 3692 960 3890 1016; x_wconf 74' lang='lat' dir='ltr'><strong>dmtec</strong></span> <span class='ocrx_word' id='word_1_65' title='bbox 3928 960 4023 1016; x_wconf 81' lang='lat' dir='ltr'><strong>in-</strong></span> 
     </span>
     <span class='ocr_line' id='line_1_6' title="bbox 943 1053 4022 1133; baseline 0 -18"><span class='ocrx_word' id='word_1_66' title='bbox 943 1054 1035 1117; x_wconf 91' lang='lat' dir='ltr'><strong>sic</strong></span> <span class='ocrx_word' id='word_1_67' title='bbox 1066 1054 1397 1131; x_wconf 88' lang='lat' dir='ltr'><strong>honorare,</strong></span> <span class='ocrx_word' id='word_1_68' title='bbox 1416 1056 1492 1117; x_wconf 91' lang='lat' dir='ltr'><strong>ad</strong></span> <span class='ocrx_word' id='word_1_69' title='bbox 1525 1055 1976 1117; x_wconf 86' lang='lat' dir='ltr'><strong>declarandum</strong></span> <span class='ocrx_word' id='word_1_70' title='bbox 2007 1053 2235 1117; x_wconf 88' lang='lat' dir='ltr'><strong>merita</strong></span> <span class='ocrx_word' id='word_1_71' title='bbox 2266 1053 2429 1133; x_wconf 90' lang='lat' dir='ltr'><strong>ejus.</strong></span> <span class='ocrx_word' id='word_1_72' title='bbox 2547 1060 2865 1117; x_wconf 84' lang='lat' dir='ltr'><strong>terimeret</strong></span> <span class='ocrx_word' id='word_1_73' title='bbox 2892 1078 3077 1117; x_wconf 85' lang='lat' dir='ltr'><strong>omne</strong></span> <span class='ocrx_word' id='word_1_74' title='bbox 3107 1058 3543 1116; x_wconf 86' lang='lat' dir='ltr'><strong>masculinum</strong></span> <span class='ocrx_word' id='word_1_75' title='bbox 3574 1058 3651 1115; x_wconf 85' lang='lat' dir='ltr'><strong>in</strong></span> <span class='ocrx_word' id='word_1_76' title='bbox 3681 1058 4022 1133; x_wconf 78' lang='lat' dir='ltr'><strong>[dama-a),</strong></span> 
     </span>
     <span class='ocr_line' id='line_1_7' title="bbox 649 1154 4023 1234; baseline 0.001 -22"><span class='ocrx_word' id='word_1_77' title='bbox 649 1169 914 1224; x_wconf 56' lang='lat' dir='ltr'><strong>uincam.</strong></span> <span class='ocrx_word' id='word_1_78' title='bbox 942 1156 1037 1213; x_wconf 90' lang='lat' dir='ltr'><strong>De</strong></span> <span class='ocrx_word' id='word_1_79' title='bbox 1083 1175 1282 1215; x_wconf 88' lang='lat' dir='ltr'><strong>manu</strong></span> <span class='ocrx_word' id='word_1_80' title='bbox 1323 1156 1458 1231; x_wconf 77' lang='lat' dir='ltr'><strong>ficti</strong></span> <span class='ocrx_word' id='word_1_81' title='bbox 1502 1155 1601 1215; x_wconf 82' lang='lat' dir='ltr'><strong>tui</strong></span> <span class='ocrx_word' id='word_1_82' title='bbox 1640 1156 1937 1213; x_wconf 76' lang='lat' dir='ltr'><strong>scindam</strong></span> <span class='ocrx_word' id='word_1_83' title='bbox 1979 1154 2177 1222; x_wconf 81' lang='lat' dir='ltr'><strong>illud,</strong></span> <span class='ocrx_word' id='word_1_84' title='bbox 2220 1159 2290 1213; x_wconf 90' lang='lat' dir='ltr'><strong>ut</strong></span> <span class='ocrx_word' id='word_1_85' title='bbox 2338 1170 2434 1214; x_wconf 87' lang='lat' dir='ltr'><strong>se-</strong></span> <span class='ocrx_word' id='word_1_86' title='bbox 2541 1157 2719 1234; x_wconf 68' lang='lat' dir='ltr'><strong>fuqit</strong></span> <span class='ocrx_word' id='word_1_87' title='bbox 2750 1160 2943 1217; x_wconf 84' lang='lat' dir='ltr'><strong>Adad</strong></span> <span class='ocrx_word' id='word_1_88' title='bbox 2976 1158 3111 1234; x_wconf 81' lang='lat' dir='ltr'><strong>ipse</strong></span> <span class='ocrx_word' id='word_1_89' title='bbox 3141 1166 3201 1215; x_wconf 91' lang='lat' dir='ltr'><strong>et</strong></span> <span class='ocrx_word' id='word_1_90' title='bbox 3232 1157 3367 1215; x_wconf 86' lang='lat' dir='ltr'><strong>viri</strong></span> <span class='ocrx_word' id='word_1_91' title='bbox 3394 1156 3679 1216; x_wconf 64' lang='lat' dir='ltr'><strong>Idumaei</strong></span> <span class='ocrx_word' id='word_1_92' title='bbox 3714 1158 3793 1215; x_wconf 86' lang='lat' dir='ltr'><strong>de</strong></span> <span class='ocrx_word' id='word_1_93' title='bbox 3828 1156 4023 1215; x_wconf 77' lang='lat' dir='ltr'><strong>servis</strong></span> 
     </span>
     <span class='ocr_line' id='line_1_8' title="bbox 943 1250 4022 1334; baseline 0.001 -22"><span class='ocrx_word' id='word_1_94' title='bbox 943 1252 1166 1334; x_wconf 87' lang='lat' dir='ltr'><strong>quenti</strong></span> <span class='ocrx_word' id='word_1_95' title='bbox 1217 1259 1507 1314; x_wconf 86' lang='lat' dir='ltr'><strong>narratur</strong></span> <span class='ocrx_word' id='word_1_96' title='bbox 1553 1250 1855 1332; x_wconf 63' lang='lat' dir='ltr'><strong>capitula</strong></span> <span class='ocrx_word' id='word_1_97' title='bbox 1909 1253 2041 1313; x_wconf 91' lang='lat' dir='ltr'><strong>Nec</strong></span> <span class='ocrx_word' id='word_1_98' title='bbox 2091 1260 2292 1311; x_wconf 88' lang='lat' dir='ltr'><strong>totum</strong></span> <span class='ocrx_word' id='word_1_99' title='bbox 2343 1271 2434 1309; x_wconf 89' lang='lat' dir='ltr'><strong>re·</strong></span> <span class='ocrx_word' id='word_1_100' title='bbox 2532 1257 2749 1333; x_wconf 77' lang='lat' dir='ltr'><strong>patris</strong></span> <span class='ocrx_word' id='word_1_101' title='bbox 2775 1258 2915 1333; x_wconf 79' lang='lat' dir='ltr'><strong>ejus</strong></span> <span class='ocrx_word' id='word_1_102' title='bbox 2938 1275 3085 1315; x_wconf 82' lang='lat' dir='ltr'><strong>eum</strong></span> <span class='ocrx_word' id='word_1_103' title='bbox 3116 1275 3210 1325; x_wconf 84' lang='lat' dir='ltr'><strong>eo,</strong></span> <span class='ocrx_word' id='word_1_104' title='bbox 3242 1264 3315 1315; x_wconf 88' lang='lat' dir='ltr'><strong>ut</strong></span> <span class='ocrx_word' id='word_1_105' title='bbox 3346 1256 3796 1331; x_wconf 64' lang='lat' dir='ltr'><strong>ingrederetur</strong></span> <span class='ocrx_word' id='word_1_106' title='bbox 3827 1255 4022 1331; x_wconf 53' lang='grc' dir='ltr'><strong>Αἶρε]-</strong></span> 
     </span>
     <span class='ocr_line' id='line_1_9' title="bbox 934 1350 3966 1433; baseline -0 -24"><span class='ocrx_word' id='word_1_107' title='bbox 934 1368 1144 1426; x_wconf 66' lang='lat' dir='ltr'><strong>⁸quum</strong></span> <span class='ocrx_word' id='word_1_108' title='bbox 1193 1352 1518 1427; x_wconf 83' lang='lat' dir='ltr'><strong>auferam,</strong></span> <span class='ocrx_word' id='word_1_109' title='bbox 1565 1353 1676 1410; x_wconf 88' lang='lat' dir='ltr'><strong>sed</strong></span> <span class='ocrx_word' id='word_1_110' title='bbox 1727 1350 1966 1410; x_wconf 81' lang='lat' dir='ltr'><strong>tribum</strong></span> <span class='ocrx_word' id='word_1_111' title='bbox 2015 1368 2217 1409; x_wconf 89' lang='lat' dir='ltr'><strong>unam</strong></span> <span class='ocrx_word' id='word_1_112' title='bbox 2266 1350 2430 1408; x_wconf 85' lang='lat' dir='ltr'><strong>dabo</strong></span> <span class='ocrx_word' id='word_1_113' title='bbox 2535 1364 2749 1433; x_wconf 76' lang='lat' dir='ltr'><strong>ptam.</strong></span> <span class='ocrx_word' id='word_1_114' title='bbox 2782 1356 2949 1416; x_wconf 84' lang='lat' dir='ltr'><strong>Erat</strong></span> <span class='ocrx_word' id='word_1_115' title='bbox 2978 1364 3193 1414; x_wconf 77' lang='lat' dir='ltr'><strong>autem</strong></span> <span class='ocrx_word' id='word_1_116' title='bbox 3222 1355 3419 1414; x_wconf 83' lang='lat' dir='ltr'><strong>Adad</strong></span> <span class='ocrx_word' id='word_1_117' title='bbox 3439 1372 3603 1429; x_wconf 81' lang='lat' dir='ltr'><strong>puer</strong></span> <span class='ocrx_word' id='word_1_118' title='bbox 3621 1356 3966 1429; x_wconf 79' lang='lat' dir='ltr'><strong>parvulus.</strong></span> 
     </span>
     <span class='ocr_line' id='line_1_10' title="bbox 938 1446 4020 1532; baseline 0.002 -26"><span class='ocrx_word' id='word_1_119' title='bbox 938 1450 1081 1525; x_wconf 81' lang='lat' dir='ltr'><strong>filio</strong></span> <span class='ocrx_word' id='word_1_120' title='bbox 1114 1459 1242 1521; x_wconf 82' lang='lat' dir='ltr'><strong>tue,</strong></span> <span class='ocrx_word' id='word_1_121' title='bbox 1276 1458 1504 1531; x_wconf 81' lang='lat' dir='ltr'><strong>praeter</strong></span> <span class='ocrx_word' id='word_1_122' title='bbox 1551 1447 1786 1509; x_wconf 82' lang='lat' dir='ltr'><strong>tribum</strong></span> <span class='ocrx_word' id='word_1_123' title='bbox 1829 1447 2010 1523; x_wconf 84' lang='lat' dir='ltr'><strong>Juda,</strong></span> <span class='ocrx_word' id='word_1_124' title='bbox 2054 1455 2124 1509; x_wconf 82' lang='lat' dir='ltr'><strong>ut</strong></span> <span class='ocrx_word' id='word_1_125' title='bbox 2165 1446 2429 1527; x_wconf 87' lang='lat' dir='ltr'><strong>quidam</strong></span> <span class='ocrx_word' id='word_1_126' title='bbox 2626 1456 2960 1532; x_wconf 85' lang='lat' dir='ltr'><strong>Quumque</strong></span> <span class='ocrx_word' id='word_1_127' title='bbox 2996 1453 3429 1513; x_wconf 74' lang='lat' dir='ltr'><strong>surrexissent</strong></span> <span class='ocrx_word' id='word_1_128' title='bbox 3464 1453 3543 1511; x_wconf 90' lang='lat' dir='ltr'><strong>de</strong></span> <span class='ocrx_word' id='word_1_129' title='bbox 3571 1451 3878 1521; x_wconf 79' lang='lat' dir='ltr'><strong>Madian,</strong></span> <span class='ocrx_word' id='word_1_130' title='bbox 3910 1450 4020 1512; x_wconf 88' lang='lat' dir='ltr'><strong>hoc</strong></span> 
     </span>
     <span class='ocr_line' id='line_1_11' title="bbox 940 1545 4021 1628; baseline 0.001 -21"><span class='ocrx_word' id='word_1_131' title='bbox 940 1557 1290 1628; x_wconf 87' lang='lat' dir='ltr'><strong>exponunt.</strong></span> <span class='ocrx_word' id='word_1_132' title='bbox 1341 1546 1519 1609; x_wconf 90' lang='lat' dir='ltr'><strong>Unde</strong></span> <span class='ocrx_word' id='word_1_133' title='bbox 1571 1556 1634 1610; x_wconf 92' lang='lat' dir='ltr'><strong>et</strong></span> <span class='ocrx_word' id='word_1_134' title='bbox 1680 1546 1944 1628; x_wconf 86' lang='lat' dir='ltr'><strong>quidam</strong></span> <span class='ocrx_word' id='word_1_135' title='bbox 1993 1546 2084 1607; x_wconf 90' lang='lat' dir='ltr'><strong>ait</strong></span> <span class='ocrx_word' id='word_1_136' title='bbox 2132 1561 2146 1606; x_wconf 77' lang='grc' dir='ltr'><em>τ</em></span> <span class='ocrx_word' id='word_1_137' title='bbox 2197 1545 2428 1607; x_wconf 87' lang='lat' dir='ltr'><strong>Tribus</strong></span> <span class='ocrx_word' id='word_1_138' title='bbox 2541 1557 2656 1625; x_wconf 89' lang='lat' dir='ltr'><strong>est,</strong></span> <span class='ocrx_word' id='word_1_139' title='bbox 2691 1549 2849 1613; x_wconf 91' lang='lat' dir='ltr'><strong>urbe</strong></span> <span class='ocrx_word' id='word_1_140' title='bbox 2880 1569 2993 1613; x_wconf 91' lang='lat' dir='ltr'><strong>seu</strong></span> <span class='ocrx_word' id='word_1_141' title='bbox 3024 1550 3345 1613; x_wconf 88' lang='lat' dir='ltr'><strong>territorio</strong></span> <span class='ocrx_word' id='word_1_142' title='bbox 3374 1548 3877 1611; x_wconf 77' lang='lat' dir='ltr'><strong>Madianitarum.</strong></span> <span class='ocrx_word' id='word_1_143' title='bbox 3912 1548 4021 1609; x_wconf 74' lang='lat' dir='ltr'><strong>Ma-</strong></span> 
     </span>
     <span class='ocr_line' id='line_1_12' title="bbox 938 1642 4021 1731; baseline 0.001 -26"><span class='ocrx_word' id='word_1_144' title='bbox 938 1643 1098 1707; x_wconf 90' lang='lat' dir='ltr'><strong>Juda</strong></span> <span class='ocrx_word' id='word_1_145' title='bbox 1140 1664 1268 1708; x_wconf 91' lang='lat' dir='ltr'><strong>non</strong></span> <span class='ocrx_word' id='word_1_146' title='bbox 1315 1644 1438 1708; x_wconf 85' lang='lat' dir='ltr'><strong>fuit</strong></span> <span class='ocrx_word' id='word_1_147' title='bbox 1483 1645 1622 1708; x_wconf 82' lang='lat' dir='ltr'><strong>silio</strong></span> <span class='ocrx_word' id='word_1_148' title='bbox 1666 1644 2020 1708; x_wconf 89' lang='lat' dir='ltr'><strong>Salomonis</strong></span> <span class='ocrx_word' id='word_1_149' title='bbox 2060 1644 2227 1721; x_wconf 82' lang='lat' dir='ltr'><strong>data,</strong></span> <span class='ocrx_word' id='word_1_150' title='bbox 2276 1642 2430 1725; x_wconf 87' lang='lat' dir='ltr'><strong>quia</strong></span> <span class='ocrx_word' id='word_1_151' title='bbox 2538 1647 2688 1710; x_wconf 86' lang='lat' dir='ltr'><strong>dian</strong></span> <span class='ocrx_word' id='word_1_152' title='bbox 2717 1648 2959 1731; x_wconf 88' lang='lat' dir='ltr'><strong>quippe</strong></span> <span class='ocrx_word' id='word_1_153' title='bbox 3004 1649 3323 1712; x_wconf 87' lang='lat' dir='ltr'><strong>interdum</strong></span> <span class='ocrx_word' id='word_1_154' title='bbox 3362 1656 3458 1710; x_wconf 90' lang='lat' dir='ltr'><strong>est</strong></span> <span class='ocrx_word' id='word_1_155' title='bbox 3500 1666 3733 1711; x_wconf 87' lang='lat' dir='ltr'><strong>nomen</strong></span> <span class='ocrx_word' id='word_1_156' title='bbox 3776 1648 4021 1729; x_wconf 85' lang='lat' dir='ltr'><strong>provin-</strong></span> 
     </span>
     <span class='ocr_line' id='line_1_13' title="bbox 650 1741 4017 1830; baseline -0.002 -16"><span class='ocrx_word' id='word_1_157' title='bbox 650 1770 905 1823; x_wconf 56' lang='lat' dir='ltr'><strong>morawa.</strong></span> <span class='ocrx_word' id='word_1_158' title='bbox 941 1743 1066 1807; x_wconf 77' lang='lat' dir='ltr'><strong>fuit</strong></span> <span class='ocrx_word' id='word_1_159' title='bbox 1095 1764 1230 1807; x_wconf 73' lang='lat' dir='ltr'><strong>sua·</strong></span> <span class='ocrx_word' id='word_1_160' title='bbox 1267 1744 1389 1807; x_wconf 74' lang='lat' dir='ltr'><strong>Sed</strong></span> <span class='ocrx_word' id='word_1_161' title='bbox 1427 1744 1584 1806; x_wconf 74' lang='lat' dir='ltr'><strong>dicit</strong></span> <span class='ocrx_word' id='word_1_162' title='bbox 1608 1743 1949 1825; x_wconf 80' lang='lat' dir='ltr'><strong>Apostolus</strong></span> <span class='ocrx_word' id='word_1_163' title='bbox 1985 1760 1999 1804; x_wconf 74' lang='grc' dir='ltr'>ἰ</span> <span class='ocrx_word' id='word_1_164' title='bbox 2034 1741 2195 1816; x_wconf 88' lang='lat' dir='ltr'><strong>Quid</strong></span> <span class='ocrx_word' id='word_1_165' title='bbox 2227 1741 2426 1805; x_wconf 81' lang='lat' dir='ltr'><strong>habes</strong></span> <span class='ocrx_word' id='word_1_166' title='bbox 2538 1746 2673 1823; x_wconf 85' lang='lat' dir='ltr'><strong>ciae,</strong></span> <span class='ocrx_word' id='word_1_167' title='bbox 2721 1747 3043 1811; x_wconf 88' lang='lat' dir='ltr'><strong>interdum</strong></span> <span class='ocrx_word' id='word_1_168' title='bbox 3090 1746 3419 1830; x_wconf 89' lang='lat' dir='ltr'><strong>proprium</strong></span> <span class='ocrx_word' id='word_1_169' title='bbox 3468 1764 3703 1809; x_wconf 88' lang='lat' dir='ltr'><strong>nomen</strong></span> <span class='ocrx_word' id='word_1_170' title='bbox 3748 1745 4017 1809; x_wconf 81' lang='lat' dir='ltr'><strong>civitatis</strong></span> 
     </span>
     <span class='ocr_line' id='line_1_14' title="bbox 937 1841 4012 1928; baseline 0.001 -22"><span class='ocrx_word' id='word_1_171' title='bbox 937 1844 1109 1925; x_wconf 90' lang='lat' dir='ltr'><strong>quod</strong></span> <span class='ocrx_word' id='word_1_172' title='bbox 1140 1862 1268 1906; x_wconf 92' lang='lat' dir='ltr'><strong>non</strong></span> <span class='ocrx_word' id='word_1_173' title='bbox 1299 1842 1634 1925; x_wconf 70' lang='lat' dir='ltr'><strong>accepisti?</strong></span> <span class='ocrx_word' id='word_1_174' title='bbox 1665 1843 1808 1906; x_wconf 88' lang='lat' dir='ltr'><strong>Ideo</strong></span> <span class='ocrx_word' id='word_1_175' title='bbox 1841 1860 1968 1904; x_wconf 88' lang='lat' dir='ltr'><strong>non</strong></span> <span class='ocrx_word' id='word_1_176' title='bbox 2002 1841 2126 1903; x_wconf 85' lang='lat' dir='ltr'><strong>fuit</strong></span> <span class='ocrx_word' id='word_1_177' title='bbox 2155 1842 2247 1903; x_wconf 91' lang='lat' dir='ltr'><strong>sic</strong></span> <span class='ocrx_word' id='word_1_178' title='bbox 2286 1860 2420 1918; x_wconf 90' lang='lat' dir='ltr'><strong>sua,</strong></span> <span class='ocrx_word' id='word_1_179' title='bbox 2463 1846 2509 1911; x_wconf 89' lang='grc' dir='ltr'>Β</span> <span class='ocrx_word' id='word_1_180' title='bbox 2537 1844 2604 1907; x_wconf 91' lang='lat' dir='ltr'><strong>in</strong></span> <span class='ocrx_word' id='word_1_181' title='bbox 2641 1846 2789 1920; x_wconf 86' lang='lat' dir='ltr'><strong>illa;</strong></span> <span class='ocrx_word' id='word_1_182' title='bbox 2823 1847 3209 1928; x_wconf 83' lang='lat' dir='ltr'><strong>quandoque</strong></span> <span class='ocrx_word' id='word_1_183' title='bbox 3252 1845 3581 1928; x_wconf 82' lang='lat' dir='ltr'><strong>proprium</strong></span> <span class='ocrx_word' id='word_1_184' title='bbox 3628 1862 3861 1907; x_wconf 88' lang='lat' dir='ltr'><strong>nomen</strong></span> <span class='ocrx_word' id='word_1_185' title='bbox 3900 1845 4012 1908; x_wconf 81' lang='lat' dir='ltr'><strong>viri</strong></span> 
     </span>
     <span class='ocr_line' id='line_1_15' title="bbox 936 1940 4264 2029; baseline -0.003 -25"><span class='ocrx_word' id='word_1_186' title='bbox 936 1942 1094 2023; x_wconf 89' lang='lat' dir='ltr'><strong>quin</strong></span> <span class='ocrx_word' id='word_1_187' title='bbox 1126 1942 1317 2004; x_wconf 88' lang='lat' dir='ltr'><strong>etiam</strong></span> <span class='ocrx_word' id='word_1_188' title='bbox 1346 1942 1490 2005; x_wconf 86' lang='lat' dir='ltr'><strong>data</strong></span> <span class='ocrx_word' id='word_1_189' title='bbox 1526 1959 1540 2003; x_wconf 80' lang='lat' dir='ltr'><strong>t</strong></span> <span class='ocrx_word' id='word_1_190' title='bbox 1575 1940 1705 2005; x_wconf 90' lang='lat' dir='ltr'><strong>imo</strong></span> <span class='ocrx_word' id='word_1_191' title='bbox 1735 1942 1888 2003; x_wconf 89' lang='lat' dir='ltr'><strong>dum</strong></span> <span class='ocrx_word' id='word_1_192' title='bbox 1920 1940 2227 2003; x_wconf 88' lang='lat' dir='ltr'><strong>Dominus</strong></span> <span class='ocrx_word' id='word_1_193' title='bbox 2266 1940 2427 2001; x_wconf 83' lang='lat' dir='ltr'><strong>dixit</strong></span> <span class='ocrx_word' id='word_1_194' title='bbox 2538 1946 2669 2006; x_wconf 85' lang='lat' dir='ltr'><strong>nati</strong></span> <span class='ocrx_word' id='word_1_195' title='bbox 2700 1964 2775 2007; x_wconf 82' lang='lat' dir='ltr'><strong>ex</strong></span> <span class='ocrx_word' id='word_1_196' title='bbox 2804 1943 3121 2007; x_wconf 88' lang='lat' dir='ltr'><strong>Abraham</strong></span> <span class='ocrx_word' id='word_1_197' title='bbox 3151 1952 3215 2007; x_wconf 88' lang='lat' dir='ltr'><strong>et</strong></span> <span class='ocrx_word' id='word_1_198' title='bbox 3244 1945 3489 2021; x_wconf 87' lang='lat' dir='ltr'><strong>Cetura,</strong></span> <span class='ocrx_word' id='word_1_199' title='bbox 3512 1951 3583 2005; x_wconf 89' lang='lat' dir='ltr'><strong>ut</strong></span> <span class='ocrx_word' id='word_1_200' title='bbox 3614 1950 3787 2024; x_wconf 85' lang='lat' dir='ltr'><strong>patet</strong></span> <span class='ocrx_word' id='word_1_201' title='bbox 3816 1944 3879 2005; x_wconf 90' lang='lat' dir='ltr'><strong>in</strong></span> <span class='ocrx_word' id='word_1_202' title='bbox 3908 1942 4015 2005; x_wconf 86' lang='lat' dir='ltr'><strong>Ge-</strong></span> <span class='ocrx_word' id='word_1_203' title='bbox 4039 1956 4237 2000; x_wconf 55' lang='lat' dir='ltr'><strong>omme„</strong></span> <span class='ocrx_word' id='word_1_204' title='bbox 4263 1954 4264 2029; x_wconf 31' lang='grc' dir='ltr'>ζ</span> 
     </span>
     <span class='ocr_line' id='line_1_16' title="bbox 935 2036 4264 2123; baseline 0 -19"><span class='ocrx_word' id='word_1_205' title='bbox 935 2040 1092 2117; x_wconf 82' lang='lat' dir='ltr'><strong>haec,</strong></span> <span class='ocrx_word' id='word_1_206' title='bbox 1111 2041 1395 2103; x_wconf 88' lang='lat' dir='ltr'><strong>nondum</strong></span> <span class='ocrx_word' id='word_1_207' title='bbox 1431 2038 1554 2102; x_wconf 79' lang='lat' dir='ltr'><strong>fuit</strong></span> <span class='ocrx_word' id='word_1_208' title='bbox 1585 2060 1720 2117; x_wconf 85' lang='lat' dir='ltr'><strong>sua,</strong></span> <span class='ocrx_word' id='word_1_209' title='bbox 1738 2040 1892 2123; x_wconf 90' lang='lat' dir='ltr'><strong>quia</strong></span> <span class='ocrx_word' id='word_1_210' title='bbox 1920 2040 2197 2103; x_wconf 79' lang='lat' dir='ltr'><strong>necdum</strong></span> <span class='ocrx_word' id='word_1_211' title='bbox 2226 2038 2424 2120; x_wconf 88' lang='lat' dir='ltr'><strong>coepit</strong></span> <span class='ocrx_word' id='word_1_212' title='bbox 2537 2044 2697 2107; x_wconf 90' lang='lat' dir='ltr'><strong>nesi.</strong></span> <span class='ocrx_word' id='word_1_213' title='bbox 2742 2046 3058 2105; x_wconf 76' lang='lat' dir='ltr'><strong>Venerunt</strong></span> <span class='ocrx_word' id='word_1_214' title='bbox 3086 2046 3160 2104; x_wconf 84' lang='lat' dir='ltr'><strong>in</strong></span> <span class='ocrx_word' id='word_1_215' title='bbox 3191 2046 3509 2106; x_wconf 82' lang='lat' dir='ltr'><strong>Pharan:</strong></span> <span class='ocrx_word' id='word_1_216' title='bbox 3538 2043 3707 2123; x_wconf 89' lang='lat' dir='ltr'><strong>quod</strong></span> <span class='ocrx_word' id='word_1_217' title='bbox 3740 2044 4015 2123; x_wconf 87' lang='lat' dir='ltr'><strong>quando-</strong></span> <span class='ocrx_word' id='word_1_218' title='bbox 4263 2036 4264 2051; x_wconf 57' lang='lat'>¹</span> 
     </span>
     <span class='ocr_line' id='line_1_17' title="bbox 938 2137 4013 2223; baseline 0 -22"><span class='ocrx_word' id='word_1_219' title='bbox 938 2158 1221 2220; x_wconf 82' lang='lat' dir='ltr'><strong>regnare.</strong></span> <span class='ocrx_word' id='word_1_220' title='bbox 1257 2138 1425 2202; x_wconf 79' lang='lat' dir='ltr'><strong>Infra</strong></span> <span class='ocrx_word' id='word_1_221' title='bbox 1451 2158 1708 2221; x_wconf 92' lang='lat' dir='ltr'><strong>quoque</strong></span> <span class='ocrx_word' id='word_1_222' title='bbox 1745 2138 1814 2201; x_wconf 90' lang='lat' dir='ltr'><strong>in</strong></span> <span class='ocrx_word' id='word_1_223' title='bbox 1856 2139 1979 2201; x_wconf 84' lang='lat' dir='ltr'><strong>isto</strong></span> <span class='ocrx_word' id='word_1_224' title='bbox 2017 2137 2299 2221; x_wconf 88' lang='lat' dir='ltr'><strong>capitulo</strong></span> <span class='ocrx_word' id='word_1_225' title='bbox 2332 2138 2421 2201; x_wconf 87' lang='lat' dir='ltr'><strong>le·</strong></span> <span class='ocrx_word' id='word_1_226' title='bbox 2533 2160 2661 2223; x_wconf 92' lang='lat' dir='ltr'><strong>que</strong></span> <span class='ocrx_word' id='word_1_227' title='bbox 2690 2149 2785 2206; x_wconf 91' lang='lat' dir='ltr'><strong>est</strong></span> <span class='ocrx_word' id='word_1_228' title='bbox 2817 2160 3045 2205; x_wconf 91' lang='lat' dir='ltr'><strong>nomen</strong></span> <span class='ocrx_word' id='word_1_229' title='bbox 3067 2140 3245 2204; x_wconf 90' lang='lat' dir='ltr'><strong>urbis</strong></span> <span class='ocrx_word' id='word_1_230' title='bbox 3278 2142 3343 2204; x_wconf 92' lang='lat' dir='ltr'><strong>in</strong></span> <span class='ocrx_word' id='word_1_231' title='bbox 3373 2150 3542 2205; x_wconf 85' lang='lat' dir='ltr'><strong>terra</strong></span> <span class='ocrx_word' id='word_1_232' title='bbox 3562 2140 3828 2223; x_wconf 78' lang='lat' dir='ltr'><strong>prael&#39;ata</strong></span> <span class='ocrx_word' id='word_1_233' title='bbox 3856 2141 4013 2203; x_wconf 82' lang='lat' dir='ltr'><strong>inter</strong></span> 
     </span>
     <span class='ocr_line' id='line_1_18' title="bbox 934 2236 4011 2322; baseline 0 -23"><span class='ocrx_word' id='word_1_234' title='bbox 934 2237 1128 2318; x_wconf 85' lang='lat' dir='ltr'><strong>gitur,</strong></span> <span class='ocrx_word' id='word_1_235' title='bbox 1161 2238 1297 2300; x_wconf 87' lang='lat' dir='ltr'><strong>Una</strong></span> <span class='ocrx_word' id='word_1_236' title='bbox 1337 2238 1538 2299; x_wconf 87' lang='lat' dir='ltr'><strong>tribus</strong></span> <span class='ocrx_word' id='word_1_237' title='bbox 1579 2236 1931 2301; x_wconf 82' lang='lat' dir='ltr'><strong>remanebit</strong></span> <span class='ocrx_word' id='word_1_238' title='bbox 1969 2236 2050 2315; x_wconf 94' lang='lat' dir='ltr'><strong>ei,</strong></span> <span class='ocrx_word' id='word_1_239' title='bbox 2087 2236 2151 2299; x_wconf 90' lang='lat' dir='ltr'><strong>id</strong></span> <span class='ocrx_word' id='word_1_240' title='bbox 2193 2244 2289 2299; x_wconf 89' lang='lat' dir='ltr'><strong>est</strong></span> <span class='ocrx_word' id='word_1_241' title='bbox 2319 2236 2426 2299; x_wconf 87' lang='lat' dir='ltr'><strong>Sa·</strong></span> <span class='ocrx_word' id='word_1_242' title='bbox 2533 2241 2777 2303; x_wconf 81' lang='lat' dir='ltr'><strong>Madian</strong></span> <span class='ocrx_word' id='word_1_243' title='bbox 2825 2248 2889 2303; x_wconf 83' lang='lat' dir='ltr'><strong>et</strong></span> <span class='ocrx_word' id='word_1_244' title='bbox 2924 2240 3304 2322; x_wconf 80' lang='lat' dir='ltr'><strong>AEgyptum3</strong></span> <span class='ocrx_word' id='word_1_245' title='bbox 3356 2239 3739 2321; x_wconf 88' lang='lat' dir='ltr'><strong>quandoque</strong></span> <span class='ocrx_word' id='word_1_246' title='bbox 3790 2258 4011 2302; x_wconf 89' lang='lat' dir='ltr'><strong>nomen</strong></span> 
     </span>
     <span class='ocr_line' id='line_1_19' title="bbox 937 2335 4006 2421; baseline 0 -23"><span class='ocrx_word' id='word_1_247' title='bbox 937 2336 1177 2401; x_wconf 91' lang='lat' dir='ltr'><strong>lomoni</strong></span> <span class='ocrx_word' id='word_1_248' title='bbox 1225 2356 1336 2401; x_wconf 90' lang='lat' dir='ltr'><strong>seu</strong></span> <span class='ocrx_word' id='word_1_249' title='bbox 1389 2335 1532 2399; x_wconf 86' lang='lat' dir='ltr'><strong>filio</strong></span> <span class='ocrx_word' id='word_1_250' title='bbox 1577 2336 1756 2418; x_wconf 86' lang='lat' dir='ltr'><strong>ejus;</strong></span> <span class='ocrx_word' id='word_1_251' title='bbox 1805 2345 1869 2399; x_wconf 92' lang='lat' dir='ltr'><strong>et</strong></span> <span class='ocrx_word' id='word_1_252' title='bbox 1916 2335 2008 2398; x_wconf 90' lang='lat' dir='ltr'><strong>ibi</strong></span> <span class='ocrx_word' id='word_1_253' title='bbox 2058 2354 2172 2417; x_wconf 91' lang='lat' dir='ltr'><strong>per</strong></span> <span class='ocrx_word' id='word_1_254' title='bbox 2220 2353 2419 2398; x_wconf 89' lang='lat' dir='ltr'><strong>unam</strong></span> <span class='ocrx_word' id='word_1_255' title='bbox 2533 2340 2734 2421; x_wconf 89' lang='lat' dir='ltr'><strong>partis</strong></span> <span class='ocrx_word' id='word_1_256' title='bbox 2761 2339 2995 2403; x_wconf 84' lang='lat' dir='ltr'><strong>deserti</strong></span> <span class='ocrx_word' id='word_1_257' title='bbox 3036 2338 3201 2401; x_wconf 89' lang='lat' dir='ltr'><strong>inter</strong></span> <span class='ocrx_word' id='word_1_258' title='bbox 3230 2339 3565 2421; x_wconf 76' lang='lat' dir='ltr'><strong>AEgyptum</strong></span> <span class='ocrx_word' id='word_1_259' title='bbox 3603 2346 3667 2400; x_wconf 91' lang='lat' dir='ltr'><strong>et</strong></span> <span class='ocrx_word' id='word_1_260' title='bbox 3694 2338 4006 2413; x_wconf 82' lang='lat' dir='ltr'><strong>Chanaan,</strong></span> 
     </span>
     <span class='ocr_line' id='line_1_20' title="bbox 935 2433 4264 2523; baseline -0.001 -28"><span class='ocrx_word' id='word_1_261' title='bbox 935 2434 1174 2496; x_wconf 85' lang='lat' dir='ltr'><strong>tribum</strong></span> <span class='ocrx_word' id='word_1_262' title='bbox 1224 2434 1604 2515; x_wconf 84' lang='lat' dir='ltr'><strong>intelligitur</strong></span> <span class='ocrx_word' id='word_1_263' title='bbox 1652 2433 1855 2496; x_wconf 90' lang='lat' dir='ltr'><strong>tribus</strong></span> <span class='ocrx_word' id='word_1_264' title='bbox 1901 2434 2062 2496; x_wconf 88' lang='lat' dir='ltr'><strong>Juda</strong></span> <span class='ocrx_word' id='word_1_265' title='bbox 2112 2452 2126 2495; x_wconf 74' lang='grc' dir='ltr'>ε</span> <span class='ocrx_word' id='word_1_266' title='bbox 2182 2433 2421 2497; x_wconf 91' lang='lat' dir='ltr'><strong>idcirco</strong></span> <span class='ocrx_word' id='word_1_267' title='bbox 2536 2447 2605 2500; x_wconf 85' lang='lat' dir='ltr'><strong>ut</strong></span> <span class='ocrx_word' id='word_1_268' title='bbox 2652 2445 2825 2521; x_wconf 83' lang='lat' dir='ltr'><strong>patet</strong></span> <span class='ocrx_word' id='word_1_269' title='bbox 2872 2438 2939 2500; x_wconf 91' lang='lat' dir='ltr'><strong>in</strong></span> <span class='ocrx_word' id='word_1_270' title='bbox 2978 2436 3291 2500; x_wconf 90' lang='lat' dir='ltr'><strong>Numeris.</strong></span> <span class='ocrx_word' id='word_1_271' title='bbox 3333 2441 3773 2517; x_wconf 83' lang='lat' dir='ltr'><strong>Tuleruntque</strong></span> <span class='ocrx_word' id='word_1_272' title='bbox 3808 2456 4009 2497; x_wconf 81' lang='lat' dir='ltr'><strong>secum</strong></span> <span class='ocrx_word' id='word_1_273' title='bbox 4046 2452 4226 2495; x_wconf 64' lang='lat' dir='ltr'><strong>Numa.</strong></span> <span class='ocrx_word' id='word_1_274' title='bbox 4263 2456 4264 2523; x_wconf 78' lang='lat' dir='ltr'>j</span> 
     </span>
     <span class='ocr_line' id='line_1_21' title="bbox 934 2517 4264 2613; baseline -0.001 -16"><span class='ocrx_word' id='word_1_275' title='bbox 934 2543 997 2598; x_wconf 88' lang='lat' dir='ltr'><strong>et</strong></span> <span class='ocrx_word' id='word_1_276' title='bbox 1026 2535 1132 2597; x_wconf 90' lang='lat' dir='ltr'><strong>hic</strong></span> <span class='ocrx_word' id='word_1_277' title='bbox 1161 2536 1313 2597; x_wconf 90' lang='lat' dir='ltr'><strong>dum</strong></span> <span class='ocrx_word' id='word_1_278' title='bbox 1345 2534 1600 2610; x_wconf 87' lang='lat' dir='ltr'><strong>dieitur,</strong></span> <span class='ocrx_word' id='word_1_279' title='bbox 1625 2533 1886 2596; x_wconf 88' lang='lat' dir='ltr'><strong>Tribum</strong></span> <span class='ocrx_word' id='word_1_280' title='bbox 1919 2554 2112 2597; x_wconf 85' lang='lat' dir='ltr'><strong>unam</strong></span> <span class='ocrx_word' id='word_1_281' title='bbox 2142 2532 2305 2596; x_wconf 92' lang='lat' dir='ltr'><strong>dabo</strong></span> <span class='ocrx_word' id='word_1_282' title='bbox 2336 2534 2419 2611; x_wconf 89' lang='lat' dir='ltr'><strong>ei,</strong></span> <span class='ocrx_word' id='word_1_283' title='bbox 2534 2540 2705 2597; x_wconf 85' lang='lat' dir='ltr'><strong>viros</strong></span> <span class='ocrx_word' id='word_1_284' title='bbox 2722 2540 2804 2597; x_wconf 88' lang='lat' dir='ltr'><strong>de</strong></span> <span class='ocrx_word' id='word_1_285' title='bbox 2821 2540 3116 2608; x_wconf 88' lang='lat' dir='ltr'><strong>Pharan,</strong></span> <span class='ocrx_word' id='word_1_286' title='bbox 3138 2546 3198 2597; x_wconf 90' lang='lat' dir='ltr'><strong>et</strong></span> <span class='ocrx_word' id='word_1_287' title='bbox 3218 2537 3609 2597; x_wconf 86' lang='lat' dir='ltr'><strong>introierunt</strong></span> <span class='ocrx_word' id='word_1_288' title='bbox 3630 2538 4007 2613; x_wconf 59' lang='lat' dir='ltr'><strong>zss&#39;yypturn,</strong></span> <span class='ocrx_word' id='word_1_289' title='bbox 4038 2517 4182 2561; x_wconf 75' lang='lat'><strong>¹·⁴·³⁷·</strong></span> <span class='ocrx_word' id='word_1_290' title='bbox 4263 2572 4264 2577; x_wconf 23' lang='grc' dir='ltr'><strong>κ</strong></span> 
     </span>
     <span class='ocr_line' id='line_1_22' title="bbox 934 2631 4264 2715; baseline -0.001 -20"><span class='ocrx_word' id='word_1_291' title='bbox 934 2651 1050 2715; x_wconf 90' lang='lat' dir='ltr'><strong>per</strong></span> <span class='ocrx_word' id='word_1_292' title='bbox 1080 2634 1316 2697; x_wconf 89' lang='lat' dir='ltr'><strong>tribum</strong></span> <span class='ocrx_word' id='word_1_293' title='bbox 1349 2650 1541 2695; x_wconf 89' lang='lat' dir='ltr'><strong>unam</strong></span> <span class='ocrx_word' id='word_1_294' title='bbox 1584 2632 1998 2713; x_wconf 83' lang='lat' dir='ltr'><strong>intelligenda</strong></span> <span class='ocrx_word' id='word_1_295' title='bbox 2025 2632 2279 2695; x_wconf 87' lang='lat' dir='ltr'><strong>videtur</strong></span> <span class='ocrx_word' id='word_1_296' title='bbox 2313 2631 2424 2694; x_wconf 91' lang='lat' dir='ltr'><strong>tri-</strong></span> <span class='ocrx_word' id='word_1_297' title='bbox 2532 2639 2621 2696; x_wconf 85' lang='lat' dir='ltr'><strong>ad</strong></span> <span class='ocrx_word' id='word_1_298' title='bbox 2647 2638 3059 2699; x_wconf 76' lang='lat' dir='ltr'><strong>Pharaonem</strong></span> <span class='ocrx_word' id='word_1_299' title='bbox 3089 2655 3298 2713; x_wconf 74' lang='lat' dir='ltr'><strong>reyem</strong></span> <span class='ocrx_word' id='word_1_300' title='bbox 3328 2636 3628 2713; x_wconf 70' lang='lat' dir='ltr'><strong>AEyypti.</strong></span> <span class='ocrx_word' id='word_1_301' title='bbox 3664 2637 3797 2703; x_wconf 83' lang='lat' dir='ltr'><strong>Qui</strong></span> <span class='ocrx_word' id='word_1_302' title='bbox 3840 2637 4009 2693; x_wconf 77' lang='lat' dir='ltr'><strong>dedit</strong></span> <span class='ocrx_word' id='word_1_303' title='bbox 4263 2644 4264 2651; x_wconf 53' lang='lat'>¹</span> 
     </span>
     <span class='ocr_line' id='line_1_23' title="bbox 934 2730 4011 2814; baseline -0 -21"><span class='ocrx_word' id='word_1_304' title='bbox 934 2730 1053 2794; x_wconf 90' lang='lat' dir='ltr'><strong>bus</strong></span> <span class='ocrx_word' id='word_1_305' title='bbox 1089 2732 1268 2809; x_wconf 83' lang='lat' dir='ltr'><strong>Juda,</strong></span> <span class='ocrx_word' id='word_1_306' title='bbox 1304 2751 1446 2813; x_wconf 81' lang='lat' dir='ltr'><strong>quae</strong></span> <span class='ocrx_word' id='word_1_307' title='bbox 1484 2731 1924 2814; x_wconf 82' lang='lat' dir='ltr'><strong>principaliter</strong></span> <span class='ocrx_word' id='word_1_308' title='bbox 1961 2750 2034 2795; x_wconf 84' lang='lat' dir='ltr'><strong>ac</strong></span> <span class='ocrx_word' id='word_1_309' title='bbox 2072 2731 2311 2794; x_wconf 84' lang='lat' dir='ltr'><strong>directe</strong></span> <span class='ocrx_word' id='word_1_310' title='bbox 2346 2750 2422 2794; x_wconf 84' lang='lat' dir='ltr'><strong>ex</strong></span> <span class='ocrx_word' id='word_1_311' title='bbox 2530 2736 2593 2793; x_wconf 87' lang='lat' dir='ltr'><strong>ei</strong></span> <span class='ocrx_word' id='word_1_312' title='bbox 2631 2738 2921 2805; x_wconf 87' lang='lat' dir='ltr'><strong>domum,</strong></span> <span class='ocrx_word' id='word_1_313' title='bbox 2962 2744 3021 2795; x_wconf 89' lang='lat' dir='ltr'><strong>et</strong></span> <span class='ocrx_word' id='word_1_314' title='bbox 3068 2736 3235 2793; x_wconf 84' lang='lat' dir='ltr'><strong>cibos</strong></span> <span class='ocrx_word' id='word_1_315' title='bbox 3282 2734 3635 2804; x_wconf 82' lang='lat' dir='ltr'><strong>constituit,</strong></span> <span class='ocrx_word' id='word_1_316' title='bbox 3678 2743 3739 2793; x_wconf 85' lang='lat' dir='ltr'><strong>et</strong></span> <span class='ocrx_word' id='word_1_317' title='bbox 3778 2743 4011 2793; x_wconf 83' lang='lat' dir='ltr'><strong>terram</strong></span> 
     </span>
     <span class='ocr_line' id='line_1_24' title="bbox 933 2829 4011 2910; baseline -0 -18"><span class='ocrx_word' id='word_1_318' title='bbox 933 2829 1294 2894; x_wconf 85' lang='lat' dir='ltr'><strong>intentione·</strong></span> <span class='ocrx_word' id='word_1_319' title='bbox 1319 2832 1466 2893; x_wconf 87' lang='lat' dir='ltr'><strong>data</strong></span> <span class='ocrx_word' id='word_1_320' title='bbox 1493 2839 1590 2893; x_wconf 89' lang='lat' dir='ltr'><strong>est</strong></span> <span class='ocrx_word' id='word_1_321' title='bbox 1621 2829 1762 2893; x_wconf 85' lang='lat' dir='ltr'><strong>filio</strong></span> <span class='ocrx_word' id='word_1_322' title='bbox 1794 2830 2181 2905; x_wconf 81' lang='lat' dir='ltr'><strong>Salomonis3</strong></span> <span class='ocrx_word' id='word_1_323' title='bbox 2218 2830 2421 2893; x_wconf 88' lang='lat' dir='ltr'><strong>tribus</strong></span> <span class='ocrx_word' id='word_1_324' title='bbox 2529 2835 2867 2910; x_wconf 70' lang='lat' dir='ltr'><strong>deteqavit.</strong></span> <span class='ocrx_word' id='word_1_325' title='bbox 2921 2836 3007 2895; x_wconf 87' lang='lat' dir='ltr'><strong>Et</strong></span> <span class='ocrx_word' id='word_1_326' title='bbox 3054 2834 3307 2893; x_wconf 83' lang='lat' dir='ltr'><strong>invenit</strong></span> <span class='ocrx_word' id='word_1_327' title='bbox 3344 2834 3540 2892; x_wconf 86' lang='lat' dir='ltr'><strong>Adad</strong></span> <span class='ocrx_word' id='word_1_328' title='bbox 3580 2834 3873 2907; x_wconf 71' lang='lat' dir='ltr'><strong>qratiam</strong></span> <span class='ocrx_word' id='word_1_329' title='bbox 3918 2851 4011 2891; x_wconf 86' lang='lat' dir='ltr'><strong>co-</strong></span> 
     </span>
     <span class='ocr_line' id='line_1_25' title="bbox 933 2928 4011 3011; baseline 0 -20"><span class='ocrx_word' id='word_1_330' title='bbox 933 2939 1144 2992; x_wconf 87' lang='lat' dir='ltr'><strong>autem</strong></span> <span class='ocrx_word' id='word_1_331' title='bbox 1179 2928 1509 3010; x_wconf 87' lang='lat' dir='ltr'><strong>Benjamin</strong></span> <span class='ocrx_word' id='word_1_332' title='bbox 1547 2930 1727 3011; x_wconf 87' lang='lat' dir='ltr'><strong>quasi</strong></span> <span class='ocrx_word' id='word_1_333' title='bbox 1768 2948 1842 2992; x_wconf 84' lang='lat' dir='ltr'><strong>ex</strong></span> <span class='ocrx_word' id='word_1_334' title='bbox 1881 2930 2234 3005; x_wconf 87' lang='lat' dir='ltr'><strong>occasione,</strong></span> <span class='ocrx_word' id='word_1_335' title='bbox 2270 2930 2425 3011; x_wconf 87' lang='lat' dir='ltr'><strong>quia</strong></span> <span class='ocrx_word' id='word_1_336' title='bbox 2532 2952 2677 2993; x_wconf 87' lang='lat' dir='ltr'><strong>ram</strong></span> <span class='ocrx_word' id='word_1_337' title='bbox 2700 2934 3044 2993; x_wconf 77' lang='lat' dir='ltr'><strong>Pharaone</strong></span> <span class='ocrx_word' id='word_1_338' title='bbox 3063 2934 3249 2991; x_wconf 78' lang='lat' dir='ltr'><strong>valde</strong></span> <span class='ocrx_word' id='word_1_339' title='bbox 3276 2929 3641 2993; x_wconf 89' lang='lat' dir='ltr'><strong>condolenti</strong></span> <span class='ocrx_word' id='word_1_340' title='bbox 3674 2929 3849 3009; x_wconf 78' lang='lat' dir='ltr'><strong>regio</strong></span> <span class='ocrx_word' id='word_1_341' title='bbox 3876 2929 4011 2991; x_wconf 92' lang='lat' dir='ltr'><strong>ado-</strong></span> 
     </span>
     <span class='ocr_line' id='line_1_26' title="bbox 933 3028 4011 3109; baseline -0.002 -18"><span class='ocrx_word' id='word_1_342' title='bbox 933 3028 1001 3091; x_wconf 92' lang='lat' dir='ltr'><strong>in</strong></span> <span class='ocrx_word' id='word_1_343' title='bbox 1029 3029 1240 3092; x_wconf 87' lang='lat' dir='ltr'><strong>medio</strong></span> <span class='ocrx_word' id='word_1_344' title='bbox 1273 3028 1475 3091; x_wconf 87' lang='lat' dir='ltr'><strong>tribus</strong></span> <span class='ocrx_word' id='word_1_345' title='bbox 1502 3029 1662 3091; x_wconf 90' lang='lat' dir='ltr'><strong>Juda</strong></span> <span class='ocrx_word' id='word_1_346' title='bbox 1690 3028 2016 3103; x_wconf 83' lang='lat' dir='ltr'><strong>manebat3</strong></span> <span class='ocrx_word' id='word_1_347' title='bbox 2045 3028 2247 3091; x_wconf 85' lang='lat' dir='ltr'><strong>tribus</strong></span> <span class='ocrx_word' id='word_1_348' title='bbox 2271 3048 2421 3092; x_wconf 90' lang='lat' dir='ltr'><strong>vero</strong></span> <span class='ocrx_word' id='word_1_349' title='bbox 2450 3032 2494 3097; x_wconf 88' lang='lat' dir='ltr'>C</span> <span class='ocrx_word' id='word_1_350' title='bbox 2533 3028 2793 3093; x_wconf 88' lang='lat' dir='ltr'><strong>lescenti</strong></span> <span class='ocrx_word' id='word_1_351' title='bbox 2837 3029 2925 3091; x_wconf 87' lang='lat' dir='ltr'><strong>ita</strong></span> <span class='ocrx_word' id='word_1_352' title='bbox 2964 3028 3202 3109; x_wconf 78' lang='lat' dir='ltr'><strong>fugato,</strong></span> <span class='ocrx_word' id='word_1_353' title='bbox 3236 3031 3309 3088; x_wconf 83' lang='lat' dir='ltr'><strong>in</strong></span> <span class='ocrx_word' id='word_1_354' title='bbox 3347 3038 3601 3089; x_wconf 84' lang='lat' dir='ltr'><strong>tantum</strong></span> <span class='ocrx_word' id='word_1_355' title='bbox 3636 3038 3708 3089; x_wconf 86' lang='lat' dir='ltr'><strong>ut</strong></span> <span class='ocrx_word' id='word_1_356' title='bbox 3736 3031 3923 3089; x_wconf 82' lang='lat' dir='ltr'><strong>daret</strong></span> <span class='ocrx_word' id='word_1_357' title='bbox 3952 3030 4011 3086; x_wconf 84' lang='lat' dir='ltr'><strong>ei</strong></span> 
     </span>
     <span class='ocr_line' id='line_1_27' title="bbox 641 3127 4009 3210; baseline -0.003 -12"><span class='ocrx_word' id='word_1_358' title='bbox 641 3154 900 3208; x_wconf 57' lang='lat' dir='ltr'><strong>ulmam,</strong></span> <span class='ocrx_word' id='word_1_359' title='bbox 930 3127 1104 3204; x_wconf 88' lang='lat' dir='ltr'><strong>Levi,</strong></span> <span class='ocrx_word' id='word_1_360' title='bbox 1128 3127 1281 3210; x_wconf 86' lang='lat' dir='ltr'><strong>quia</strong></span> <span class='ocrx_word' id='word_1_361' title='bbox 1306 3127 1636 3191; x_wconf 81' lang='lat' dir='ltr'><strong>Jeroboam</strong></span> <span class='ocrx_word' id='word_1_362' title='bbox 1667 3127 1858 3208; x_wconf 83' lang='lat' dir='ltr'><strong>ejecit</strong></span> <span class='ocrx_word' id='word_1_363' title='bbox 1887 3146 2048 3204; x_wconf 85' lang='lat' dir='ltr'><strong>eam,</strong></span> <span class='ocrx_word' id='word_1_364' title='bbox 2086 3136 2156 3189; x_wconf 87' lang='lat' dir='ltr'><strong>ut</strong></span> <span class='ocrx_word' id='word_1_365' title='bbox 2185 3127 2421 3190; x_wconf 84' lang='lat' dir='ltr'><strong>dicitur</strong></span> <span class='ocrx_word' id='word_1_366' title='bbox 2530 3151 2818 3202; x_wconf 78' lang='lat' dir='ltr'><strong>uxore-m,</strong></span> <span class='ocrx_word' id='word_1_367' title='bbox 2860 3150 3137 3190; x_wconf 87' lang='lat' dir='ltr'><strong>sororem</strong></span> <span class='ocrx_word' id='word_1_368' title='bbox 3184 3129 3408 3189; x_wconf 70' lang='lat' dir='ltr'><strong>umoris</strong></span> <span class='ocrx_word' id='word_1_369' title='bbox 3452 3149 3586 3188; x_wconf 85' lang='lat' dir='ltr'><strong>suoe</strong></span> <span class='ocrx_word' id='word_1_370' title='bbox 3624 3149 4009 3204; x_wconf 72' lang='lat' dir='ltr'><strong>qermanam</strong></span> 
     </span>
     <span class='ocr_line' id='line_1_28' title="bbox 637 3217 4010 3332; baseline -0.001 -44"><span class='ocrx_word' id='word_1_371' title='bbox 637 3217 772 3332; x_wconf 50' lang='lat'><strong>{2³¹¹}</strong></span> <span class='ocrx_word' id='word_1_372' title='bbox 787 3217 901 3258; x_wconf 68' lang='lat'><strong><em>¹³⁰⁷·</em></strong></span> <span class='ocrx_word' id='word_1_373' title='bbox 934 3224 1032 3288; x_wconf 84' lang='lat' dir='ltr'><strong>inf</strong></span> <span class='ocrx_word' id='word_1_374' title='bbox 1036 3245 1123 3288; x_wconf 90' lang='lat' dir='ltr'><strong>ra.</strong></span> <span class='ocrx_word' id='word_1_375' title='bbox 1153 3225 1310 3289; x_wconf 75' lang='lat' dir='ltr'><strong>Hinc</strong></span> <span class='ocrx_word' id='word_1_376' title='bbox 1340 3245 1595 3308; x_wconf 91' lang='lat' dir='ltr'><strong>quoque</strong></span> <span class='ocrx_word' id='word_1_377' title='bbox 1629 3227 1919 3307; x_wconf 85' lang='lat' dir='ltr'><strong>sequenti</strong></span> <span class='ocrx_word' id='word_1_378' title='bbox 1950 3225 2221 3289; x_wconf 85' lang='lat' dir='ltr'><strong>habetur</strong></span> <span class='ocrx_word' id='word_1_379' title='bbox 2251 3227 2422 3308; x_wconf 87' lang='lat' dir='ltr'><strong>capi·</strong></span> <span class='ocrx_word' id='word_1_380' title='bbox 2536 3231 2824 3306; x_wconf 83' lang='lat' dir='ltr'><strong>Taphnes</strong></span> <span class='ocrx_word' id='word_1_381' title='bbox 2852 3230 3113 3305; x_wconf 72' lang='lat' dir='ltr'><strong>reqinoe.</strong></span> <span class='ocrx_word' id='word_1_382' title='bbox 3156 3227 3447 3308; x_wconf 90' lang='lat' dir='ltr'><strong>Taphnes</strong></span> <span class='ocrx_word' id='word_1_383' title='bbox 3491 3226 3878 3308; x_wconf 88' lang='lat' dir='ltr'><strong>quandoque</strong></span> <span class='ocrx_word' id='word_1_384' title='bbox 3916 3234 4010 3288; x_wconf 91' lang='lat' dir='ltr'><strong>est</strong></span> 
     </span>
     <span class='ocr_line' id='line_1_29' title="bbox 649 3311 4003 3409; baseline -0.001 -17"><span class='ocrx_word' id='word_1_385' title='bbox 649 3311 898 3404; x_wconf 49' lang='lat' dir='ltr'><strong>niniam,</strong></span> <span class='ocrx_word' id='word_1_386' title='bbox 932 3324 1064 3387; x_wconf 89' lang='lat' dir='ltr'><strong>tulo</strong></span> <span class='ocrx_word' id='word_1_387' title='bbox 1109 3342 1123 3386; x_wconf 91' lang='lat'>:</span> <span class='ocrx_word' id='word_1_388' title='bbox 1166 3325 1289 3387; x_wconf 87' lang='lat' dir='ltr'><strong>Nec</strong></span> <span class='ocrx_word' id='word_1_389' title='bbox 1331 3333 1585 3388; x_wconf 90' lang='lat' dir='ltr'><strong>secutus</strong></span> <span class='ocrx_word' id='word_1_390' title='bbox 1629 3332 1725 3388; x_wconf 88' lang='lat' dir='ltr'><strong>est</strong></span> <span class='ocrx_word' id='word_1_391' title='bbox 1771 3325 2111 3406; x_wconf 90' lang='lat' dir='ltr'><strong>quisquam</strong></span> <span class='ocrx_word' id='word_1_392' title='bbox 2162 3325 2417 3388; x_wconf 90' lang='lat' dir='ltr'><strong>domum</strong></span> <span class='ocrx_word' id='word_1_393' title='bbox 2529 3327 2858 3409; x_wconf 89' lang='lat' dir='ltr'><strong>proprium</strong></span> <span class='ocrx_word' id='word_1_394' title='bbox 2889 3345 3120 3389; x_wconf 89' lang='lat' dir='ltr'><strong>nomen</strong></span> <span class='ocrx_word' id='word_1_395' title='bbox 3151 3324 3275 3388; x_wconf 89' lang='lat' dir='ltr'><strong>loci</strong></span> <span class='ocrx_word' id='word_1_396' title='bbox 3308 3325 3401 3388; x_wconf 90' lang='lat' dir='ltr'><strong>sic</strong></span> <span class='ocrx_word' id='word_1_397' title='bbox 3430 3323 3582 3388; x_wconf 88' lang='lat' dir='ltr'><strong>dicti</strong></span> <span class='ocrx_word' id='word_1_398' title='bbox 3622 3325 3691 3386; x_wconf 90' lang='lat' dir='ltr'><strong>in</strong></span> <span class='ocrx_word' id='word_1_399' title='bbox 3718 3325 4003 3407; x_wconf 76' lang='lat' dir='ltr'><strong>AEgypto,</strong></span> 
     </span>
     <span class='ocr_line' id='line_1_30' title="bbox 639 3411 4264 3508; baseline -0.002 -22"><span class='ocrx_word' id='word_1_400' title='bbox 639 3415 706 3456; x_wconf 84' lang='lat'><strong>²⁰·</strong></span> <span class='ocrx_word' id='word_1_401' title='bbox 929 3425 1125 3488; x_wconf 91' lang='lat' dir='ltr'><strong>David</strong></span> <span class='ocrx_word' id='word_1_402' title='bbox 1157 3433 1378 3507; x_wconf 78' lang='lat' dir='ltr'><strong>praeter</strong></span> <span class='ocrx_word' id='word_1_403' title='bbox 1415 3425 1650 3488; x_wconf 88' lang='lat' dir='ltr'><strong>tribum</strong></span> <span class='ocrx_word' id='word_1_404' title='bbox 1688 3425 1847 3487; x_wconf 89' lang='lat' dir='ltr'><strong>Juda</strong></span> <span class='ocrx_word' id='word_1_405' title='bbox 1887 3425 2108 3488; x_wconf 91' lang='lat' dir='ltr'><strong>solam.</strong></span> <span class='ocrx_word' id='word_1_406' title='bbox 2141 3429 2419 3505; x_wconf 75' lang='lat' dir='ltr'><strong>Propter</strong></span> <span class='ocrx_word' id='word_1_407' title='bbox 2524 3427 2704 3508; x_wconf 82' lang='lat' dir='ltr'><strong>juxta</strong></span> <span class='ocrx_word' id='word_1_408' title='bbox 2748 3426 2907 3489; x_wconf 90' lang='lat' dir='ltr'><strong>illud</strong></span> <span class='ocrx_word' id='word_1_409' title='bbox 2954 3426 3240 3490; x_wconf 82' lang='lat' dir='ltr'><strong>Jeremiae</strong></span> <span class='ocrx_word' id='word_1_410' title='bbox 3274 3443 3288 3488; x_wconf 91' lang='lat'><strong>:</strong></span> <span class='ocrx_word' id='word_1_411' title='bbox 3322 3426 3647 3489; x_wconf 86' lang='lat' dir='ltr'><strong>Venerunt</strong></span> <span class='ocrx_word' id='word_1_412' title='bbox 3684 3443 3891 3506; x_wconf 91' lang='lat' dir='ltr'><strong>usque</strong></span> <span class='ocrx_word' id='word_1_413' title='bbox 3932 3423 4005 3485; x_wconf 87' lang='lat' dir='ltr'><strong>ad</strong></span> <span class='ocrx_word' id='word_1_414' title='bbox 4028 3440 4233 3485; x_wconf 59' lang='lat' dir='ltr'><strong>seam-s.</strong></span> <span class='ocrx_word' id='word_1_415' title='bbox 4263 3411 4264 3442; x_wconf 72' lang='lat'><em>³</em></span> 
     </span>
     <span class='ocr_line' id='line_1_31' title="bbox 927 3523 4005 3608; baseline -0 -24"><span class='ocrx_word' id='word_1_416' title='bbox 927 3526 1145 3584; x_wconf 85' lang='lat' dir='ltr'><strong>David</strong></span> <span class='ocrx_word' id='word_1_417' title='bbox 1171 3545 1417 3586; x_wconf 89' lang='lat' dir='ltr'><strong>servum</strong></span> <span class='ocrx_word' id='word_1_418' title='bbox 1447 3545 1682 3597; x_wconf 86' lang='lat' dir='ltr'><strong>meum,</strong></span> <span class='ocrx_word' id='word_1_419' title='bbox 1715 3533 1774 3585; x_wconf 89' lang='lat' dir='ltr'><strong>et</strong></span> <span class='ocrx_word' id='word_1_420' title='bbox 1813 3527 2172 3586; x_wconf 82' lang='lat' dir='ltr'><strong>Jerusalem</strong></span> <span class='ocrx_word' id='word_1_421' title='bbox 2216 3544 2414 3604; x_wconf 83' lang='lat' dir='ltr'><strong>quam</strong></span> <span class='ocrx_word' id='word_1_422' title='bbox 2527 3525 2841 3608; x_wconf 84' lang='lat' dir='ltr'><strong>TaphneS.</strong></span> <span class='ocrx_word' id='word_1_423' title='bbox 2876 3525 2988 3588; x_wconf 87' lang='lat' dir='ltr'><strong>Hic</strong></span> <span class='ocrx_word' id='word_1_424' title='bbox 3022 3534 3231 3588; x_wconf 85' lang='lat' dir='ltr'><strong>autem</strong></span> <span class='ocrx_word' id='word_1_425' title='bbox 3274 3532 3370 3587; x_wconf 89' lang='lat' dir='ltr'><strong>est</strong></span> <span class='ocrx_word' id='word_1_426' title='bbox 3400 3523 3729 3606; x_wconf 88' lang='lat' dir='ltr'><strong>proprium</strong></span> <span class='ocrx_word' id='word_1_427' title='bbox 3775 3541 4005 3584; x_wconf 88' lang='lat' dir='ltr'><strong>nomen</strong></span> 
     </span>
     <span class='ocr_line' id='line_1_32' title="bbox 920 3619 4005 3705; baseline 0.001 -23"><span class='ocrx_word' id='word_1_428' title='bbox 920 3625 1108 3699; x_wconf 68' lang='lat' dir='ltr'><strong>elect,</strong></span> <span class='ocrx_word' id='word_1_429' title='bbox 1129 3623 1191 3685; x_wconf 91' lang='lat' dir='ltr'><strong>id</strong></span> <span class='ocrx_word' id='word_1_430' title='bbox 1221 3632 1337 3700; x_wconf 85' lang='lat' dir='ltr'><strong>est,</strong></span> <span class='ocrx_word' id='word_1_431' title='bbox 1359 3631 1616 3704; x_wconf 88' lang='lat' dir='ltr'><strong>propter</strong></span> <span class='ocrx_word' id='word_1_432' title='bbox 1637 3622 2141 3685; x_wconf 87' lang='lat' dir='ltr'><strong>continuandum</strong></span> <span class='ocrx_word' id='word_1_433' title='bbox 2161 3619 2406 3685; x_wconf 83' lang='lat' dir='ltr'><strong>cultum</strong></span> <span class='ocrx_word' id='word_1_434' title='bbox 2526 3624 2817 3705; x_wconf 85' lang='lat' dir='ltr'><strong>conjugis</strong></span> <span class='ocrx_word' id='word_1_435' title='bbox 2860 3624 3201 3686; x_wconf 88' lang='lat' dir='ltr'><strong>Pharaonis</strong></span> <span class='ocrx_word' id='word_1_436' title='bbox 3250 3622 3483 3704; x_wconf 82' lang='lat' dir='ltr'><strong>reginae</strong></span> <span class='ocrx_word' id='word_1_437' title='bbox 3529 3621 3804 3704; x_wconf 78' lang='lat' dir='ltr'><strong>AEgypti.</strong></span> <span class='ocrx_word' id='word_1_438' title='bbox 3857 3621 4005 3684; x_wconf 80' lang='lat' dir='ltr'><strong>Nam</strong></span> 
     </span>
     <span class='ocr_line' id='line_1_33' title="bbox 922 3719 4007 3803; baseline 0 -21"><span class='ocrx_word' id='word_1_439' title='bbox 922 3739 1136 3784; x_wconf 88' lang='lat' dir='ltr'><strong>meum</strong></span> <span class='ocrx_word' id='word_1_440' title='bbox 1166 3720 1232 3782; x_wconf 94' lang='lat' dir='ltr'><strong>in</strong></span> <span class='ocrx_word' id='word_1_441' title='bbox 1251 3720 1422 3784; x_wconf 76' lang='lat' dir='ltr'><strong>urbe</strong></span> <span class='ocrx_word' id='word_1_442' title='bbox 1449 3720 1820 3796; x_wconf 85' lang='lat' dir='ltr'><strong>Jerusalem,</strong></span> <span class='ocrx_word' id='word_1_443' title='bbox 1846 3719 1912 3782; x_wconf 92' lang='lat' dir='ltr'><strong>in</strong></span> <span class='ocrx_word' id='word_1_444' title='bbox 1944 3739 2071 3801; x_wconf 86' lang='lat' dir='ltr'><strong>qua</strong></span> <span class='ocrx_word' id='word_1_445' title='bbox 2094 3720 2411 3802; x_wconf 88' lang='lat' dir='ltr'><strong>templum</strong></span> <span class='ocrx_word' id='word_1_446' title='bbox 2526 3723 2853 3786; x_wconf 89' lang='lat' dir='ltr'><strong>subditur:</strong></span> <span class='ocrx_word' id='word_1_447' title='bbox 2885 3725 3247 3803; x_wconf 79' lang='lat' dir='ltr'><strong>Genuitque</strong></span> <span class='ocrx_word' id='word_1_448' title='bbox 3272 3725 3335 3782; x_wconf 87' lang='lat' dir='ltr'><strong>ei</strong></span> <span class='ocrx_word' id='word_1_449' title='bbox 3362 3741 3540 3782; x_wconf 86' lang='lat' dir='ltr'><strong>soror</strong></span> <span class='ocrx_word' id='word_1_450' title='bbox 3572 3724 3865 3798; x_wconf 82' lang='lat' dir='ltr'><strong>Taphnes</strong></span> <span class='ocrx_word' id='word_1_451' title='bbox 3898 3725 4007 3782; x_wconf 81' lang='lat' dir='ltr'><strong>Ge-</strong></span> 
     </span>
     <span class='ocr_line' id='line_1_34' title="bbox 921 3819 4264 3902; baseline -0.001 -19"><span class='ocrx_word' id='word_1_452' title='bbox 921 3829 1037 3896; x_wconf 83' lang='lat' dir='ltr'><strong>est,</strong></span> <span class='ocrx_word' id='word_1_453' title='bbox 1063 3829 1126 3883; x_wconf 91' lang='lat' dir='ltr'><strong>et</strong></span> <span class='ocrx_word' id='word_1_454' title='bbox 1148 3839 1340 3901; x_wconf 81' lang='lat' dir='ltr'><strong>quam</strong></span> <span class='ocrx_word' id='word_1_455' title='bbox 1367 3820 1444 3882; x_wconf 94' lang='lat' dir='ltr'><strong>ad</strong></span> <span class='ocrx_word' id='word_1_456' title='bbox 1478 3821 1689 3884; x_wconf 90' lang='lat' dir='ltr'><strong>locum</strong></span> <span class='ocrx_word' id='word_1_457' title='bbox 1721 3819 1944 3902; x_wconf 90' lang='lat' dir='ltr'><strong>templi</strong></span> <span class='ocrx_word' id='word_1_458' title='bbox 1973 3839 2046 3882; x_wconf 86' lang='lat' dir='ltr'><strong>ac</strong></span> <span class='ocrx_word' id='word_1_459' title='bbox 2077 3820 2288 3882; x_wconf 89' lang='lat' dir='ltr'><strong>cultus</strong></span> <span class='ocrx_word' id='word_1_460' title='bbox 2321 3820 2416 3882; x_wconf 88' lang='lat' dir='ltr'><strong>di-</strong></span> <span class='ocrx_word' id='word_1_461' title='bbox 2526 3824 2768 3884; x_wconf 80' lang='lat' dir='ltr'><strong>nabath</strong></span> <span class='ocrx_word' id='word_1_462' title='bbox 2789 3823 3109 3900; x_wconf 77' lang='lat' dir='ltr'><strong>filium,et</strong></span> <span class='ocrx_word' id='word_1_463' title='bbox 3139 3823 3423 3882; x_wconf 84' lang='lat' dir='ltr'><strong>nutrivit</strong></span> <span class='ocrx_word' id='word_1_464' title='bbox 3452 3840 3599 3880; x_wconf 84' lang='lat' dir='ltr'><strong>eum</strong></span> <span class='ocrx_word' id='word_1_465' title='bbox 3627 3822 3917 3897; x_wconf 83' lang='lat' dir='ltr'><strong>Taphnes</strong></span> <span class='ocrx_word' id='word_1_466' title='bbox 3936 3822 4006 3879; x_wconf 82' lang='lat' dir='ltr'><strong>in</strong></span> <span class='ocrx_word' id='word_1_467' title='bbox 4263 3847 4264 3878; x_wconf 61' lang='lat' dir='ltr'><strong>l</strong></span> 
     </span>
     <span class='ocr_line' id='line_1_35' title="bbox 921 3918 4009 4003; baseline -0.003 -17"><span class='ocrx_word' id='word_1_468' title='bbox 921 3921 1055 3986; x_wconf 86' lang='lat' dir='ltr'><strong>vini</strong></span> <span class='ocrx_word' id='word_1_469' title='bbox 1083 3921 1268 4002; x_wconf 84' lang='lat' dir='ltr'><strong>elegi,</strong></span> <span class='ocrx_word' id='word_1_470' title='bbox 1298 3939 1488 4003; x_wconf 91' lang='lat' dir='ltr'><strong>quem</strong></span> <span class='ocrx_word' id='word_1_471' title='bbox 1520 3919 1762 3981; x_wconf 79' lang='lat' dir='ltr'><strong>cultum</strong></span> <span class='ocrx_word' id='word_1_472' title='bbox 1793 3918 2111 4000; x_wconf 80' lang='lat' dir='ltr'><strong>praevideo</strong></span> <span class='ocrx_word' id='word_1_473' title='bbox 2155 3918 2223 3980; x_wconf 88' lang='lat' dir='ltr'><strong>in</strong></span> <span class='ocrx_word' id='word_1_474' title='bbox 2267 3918 2413 3981; x_wconf 92' lang='lat' dir='ltr'><strong>aliis</strong></span> <span class='ocrx_word' id='word_1_475' title='bbox 2522 3923 2709 3981; x_wconf 88' lang='lat' dir='ltr'><strong>domo</strong></span> <span class='ocrx_word' id='word_1_476' title='bbox 2736 3923 3127 3983; x_wconf 73' lang='lat' dir='ltr'><strong>Pharaonis.</strong></span> <span class='ocrx_word' id='word_1_477' title='bbox 3154 3921 3440 3999; x_wconf 78' lang='lat' dir='ltr'><strong>Eratque</strong></span> <span class='ocrx_word' id='word_1_478' title='bbox 3466 3919 3801 3979; x_wconf 84' lang='lat' dir='ltr'><strong>Genubath</strong></span> <span class='ocrx_word' id='word_1_479' title='bbox 3832 3920 4009 3978; x_wconf 81' lang='lat' dir='ltr'><strong>habi-</strong></span> 
     </span>
     <span class='ocr_line' id='line_1_36' title="bbox 919 4015 3882 4098; baseline -0.002 -16"><span class='ocrx_word' id='word_1_480' title='bbox 919 4020 1212 4082; x_wconf 87' lang='lat' dir='ltr'><strong>tribubus</strong></span> <span class='ocrx_word' id='word_1_481' title='bbox 1243 4027 1672 4092; x_wconf 81' lang='lat' dir='ltr'><strong>cessaturum3</strong></span> <span class='ocrx_word' id='word_1_482' title='bbox 1709 4015 1832 4093; x_wconf 93' lang='lat' dir='ltr'><strong>vel,</strong></span> <span class='ocrx_word' id='word_1_483' title='bbox 1866 4017 2128 4098; x_wconf 84' lang='lat' dir='ltr'><strong>Propter</strong></span> <span class='ocrx_word' id='word_1_484' title='bbox 2164 4017 2413 4080; x_wconf 87' lang='lat' dir='ltr'><strong>Jerusa-</strong></span> <span class='ocrx_word' id='word_1_485' title='bbox 2527 4027 2668 4079; x_wconf 89' lang='lat' dir='ltr'><strong>tans</strong></span> <span class='ocrx_word' id='word_1_486' title='bbox 2698 4022 2876 4097; x_wconf 79' lang='lat' dir='ltr'><strong>apud</strong></span> <span class='ocrx_word' id='word_1_487' title='bbox 2905 4020 3318 4081; x_wconf 83' lang='lat' dir='ltr'><strong>Pharaonem</strong></span> <span class='ocrx_word' id='word_1_488' title='bbox 3352 4039 3501 4078; x_wconf 86' lang='lat' dir='ltr'><strong>cum</strong></span> <span class='ocrx_word' id='word_1_489' title='bbox 3526 4017 3693 4095; x_wconf 80' lang='lat' dir='ltr'><strong>filiis</strong></span> <span class='ocrx_word' id='word_1_490' title='bbox 3720 4018 3882 4095; x_wconf 83' lang='lat' dir='ltr'><strong>ejus.</strong></span> 
     </span>
     <span class='ocr_line' id='line_1_37' title="bbox 921 4116 4009 4198; baseline -0.001 -18"><span class='ocrx_word' id='word_1_491' title='bbox 921 4118 1070 4195; x_wconf 91' lang='lat' dir='ltr'><strong>lem,</strong></span> <span class='ocrx_word' id='word_1_492' title='bbox 1107 4117 1172 4180; x_wconf 95' lang='lat' dir='ltr'><strong>id</strong></span> <span class='ocrx_word' id='word_1_493' title='bbox 1202 4126 1298 4180; x_wconf 89' lang='lat' dir='ltr'><strong>est</strong></span> <span class='ocrx_word' id='word_1_494' title='bbox 1319 4116 1707 4179; x_wconf 85' lang='lat' dir='ltr'><strong>habitatores</strong></span> <span class='ocrx_word' id='word_1_495' title='bbox 1751 4116 2012 4179; x_wconf 90' lang='lat' dir='ltr'><strong>devotos</strong></span> <span class='ocrx_word' id='word_1_496' title='bbox 2053 4123 2116 4177; x_wconf 91' lang='lat' dir='ltr'><strong>et</strong></span> <span class='ocrx_word' id='word_1_497' title='bbox 2154 4124 2410 4179; x_wconf 89' lang='lat' dir='ltr'><strong>sanctos</strong></span> <span class='ocrx_word' id='word_1_498' title='bbox 2620 4119 2955 4198; x_wconf 81' lang='lat' dir='ltr'><strong>Quumque</strong></span> <span class='ocrx_word' id='word_1_499' title='bbox 2998 4119 3284 4177; x_wconf 83' lang='lat' dir='ltr'><strong>audisset</strong></span> <span class='ocrx_word' id='word_1_500' title='bbox 3330 4119 3527 4178; x_wconf 84' lang='lat' dir='ltr'><strong>Adad</strong></span> <span class='ocrx_word' id='word_1_501' title='bbox 3578 4117 3649 4176; x_wconf 85' lang='lat' dir='ltr'><strong>in</strong></span> <span class='ocrx_word' id='word_1_502' title='bbox 3688 4118 4009 4193; x_wconf 74' lang='lat' dir='ltr'><strong>AEqypto,</strong></span> 
     </span>
     <span class='ocr_line' id='line_1_38' title="bbox 922 4213 4009 4298; baseline -0.002 -19"><span class='ocrx_word' id='word_1_503' title='bbox 922 4216 1034 4298; x_wconf 92' lang='lat' dir='ltr'><strong>qui</strong></span> <span class='ocrx_word' id='word_1_504' title='bbox 1077 4216 1338 4280; x_wconf 85' lang='lat' dir='ltr'><strong>fuerunt</strong></span> <span class='ocrx_word' id='word_1_505' title='bbox 1368 4225 1652 4297; x_wconf 89' lang='lat' dir='ltr'><strong>tempore</strong></span> <span class='ocrx_word' id='word_1_506' title='bbox 1685 4213 1904 4291; x_wconf 88' lang='lat' dir='ltr'><strong>David,</strong></span> <span class='ocrx_word' id='word_1_507' title='bbox 1937 4221 1999 4276; x_wconf 89' lang='lat' dir='ltr'><strong>et</strong></span> <span class='ocrx_word' id='word_1_508' title='bbox 2037 4223 2259 4297; x_wconf 86' lang='lat' dir='ltr'><strong>postea</strong></span> <span class='ocrx_word' id='word_1_509' title='bbox 2297 4214 2410 4277; x_wconf 91' lang='lat' dir='ltr'><strong>ibi.</strong></span> <span class='ocrx_word' id='word_1_510' title='bbox 2444 4216 2495 4277; x_wconf 91' lang='lat' dir='ltr'>D</span> <span class='ocrx_word' id='word_1_511' title='bbox 2522 4219 2829 4277; x_wconf 81' lang='lat' dir='ltr'><strong>dormisse</strong></span> <span class='ocrx_word' id='word_1_512' title='bbox 2848 4218 3068 4277; x_wconf 84' lang='lat' dir='ltr'><strong>David</strong></span> <span class='ocrx_word' id='word_1_513' title='bbox 3096 4236 3245 4276; x_wconf 85' lang='lat' dir='ltr'><strong>cum</strong></span> <span class='ocrx_word' id='word_1_514' title='bbox 3266 4217 3569 4294; x_wconf 82' lang='lat' dir='ltr'><strong>patribus</strong></span> <span class='ocrx_word' id='word_1_515' title='bbox 3588 4217 3752 4286; x_wconf 82' lang='lat' dir='ltr'><strong>suis,</strong></span> <span class='ocrx_word' id='word_1_516' title='bbox 3770 4225 3831 4274; x_wconf 89' lang='lat' dir='ltr'><strong>et</strong></span> <span class='ocrx_word' id='word_1_517' title='bbox 3850 4235 4009 4276; x_wconf 83' lang='lat' dir='ltr'><strong>mor·</strong></span> 
     </span>
     <span class='ocr_line' id='line_1_39' title="bbox 1003 4309 4008 4392; baseline -0.001 -14"><span class='ocrx_word' id='word_1_518' title='bbox 1003 4317 1360 4378; x_wconf 78' lang='lat' dir='ltr'><strong>Suscitavit</strong></span> <span class='ocrx_word' id='word_1_519' title='bbox 1388 4309 1604 4377; x_wconf 85' lang='lat' dir='ltr'><strong>autem</strong></span> <span class='ocrx_word' id='word_1_520' title='bbox 1623 4316 1942 4375; x_wconf 83' lang='lat' dir='ltr'><strong>Dominus</strong></span> <span class='ocrx_word' id='word_1_521' title='bbox 1965 4316 2301 4376; x_wconf 81' lang='lat' dir='ltr'><strong>Salomoni</strong></span> <span class='ocrx_word' id='word_1_522' title='bbox 2322 4315 2413 4377; x_wconf 88' lang='lat' dir='ltr'><strong>sic</strong></span> <span class='ocrx_word' id='word_1_523' title='bbox 2527 4325 2711 4376; x_wconf 86' lang='lat' dir='ltr'><strong>tuum</strong></span> <span class='ocrx_word' id='word_1_524' title='bbox 2728 4335 2853 4375; x_wconf 91' lang='lat' dir='ltr'><strong>esse</strong></span> <span class='ocrx_word' id='word_1_525' title='bbox 2870 4316 3029 4376; x_wconf 82' lang='lat' dir='ltr'><strong>Joab</strong></span> <span class='ocrx_word' id='word_1_526' title='bbox 3038 4317 3407 4392; x_wconf 79' lang='lat' dir='ltr'><strong>principem</strong></span> <span class='ocrx_word' id='word_1_527' title='bbox 3433 4316 3709 4383; x_wconf 82' lang='lat' dir='ltr'><strong>militiae,</strong></span> <span class='ocrx_word' id='word_1_528' title='bbox 3734 4313 4008 4376; x_wconf 84' lang='lat' dir='ltr'><strong>Salomo-</strong></span> 
     </span>
     <span class='ocr_line' id='line_1_40' title="bbox 923 4411 4009 4496; baseline -0.002 -19"><span class='ocrx_word' id='word_1_529' title='bbox 923 4423 1316 4496; x_wconf 82' lang='lat' dir='ltr'><strong>transgresso</strong></span> <span class='ocrx_word' id='word_1_530' title='bbox 1335 4415 1808 4484; x_wconf 85' lang='lat' dir='ltr'><strong>adversarium,</strong></span> <span class='ocrx_word' id='word_1_531' title='bbox 1828 4415 2026 4474; x_wconf 81' lang='lat' dir='ltr'><strong>Adad</strong></span> <span class='ocrx_word' id='word_1_532' title='bbox 2049 4415 2413 4474; x_wconf 81' lang='lat' dir='ltr'><strong>Idumoeum</strong></span> <span class='ocrx_word' id='word_1_533' title='bbox 2526 4431 2671 4476; x_wconf 91' lang='lat' dir='ltr'><strong>nem</strong></span> <span class='ocrx_word' id='word_1_534' title='bbox 2700 4430 2957 4494; x_wconf 88' lang='lat' dir='ltr'><strong>quoque</strong></span> <span class='ocrx_word' id='word_1_535' title='bbox 2986 4412 3395 4490; x_wconf 87' lang='lat' dir='ltr'><strong>infatuatum,</strong></span> <span class='ocrx_word' id='word_1_536' title='bbox 3420 4421 3491 4474; x_wconf 87' lang='lat' dir='ltr'><strong>ut</strong></span> <span class='ocrx_word' id='word_1_537' title='bbox 3519 4411 3585 4474; x_wconf 91' lang='lat' dir='ltr'><strong>in</strong></span> <span class='ocrx_word' id='word_1_538' title='bbox 3616 4411 4009 4474; x_wconf 85' lang='lat' dir='ltr'><strong>Scholastica</strong></span> 
     </span>
     <span class='ocr_line' id='line_1_41' title="bbox 921 4511 4007 4592; baseline -0.002 -17"><span class='ocrx_word' id='word_1_539' title='bbox 921 4517 1001 4575; x_wconf 88' lang='lat' dir='ltr'><strong>de</strong></span> <span class='ocrx_word' id='word_1_540' title='bbox 1029 4515 1268 4574; x_wconf 85' lang='lat' dir='ltr'><strong>semine</strong></span> <span class='ocrx_word' id='word_1_541' title='bbox 1296 4515 1494 4590; x_wconf 74' lang='lat' dir='ltr'><strong>re9i0,</strong></span> <span class='ocrx_word' id='word_1_542' title='bbox 1527 4515 1645 4592; x_wconf 83' lang='lat' dir='ltr'><strong>qui</strong></span> <span class='ocrx_word' id='word_1_543' title='bbox 1673 4521 1814 4572; x_wconf 86' lang='lat' dir='ltr'><strong>erat</strong></span> <span class='ocrx_word' id='word_1_544' title='bbox 1843 4513 1918 4572; x_wconf 85' lang='lat' dir='ltr'><strong>in</strong></span> <span class='ocrx_word' id='word_1_545' title='bbox 1945 4513 2179 4582; x_wconf 83' lang='lat' dir='ltr'><strong>Edem,</strong></span> <span class='ocrx_word' id='word_1_546' title='bbox 2206 4511 2268 4572; x_wconf 91' lang='lat' dir='ltr'><strong>id</strong></span> <span class='ocrx_word' id='word_1_547' title='bbox 2291 4520 2409 4588; x_wconf 85' lang='lat' dir='ltr'><strong>est,</strong></span> <span class='ocrx_word' id='word_1_548' title='bbox 2521 4511 2787 4575; x_wconf 86' lang='lat' dir='ltr'><strong>historia</strong></span> <span class='ocrx_word' id='word_1_549' title='bbox 2817 4511 3090 4589; x_wconf 85' lang='lat' dir='ltr'><strong>additur,</strong></span> <span class='ocrx_word' id='word_1_550' title='bbox 3125 4514 3302 4572; x_wconf 68' lang='lat' dir='ltr'><strong>dimit</strong></span> <span class='ocrx_word' id='word_1_551' title='bbox 3336 4513 3675 4574; x_wconf 83' lang='lat' dir='ltr'><strong>Pharaoni</strong></span> <span class='ocrx_word' id='word_1_552' title='bbox 3695 4531 3719 4569; x_wconf 89' lang='lat'><strong>.·</strong></span> <span class='ocrx_word' id='word_1_553' title='bbox 3738 4512 4007 4572; x_wconf 74' lang='lat' dir='ltr'><strong>Dimitte</strong></span> 
     </span>
     <span class='ocr_line' id='line_1_42' title="bbox 925 4611 4007 4695; baseline -0.003 -19"><span class='ocrx_word' id='word_1_554' title='bbox 925 4632 1145 4695; x_wconf 83' lang='lat' dir='ltr'><strong>regum</strong></span> <span class='ocrx_word' id='word_1_555' title='bbox 1177 4612 1615 4675; x_wconf 83' lang='lat' dir='ltr'><strong>Idumaeorum.</strong></span> <span class='ocrx_word' id='word_1_556' title='bbox 1653 4614 1866 4680; x_wconf 82' lang='lat' dir='ltr'><strong>Quum</strong></span> <span class='ocrx_word' id='word_1_557' title='bbox 1903 4612 2080 4670; x_wconf 83' lang='lat' dir='ltr'><strong>enim</strong></span> <span class='ocrx_word' id='word_1_558' title='bbox 2116 4621 2267 4671; x_wconf 89' lang='lat' dir='ltr'><strong>esset</strong></span> <span class='ocrx_word' id='word_1_559' title='bbox 2292 4615 2413 4672; x_wconf 89' lang='lat' dir='ltr'><strong>Da·</strong></span> <span class='ocrx_word' id='word_1_560' title='bbox 2524 4631 2646 4680; x_wconf 83' lang='lat' dir='ltr'><strong>me,</strong></span> <span class='ocrx_word' id='word_1_561' title='bbox 2678 4621 2750 4672; x_wconf 90' lang='lat' dir='ltr'><strong>ut</strong></span> <span class='ocrx_word' id='word_1_562' title='bbox 2780 4613 3017 4671; x_wconf 88' lang='lat' dir='ltr'><strong>vadam</strong></span> <span class='ocrx_word' id='word_1_563' title='bbox 3048 4612 3119 4671; x_wconf 87' lang='lat' dir='ltr'><strong>in</strong></span> <span class='ocrx_word' id='word_1_564' title='bbox 3166 4621 3403 4671; x_wconf 78' lang='lat' dir='ltr'><strong>terram</strong></span> <span class='ocrx_word' id='word_1_565' title='bbox 3432 4629 3660 4670; x_wconf 76' lang='lat' dir='ltr'><strong>meam.</strong></span> <span class='ocrx_word' id='word_1_566' title='bbox 3695 4611 4007 4688; x_wconf 73' lang='lat' dir='ltr'><strong>Dixitque</strong></span> 
     </span>
     <span class='ocr_line' id='line_1_43' title="bbox 923 4709 4007 4788; baseline -0.002 -16"><span class='ocrx_word' id='word_1_567' title='bbox 923 4715 1039 4773; x_wconf 84' lang='lat' dir='ltr'><strong>vid</strong></span> <span class='ocrx_word' id='word_1_568' title='bbox 1069 4713 1140 4772; x_wconf 89' lang='lat' dir='ltr'><strong>in</strong></span> <span class='ocrx_word' id='word_1_569' title='bbox 1173 4715 1493 4780; x_wconf 84' lang='lat' dir='ltr'><strong>Idumaea,</strong></span> <span class='ocrx_word' id='word_1_570' title='bbox 1522 4719 1580 4770; x_wconf 91' lang='lat' dir='ltr'><strong>et</strong></span> <span class='ocrx_word' id='word_1_571' title='bbox 1625 4710 2005 4770; x_wconf 86' lang='lat' dir='ltr'><strong>ascendisset</strong></span> <span class='ocrx_word' id='word_1_572' title='bbox 2031 4710 2191 4770; x_wconf 83' lang='lat' dir='ltr'><strong>Joab</strong></span> <span class='ocrx_word' id='word_1_573' title='bbox 2225 4711 2413 4788; x_wconf 80' lang='lat' dir='ltr'><strong>prin·</strong></span> <span class='ocrx_word' id='word_1_574' title='bbox 2520 4711 2582 4768; x_wconf 89' lang='lat' dir='ltr'><strong>ei</strong></span> <span class='ocrx_word' id='word_1_575' title='bbox 2611 4710 2873 4770; x_wconf 83' lang='lat' dir='ltr'><strong>Pharao</strong></span> <span class='ocrx_word' id='word_1_576' title='bbox 2904 4730 2927 4768; x_wconf 91' lang='lat'><strong>.·</strong></span> <span class='ocrx_word' id='word_1_577' title='bbox 2960 4712 3099 4777; x_wconf 80' lang='lat' dir='ltr'><strong>Qua</strong></span> <span class='ocrx_word' id='word_1_578' title='bbox 3142 4711 3319 4770; x_wconf 88' lang='lat' dir='ltr'><strong>enim</strong></span> <span class='ocrx_word' id='word_1_579' title='bbox 3361 4729 3431 4768; x_wconf 88' lang='lat' dir='ltr'><strong>re</strong></span> <span class='ocrx_word' id='word_1_580' title='bbox 3474 4711 3655 4787; x_wconf 82' lang='lat' dir='ltr'><strong>apud</strong></span> <span class='ocrx_word' id='word_1_581' title='bbox 3702 4727 3805 4767; x_wconf 87' lang='lat' dir='ltr'><strong>me</strong></span> <span class='ocrx_word' id='word_1_582' title='bbox 3834 4709 4007 4767; x_wconf 84' lang='lat' dir='ltr'><strong>indi-</strong></span> 
     </span>
     <span class='ocr_line' id='line_1_44' title="bbox 921 4808 4005 4889; baseline -0.002 -19"><span class='ocrx_word' id='word_1_583' title='bbox 921 4831 1062 4889; x_wconf 79' lang='lat' dir='ltr'><strong>ceps</strong></span> <span class='ocrx_word' id='word_1_584' title='bbox 1083 4811 1340 4872; x_wconf 81' lang='lat' dir='ltr'><strong>militioe</strong></span> <span class='ocrx_word' id='word_1_585' title='bbox 1369 4809 1862 4887; x_wconf 78' lang='lat' dir='ltr'><strong>adsepeliendos</strong></span> <span class='ocrx_word' id='word_1_586' title='bbox 1891 4827 1991 4866; x_wconf 89' lang='lat' dir='ltr'><strong>eos</strong></span> <span class='ocrx_word' id='word_1_587' title='bbox 2010 4809 2128 4886; x_wconf 81' lang='lat' dir='ltr'><strong>qui</strong></span> <span class='ocrx_word' id='word_1_588' title='bbox 2144 4808 2413 4883; x_wconf 83' lang='lat' dir='ltr'><strong>fuerant</strong></span> <span class='ocrx_word' id='word_1_589' title='bbox 2514 4827 2649 4885; x_wconf 72' lang='lat' dir='ltr'><strong>qes‚</strong></span> <span class='ocrx_word' id='word_1_590' title='bbox 2694 4817 2765 4868; x_wconf 89' lang='lat' dir='ltr'><strong>ut</strong></span> <span class='ocrx_word' id='word_1_591' title='bbox 2809 4827 3062 4887; x_wconf 77' lang='lat' dir='ltr'><strong>quoeras</strong></span> <span class='ocrx_word' id='word_1_592' title='bbox 3106 4808 3201 4868; x_wconf 90' lang='lat' dir='ltr'><strong>ire</strong></span> <span class='ocrx_word' id='word_1_593' title='bbox 3248 4809 3335 4868; x_wconf 88' lang='lat' dir='ltr'><strong>ad</strong></span> <span class='ocrx_word' id='word_1_594' title='bbox 3385 4816 3622 4867; x_wconf 80' lang='lat' dir='ltr'><strong>terram</strong></span> <span class='ocrx_word' id='word_1_595' title='bbox 3665 4809 3895 4867; x_wconf 80' lang='lat' dir='ltr'><strong>tuam?</strong></span> <span class='ocrx_word' id='word_1_596' title='bbox 3922 4809 4005 4866; x_wconf 79' lang='lat' dir='ltr'><strong>At</strong></span> 
     </span>
     <span class='ocr_line' id='line_1_45' title="bbox 642 4904 4006 4986; baseline -0.003 -13"><span class='ocrx_word' id='word_1_597' title='bbox 642 4929 894 4986; x_wconf 59' lang='lat' dir='ltr'><strong>uacuam,</strong></span> <span class='ocrx_word' id='word_1_598' title='bbox 923 4910 1250 4986; x_wconf 85' lang='lat' dir='ltr'><strong>interfecti</strong></span> <span class='ocrx_word' id='word_1_599' title='bbox 1285 4908 1363 4969; x_wconf 91' lang='lat' dir='ltr'><strong>de</strong></span> <span class='ocrx_word' id='word_1_600' title='bbox 1403 4904 1691 4969; x_wconf 83' lang='lat' dir='ltr'><strong>Idumaeis</strong></span> <span class='ocrx_word' id='word_1_601' title='bbox 1729 4904 1811 4966; x_wconf 87' lang='lat' dir='ltr'><strong>ab</strong></span> <span class='ocrx_word' id='word_1_602' title='bbox 1850 4905 2127 4967; x_wconf 84' lang='lat' dir='ltr'><strong>exercitu</strong></span> <span class='ocrx_word' id='word_1_603' title='bbox 2159 4905 2355 4968; x_wconf 90' lang='lat' dir='ltr'><strong>David</strong></span> <span class='ocrx_word' id='word_1_604' title='bbox 2392 4922 2405 4967; x_wconf 76' lang='grc' dir='ltr'>ε</span> <span class='ocrx_word' id='word_1_605' title='bbox 2524 4909 2635 4966; x_wconf 84' lang='lat' dir='ltr'><strong>ille</strong></span> <span class='ocrx_word' id='word_1_606' title='bbox 2676 4909 3055 4983; x_wconf 83' lang='lat' dir='ltr'><strong>respondit:</strong></span> <span class='ocrx_word' id='word_1_607' title='bbox 3086 4907 3315 4970; x_wconf 78' lang='lat' dir='ltr'><strong>Nulla.</strong></span> <span class='ocrx_word' id='word_1_608' title='bbox 3350 4907 3479 4966; x_wconf 87' lang='lat' dir='ltr'><strong>Sed</strong></span> <span class='ocrx_word' id='word_1_609' title='bbox 3521 4907 3766 4965; x_wconf 83' lang='lat' dir='ltr'><strong>obsecro</strong></span> <span class='ocrx_word' id='word_1_610' title='bbox 3814 4913 3897 4973; x_wconf 87' lang='lat' dir='ltr'><strong>te,</strong></span> <span class='ocrx_word' id='word_1_611' title='bbox 3938 4913 4006 4963; x_wconf 77' lang='lat' dir='ltr'><strong>ut</strong></span> 
     </span>
     <span class='ocr_line' id='line_1_46' title="bbox 631 5002 4005 5090; baseline -0.003 -20"><span class='ocrx_word' id='word_1_612' title='bbox 631 5005 697 5054; x_wconf 75' lang='lat'><strong>¹³·</strong></span> <span class='ocrx_word' id='word_1_613' title='bbox 722 5004 787 5044; x_wconf 75' lang='lat'><strong>¹⁴·</strong></span> <span class='ocrx_word' id='word_1_614' title='bbox 924 5027 1083 5090; x_wconf 92' lang='lat' dir='ltr'><strong>quos</strong></span> <span class='ocrx_word' id='word_1_615' title='bbox 1110 5007 1302 5089; x_wconf 89' lang='lat' dir='ltr'><strong>jussit</strong></span> <span class='ocrx_word' id='word_1_616' title='bbox 1331 5006 1573 5069; x_wconf 91' lang='lat' dir='ltr'><strong>occisos</strong></span> <span class='ocrx_word' id='word_1_617' title='bbox 1603 5002 2100 5067; x_wconf 85' lang='lat' dir='ltr'><strong>misericorditer</strong></span> <span class='ocrx_word' id='word_1_618' title='bbox 2127 5002 2407 5085; x_wconf 88' lang='lat' dir='ltr'><strong>sepeliri,</strong></span> <span class='ocrx_word' id='word_1_619' title='bbox 2520 5005 2814 5065; x_wconf 82' lang='lat' dir='ltr'><strong>dimittas</strong></span> <span class='ocrx_word' id='word_1_620' title='bbox 2852 5025 2950 5064; x_wconf 88' lang='lat' dir='ltr'><strong>me</strong></span> <span class='ocrx_word' id='word_1_621' title='bbox 2996 5004 3075 5065; x_wconf 88' lang='lat' dir='ltr'><strong>ad</strong></span> <span class='ocrx_word' id='word_1_622' title='bbox 3119 5004 3475 5080; x_wconf 85' lang='lat' dir='ltr'><strong>Idumaeam,</strong></span> <span class='ocrx_word' id='word_1_623' title='bbox 3518 5004 3598 5065; x_wconf 92' lang='lat' dir='ltr'><strong>de</strong></span> <span class='ocrx_word' id='word_1_624' title='bbox 3643 5021 3773 5083; x_wconf 89' lang='lat' dir='ltr'><strong>qua</strong></span> <span class='ocrx_word' id='word_1_625' title='bbox 3822 5011 4005 5064; x_wconf 89' lang='lat' dir='ltr'><strong>natus</strong></span> 
     </span>
     <span class='ocr_line' id='line_1_47' title="bbox 921 5099 4007 5188; baseline -0.002 -20"><span class='ocrx_word' id='word_1_626' title='bbox 921 5105 1227 5188; x_wconf 90' lang='lat' dir='ltr'><strong>quoniam</strong></span> <span class='ocrx_word' id='word_1_627' title='bbox 1265 5105 1520 5167; x_wconf 84' lang='lat' dir='ltr'><strong>ldumaei</strong></span> <span class='ocrx_word' id='word_1_628' title='bbox 1552 5112 1614 5167; x_wconf 91' lang='lat' dir='ltr'><strong>et</strong></span> <span class='ocrx_word' id='word_1_629' title='bbox 1647 5103 1771 5165; x_wconf 78' lang='lat' dir='ltr'><strong>filii</strong></span> <span class='ocrx_word' id='word_1_630' title='bbox 1818 5103 2008 5165; x_wconf 91' lang='lat' dir='ltr'><strong>Israel</strong></span> <span class='ocrx_word' id='word_1_631' title='bbox 2050 5103 2182 5164; x_wconf 85' lang='lat' dir='ltr'><strong>nati</strong></span> <span class='ocrx_word' id='word_1_632' title='bbox 2228 5111 2413 5165; x_wconf 90' lang='lat' dir='ltr'><strong>erant</strong></span> <span class='ocrx_word' id='word_1_633' title='bbox 2522 5122 2661 5164; x_wconf 92' lang='lat' dir='ltr'><strong>sum</strong></span> <span class='ocrx_word' id='word_1_634' title='bbox 2700 5119 2714 5164; x_wconf 75' lang='grc' dir='ltr'><strong><em>ε</em></strong></span> <span class='ocrx_word' id='word_1_635' title='bbox 2746 5110 2809 5164; x_wconf 89' lang='lat' dir='ltr'><strong>et</strong></span> <span class='ocrx_word' id='word_1_636' title='bbox 2837 5103 2978 5183; x_wconf 89' lang='lat' dir='ltr'><strong>jure</strong></span> <span class='ocrx_word' id='word_1_637' title='bbox 3010 5101 3431 5166; x_wconf 85' lang='lat' dir='ltr'><strong>successionis</strong></span> <span class='ocrx_word' id='word_1_638' title='bbox 3462 5109 3856 5183; x_wconf 87' lang='lat' dir='ltr'><strong>competeret</strong></span> <span class='ocrx_word' id='word_1_639' title='bbox 3896 5099 4007 5162; x_wconf 88' lang='lat' dir='ltr'><strong>mi·</strong></span> 
     </span>
     <span class='ocr_line' id='line_1_48' title="bbox 667 5197 4004 5284; baseline -0.003 -15"><span class='ocrx_word' id='word_1_640' title='bbox 667 5217 890 5270; x_wconf 80' lang='lat' dir='ltr'><strong>Gen-xxv.</strong></span> <span class='ocrx_word' id='word_1_641' title='bbox 921 5224 998 5268; x_wconf 85' lang='lat' dir='ltr'><strong>ex</strong></span> <span class='ocrx_word' id='word_1_642' title='bbox 1024 5204 1273 5268; x_wconf 90' lang='lat' dir='ltr'><strong>duobus</strong></span> <span class='ocrx_word' id='word_1_643' title='bbox 1304 5203 1631 5281; x_wconf 79' lang='lat' dir='ltr'><strong>fratribus,</strong></span> <span class='ocrx_word' id='word_1_644' title='bbox 1657 5201 1901 5266; x_wconf 89' lang='lat' dir='ltr'><strong>scilicet</strong></span> <span class='ocrx_word' id='word_1_645' title='bbox 1918 5201 2083 5264; x_wconf 90' lang='lat' dir='ltr'><strong>Esau</strong></span> <span class='ocrx_word' id='word_1_646' title='bbox 2113 5210 2177 5264; x_wconf 88' lang='lat' dir='ltr'><strong>et</strong></span> <span class='ocrx_word' id='word_1_647' title='bbox 2194 5200 2405 5278; x_wconf 83' lang='lat' dir='ltr'><strong>Jacob,</strong></span> <span class='ocrx_word' id='word_1_648' title='bbox 2519 5201 2612 5264; x_wconf 93' lang='lat' dir='ltr'><strong>hi.</strong></span> <span class='ocrx_word' id='word_1_649' title='bbox 2644 5201 2821 5264; x_wconf 89' lang='lat' dir='ltr'><strong>Unde</strong></span> <span class='ocrx_word' id='word_1_650' title='bbox 2850 5209 2915 5264; x_wconf 91' lang='lat' dir='ltr'><strong>et</strong></span> <span class='ocrx_word' id='word_1_651' title='bbox 2943 5221 3055 5284; x_wconf 90' lang='lat' dir='ltr'><strong>spe</strong></span> <span class='ocrx_word' id='word_1_652' title='bbox 3084 5209 3276 5283; x_wconf 88' lang='lat' dir='ltr'><strong>atque</strong></span> <span class='ocrx_word' id='word_1_653' title='bbox 3312 5200 3380 5263; x_wconf 86' lang='lat' dir='ltr'><strong>af</strong></span> <span class='ocrx_word' id='word_1_654' title='bbox 3384 5200 3555 5264; x_wconf 85' lang='lat' dir='ltr'><strong>fectu</strong></span> <span class='ocrx_word' id='word_1_655' title='bbox 3587 5197 4004 5282; x_wconf 88' lang='lat' dir='ltr'><strong>recuperandi</strong></span> 
     </span>
    </p>
   </div>
   <div class='ocr_carea' id='block_1_3' title="bbox 628 5282 3087 5386">
    <p class='ocr_par' dir='ltr' id='par_1_3' title="bbox 628 5282 3087 5386">
     <span class='ocr_line' id='line_1_49' title="bbox 628 5282 3087 5386; baseline -0.002 -17"><span class='ocrx_word' id='word_1_656' title='bbox 628 5282 698 5324; x_wconf 77' lang='lat'><strong>²⁵‘</strong></span> <span class='ocrx_word' id='word_1_657' title='bbox 919 5313 984 5368; x_wconf 90' lang='lat' dir='ltr'><strong>et</strong></span> <span class='ocrx_word' id='word_1_658' title='bbox 1005 5303 1312 5386; x_wconf 90' lang='lat' dir='ltr'><strong>quoniam</strong></span> <span class='ocrx_word' id='word_1_659' title='bbox 1333 5303 1401 5366; x_wconf 93' lang='lat' dir='ltr'><strong>in</strong></span> <span class='ocrx_word' id='word_1_660' title='bbox 1420 5301 1909 5366; x_wconf 87' lang='lat' dir='ltr'><strong>Deuteronomio</strong></span> <span class='ocrx_word' id='word_1_661' title='bbox 1932 5299 2245 5383; x_wconf 88' lang='lat' dir='ltr'><strong>seriptum</strong></span> <span class='ocrx_word' id='word_1_662' title='bbox 2270 5309 2406 5363; x_wconf 89' lang='lat' dir='ltr'><strong>est:</strong></span> <span class='ocrx_word' id='word_1_663' title='bbox 2520 5320 2661 5364; x_wconf 89' lang='lat' dir='ltr'><strong>eam</strong></span> <span class='ocrx_word' id='word_1_664' title='bbox 2691 5299 2881 5363; x_wconf 87' lang='lat' dir='ltr'><strong>rediit</strong></span> <span class='ocrx_word' id='word_1_665' title='bbox 2910 5299 3087 5363; x_wconf 91' lang='lat' dir='ltr'><strong>illuc.</strong></span> 
     </span>
    </p>
   </div>
   <div class='ocr_carea' id='block_1_4' title="bbox 4259 36 4268 1679">
    <p class='ocr_par' dir='ltr' id='par_1_4' title="bbox 4259 36 4268 1679">
     <span class='ocr_line' id='line_1_50' title="bbox 4259 36 4268 1679; baseline 0 0"><span class='ocrx_word' id='word_1_666' title='bbox 4259 36 4268 1679; x_wconf 95' lang='lat' dir='ltr'><strong> </strong></span> 
     </span>
    </p>
   </div>
   <div class='ocr_carea' id='block_1_5' title="bbox 4255 36 4272 3169">
    <p class='ocr_par' dir='ltr' id='par_1_5' title="bbox 4255 36 4272 3169">
     <span class='ocr_line' id='line_1_51' title="bbox 4255 36 4272 3169; baseline 0 0"><span class='ocrx_word' id='word_1_667' title='bbox 4255 36 4272 3169; x_wconf 95' lang='lat' dir='ltr'><strong> </strong></span> 
     </span>
    </p>
   </div>
   <div class='ocr_carea' id='block_1_6' title="bbox 4260 5101 4267 6200">
    <p class='ocr_par' dir='ltr' id='par_1_6' title="bbox 4260 5101 4267 6200">
     <span class='ocr_line' id='line_1_52' title="bbox 4260 5101 4267 6200; baseline 0 0"><span class='ocrx_word' id='word_1_668' title='bbox 4260 5101 4267 6200; x_wconf 95' lang='lat' dir='ltr'><strong> </strong></span> 
     </span>
    </p>
   </div>
  </div>
 </body>
</html>
