4359 6250
609 3445 859 3496 Damnum·

595 3511 687 3552 ¹00.

610 3647 862 3699 lbid.v1.23-

593 3711 660 3752 27.

895 474 975 539 64
1699 486 2050 535 ΕΝΑΒΒΑΤΙΟ
2093 486 2154 531 IN
2198 486 2335 531 CAP.
2383 484 2447 531 xl
2486 484 2687 531 JOSUE.
2733 506 2813 515 —
2854 487 2995 533 ΛΒΤ.
3043 488 3192 535 xvtu

897 664 1164 734 Madon,
1195 672 1256 725 et
1285 667 1372 725 ad
1405 682 1616 740 reqem
1645 665 1974 733 Semeron,
2009 658 2076 721 id
2120 666 2217 721 est
2260 656 2381 721 loci
2418 658 2468 719 A
2502 660 2943 739 ingarletatio*
2973 679 3086 743 per
3106 661 3485 725 incisionem
3508 660 3990 725 tibialium‘ner-

894 780 1007 825 seu
1036 761 1258 844 oppidi
1291 762 1382 825 sic
1415 762 1645 837 vocati,
1664 769 1855 842 atque
1885 759 1965 822 ad
1996 766 2241 821 ceteros
2271 756 2382 839 qui

895 860 1337 943 exprimuntur
1389 861 1454 922 in
1506 860 1737 923 littera.
1773 860 1900 921 Rex
1949 856 2187 921 etenim
2228 856 2386 917 Asor

895 959 1118 1021 habuit
1147 959 1578 1042 principatum
1610 977 1802 1040 super
1833 958 1966 1019 haec
1998 974 2213 1034 regna,
2242 954 2384 1016 ideo

893 1058 972 1119 ad
1021 1058 1160 1139 ejus
1212 1057 1552 1139 imperium
1601 1062 2062 1120 convenerunt.
2099 1054 2385 1130 Eyressi-

893 1177 1016 1235 que
1061 1168 1216 1219 sunt
1261 1178 1477 1218 omnes
1519 1176 1668 1217 cum
1714 1156 1946 1217 turmis
1986 1155 2144 1224 suis·‚
2181 1152 2245 1215 id
2288 1158 2385 1214 est

895 1256 1336 1338 unusquisque
1366 1274 1586 1318 eorum
1615 1274 1760 1317 cum
1793 1272 1908 1317 suo
1941 1252 2243 1328 exercitu,
2270 1270 2385 1328 po-

887 1358 1090 1432 pulus
1131 1359 1376 1416 multus
1419 1357 1642 1425 nimis,
1675 1356 1842 1414 sicut
1882 1373 2082 1413 arena
2122 1372 2266 1431 quoe
2293 1360 2384 1409 esc

893 1454 968 1511 in
1000 1455 1212 1515 littore
1244 1456 1466 1516 maris,
1501 1455 1713 1522 Sicut,
1744 1450 1899 1514 dicit
1941 1450 2044 1513 hic
2090 1448 2383 1511 similitu-

894 1552 1108 1615 dinem
1139 1551 1505 1633 aliqualem,
1542 1569 1669 1614 non
1700 1548 2152 1633 aequalitatem,
2177 1547 2259 1609 ad
2292 1546 2383 1609 in-

895 1650 1280 1713 sinuandum
1310 1649 1787 1712 multitudinem
1821 1648 2073 1712 illorum
2109 1645 2379 1707 nimium

895 1766 1210 1829 magnam.
1229 1751 1409 1829 Equi
1428 1768 1676 1828 quoque
1703 1758 1763 1808 ct
1792 1766 2024 1807 currus
2057 1747 2381 1805 immensae

2500 776 2743 837 vorum,
2762 779 2873 823 seu
2898 759 3169 823 succisio
3189 760 3469 843 poplitis,
3487 760 3553 822 id
3573 768 3670 822 est
3688 778 3985 841 genuum.

2496 860 2583 919 Et
2624 872 2857 918 currus
2896 861 3045 937 iyne
3082 862 3427 920 combures,
3461 858 3583 921 Cur
3631 858 3777 941 pius
3818 859 3985 921 Deus

2491 957 2797 1039 praecepit
2826 958 2947 1021 hoc
2976 976 3157 1040 opuS,
3178 958 3349 1039 quod
3380 958 3632 1021 videtur
3664 958 3893 1019 inutile
3920 966 3987 1019 et

2494 1056 2774 1133 crudele,
2798 1056 2861 1119 id
2894 1066 2989 1119 est
3020 1056 3358 1121 nocivum?
3380 1057 3540 1137 Equi
3574 1075 3848 1137 namque
3878 1075 3987 1137 po-

2495 1162 2701 1217 terant
2732 1155 2890 1217 filiis
2920 1155 3108 1220 Israel
3140 1174 3277 1219 esse
3308 1156 3721 1233 accommodi,
3761 1154 3987 1217 simili-

2496 1259 2589 1315 ter
2618 1273 2843 1316 currus
2868 1278 2883 1328 ς
2920 1274 3037 1317 nec
3068 1254 3217 1336 equi
3248 1262 3430 1317 erant
3458 1255 3664 1336 eulpae
3693 1254 3979 1318 obnoxii.

2492 1350 2585 1413 Ad
2616 1353 2788 1433 quod
2817 1352 3181 1429 dicendum,
3199 1354 3371 1436 quod
3405 1352 3469 1413 in
3497 1353 3979 1416 detestationem

2494 1448 2891 1531 impietatum
2906 1451 3421 1525 Chananaeorum,
3435 1452 3599 1513 Deus
3620 1450 3753 1513 haec
3772 1450 3981 1532 jussit,

2492 1556 2555 1610 et
2586 1550 2661 1611 ad
2694 1549 3001 1630 majorem
3034 1549 3552 1631 praesumptionis
3587 1567 3830 1625 eorum,
3864 1548 3976 1630 qui

2492 1645 2557 1707 in
2610 1646 2791 1730 equis
2837 1656 2900 1711 et
2941 1648 3234 1711 curribus
3285 1646 3718 1723 confidebant,
3754 1646 3981 1710 coufu-

2493 1745 2971 1830 sionem,atque
3002 1755 3071 1809 ut
3101 1747 3226 1829 ipsi
3258 1746 3391 1809 suis
3421 1747 3611 1809 rebus
3641 1755 3705 1808 et
3734 1765 3980 1828 posses-

895 1848 1364 1909 multitudinis.
1393 1846 1506 1909 Hic
1537 1854 1632 1908 est
1661 1844 2110 1927 hyperbolicus
2144 1860 2375 1918 sermo,
2410 1836 2456 1897 B
2493 1843 2781 1907 sionibus
2804 1846 3218 1928 punirentur3
3244 1854 3315 1907 ut
3338 1845 3531 1909 etiam
3553 1845 3722 1925 rigor
3744 1845 3981 1907 divinae

889 1946 971 2007 ad
993 1945 1388 2009 innuendum
1410 1945 1582 2026 quod
1604 1944 1769 2006 ultra
1799 1942 2059 2006 modum
2085 1948 2268 2005 erant
2288 1938 2377 2001 ibi

891 2044 1078 2105 multi
1109 2044 1258 2125 equi
1290 2042 1871 2124 currusque.Porro
1903 2041 1969 2103 in
1993 2039 2382 2105 Scholastica

891 2141 1094 2205 fertur
1124 2141 1410 2218 historia,
1435 2141 1608 2223 quod
1639 2148 1819 2203 erant
1847 2140 1973 2203 duo
2004 2139 2210 2201 millia
2240 2157 2382 2202 cur-

892 2260 1102 2303 ruum.
1127 2244 1689 2320 Convenerantque
1718 2260 1931 2301 omnes
1957 2259 2133 2316 reyes
2163 2241 2278 2301 isti
2306 2240 2379 2298 in

891 2360 1100 2400 unum
1137 2343 1226 2399 ad
1258 2360 1461 2419 aquas
1494 2341 1762 2409 Merom,
1796 2338 1861 2399 id
1906 2344 2003 2399 est
2043 2337 2124 2399 ad
2165 2336 2378 2401 locum

890 2437 985 2500 sic
1026 2438 1291 2514 dictum,
1325 2455 1438 2519 per
1482 2454 1671 2517 quem
1710 2436 1810 2515 (ut
1852 2434 2112 2515 legitur)
2152 2433 2379 2499 transit

888 2536 1201 2615 Jordanis,
1223 2548 1294 2597 uc
1315 2544 1690 2614 paquara-nc
1718 2544 1942 2595 contra
1971 2537 2199 2595 Israel.
2220 2534 2379 2596 Ecce

889 2643 1128 2717 quanta
1171 2644 1266 2697 est
1309 2632 1782 2710 defectuositaS,
1819 2632 1948 2695 imo
1979 2632 2243 2709 malitia,
2280 2651 2381 2694 ex-

886 2734 1146 2797 caecatio
1187 2741 1249 2795 et
1287 2732 1629 2797 obstinatio
1669 2730 1877 2794 cordis
1923 2730 2227 2793 humani!
2265 2731 2379 2792 Im-

891 2832 982 2914 pii
1027 2832 1135 2895 isti
1178 2831 1368 2914 paulo
1406 2838 1554 2893 ante
1590 2829 1885 2893 viderunt
1915 2828 2378 2911 superadmira-

890 2930 1081 2994 bilem
1115 2930 1452 2993 stationem
1485 2928 1640 2992 solis
1670 2936 1734 2991 et
1764 2928 1932 2991 lunae
1963 2928 2030 2991 iu
2062 2928 2225 2991 coelo
2265 2946 2379 3010 per

2491 1944 2773 2025 justitiae,
2792 1946 2975 2027 eujus
3005 1944 3410 2027 providentia
3437 1952 3589 2007 tunc
3618 1964 3654 2007 a
3685 1944 3980 2027 pluribus

2494 2041 2923 2123 ignorabatur,
2958 2044 3191 2106 clarius
3220 2062 3294 2105 ac
3324 2042 3673 2107 terribilius
3714 2042 3983 2105 manife-

2494 2150 2785 2219 staretur,
2820 2151 2882 2205 et
2910 2142 3205 2206 homines
3234 2143 3432 2205 Deum
3464 2148 3592 2204 tam
3619 2142 3864 2223 justum
3902 2160 3979 2204 ac

2492 2240 2846 2322 rigorosum
2899 2250 3274 2305 metuerent.
3316 2240 3497 2305 Circa
3546 2241 3665 2305 hoc
3715 2242 3979 2323 pulchre

2491 2339 2775 2422 loquitur
2804 2340 3125 2421 OrigeneS,
3160 2341 3344 2421 cujus
3390 2340 3580 2403 verba
3625 2340 3798 2402 infra
3840 2348 3979 2403 tan-

2489 2448 2739 2518 gentur.

2590 2542 2894 2618 Venitque
2920 2544 3109 2602 Josue
3137 2547 3197 2599 et
3228 2540 3439 2599 omnis
3480 2542 3797 2600 exercitus
3836 2541 3977 2617 ejus

2490 2660 2637 2699 cum
2684 2659 2775 2715 eo,
2811 2642 3116 2699 adversus
3166 2639 3311 2697 illos
3352 2640 3443 2697 ad
3485 2658 3687 2717 aquas
3730 2642 3977 2700 Merum

2488 2740 2721 2807 subite,
2750 2748 2810 2798 ec
2854 2740 3194 2797 irruerunt
3238 2756 3431 2813 super
3470 2738 3641 2807 illos,
3673 2741 3976 2799 tradidit-

2490 2857 2611 2915 que
2630 2839 2946 2897 Dominus
2975 2838 3119 2895 illos
3152 2837 3224 2895 in
3255 2856 3489 2897 manus
3508 2838 3727 2897 Israel.
3746 2839 3977 2916 Itaque

2482 2937 2795 3012 percussit
2813 2954 3049 3007 omnes,
3072 2944 3145 2994 ut
3166 2938 3386 2994 nullas
3404 2936 3759 2995 dimitteret
3778 2956 3861 2994 ea>
3880 2938 3973 2996 eis

881 3028 1080 3092 unius
1124 3028 1249 3091 diei
1297 3027 1594 3111 spatium,
1627 3028 1799 3109 quod
1829 3047 1868 3089 a
1908 3027 2043 3091 solo
2087 3028 2379 3108 omnipo-
2405 3034 2450 3098 C
2486 3035 3135 3114 reliquias-‚Fecitque
3162 3035 3329 3093 sicut
3353 3043 3744 3110 proeeeperat
3773 3036 3838 3093 ei
3854 3038 3976 3095 Do-

889 3138 1061 3193 tente
1079 3130 1206 3192 Deo
1239 3128 1383 3192 fieri
1414 3128 1656 3211 potuit3
1684 3146 1800 3190 nec
1831 3135 2042 3191 tamen
2074 3146 2379 3209 compun-

879 3229 974 3292 cti
1024 3237 1194 3305 sunt,
1229 3246 1346 3291 nec
1389 3226 1544 3291 moti
1588 3227 1667 3290 ad
1714 3226 1934 3304 fidem,
1969 3228 2080 3290 sed
2125 3227 2254 3289 Deo
2303 3245 2376 3289 ae

883 3327 1127 3410 populo
1158 3326 1345 3389 Israel
1376 3325 1582 3388 adhuc
1613 3344 1680 3388 se
1712 3342 2035 3407 opponere
2074 3343 2377 3406 praesum-

889 3434 1171 3509 pserunt.
1191 3425 1782 3500 Nabuchodonosor,
1802 3423 1939 3486 visa
1959 3423 2377 3506 incorruptio-

889 3544 971 3589 ne
1021 3525 1212 3587 trium
1262 3542 1604 3606 puerorum
1655 3521 1726 3611 in
1778 3521 2037 3586 fornace
2085 3523 2369 3599 ardente,

886 3625 1083 3687 Deum
1107 3623 1294 3686 lsrael
1318 3629 1414 3686 est
1436 3620 1769 3686 confessus
1789 3645 1804 3696 3
1832 3620 2128 3684 similiter
2151 3623 2372 3684 Darius

887 3741 995 3785 rex
1015 3723 1365 3798 Persarum,
1389 3721 1525 3784 viso
1556 3720 1729 3803 quod
1757 3719 1976 3783 Daniel
2008 3739 2044 3782 a
2077 3720 2372 3784 leonibus

887 3820 1122 3883 mansit
1153 3820 1409 3882 illaesuS.
1445 3819 1517 3880 Hi
1559 3827 1792 3896 autem,
1829 3817 1982 3881 visis
2016 3838 2126 3882 seu
2157 3819 2374 3898 cogni-

889 3919 970 3980 tis
1005 3928 1092 3982 tot
1117 3929 1180 3982 et
1209 3919 1402 3980 tantis
1433 3916 1862 3994 mirabilibuS‚
1881 3936 2008 3981 non
2035 3927 2187 3980 sunt
2215 3918 2369 3982 moti

884 4017 1007 4080 nisi
1040 4019 1119 4080 ad
1152 4016 1598 4080 resistendum.

962 4119 1276 4196 Dixitque
1296 4118 1614 4178 Dominus
1643 4119 1730 4176 ad
1761 4117 1983 4176 Josue:
2013 4118 2114 4179 Ne
2145 4118 2370 4178 timeas

2490 3137 2727 3195 minus.
2752 3135 2969 3213 Equos
2996 3153 3217 3194 eorum
3244 3134 3685 3202 subnervavit,
3715 3153 3976 3194 currus-

2486 3251 2607 3310 que
2635 3232 2972 3292 combussit
3004 3232 3167 3306 v'yni.
3189 3230 3661 3306 Verumtamen,
3683 3230 3847 3293 sicut
3878 3233 3977 3294 in-

2488 3328 2584 3392 fra
2627 3329 2915 3406 habetur,
2950 3329 3212 3411 quidam
3253 3327 3512 3392 illorum
3556 3327 3874 3409 fugerunt,
3910 3341 3975 3393 et

2485 3435 2824 3492 evaserunt
2865 3427 3283 3508 ingrediendo
3324 3427 3756 3489 munitissima
3786 3427 3967 3491 loca:

2484 3527 2804 3610 quomodo
2853 3544 3002 3606 ergo
3054 3545 3179 3590 non
3232 3526 3493 3607 reliquit
3542 3545 3617 3589 ex
3666 3526 3757 3589 eis
3808 3528 3973 3591 ullas

2485 3625 2841 3708 reliquias?
2880 3625 2973 3686 Ad
3017 3625 3188 3707 quod
3234 3624 3360 3688 dici
3406 3632 3633 3706 potest,
3669 3628 3841 3707 quod
3888 3627 3973 3688 sit

2484 3725 2931 3806 hyperbolicus
2974 3742 3205 3800 sermo,
3249 3724 3327 3786 ad
3369 3723 3765 3786 innuendum
3808 3725 3973 3787 mul-

2486 3823 2823 3886 titudinem
2864 3823 3260 3896 occisorum3
3302 3822 3404 3887 vel
3446 3829 3655 3904 potest
3692 3822 3969 3904 intelligi

2483 3921 2561 3984 de
2592 3921 2714 4000 his,
2739 3939 2899 4003 quos
2930 3920 3407 4004 apprehendere
3438 3920 3678 4001 quivit3
3714 3921 3814 3984 vel
3852 3923 3965 4003 qui

2481 4028 2820 4083 evaserunt
2848 4028 3029 4082 erant
3070 4027 3195 4081 tam
3236 4018 3445 4100 pauci,
3480 4019 3653 4099 quod
3694 4019 3965 4084 aliorum

2482 4127 2771 4202 respectu
2810 4116 2993 4199 quasi
3034 4136 3148 4198 pro
3180 4116 3383 4179 nihilo
3415 4124 3812 4199 reputantur.

877 4236 999 4276 eos.
1019 4217 1172 4276 Cras
1200 4216 1376 4274 enim
1408 4215 1528 4274 hac
1555 4217 1776 4275 eadem
1800 4217 1959 4275 liora
1977 4235 2087 4292 ‘39⁰
2113 4219 2368 4278 tradam
2398 4219 2449 4282 D
2558 4223 2989 4296 Reversusque
3024 4216 3211 4279 Josue
3252 4214 3455 4280 victor
3495 4215 3573 4278 de
3609 4215 3803 4292 bello,
3836 4227 3967 4278 sta-

877 4335 1094 4374 omnes
1132 4317 1284 4373 istos
1323 4316 1757 4374 vulnerandos
1799 4315 1872 4373 in
1906 4325 2241 4391 conspectu
2273 4319 2369 4376 Is-

875 4417 1039 4485 rael,
1081 4413 1147 4475 id
1185 4420 1302 4489 est,
1351 4411 1684 4475 universos
1731 4412 1848 4476 hos
1899 4410 2129 4475 faciam
2184 4413 2367 4477 vobis

875 4511 1312 4588 succumbere,
1347 4511 1434 4573 ita
1475 4511 1644 4592 quod
1685 4511 2077 4586 occidentur,
2113 4521 2229 4574 aut
2265 4513 2368 4576 lae-

874 4612 1126 4689 dentur,
1161 4617 1271 4673 aut
1319 4607 1581 4689 fugient.
1617 4607 1730 4672 Vel
1770 4609 1913 4672 ideo
1943 4610 2054 4687 ait,
2091 4611 2359 4673 Tradam

874 4727 1097 4772 omnes
1129 4711 1284 4773 istos
1314 4708 1765 4785 vulnerandOS,
1799 4708 1950 4790 quia
1989 4727 2106 4790 pro
2138 4709 2366 4790 majori

875 4817 941 4871 et
990 4807 1429 4890 principaliori
1477 4816 1678 4890 parte,
1733 4807 2049 4870 vulnerati
2107 4807 2367 4872 fuerunt

877 4915 987 4970 aut
1035 4907 1352 4969 trucidati.
1406 4905 1636 4968 Dicunt
1684 4913 1895 4968 autem
1947 4907 2363 4987 expositoreS,

878 5006 1050 5087 quod
1095 5004 1187 5066 ibi
1233 5003 1491 5068 fuerunt
1531 5003 1784 5067 collecti
1825 5003 2053 5084 viginti
2093 5014 2369 5086 quatuor

879 5121 1082 5185 reges,
1117 5105 1332 5182 Equos
1359 5123 1582 5163 eorum
1611 5104 2044 5164 subnervabis.
2079 5103 2238 5184 Equi
2274 5104 2367 5168 illi

879 5222 995 5286 per
1025 5201 1585 5265 subnervationem
1618 5200 1816 5279 illam,
1853 5202 2204 5264 secundum
2236 5201 2371 5266 Ori-

875 5319 1128 5383 genem,
1160 5299 1354 5364 occisi
1383 5308 1554 5362 sunt.
1575 5299 1684 5363 Est
1713 5309 1926 5364 autem
1957 5299 2366 5367 subnervatio

2481 4319 2597 4377 tim
2640 4317 2805 4393 cepit
2844 4317 3030 4386 Asor,
3062 4322 3126 4376 et
3169 4322 3240 4375 ut
3280 4312 3447 4375 infra
3491 4313 3782 4391 habetur,
3834 4334 3969 4378 suc·

2476 4413 2711 4490 cendit,
2744 4423 2803 4474 et
2834 4433 3043 4490 reyem
3072 4413 3211 4490 ejus
3233 4413 3550 4488 percussit
3572 4414 3817 4488 qladio.
3844 4412 3969 4474 Cur

2476 4531 2603 4576 non
2644 4509 2859 4573 affixit
2896 4529 3041 4573 eum
3083 4509 3393 4591 patibulo,
3427 4510 3963 4590 quemadmodum

2477 4627 2654 4689 reges
2701 4611 2780 4671 de
2819 4609 3053 4691 quibus
3093 4607 3512 4691 praehabitum
3554 4609 3687 4670 est?
3722 4607 3963 4671 Forsan
3992 4629 4133 4672 :om
4150 4633 4261 4680 ωε.

2476 4729 2551 4772 ex
2578 4708 2792 4790 aliqua
2824 4706 3231 4770 miseratione
3261 4705 3506 4769 dimisit
3536 4706 3678 4783 hoc,
3702 4706 3804 4768 vel
3837 4726 3967 4788 prae

2480 4807 2848 4870 festinantia
2876 4815 2939 4870 et
2970 4805 3387 4888 occupatione
3427 4805 3495 4867 in
3534 4805 3701 4867 aliis.
3735 4805 3967 4868 Dicunt

2475 4925 2731 4990 quoque
2787 4906 3010 4987 aliqui,
3062 4906 3233 4987 quod
3286 4923 3394 4968 rex
3444 4904 3554 4967 ille
3612 4923 3689 4966 ex
3745 4905 3966 4986 praelio

2479 5004 2753 5085 fugienS,
2788 5003 3111 5066 civitatem
3144 5021 3325 5065 suam
3358 5003 3684 5082 ingressus
3724 5000 3868 5078 ruit,
3903 5011 3967 5064 et

2478 5104 2545 5166 in
2576 5122 2651 5166 ea
2680 5103 2950 5166 occisus,
2986 5105 3151 5164 Asor
3180 5103 3356 5162 enim
3388 5103 3754 5181 antiquitus
3796 5103 3971 5160 incer

2476 5205 2698 5264 omnia
2726 5222 2926 5278 reyna
2957 5205 3089 5262 liceo
3108 5203 3475 5278 primatum
3506 5201 3774 5260 tenebat.
3822 5199 3968 5262 Ideo

2475 5301 2661 5366 Josue
2711 5300 2879 5366 sacta
2925 5316 3161 5383 pugna,
3214 5298 3423 5381 primo
3471 5297 3743 5362 vastavit
3796 5297 3967 5368 hanc

4017 750 4131 792 tatio
