4359 6250
74 2265 89 2308 l
100 2267 200 2322 Περ.
212 2281 313 2309 ’.ιε-ιιι

76 2333 135 2374 2⁹.

112 2564 227 2608 Ibid.
245 2579 333 2616 xlv,

78 2629 139 2670 47.

98 2863 207 2909 Ibid.
218 2879 275 2916 tx.
290 2867 331 2915 2;

82 2941 118 2975 x,
138 2931 199 2970 24.

102 4254 207 4297 laid.
222 4270 263 4307 ι,
280 4259 349 4299 23.

1018 507 1367 556 ENARRATIO
1410 510 1469 556 m
1512 507 1647 556 cAP.
1698 507 1717 554 1
1760 507 1917 556 mam
1960 509 2212 558 saeuum
2247 501 2476 560 neuun.
2521 534 2602 544 —
2643 512 2784 560 Ati-r.
2832 513 2854 560 1

3357 491 3480 562 4:33

354 677 569 760 adipe
598 675 887 742 fortium.
920 683 1183 758 Saqicta
1204 685 1501 744 Ionathoe
1530 701 1872 762 nunquam
1906 681 1957 744 A
1990 684 2078 747 ita
2108 695 2260 749 sunt
2289 687 2412 750 sibi
2444 687 2720 751 invicem
2751 686 3083 750 assimilati
3131 707 3203 750 ac
3234 689 3474 750 couniti

356 779 577 838 rediit
617 788 993 852 retrorsum,
1034 790 1097 841 et
1126 783 1395 858 yladius
1422 784 1593 843 Saul
1625 802 1753 842 non
1782 791 1871 840 est

352 894 667 936 reversus
697 879 923 938 inanis
952 898 975 937 .·
1005 877 1072 939 id
1112 886 1231 956 est,
1262 878 1565 941 Jonathas
1606 896 1734 940 non
1776 877 1875 939 di-

354 973 541 1035 rexit·
588 975 850 1056 sagittas
899 975 966 1037 in
1015 975 1231 1040 hostes
1274 976 1529 1054 frustra,
1567 995 1682 1039 nee
1726 975 1873 1038 Saul

354 1073 694 1151 percussit
721 1074 1121 1138 adversarios
1152 1074 1292 1138 sine
1321 1075 1709 1152 effectu,sed
1742 1093 1875 1156 per-

354 1167 752 1234 foraverunt
790 1181 855 1236 et
882 1172 1384 1238 vulneraverunt
1428 1174 1727 1238 inimicos
1775 1195 1875 1236 us-

352 1287 499 1348 que
550 1271 630 1333 ad
681 1271 1015 1352 sanguinis
1063 1271 1479 1349 effusionem,
1532 1273 1873 1355 adipisque

358 1366 675 1432 laesuram
693 1390 708 1435 :
728 1389 842 1453 per
873 1372 1046 1452 quod
1078 1371 1393 1434 insinuari
1414 1371 1685 1448 videtur,
1703 1371 1873 1453 quod

356 1467 567 1529 etiam
604 1467 671 1530 in
702 1469 823 1533 hoc
844 1470 1014 1533 bello
1043 1488 1171 1551 quo
1192 1471 1691 1546 succubuerunt,
1718 1470 1875 1532 mul-

358 1575 470 1629 tos
504 1566 988 1631 philistinorum
1024 1568 1505 1646 interfecerunt,
1530 1576 1871 1650 antequam

356 1665 699 1729 interfecti
736 1666 1020 1730 fuerunt.

448 1768 627 1828 Saul
654 1776 715 1826 el
732 1769 1047 1828 sonamus
1076 1769 1383 1829 amabiles
1412 1778 1472 1828 et
1499 1767 1715 1828 decori
1744 1771 1873 1828 val-

354 1866 445 1924 de
483 1866 557 1924 in
590 1866 728 1925 vita
760 1886 901 1926 sua.
940 1863 1086 1928 Saul
1128 1865 1427 1947 equidem
1460 1864 1526 1926 in
1576 1862 1875 1926 naturali-

358 1961 499 2024 bus
530 1961 717 2024 donis
749 1961 875 2024 fuit
914 1963 1186 2026 multum
1228 1962 1545 2039 amabiliS‚
1580 1970 1875 2025 strenuus

360 2077 638 2141 quoque
668 2060 735 2124 in
768 2060 978 2138 bellis,
1004 2070 1067 2125 et
1099 2080 1213 2144 pro
1244 2061 1621 2124 defensione
1652 2059 1873 2143 populi

362 2158 474 2220 sui
510 2159 810 2224 audacter
835 2179 914 2222 ac
944 2169 1173 2242 sponte
1202 2159 1497 2241 exposuit
1528 2178 1595 2222 se
1627 2159 1876 2241 pericu-

318 2300 331 2318 .
367 2257 456 2320 lis
492 2257 740 2322 mortis.
778 2259 853 2321 Et
901 2259 1197 2341 quamvis
1238 2259 1460 2340 inique
1504 2266 1877 2340 persecutus

362 2364 471 2418 est
504 2357 728 2433 David,
762 2365 975 2421 tamen
1016 2357 1376 2420 amabiliter
1415 2357 1639 2420 habuit
1685 2375 1753 2420 se
1798 2357 1875 2418 ad

364 2455 691 2537 populum
752 2477 961 2534 suum,
1006 2466 1069 2520 et
1107 2457 1382 2539 populus
1424 2456 1608 2519 valde
1658 2456 1879 2518 dilexit

365 2571 546 2632 eum,
571 2555 727 2637 quia
746 2574 1155 2636 quocumque
1174 2575 1243 2618 se
1262 2555 1473 2632 vertit,
1500 2554 1877 2618 adversariis

366 2653 515 2716 suis
536 2654 894 2736 praevaluit.
920 2655 1225 2736 Denique,
1244 2663 1390 2717 ante
1412 2653 1877 2737 promotionem

366 2771 561 2816 suam
594 2755 673 2816 ad
707 2771 993 2834 regnum,
1028 2763 1220 2836 atque
1252 2755 1317 2816 in
1352 2753 1532 2834 regni
1572 2753 1672 2814 sui
1704 2753 1878 2834 prin-

363 2851 549 2934 cipio
587 2861 725 2916 erat
768 2861 897 2916 tam
937 2853 1166 2928 boum,
1202 2861 1266 2916 et
1308 2853 1376 2914 in
1418 2851 1635 2934 gratiae
1687 2851 1873 2914 donis

365 2951 465 3014 ita
493 2952 814 3028 amabiliS,
838 2952 1009 3035 quod
1034 2952 1099 3013 in
1133 2952 1319 3034 plebe
1343 2970 1469 3014 non
1496 2951 1619 3012 fuit
1648 2950 1876 3014 melior

1989 782 2055 844 in
2087 793 2310 861 morte,
2346 783 2880 866 quemadmodum
2913 794 2977 849 et
3015 786 3080 848 in
3113 782 3264 848 vita.
3299 785 3476 849 Unde

1990 883 2347 965 etamplius
2369 884 2834 947 condolendum
2858 893 2953 947 est
2983 885 3095 960 eiS‚
3116 884 3288 965 quod
3320 884 3476 947 tales

1987 999 2061 1042 ac
2091 981 2252 1042 tanti
2283 982 2523 1063 pariter
2562 990 2958 1045 corruerunt.
2993 983 3121 1045 Hoc
3164 983 3373 1065 ipsum
3415 991 3477 1046 et

1987 1079 2067 1142 de
2108 1080 2614 1160 praeclarissimis
2658 1081 2814 1143 viris
2842 1080 3061 1144 Amico
3102 1089 3166 1143 et
3204 1081 3470 1160 Amelio‚

1985 1196 2260 1258 quorum
2289 1178 2436 1241 miri
2479 1187 2545 1242 et
2581 1178 2841 1260 gloriosi
2891 1188 3105 1260 gestus
3147 1180 3468 1259 leguntur,

1986 1275 2316 1338 verissime
2335 1276 2460 1339 dici
2486 1279 2827 1360 potest,qui
2852 1277 2974 1339 sibi
2998 1276 3270 1341 invicem
3295 1286 3476 1342 erant

1986 1375 2300 1437 simillimi
2351 1377 2418 1438 in
2467 1377 2670 1454 vultu,
2718 1377 3046 1454 membriS‚
3098 1376 3354 1458 loquela
3402 1397 3476 1440 ac

1985 1474 2296 1551 moribuS‚
2325 1482 2631 1557 erantque
2663 1474 3097 1558 praeamabiles
3121 1471 3310 1557 atque
3341 1471 3476 1559 pul-

1986 1571 2287 1634 cherrimi
2315 1572 2460 1636 viri.
2493 1577 2756 1653 Aquili-s
2785 1576 3122 1634 velociores
3154 1574 3232 1636 ad
3265 1591 3476 1656 perse-

1984 1672 2312 1752 quendum
2355 1672 2772 1750 adversarios,
2815 1675 3104 1734 leonibus
3149 1675 3470 1750 fortiores,

1983 1769 2060 1830 ad
2093 1769 2566 1851 praevalendum
2615 1771 2680 1832 in
2726 1768 2962 1852 praeliis
2999 1788 3013 1832 :
3048 1771 3220 1853 quod
3261 1779 3474 1834 tamen

1911 1864 1956 1925 B
1984 1885 2097 1948 per
2126 1869 2387 1930 modum
2420 1868 2844 1950 hyperbolicae
2873 1869 3214 1933 locutionis
3255 1878 3350 1932 est
3381 1869 3476 1930 in-

1988 1965 2422 2045 telligendum,
2478 1975 2697 2049 utpote
2740 1987 2854 2050 per
2901 1987 3227 2030 excessum
3273 1969 3476 2050 prola-

1985 2072 2142 2140 tum,
2187 2066 2264 2127 ad
2305 2066 2799 2144 designandum,
2842 2067 3014 2148 quod
3061 2074 3241 2129 erant
3291 2065 3476 2129 valde

1987 2161 2258 2240 veloeeS‚
2293 2163 2490 2244 agiles
2530 2171 2594 2227 et
2632 2164 2897 2227 robusti.

2068 2263 2264 2322 Filioe
2305 2266 2532 2334 Israel,
2572 2283 2764 2340 super
2812 2267 2979 2325 Saul
3025 2266 3192 2340 flete,
3249 2262 3310 2325 id
3355 2271 3472 2342 est,

1987 2361 2125 2440 ejus
2164 2368 2431 2423 mortem
2464 2360 2851 2442 deplangite,
2884 2364 3001 2441 qui
3041 2363 3338 2423 vestiebat
3369 2383 3477 2422 vos

1985 2460 2234 2520 coccino
2257 2462 2330 2520 in
2359 2463 2636 2531 deliciis,
2668 2460 2731 2522 id
2777 2469 2872 2524 est
2902 2459 3208 2524 delicioso
3243 2462 3478 2524 vestitu

1988 2575 2063 2620 ex
2094 2577 2307 2640 panno
2338 2558 2520 2621 rubei
2551 2559 2783 2623 coloris
2812 2559 2890 2622 de
2920 2557 3196 2621 hostium
3228 2559 3474 2642 spoliis,

1987 2658 2103 2734 qui
2133 2659 2546 2735 praeparabat
2595 2667 2973 2718 ornamenta
3013 2677 3216 2718 aurea
3263 2659 3477 2718 cultui

1989 2763 2212 2826 vestre,
2249 2755 2310 2817 id
2357 2763 2451 2818 est
2495 2764 2705 2818 vestro
2741 2754 3027 2831 amictui,
3068 2754 3238 2818 circa
3286 2773 3476 2837 quem

1988 2853 2139 2914 estis
2181 2852 2455 2914 multum
2495 2852 2775 2915 intentae.
2801 2853 2911 2915 Vel
2948 2871 3060 2934 per
3089 2852 3334 2916 cultum
3376 2854 3479 2916 dc-

1990 2951 2276 3031 signatur
2300 2960 2582 3014 ornatus,
2616 2951 2760 3014 Saul
2792 2959 3002 3013 autem
3032 2960 3157 3013 tam
3189 2952 3482 3015 victorio-

367 3061 437 3115 et
480 3051 823 3115 amabilior
855 3051 989 3127 illo,
1025 3060 1097 3114 ut
1137 3051 1377 3114 dictum
1426 3059 1522 3113 est
1553 3050 1617 3112 in
1668 3051 1875 3131 primo
1912 3050 1955 3112 C
1988 3069 2095 3113 sus
2129 3050 2156 3111 f
2162 3050 2254 3112 uit
2276 3050 2341 3111 in
2363 3049 2622 3132 praeliis,
2647 3051 2819 3131 quod
2838 3050 2916 3112 de
2948 3049 3226 3113 hostium
3248 3050 3478 3134 praedis

368 3152 568 3215 libro.
603 3150 902 3215 Ionathas
944 3168 1095 3214 vero
1136 3150 1260 3211 fuit
1302 3150 1686 3213 excellenter
1716 3168 1879 3212 ama-

366 3250 529 3313 bilis
570 3250 637 3311 in
678 3249 1026 3331 gratiarum
1067 3268 1141 3312 ac
1183 3257 1425 3311 naturae
1472 3248 1868 3325 muneribuS,

370 3348 618 3425 fidelis,
665 3348 905 3431 probus
954 3356 1019 3411 et
1066 3347 1441 3411 virtuosus:
1478 3348 1569 3410 sic
1619 3366 1877 3430 quoque

366 3447 568 3510 ambo
599 3445 863 3510 fuerunt
890 3446 1106 3510 decori
1136 3455 1198 3510 et
1230 3446 1505 3528 pulchri.
1530 3447 1683 3509 Nam
1718 3455 1786 3509 ut
1809 3447 1872 3508 in

366 3544 621 3608 Ethicis
648 3544 1021 3609 Aristoteles
1052 3553 1458 3627 protestatur,
1477 3546 1555 3607 ad
1586 3564 1876 3627 corpora-

369 3645 503 3708 lem
550 3643 1099 3726 pulehritudinem
1145 3644 1268 3706 tria
1314 3644 1750 3725 requiruntur,
1786 3645 1877 3707 vi-

366 3743 611 3807 delieet
648 3743 907 3823 elegans
948 3750 1209 3819 statura,
1243 3760 1523 3823 congrua
1569 3742 1875 3806 habitudo

369 3841 841 3924 proportioque
862 3840 1313 3917 membrorum,
1329 3848 1393 3903 et
1415 3841 1777 3924 superfusio
1801 3840 1882 3904 vi-

372 3940 509 4004 vidi
540 3959 617 4003 ac
648 3939 1093 4003 convenientis
1115 3939 1371 4003 coloriS.
1391 3939 1549 4002 Hinc
1582 3939 1876 4003 homines

372 4058 595 4122 parvae
632 4047 891 4102 staturas
923 4057 1051 4101 non
1094 4037 1393 4101 dicuntur
1439 4038 1695 4119 proprie
1744 4039 1883 4120 pul-

376 4137 544 4214 chri,
571 4136 869 4219 quamvis
899 4136 1172 4219 speciosi
1205 4136 1454 4218 possint
1476 4137 1709 4200 vocari.
1735 4136 1879 4199 Saul

1988 3150 2357 3231 frequenter
2380 3148 2672 3231 praestitit
2694 3148 2952 3211 feminis
2973 3158 3037 3212 et
3058 3149 3309 3231 puelliS‚
3331 3169 3481 3232 prae-

1986 3249 2207 3311 sertim
2238 3246 2585 3323 nobilibuS,
2611 3247 2762 3309 talia
2781 3237 3175 3310 ornamenta.
3205 3251 3478 3317 Quomo-

1986 3350 2067 3408 do
2105 3349 2472 3407 ceciderunt
2514 3349 2711 3426 sortes
2755 3347 2826 3407 in
2849 3348 3135 3423 praelio?
3165 3346 3254 3407 Ex
3301 3366 3482 3411 reno-

1989 3444 2244 3508 vatione
2281 3444 2518 3507 doloris
2558 3444 2728 3506 istud
2767 3445 3023 3525 repetiit
3065 3445 3282 3521 David,
3330 3446 3481 3527 quia

1990 3563 2066 3607 ex
2101 3542 2628 3606 rememoratione
2658 3542 3043 3623 probitatum
3083 3542 3230 3605 Saul
3270 3564 3343 3608 ac
3381 3544 3482 3607 Jo-

1990 3643 2220 3719 nathae,
2257 3640 2381 3703 fuit
2412 3640 2477 3702 in
2517 3660 2593 3703 eo
2623 3640 2805 3704 dolor
2833 3642 2914 3704 de
2957 3660 3178 3705 eorum
3216 3642 3477 3705 interitu

1992 3749 2353 3804 renovatus.

2067 3842 2379 3901 Jonatlzas
2411 3840 2484 3897 in
2523 3839 2784 3897 eoecelsis
2824 3840 2952 3899 tuis
2989 3841 3230 3900 occisus·
3265 3850 3380 3910 est,
3413 3838 3478 3903 id

1991 3944 2084 3999 est
2116 3955 2306 4018 super
2336 3943 2583 3999 montes
2614 3934 2914 4018 praefatos
2942 3944 3128 3999 terrae
3160 3946 3301 4014 tuse,
3330 3957 3367 4001 o
3396 3938 3480 4000 ls-

1993 4034 2143 4099 rael.
2168 4035 2279 4097 Vel
2320 4052 2333 4096 :
2366 4032 2652 4111 Jonatha‚
2679 4033 2744 4095 in
2775 4034 3040 4097 excelsis
3073 4036 3202 4097 tuis
3231 4036 3479 4099 occisus

1992 4154 2082 4212 οε,
2110 4134 2172 4195 id
2203 4142 2319 4210 est,
2345 4152 2382 4195 o
2413 4142 2481 4194 tu
2502 4132 2790 4210 Jonatha‚
2820 4132 2886 4194 in
2913 4134 3247 4214 juventute
3281 4142 3389 4197 tua
3419 4144 3482 4198 et

379 4244 599 4299 autem
641 4235 722 4297 ab
761 4235 1031 4298 humero
1060 4242 1125 4297 et
1163 4254 1358 4316 supra
1394 4254 1584 4317 super
1624 4253 1879 4299 omnem
1908 4240 1959 4301 D
1995 4234 2060 4294 in
2081 4241 2248 4294 statu
2272 4239 2380 4294 tuo
2413 4231 2675 4293 sublimi
2706 4250 2773 4294 es
2805 4230 3204 4309 interfectuS‚
3228 4234 3482 4314 quando

381 4334 701 4418 populum
742 4331 1086 4410 eminebat,
1120 4341 1183 4396 et
1222 4332 1508 4396 membra
1548 4353 1661 4396 sua
1701 4343 1882 4397 erant

378 4434 461 4496 ad
496 4432 776 4497 invicem
817 4432 982 4495 bene
1027 4431 1525 4513 proportionata,
1559 4441 1751 4514 atque
1788 4433 1883 4496 vi-

378 4530 521 4594 vaci
570 4528 786 4593 colore
840 4527 965 4590 fuit
1014 4526 1337 4610 perfusus
1380 4530 1677 4592 Jonathas
1725 4549 1883 4612 quo-

373 4648 525 4711 que,
552 4626 851 4710 quamvis
882 4626 1094 4689 minor
1130 4625 1254 4688 ruit
1283 4635 1482 4709 patre,
1510 4636 1718 4691 tamen
1759 4629 1881 4692 ele-

371 4727 589 4807 gantis
637 4725 761 4788 l'uit
810 4733 1093 4803 staturae,
1140 4724 1253 4807 qui
1314 4725 1505 4788 etiam
1555 4726 1877 4809 spirituali

374 4824 858 4908 pulchritudine
899 4822 1120 4904 gratiae
1153 4843 1227 4886 ac
1262 4823 1570 4887 virtutum
1623 4824 1745 4887 fuit
1776 4844 1877 4888 or-

372 4932 587 4987 natuS.
636 4922 755 4985 Sed
800 4931 866 4985 et
906 4921 1135 4986 morali
1180 4921 1686 5003 pulchritudine,
1735 4943 1878 5004 quae

370 5022 673 5087 consistit
721 5021 789 5083 in
830 5038 1083 5084 morum
1126 5021 1559 5099 condecentia,
1605 5030 1873 5103 uterque

374 5120 800 5202 resplenduit,
834 5118 1131 5201 quamvis
1164 5117 1310 5181 Saul
1343 5128 1564 5200 postea
1595 5138 1671 5183 ex
1706 5120 1879 5202 capi-

376 5220 463 5281 tis
502 5217 835 5281 debilitate
879 5216 1201 5281 interdum
1246 5217 1617 5281 indecenter
1660 5238 1729 5281 se
1769 5219 1879 5281 ha-

378 5316 549 5380 buit.
581 5320 896 5378 In-morte
925 5336 1339 5397 quoque-non
1372 5327 1526 5377 sunt
1558 5319 1787 5387 divisi,
1818 5325 1882 5380 et

639 5448 705 5500 Τ.
742 5450 789 5501 3.

1990 4331 2119 4413 jam
2144 4329 2462 4394 videbaris
2484 4328 2757 4392 vicinior
2781 4330 2858 4391 ad
2887 4330 3319 4410 regnandum!
3345 4331 3486 4394 Pro-

1994 4438 2134 4512 pter
2171 4429 2341 4510 quod
2386 4427 2587 4509 magis
2636 4428 3149 4509 compatiendum
3202 4437 3298 4491 est
3341 4429 3480 4491 tibi.

1992 4531 2185 4589 Doleo
2213 4547 2404 4605 super
2444 4537 2522 4598 te,
2554 4528 2764 4603 frater
2801 4530 2897 4587 mi
2921 4530 3206 4588 Jonatka
3233 4549 3256 4587 .·
3289 4527 3483 4591 frater

1992 4626 2104 4702 mi,
2127 4645 2204 4689 ex
2236 4624 2736 4688 familiarissima
2763 4625 3024 4688 caritate
3050 4631 3114 4687 et
3133 4623 3310 4688 cultu
3340 4625 3482 4687 reli-

1991 4724 2201 4806 gionis
2231 4723 2542 4804 ejusdem,
2579 4731 2641 4785 et
2670 4722 2824 4803 quia
2864 4724 2944 4785 de
2982 4722 3226 4785 semine
3261 4723 3471 4799 lsrael,

1990 4832 2054 4887 et
2094 4822 2381 4905 ejusdem
2426 4820 2663 4904 speciei
2707 4819 3176 4897 conformitate,
3219 4829 3282 4883 et
3321 4839 3476 4901 quo-

1990 4922 2161 4983 niam
2213 4938 2391 4983 soror
2439 4928 2548 4982 tua
2596 4927 2692 4982 est
2743 4918 2978 5000 conjux
3031 4936 3204 4993 mea3
3255 4923 3476 4980 decore
3507 4932 3769 5039 {J‘W'Q

1988 5023 2216 5089 nimia,
2247 5020 2412 5082 sicut
2441 5017 2800 5100 expositum
2829 5026 2945 5094 est,
2968 5028 3028 5079 el
3057 5019 3356 5079 amabilis
3373 5040 3482 5079 su-

1980 5140 2103 5197 per
2131 5138 2414 5179 amorem
2444 5119 2818 5187 mulierum,
2854 5115 2918 5178 id
2962 5124 3058 5179 est
3097 5115 3478 5178 mulieribus

1990 5216 2346 5293 amabilior,
2393 5234 2592 5296 quum
2641 5222 2849 5277 tamen
2897 5213 3018 5277 viri
3070 5213 3482 5277 vehementer

1990 5316 2069 5377 ad
2090 5314 2388 5376 mulieres
2419 5311 2806 5389 afficiantur,
2833 5312 2901 5373 in
2920 5319 3188 5388 tantum,
3213 5320 3282 5374 ut
3313 5330 3480 5393 saepe

3167 5445 3229 5496 28
