4359 6250
629 1247 890 1300 “Par-axvi,

631 1315 697 1356 16.

633 2443 739 2487 Lev.
755 2457 811 2494 ιτ,
829 2447 896 2487 21.

917 457 1036 522 330

1491 477 1838 524 manuario
1880 478 1941 524 ΙΝ
1983 479 2122 524 CAP.
2167 478 2279 524 xm
2318 478 2476 524 unm
2516 477 2686 524 Pium
2724 478 2949 526 REGUI.
2994 497 3077 508 —
3116 480 3257 525 ΛΒΤ.
3305 479 3429 526 XXV

916 647 1046 710 no'n
1075 649 1469 730 exspectavit
1497 648 1788 731 plenarie
1823 668 1935 731 per
1963 657 2207 731 septem
2240 648 2403 725 dies,
2436 647 2487 710 A
2518 651 2589 710 in
2616 653 2919 728 Θαῐῃαὶα,
2938 662 2997 712 et
3017 653 3253 732 faeiem
3272 653 3542 714 Domini
3560 673 3689 712 non
3713 654 3998 729 placavi,

915 745 1047 808 imo
1077 747 1349 828 septimo
1381 747 1486 810 die
1515 756 1662 810 ante
1692 766 1988 811 occasum
2021 767 2134 831 per
2164 747 2409 829 aliquot

917 843 1106 908 horas
1146 847 1481 927 usurpavit
1522 844 1906 924 sacrificare,
1950 848 2121 927 quod
2159 865 2275 928 per
2304 845 2409 908 Sa-

917 943 1194 1006 muelem
1235 943 1380 1006 fieri
1431 943 1652 1007 debuit
1687 943 1956 1027 :sicque
2007 944 2293 1027 peccavit
2342 944 2407 1005 in

919 1041 1250 1124 boc,quod
1283 1061 1411 1106 non
1433 1044 1823 1125 exspectavit
1853 1052 2094 1125 septem
2130 1042 2409 1122 integros

919 1141 1097 1214 dies;
1136 1150 1198 1202 et
1242 1140 1394 1204 item
1423 1142 1595 1223 quod
1637 1141 2026 1206 sacerdotale
2063 1141 2412 1223 assumpsit

918 1237 1236 1316 officium,
1282 1239 1448 1303 sicut
1491 1239 1670 1303 Ozias
1719 1260 1828 1303 rex
1876 1240 2065 1304 Israel
2109 1261 2123 1304 ε
2173 1240 2409 1322 quibus

919 1337 1169 1400 duobus
1215 1337 1580 1401 excessibus
1617 1339 1851 1420 adjecit
1889 1346 1953 1401 et
1996 1337 2277 1415 tertium,
2311 1357 2411 1398 ex·

920 1438 1202 1502 eusando
1251 1456 1320 1500 se
1366 1436 1600 1520 ipsum.
1633 1440 1718 1499 Ει
1762 1458 1892 1499 non
1935 1439 2112 1498 venit
2140 1441 2409 1498 Samuel

922 1540 996 1598 in
1033 1541 1310 1614 Galyala
1351 1545 1478 1599 tam
1520 1537 1648 1600 cito
1691 1544 1760 1600 ut
1797 1535 1944 1600 Saul
1979 1536 2228 1618 putavit
2260 1554 2407 1599 eum

921 1644 1282 1700 venturum.
1306 1635 1495 1699 Venit
1523 1643 1736 1699 tamen
1766 1637 2038 1719 septimo
2070 1636 2197 1713 die,
2222 1645 2293 1698 ut
2320 1636 2410 1698 in-

920 1733 1022 1796 fra
1051 1733 1337 1798 habetur.
1359 1736 1790 1815 Dilapsusque
1808 1745 1898 1797 est
1919 1739 2202 1813 populus
2222 1736 2301 1794 ab
2318 1755 2407 1804 eo,

2516 748 2971 813 satisfaciendo
3002 769 3119 832 pro
3158 750 3433 832 peccatis
3472 751 3631 813 meis
3672 769 3749 813 ac
3782 750 3997 832 populi

2517 848 2658 912 mei.
2682 851 3064 911 Necessitate
3082 853 3469 928 compulsus,
3490 852 3695 911 obtuli
3714 851 3999 910 holocau-

2516 957 2689 1008 stum
2718 951 3017 1010 Domino.
3046 947 3192 1011 Saul
3224 949 3526 1012 mendose
3555 968 3623 1012 se
3652 949 3995 1026 excusavit,

2517 1046 2669 1128 quia
2720 1065 2847 1108 non
2898 1055 3031 1109 erat
3083 1047 3427 1110 necessitas
3470 1066 3641 1124 vera,
3688 1046 3995 1121 absoluta,

2518 1142 2857 1208 sufficiens
2896 1163 2911 1208 :
2952 1145 3225 1228 talisque
3256 1155 3557 1228 usurpata
3586 1146 3848 1222 oblatio,
3886 1145 3999 1208 fuit

2518 1243 2720 1324 magis
2751 1241 3073 1307 offensiva
3101 1243 3236 1322 Dei,
3268 1263 3461 1326 quam
3493 1244 3831 1327 placativa.

2596 1346 2913 1423 Dixitque
2946 1346 3210 1404 Samuel
3249 1347 3338 1404 ad
3376 1347 3543 1405 Saul
3572 1365 3597 1404 .·
3628 1347 3847 1405 Stulte
3874 1347 3997 1421 eyi-

2514 1445 2623 1514 ειί,
2641 1441 2795 1524 quia
2823 1450 3043 1505 contra
3072 1442 3370 1505 mandata
3389 1440 3523 1518 Dei,
3538 1463 3653 1502 nec
3670 1445 3999 1504 custodisti

2519 1543 2830 1602 mandata
2879 1541 3149 1602 Domini
3194 1542 3318 1602 Dei
3368 1542 3489 1612 tui,
3540 1561 3683 1620 quae
3722 1544 4000 1618 proeoepi

2517 1641 2638 1701 tibi
2675 1658 2753 1701 ex
2802 1647 2981 1720 parte
3028 1638 3162 1715 Dei,
3204 1647 3277 1701 ut
3324 1637 3569 1701 scilicet
3610 1646 3999 1720 exspectares

2518 1757 2621 1800 me
2652 1745 2897 1819 septem
2936 1736 3161 1800 diebus
3202 1736 3530 1814 totalibus,
3574 1755 3693 1800 nec
3730 1735 4001 1820 propriis

922 1833 987 1896 id
1019 1841 1136 1910 est,
1173 1832 1450 1916 populus
1489 1833 1700 1911 lsrael,
1741 1832 1854 1916 qui
1892 1832 2015 1896 fuit
2048 1852 2193 1896 cum
2234 1832 2404 1910 Saul,
2439 1832 2488 1894 B
2520 1835 2817 1900 manibus
2850 1833 3271 1900 sacrificare&
3296 1838 3552 1906 Quodsi
3572 1857 3701 1897 non
3731 1837 4002 1916 fecisses,

919 1931 1182 1995 recessit
1219 1949 1294 1994 ex
1327 1930 1554 1996 timore
1583 1932 1665 1994 ab
1693 1950 1791 1995 eo.

999 2033 1117 2094 Ait
1143 2051 1292 2109 eryo
1322 2033 1492 2093 Saul
1521 2052 1544 2090 .·
1565 2035 1807 2109 Afferte
1846 2031 2013 2092 mihi
2041 2033 2409 2092 holocausta

919 2140 978 2190 et
992 2132 1299 2209 pacifica,
1319 2129 1381 2191 id
1403 2137 1500 2192 est
1529 2129 1826 2193 materias
1856 2149 1970 2194 seu
2002 2147 2252 2212 pecora,
2268 2148 2411 2210 quae

921 2226 1194 2292 offeram
1225 2229 1352 2291 Deo
1383 2228 1450 2290 in
1481 2228 1867 2306 holocausta,
1893 2237 1964 2290 ut
1993 2227 2275 2291 remittat
2304 2245 2413 2290 no-

925 2327 1026 2389 bis
1057 2336 1270 2390 nostra
1301 2335 1558 2409 peccata
1593 2345 1608 2389 t
1647 2335 1710 2391 et
1740 2328 1864 2390 tale
1895 2326 2287 2391 sacrificium
2323 2335 2410 2389 to-

928 2425 1139 2488 taliter
1171 2423 1648 2502 incendebatur,
1683 2425 2034 2508 proesertim
2066 2425 2219 2487 dum
2251 2423 2412 2488 offe-

929 2523 1184 2587 rebatur
1229 2541 1346 2608 pro
1396 2525 1672 2606 peccatis
1717 2523 2173 2600 multitudiniS‚
2223 2531 2295 2586 ut
2344 2523 2409 2585 in

923 2623 1205 2688 Levitico
1242 2623 1534 2701 habetur,
1580 2623 1724 2686 ideo
1767 2623 2203 2686 holocaustum
2236 2640 2413 2686 voca-

922 2731 1058 2785 tum
1087 2747 1102 2799 3
1150 2730 1210 2786 et
1245 2722 1396 2785 item
1427 2741 1572 2804 quae
1602 2722 1872 2786 offeram
1907 2722 1972 2783 in
2004 2722 2277 2784 hostiam
2310 2741 2413 2804 pa-

924 2820 1018 2884 cif
1021 2820 1180 2884 icam
1200 2868 1215 2897 ,
1268 2819 1332 2883 id
1383 2829 1480 2884 est
1534 2839 1651 2903 pro
1697 2841 1854 2903 pace
1903 2829 2094 2903 atque
2145 2821 2413 2884 victoria

923 2918 1311 2982 obtinendis,
1329 2923 1411 2981 Et
1441 2923 1672 2982 obtulit
1703 2922 2154 2981 holocaustum.
2175 2923 2415 2988 Quum-

2506 1937 2657 2014 jam
2696 1955 2875 1996 nunc
2910 1945 3341 2012 pra’parasset
3378 1937 3696 1996 Dominus
3734 1955 3999 2012 regnum

2524 2045 2709 2094 tuum
2732 2053 2926 2111 super
2944 2035 3150 2094 Israel
3174 2035 3249 2094 in
3272 2035 3733 2112 sempiternum
3750 2032 3863 2096 :id
3892 2041 3999 2108 est,

2520 2132 2576 2196 si
2639 2131 2795 2196 istos
2850 2149 3145 2195 excessus
3204 2150 3335 2196 non
3384 2131 3836 2206 commisisses,
3890 2149 4002 2194 nec

2522 2237 2743 2314 postea
2786 2229 3053 2307 similes,
3087 2229 3395 2294 Dominus
3436 2229 3757 2293 firmasset
3794 2229 4005 2312 prasi-

2514 2329 2805 2392 -dentiam
2850 2337 3023 2392 tuam
3079 2328 3317 2410 regiam
3368 2347 3559 2411 super
3604 2327 4003 2392 Israeliticam

2523 2429 2799 2511 plebem,
2843 2447 2957 2511 per
2998 2447 3189 2492 omne
3220 2435 3487 2510 'tempus
3531 2427 3773 2491 veteris·
3801 2428 4008 2490 Testa-

2522 2527 3071 2608 menti,quantum
3099 2535 3195 2590 est
3212 2546 3290 2590 ex
3320 2533 3499 2610 parte
3531 2525 3773 2604 tui,seu
3806 2545 4007 2607 respe-

2523 2634 2695 2689 ctum
2730 2625 3021 2689 babendo
3050 2626 3127 2688 ad
3158 2625 3387 2688 merita
3418 2624 4003 2688 tua.Verumtamen

2524 2722 2928 2805 providentia
2962 2722 3069 2786 Dei
3108 2721 3327 2786 omnia
3365 2722 3605 2805 pariter
3636 2721 3917 2796 intuens,
3943 2729 4005 2785 et

2526 2823 2825 2884 universa
2850 2822 3303 2904 complectenS‚
3326 2840 3443 2884 nec
3470 2819 3715 2882 fallitur
3734 2840 3853 2884 nec
3880 2840 4007 2883 mu·

2524 2930 2715 2984 tatur.
2750 2920 3029 2995 Qualiter
3070 2929 3281 2983 autem
3320 2919 3685 3001 hujusmodi
3722 2938 4009 3001 praenun-

925 3038 1048 3100 que
1096 3023 1455 3096 complesset
1511 3021 1778 3098 offerens
1831 3020 2299 3089 holocaustum,
2350 3019 2413 3082 id
2451 3016 2844 3094 cautiones,
2894 3017 3374 3100 promissioneS‚
3416 3036 3529 3080 seu
3578 3017 4011 3081 comminatio-

925 3127 1044 3194 est‚
1064 3117 1332 3201 bostiam
1367 3117 1892 3182 holocautomatis
1919 3117 2048 3201 jam
2080 3118 2414 3181 obtulisset

928 3236 1036 3279 rex
1077 3216 1246 3293 Saul,
1295 3218 1465 3299 quod
1511 3234 1638 3279 non
1684 3225 1816 3280 erat
1862 3216 1960 3279 sui
2005 3215 2236 3294 officii,
2283 3239 2417 3278 ecce

927 3320 1084 3379 Sam
1096 3320 1198 3375 uel
1231 3319 1519 3377 veniebat
1549 3316 1702 3378 satis
1741 3317 2120 3399 tempestive
2148 3318 2227 3379 ad
2256 3315 2417 3379 offe.-

929 3414 1222 3476 rendum.
1269 3414 1522 3495 Legalia
1563 3434 1836 3497 namque
1880 3414 2201 3479 sacrificia
2243 3415 2417 3478 licite

931 3511 1427 3576 immolabantur
1455 3531 1658 3594 usque
1689 3513 1767 3575 ad
1800 3513 2041 3590 horam,
2065 3514 2134 3575 in
2164 3533 2295 3595 qua
2322 3533 2419 3575 sa—

932 3609 1255 3674 crificium
1303 3611 1455 3692 juge
1505 3610 1940 3693 vespertinum
1988 3610 2413 3687 offerebatur,

931 3718 1076 3793 post
1104 3712 1272 3793 quod
1308 3710 1416 3774 illo
1435 3709 1538 3773 die
1569 3710 1742 3773 aliud
1775 3711 2156 3774 sacrificium
2192 3730 2313 3774 non
2334 3711 2422 3774 of-

934 3807 1267 3884 ferebatur,
1285 3808 1589 3891 quoniam
1614 3809 1773 3873 illud
1803 3818 1938 3871 erat
1957 3810 2421 3873 consummatio

931 3906 1220 3971 omnium
1253 3905 1717 3970 sacrificiorum
1751 3906 1894 3970 diei.
1912 3910 1997 3970 Ec
2025 3930 2307 3986 eyressus
2332 3919 2422 3969 est

933 4012 1102 4070 Saul
1121 4008 1374 4067 obviam
1403 4008 1486 4077 ei,
1522 4017 1594 4067 ut
1622 4011 1934 4068 salutaret
1961 4028 2130 4069 eum.
2152 4008 2425 4070 Honora-

935 4105 1028 4169 vit
1068 4105 1240 4168 enim
1284 4104 1642 4168 Samuelem
1683 4116 1944 4188 propter
1971 4107 2112 4187 ejus
2142 4115 2425 4169 senectu-

2528 3138 2640 3181 nes
2672 3116 3073 3180 invariabilis
3104 3116 3237 3194 Dei,
3274 3113 3403 3179 sint
3434 3115 3867 3197 intelligendas
3896 3114 4010 3179 sub

2526 3216 2917 3291 conditione,
2950 3225 3015 3279 et
3046 3216 3387 3278 mutationi
3432 3216 3735 3298 subiectae
3772 3234 3887 3297 per
3924 3235 4013 3277 re—

2528 3324 2813 3399 spectum
2848 3316 2929 3378 ad
2968 3313 3259 3378 ordinem
3300 3314 3730 3396 proximarum
3770 3314 4013 3377 contin-

2524 3415 2811 3496 gentium
2864 3412 3374 3494 naturaliumque
3420 3431 3775 3487 causarum,
3818 3430 4011 3494 quum

2528 3526 2735 3579 tamen
2758 3530 3017 3595 prorsus
3040 3510 3577 3575 incommutabilis
3600 3510 3682 3572 sit
3702 3510 3770 3572 in
3793 3530 3862 3573 sc
3882 3510 4013 3593 ipsa

2530 3609 3001 3697 praeordinatio‚
3048 3608 3448 3691 praescientia
3495 3628 3569 3671 ac
3618 3610 4016 3690 providentia

2530 3711 2662 3788 Dei,
2699 3709 3072 3790 frequenter
3101 3707 3343 3770 dictum
3377 3716 3475 3771 est
3505 3706 3684 3782 alibi,
3716 3717 3783 3771 et
3816 3708 4016 3790 primo

2532 3808 3001 3873 Sententiarum
3034 3806 3517 3869 determinatur.
3543 3805 3845 3887 Denique,
3864 3806 4019 3869 sicut

2532 3906 2759 3971 asserit
2798 3904 3210 3985 AugustinuS‚
3244 3904 3409 3967 Deus
3452 3904 3735 3966 instituit
3767 3904 3915 3968 Saul
3960 3906 4019 3966 in

2535 4023 2823 4086 regnum,
2850 4021 2979 4066 non
3010 4003 3090 4065 ad
3121 4004 3647 4085 permanendum,
3670 4003 3799 4066 imo
3829 4002 4020 4065 tribui

2532 4105 2689 4167 Juda
2733 4100 3185 4185 praeordinavit
3226 4101 3508 4165 tribuere
3546 4121 3863 4183 regnum;
3916 4103 4019 4165 sed

936 4212 1063 4266 tem
1111 4212 1174 4267 et
1220 4202 1640 4281 sanctitatem,
1676 4204 2245 4286 prophetalemque
2292 4223 2426 4284 gra·
2462 4206 2505 4268 l)
2536 4211 2736 4267 totum
2781 4202 2923 4277 hoc,
2949 4208 3170 4281 utpote
3203 4200 3453 4263 Saulem
3494 4220 3633 4263 esse
3668 4202 4021 4283 praevarica-

937 4302 1133 4377 tiam3
1181 4310 1244 4364 et
1286 4302 1591 4383 quoniam
1629 4303 1760 4384 jam
1801 4312 1948 4365 ante
1985 4304 2177 4385 judex
2220 4302 2427 4366 fuerat

938 4398 1183 4482 populi,
1203 4408 1266 4462 et
1297 4399 1429 4462 suis
1460 4400 1858 4464 orationibus
1888 4420 1962 4465 ac
1993 4401 2239 4464 meritis
2270 4402 2427 4464 mul-

939 4507 1004 4561 ta
1035 4497 1202 4561 bona
1231 4518 1268 4561 a
1299 4499 1424 4562 Deo
1453 4497 1730 4562 obtinuit
1763 4499 2000 4581 populo
2035 4500 2184 4562 :sed
2216 4507 2277 4562 et
2308 4500 2427 4563 hac

940 4595 1392 4679 vicesperavit
1420 4596 1629 4677 juvari
1662 4616 1776 4679 per
1811 4596 2191 4661 Samuelem.
2227 4602 2428 4659 Locu-

943 4706 1166 4775 tusque
1195 4706 1283 4757 est
1313 4699 1401 4757 ad
1429 4717 1572 4756 eum
1609 4699 1878 4758 Samuel
1907 4716 1930 4755 .·
1955 4698 2129 4765 Quid
2156 4698 2371 4775 fecisti
2399 4700 2429 4757 β

943 4793 1124 4876 quasi
1167 4794 1355 4871 dicat,
1389 4794 1677 4858 Graviter
1715 4794 1844 4874 jam
1887 4793 2283 4876 peccasti,.et
2312 4794 2431 4856 mi—

945 4912 1087 4954 rum
1109 4894 1281 4973 quod
1313 4892 1402 4955 ita
1421 4892 1628 4972 egisti.
1645 4896 1998 4970 Respondit
2028 4896 2242 4955 Saul:
2263 4896 2431 4963 Quia

949 4992 1090 5051 vidi
1118 4995 1289 5071 quod
1317 4994 1718 5052 dilaberetur
1734 4996 2018 5068 populus
2045 5014 2086 5053 a
2118 5014 2240 5064 me,
2272 5003 2331 5053 et
2365 5003 2433 5053 tu

949 5110 1077 5151 non
1105 5110 1368 5150 vene-ras
1383 5091 1590 5167 juata
1603 5091 1878 5168 placitos
1897 5092 2056 5162 dies,
2067 5110 2264 5167 porro
2286 5094 2384 5153 Ple
2395 5093 2437 5150 i-

957 5188 1188 5249 listiim
1235 5189 1603 5265 conyreyaci
1647 5188 1915 5263 fuerant
1964 5189 2036 5247 in
2079 5190 2439 5259 Machmas,

2535 4311 2747 4364 turum
2781 4319 2853 4362 ac
2896 4299 3375 4376 removendum,
3402 4306 3465 4362 et
3504 4298 3739 4361 tribum
3770 4299 4017 4362 Juda.in

2537 4398 2901 4483 principatu
2932 4416 3320 4473 mansuram,
3345 4397 3467 4460 fuit
3500 4396 3931 4462 infallibiliter
3956 4400 4019 4461 in

2537 4496 2939 4581 praescientia
2966 4496 3100 4559 Dei.
3140 4495 3295 4559 Hine
3324 4495 3415 4558 ait
3442 4496 3781 4577 Gregorius
3815 4516 3831 4561 z
3866 4498 4022 4559 Deus

2538 4614 2667 4659 non
2710 4603 2914 4658 mutat
2944 4596 3291 4670 decretum,
3325 4595 3619 4676 quamvis
3663 4604 3867 4657 mutet
3890 4614 4022 4657 sen-

2538 4694 2825 4770 tentiam,
2854 4711 2983 4757 non
3021 4693 3194 4755 illam
3226 4712 3369 4775 quae
3398 4692 3699 4775 exprimit
3728 4700 4019 4756 aeternam

2540 4792 3162 4877 praeordinationem,
3199 4793 3309 4855 sed
3355 4810 3495 4856 eam
3538 4810 3685 4873 quae
3720 4800 4021 4875 tempora-

2540 4893 2665 4955 lem
2717 4891 3017 4974 exprimit
3064 4890 3571 4973 dispositionem.
3620 4893 3751 4953 Sed
3798 4912 4021 4970 nequa-

2540 5012 2738 5071 quam
2789 5009 3063 5066 reqnum
3114 5000 3301 5049 tuum
3350 4992 3525 5049 ultra
3574 5000 3927 5067 consur-yet,
3959 4988 4017 5050 id

2544 5096 2662 5166 est,
2697 5086 2917 5150 nullus
2957 5087 3243 5150 filiorum
3278 5096 3533 5151 tuorum
3574 5088 3870 5151 succedet
3910 5086 4019 5149 tibi

2546 5188 2613 5249 in
2658 5204 2855 5267 regno
2900 5205 3092 5268 super
3136 5193 3343 5248 totum
3382 5185 3797 5249 israeliticum
3832 5205 4025 5269 popu·

951 5288 1105 5348 dixi
1133 5306 1156 5345 .·
1189 5286 1384 5349 Nunc
1417 5288 1794 5347 descendent
1821 5284 2312 5369 Philisciimjad
2345 5306 2441 5347 me
2548 5286 2707 5348 lum.
2742 5285 2895 5346 Nam
2940 5292 3005 5346 et
3046 5282 3225 5346 filius
3256 5283 3405 5347 Saul
3446 5284 3557 5365 qui
3602 5283 3665 5346 ei
3706 5284 4019 5361 successit,
