4359 6250
660 1087 738 1131 Ps.
757 1103 794 1140 1.,
810 1093 850 1132 θ.

629 2569 779 2613 Εεοά.
793 2583 876 2620 xxi,

616 2635 680 2738 κς
694 2632 876 2684 Lemxx,

655 5131 668 5173 Ι
694 5134 800 5187 Rey.
819 5148 842 5176 x

625 5198 693 5247 24,
715 5200 781 5240 3⁰.

907 486 1028 551 506

1477 507 1822 552 ENARRATto
1865 506 1925 551 IN
1968 506 2106 551 CAP.
2152 505 2240 551 xll
2282 505 2438 550 mam
2480 505 2733 550 sacuxm
2774 504 2997 550 amun.
3047 523 3126 532 —
3168 505 3309 550 ΛΒΤ.
3356 505 3437 550 XX

909 683 1220 756 quantum
1251 676 1329 738 ad
1361 693 1638 757 poenam,
1675 684 1860 758 prout
1886 676 2178 738 doctores
2210 695 2400 758 super
2428 673 2481 736 A
2511 675 2795 752 historia,
2816 675 2984 757 quod
3009 675 3203 738 David
3224 675 3435 738 verbis
3458 675 3701 738 Nathan
3731 675 4005 748 auditis,

909 784 1209 857 quartum
1233 773 1700 837 Sententiarum
1724 775 2066 838 declarant.
2089 776 2395 857 Denique,

909 876 1081 957 quod
1115 873 1310 937 David
1352 873 1531 949 dixit,
1567 874 1822 938 Peccavi
1867 874 2155 952 Domino,
2194 882 2401 956 potest

913 973 1185 1053 intelligi
1215 973 1379 1036 sicut
1411 980 1474 1035 et
1505 972 1660 1034 illud
1693 973 1862 1053 quod
1903 972 1992 1034 ait
2031 973 2096 1034 in
2124 972 2393 1050 Psalm0,

911 1072 1049 1135 Tibi
1083 1071 1202 1135 soli
1235 1071 1516 1154 peccavi.
1549 1071 1854 1146 Quocirca
1891 1072 2113 1134 asserit
2152 1070 2393 1148 Glossa,

909 1172 1078 1253 quod
1113 1191 1222 1234 rex
1251 1171 1361 1252 qui
1393 1171 1782 1252 superiorem
1829 1171 1892 1232 in
1933 1179 2098 1233 terra
2130 1189 2256 1233 non
2290 1171 2398 1232 ha-

912 1271 1073 1346 buit,
1095 1270 1214 1333 soli
1247 1271 1372 1332 Deo
1393 1269 1504 1350 qui
1535 1270 1678 1350 ejus
1701 1268 1727 1330 f
1730 1269 1824 1330 uit
1849 1269 2062 1350 juderi,
2086 1269 2391 1351 peccavit.

908 1371 1356 1432 Verumtamen
1407 1368 1604 1432 David
1647 1368 1838 1430 etiam
1885 1367 2068 1430 valde
2112 1368 2398 1449 peccavit

907 1467 972 1529 in
1024 1467 1407 1549 proximum,
1458 1467 1641 1547 cujus
1692 1465 1958 1530 violavit
2003 1485 2287 1542 uxorem,
2336 1475 2398 1528 et

906 1567 1088 1648 cujus
1117 1565 1351 1629 occidit
1383 1583 1754 1648 personam3
1797 1566 1903 1627 sed
1949 1583 2074 1628 non
2110 1565 2399 1646 peccavit

910 1665 974 1726 in
1007 1665 1368 1746 proximum
1411 1673 1710 1745 tanquam
1759 1663 1821 1724 in
1859 1662 2141 1744 judicem
2181 1682 2249 1725 se
2290 1683 2396 1725 su·

907 1763 1245 1846 perimam,
1266 1763 1375 1825 sed
1407 1769 1708 1843 tanquam
1743 1761 1806 1823 in
1837 1781 1982 1824 eum
2013 1780 2203 1842 quem
2227 1762 2398 1823 dam-

2508 784 2569 838 et
2599 775 2838 851 dicenS,
2872 775 3129 838 Peccavi
3168 775 3456 852 Domino,
3492 793 3637 838 mox
3663 775 4011 838 descendit

2508 876 2589 937 de
2620 874 2847 937 throno
2876 873 3261 949 consistorii,
3293 881 3356 936 et
3396 874 3559 936 sedit
3602 874 3671 935 in
3708 883 3893 947 terra,
3934 881 4007 937 et

2508 981 2809 1054 tanquam
2857 991 3045 1035 verus
3086 972 3353 1049 deicola,
3388 991 3517 1034 non
3558 971 3811 1034 erubuit
3852 991 4005 1054 pec·

2506 1081 2645 1136 cata
2674 1090 2789 1134 sua
2816 1090 3027 1134 coram
3059 1071 3358 1133 omnibus
3388 1069 3707 1134 confiteri.
3740 1071 4007 1133 Praeter·

2506 1189 2580 1233 ea
2623 1169 3408 1250 advertendum,.qualiter
3439 1169 3501 1231 in
3534 1170 3731 1232 David
3772 1170 4003 1252 imple-

2508 1277 2643 1330 tum
2678 1269 2976 1349 estquod
3016 1268 3081 1329 in
3120 1268 3287 1331 libro
3327 1267 3664 1349 Sapientiae
3706 1268 3939 1348 legitur
3978 1287 3993 1331 ε

2505 1368 2664 1442 Quia
2721 1386 2835 1451 per
2882 1385 3025 1449 quae
3080 1367 3226 1449 quis
3284 1374 3522 1448 peccat,
3573 1385 3688 1448 per
3747 1367 3881 1430 haec
3928 1375 3997 1430 et

2508 1467 2772 1550 punitur
2806 1483 2819 1528 :
2857 1464 3155 1546 quoniam
3202 1464 3363 1528 sicut
3403 1465 3598 1530 David
3632 1466 3697 1528 in
3729 1465 3999 1528 alterius

2508 1584 2703 1630 uxore
2734 1574 2796 1629 et
2826 1565 3133 1645 sanguine
3173 1567 3367 1628 Deum
3408 1564 3703 1641 offendit,
3740 1565 4003 1627 marita-

2508 1673 2633 1728 tam
2666 1665 3128 1745 cognoscendO,
3148 1664 3415 1745 ejusque
3441 1664 3647 1726 virum
3682 1665 3995 1739 necaud0,

2508 1765 2598 1827 sic
2632 1783 2763 1826 suae
2792 1782 3019 1827 uxores
3050 1771 3199 1825 sunt
3227 1763 3477 1826 violatae
3507 1771 3571 1827 et
3600 1762 3727 1824 filii
3760 1764 3995 1826 occisi:

910 1883 992 1926 no
1014 1871 1204 1944 atque
1237 1861 1473 1943 injuria
1503 1861 1678 1924 laesit.
1699 1863 1843 1924 Non
1881 1863 2172 1921 morieris
2193 1869 2396 1924 morte
2434 1859 2481 1920 B
2507 1872 2571 1927 et
2600 1863 2770 1944 quod
2801 1862 3058 1942 gravius
3088 1871 3245 1938 erat,
3264 1882 3302 1925 a
3320 1861 3577 1944 proprio
3600 1861 3743 1926 filio
3766 1881 4001 1924 uxore-s

905 1971 1155 2024 mternae
1196 1959 1644 2035 damnationiS,
1683 1967 1750 2020 ut
1795 1958 2083 2020 meruisti
2133 1977 2396 2040 peccan-

907 2062 1010 2138 do,
1068 2060 1372 2142 quoniam
1430 2058 1658 2121 merito
1713 2065 1834 2120 tuae
1883 2056 2286 2120 contritionis
2334 2066 2397 2120 ct

908 2159 1172 2221 humilis
1204 2157 1650 2232 confessioniS,
1685 2173 1874 2238 poena
1907 2155 2017 2218 illa
2045 2165 2303 2227 aeterna,
2330 2157 2393 2218 in

909 2258 1322 2340 temporalem
1373 2276 1628 2339 poenam
1677 2265 1773 2319 est
1813 2262 2221 2318 commutata.
2255 2255 2390 2332 Vel,

909 2358 1043 2420 Non
1095 2357 1386 2420 morieris
1435 2356 1648 2418 statim
1693 2363 1897 2418 morte
1941 2355 2279 2436 temporali
2324 2375 2394 2417 ac

908 2456 1246 2538 corporali,
1278 2475 1422 2538 quae
1465 2456 1816 2518 secundum
1859 2454 2060 2534 legem
2102 2463 2196 2516 est
2234 2454 2397 2517 infe-

908 2557 1106 2620 renda
1134 2555 1472 2618 homicidis
1503 2563 1693 2635 atque
1723 2553 2047 2616 adulteris,

987 2656 1238 2718 Certum
1271 2672 1433 2731 reor,
1453 2653 1624 2735 quod
1658 2652 1781 2714 nisi
1803 2670 1916 2714 vas
1945 2651 2397 2715 misericordiae

907 2755 1146 2818 electus
1173 2753 1394 2830 David,
1430 2772 1506 2816 ex
1535 2751 1949 2814 inenarrabili
1991 2750 2395 2814 contritionis

907 2854 1123 2917 dolore
1173 2852 1457 2928 dixisset,
1510 2851 1769 2914 Peccavi
1821 2849 2108 2926 Domino,
2165 2868 2397 2931 nequa-

905 2970 1098 3034 quam
1147 2951 1389 3013 Nathan
1449 2950 1760 3033 propheta
1804 2957 1927 3011 tam
1987 2947 2200 3011 subito
2249 2967 2395 3011 eum

2506 1963 2645 2044 ejus
2695 1962 3099 2026 violabantur
3151 1962 3393 2024 incestu
3442 1960 3711 2034 nefari0,
3752 1969 3817 2026 et
3868 1961 3997 2024 filii
4032 1962 4211 1990 ”⁴¹¹⁸-

2505 2063 2647 2143 ejus
2677 2081 2745 2124 se
2776 2061 3049 2124 invicem
3079 2061 3467 2124 occiderunt.

2587 2162 2737 2223 Non
2786 2161 3102 2220 morieris,
3162 2164 3637 2229 Verumtamen,
3679 2163 3997 2240 quoniam

2506 2262 2945 2336 blasphemare
2964 2261 3177 2338 fecisti
3206 2260 3503 2318 inimicos
3530 2279 3759 2320 nomen
3780 2261 3999 2319 Domi·

2506 2361 2601 2430 πί,
2628 2368 2895 2436 propter
2937 2359 3197 2417 verbum
3244 2359 3381 2427 hoc,
3414 2359 3595 2434 filius
3638 2359 3757 2436 qui
3798 2367 4001 2418 natus

2504 2467 2593 2518 est
2628 2457 2770 2525 cibi,
2792 2465 2992 2516 morte
3022 2456 3353 2516 morietur.
3378 2455 3505 2518 Hoc
3534 2454 3731 2536 aliqui
3766 2453 3859 2516 sic
3892 2473 4001 2517 e-x-

2506 2562 2775 2638 ponunt,
2810 2554 2979 2635 quod
3023 2553 3313 2616 homines
3352 2552 3565 2616 vitiosi
3600 2553 4003 2634 vituperare»

2506 2661 2655 2716 runt
2678 2653 2869 2715 Deum
2904 2661 3205 2733 tanquam
3236 2652 3569 2733 injustum,
3588 2670 3703 2733 pro
3726 2670 3803 2715 eo
3822 2653 4005 2733 quod

2506 2749 2873 2834 reprobavit
2902 2759 2965 2813 et
2998 2749 3235 2813 amovit
3260 2750 3407 2812 Saul
3436 2770 3477 2813 a
3504 2768 3719 2831 regn0,
3739 2750 3851 2831 qui
3882 2751 4004 2812 mi-

2506 2871 2627 2914 nus
2658 2850 2965 2932 peccavit,
2998 2868 3189 2930 quam
3237 2848 3455 2924 David,
3491 2847 3555 2910 in
3595 2848 3697 2911 his
3734 2857 4003 2931 propter

2503 2969 2647 3032 quae
2696 2948 2819 3011 fuit
2865 2948 3035 3028 regia
3082 2948 3482 3010 successione
3521 2947 3829 3029 privatuS,
3862 2967 4001 3010 non

905 3049 1266 3114 consolatus
1291 3047 1845 3126 fuisset,dicendo,
1866 3046 2169 3110 Dominus
2206 3055 2396 3127 trans·
2432 3049 2475 3112 C
2508 3059 2719 3112 tamen
2774 3049 2867 3111 sic
2918 3047 3318 3130 reprobando
3366 3046 4003 3129 derelinquendoque

907 3150 1054 3212 tulit
1102 3158 1430 3231 peccatum
1485 3157 1687 3210 tuum.
1723 3146 1960 3229 Nempe
2008 3146 2247 3209 clectus
2298 3147 2396 3210 vir

906 3250 1016 3313 ille
1046 3248 1296 3312 occulta
1324 3246 1558 3311 divinae
1594 3246 1924 3328 sapientiae
1964 3246 2397 3309 moderatione

908 3358 1032 3412 tam
1074 3348 1186 3411 diu
1233 3347 1491 3410 relictus
1538 3346 1602 3407 in
1647 3345 1879 3407 mentis
1925 3364 2056 3407 suae
2096 3344 2392 3425 caligine,

907 3446 993 3507 ita
1041 3445 1212 3526 quod
1264 3442 1434 3505 infra
1478 3451 1568 3505 tot
1611 3442 1747 3505 dies
1793 3461 1920 3505 non
1964 3442 2237 3506 advertit
2281 3458 2397 3505 nec

907 3543 1336 3607 consideravit
1373 3562 1503 3605 suae
1545 3541 2063 3620 transgressionis
2105 3541 2399 3603 immani-

909 3650 1126 3717 tatem,
1160 3641 1373 3704 subito
1421 3648 1780 3721 praeventus
1825 3646 1888 3701 et
1932 3638 2269 3701 irradiatus
2319 3639 2399 3701 ab

911 3737 1170 3802 infinita
1201 3737 1634 3801 misericordia
1655 3737 2144 3818 OmnipotentiS,
2164 3757 2239 3799 ex
2262 3756 2401 3800 con-

908 3838 1293 3902 sideratione
1337 3834 1640 3899 bonitatis
1682 3843 1743 3897 et
1782 3834 2247 3898 beneficiorum
2290 3836 2398 3899 Dci

908 3939 984 4001 ad
1017 3956 1104 4014 se,
1125 3945 1316 4018 atque
1343 3954 1418 3998 ex
1451 3934 1846 4017 inspectione
1879 3934 2399 4015 transgressionis

906 4045 969 4100 et
1001 4033 1479 4116 ingratitudinis
1510 4052 1659 4109 suae,
1683 4041 1806 4095 tam
1841 4032 2401 4096 vehementissime

906 4134 1112 4198 doluit
1134 4153 1282 4197 vera
1313 4131 1720 4206 contritione,
1740 4132 1910 4213 quod
1943 4150 2052 4195 cor
2083 4152 2269 4193 suum
2302 4150 2402 4213 pe-

2508 3150 2714 3231 ipsum
2763 3148 2985 3211 David.
3019 3147 3107 3210 Ita
3146 3146 3484 3229 exponitur
3514 3146 3683 3208 istud
3712 3164 4005 3209 commu-

2508 3248 2695 3325 niter,
2717 3247 2825 3310 sed
2860 3264 2987 3309 nan
3020 3245 3271 3309 videtur
3303 3244 3529 3308 idonee
3557 3245 4003 3326 dictum,quo-

2508 3347 2681 3409 niam
2730 3345 2986 3427 quando
3038 3344 3171 3407 haec
3220 3344 3597 3407 dicebantur
3641 3363 3680 3405 a
3725 3343 3997 3417 Nathan,

2508 3453 2839 3528 peccatum
2890 3445 3011 3507 hoc
3060 3443 3255 3505 David
3304 3443 3511 3505 adhuc
3558 3442 3817 3519 latebat,
3869 3442 3997 3504 nisi

2509 3552 2819 3627 quantum
2877 3541 3091 3606 forsan
3142 3562 3219 3605 ex
3268 3541 3705 3623 increpatione
3750 3540 3997 3604 Nathan

2508 3642 2705 3724 coepit
2750 3641 2996 3721 vulgari
3034 3658 3049 3701 :
3084 3640 3305 3721 sicque
3345 3640 3428 3702 ob
3470 3641 3632 3703 hanc
3672 3658 3805 3702 rem
3846 3659 4001 3704 non-

2508 3742 2657 3803 dum
2696 3738 2817 3801 fuit
2848 3740 3010 3802 Deus
3042 3739 3124 3801 ab
3146 3738 3363 3821 impiis
3392 3738 3893 3820 blasphematuS,
3912 3738 4003 3800 ni-

2509 3839 2561 3901 si
2607 3838 2819 3902 forsan
2862 3846 3149 3899 sumatur
3186 3837 3573 3919 praeteritum
3606 3854 3724 3918 pro
3756 3836 3997 3911 futuro,

2508 3957 2621 4021 per
2677 3937 2938 4000 modum
2998 3934 3553 4017 praenuntiationis
3609 3935 4003 4016 propheticae

2510 4045 2769 4119 propter
2818 4034 3266 4098 certitudine-m
3318 4033 3690 4115 prophetiae..
3736 4034 4003 4097 Videtur

2510 4144 2717 4198 autem
2781 4134 2873 4197 sic
2920 4152 3108 4215 posse
3156 4134 3411 4214 exponi.
3464 4134 3613 4195 Nam
3664 4134 4003 4197 occasione

907 4252 987 4295 ne
1030 4232 1298 4295 scissum
1341 4231 1466 4293 fuit
1505 4250 1636 4313 prae
1676 4230 1912 4294 doloris
1955 4230 2299 4294 acerbitate
2338 4241 2401 4294 et
2433 4238 2482 4299 D
2512 4232 2809 4295 adulterii
2849 4231 2997 4294 fecit
3034 4230 3228 4295 David
3274 4231 3481 4313 ipsum
3514 4230 3726 4293 Uriam
3755 4232 3842 4294 ab
3870 4232 4003 4295 ido·

906 4330 1262 4412 quantitate
1285 4350 1299 4395 τ
1326 4338 1586 4412 propter
1608 4329 1803 4411 quod,
1826 4328 2250 4392 necessarium
2278 4328 2401 4391 fuit

907 4449 1054 4492 eum
1093 4429 1184 4491 sie
1227 4428 1564 4491 consolari.
1598 4426 1772 4500 Quod
1805 4426 2046 4489 Nathan
2077 4446 2152 4490 ex
2181 4427 2403 4491 divina

910 4527 1338 4590 illustratione
1368 4525 1790 4608 perpendenS,
1808 4534 1936 4587 tam
1974 4534 2255 4606 repente,
2275 4525 2401 4588 Deo

909 4626 1276 4706 instigante,
1331 4624 1781 4687 consolabatur
1837 4624 2184 4685 dolentem.
2248 4625 2401 4686 Nam

905 4730 1008 4805 (ut
1035 4733 1292 4787 sanctus
1324 4723 1412 4785 ait
1439 4722 1887 4803 Hieronymus)
1917 4730 2167 4804 oportet
2198 4732 2268 4785 ut
2298 4724 2404 4787 do-

911 4824 1008 4887 lor
1047 4821 1452 4886 contritionis
1481 4821 1564 4882 sit
1594 4821 1962 4901 adaequatus
2002 4821 2401 4884 multitudini

915 4920 1470 5001 magnitudinique
1518 4918 1896 4999 iniquitatiS.
1940 4919 2018 4981 Et
2065 4928 2134 4981 ut
2180 4920 2403 4983 beatus

917 5020 1074 5083 dicit
1103 5019 1477 5095 BernarduS,
1514 5036 1640 5080 non
1669 5015 1921 5080 sufficit
1949 5017 2134 5079 labiis
2165 5018 2401 5095 dicere,

847 5149 886 5185 v,
917 5117 1175 5181 Peccavi
1204 5117 1392 5198 :quia
1422 5124 1484 5179 et
1514 5116 1658 5179 Saul
1693 5116 1810 5179 hoc
1833 5115 2013 5191 dixit,
2035 5135 2160 5179 non
2194 5125 2403 5180 tamen

919 5217 1174 5279 veniam
1225 5215 1525 5292 obtinuit,
1557 5233 1750 5296 quam
1795 5214 1992 5278 David
2037 5234 2168 5277 uno
2211 5216 2407 5278 verbo

2512 4331 2754 4395 lolatris
2777 4322 3158 4392 Ammonitis
3188 4329 3414 4406 occidi,
3436 4338 3499 4391 et
3530 4349 3673 4392 cum
3696 4330 3847 4392 Uria
3868 4331 4005 4393 fue

2511 4438 2660 4491 runt
2690 4438 2753 4492 et.
2782 4428 2892 4490 alii
2926 4427 3247 4491 interfecti
3276 4446 3289 4489 :
3316 4448 3389 4491 ex
3421 4447 3550 4508 qua
3576 4428 3847 4491 victoria
3866 4429 4005 4490 Am-

2512 4526 2770 4589 monitae
2810 4526 3054 4588 inducti
3095 4527 3352 4588 suntad
3388 4525 3771 4588 laudandum
3811 4528 4001 4589 deum

2511 4645 2698 4687 sunm
2747 4624 2975 4686 falsum
3010 4644 3079 4687 ac
3112 4623 3282 4686 idola
3316 4642 3329 4686 :
3363 4644 3633 4705 quorum
3682 4624 3844 4701 lauS,
3879 4624 4003 4688 fuit

2510 4724 2799 4805 quaedam
2835 4721 2967 4785 veri
2999 4722 3108 4785 Dei
3144 4722 3560 4804 blasphemia.
3580 4722 3693 4785 Vel
3730 4721 4003 4786 forsitan

2512 4824 2706 4885 Deum
2741 4821 2950 4897 lsrael,
2986 4830 3288 4903 tanquam
3330 4821 3741 4903 impotentem
3784 4822 3864 4885 ad
3902 4843 4005 4885 su-

2512 4940 2691 4986 orum
2724 4919 3185 4998 defensionem,
3221 4920 3763 5002 blasphemarunt,
3788 4921 4005 4984 dicen-

2516 5029 2607 5082 tes
2647 5037 2659 5081 :
2694 5018 2813 5081 Ubi
2846 5026 2942 5081 est
2974 5018 3137 5081 Deus
3169 5022 3434 5082 eorum?
3461 5018 3549 5079 Ex
3588 5019 3689 5081 his
3728 5030 3997 5090 constat,

2514 5118 2687 5199 quod
2718 5116 3076 5179 infantulus
3111 5116 3219 5179 ille
3250 5125 3507 5199 propter
3528 5118 3725 5200 patris
3756 5118 3855 5180 sui
3888 5116 4005 5180 ini-

2515 5215 2821 5295 quitatem
2856 5214 2989 5277 vita
3018 5215 3303 5296 privatus
3342 5215 3447 5291 sit,
3484 5216 3571 5277 ita
3606 5216 3778 5297 quod
3827 5225 4006 5298 pater

921 5314 1292 5397 promeruit.
1328 5312 1566 5375 Dicitur
1605 5330 1862 5394 quoque
1906 5312 1972 5374 in
2021 5313 2409 5377 Scholastica
2518 5314 2585 5375 in
2616 5312 2758 5376 filio
2788 5321 2883 5375 est
2912 5314 3219 5394 punitus:
3244 5313 3547 5395 quoniam
3582 5312 3785 5391 filius,
3807 5332 4006 5395 quan-

4030 1383 4147 1438 Sap.
4164 1397 4213 1426 n.
4230 1389 4287 1426 Γ.

4040 1884 4077 1928 ll
4096 1887 4201 1937 Ποσ-
4212 1898 4289 1930 w,

4032 1952 4101 1976 διδ.

4030 2014 4101 2054 29:
4116 2011 4284 2052 amnti

4032 5048 4099 5089 Pe
4120 5049 4271 5090 eximi.
