4359 6250
923 501 1273 548 mar-mmo
1317 501 1376 546 ΙΝ
1420 501 1556 546 cAP.
1603 499 1707 545 xlv
1751 498 1909 544 LIBRI
1950 499 2118 545 Pium
2159 499 2385 547 ΒΕΓ-1111.
2430 519 2512 530 -
2551 501 2693 547 ΛΒΤ.
2742 501 2912 549 xxvu

3338 486 3459 549 335

361 691 530 747 sum,
555 693 671 733 nec
699 677 1122 736 ascendamus
1153 677 1240 735 ad
1269 695 1388 735 eos.
1414 676 1496 735 Si
1523 683 1740 735 autem
1761 672 1862 732 di·
1894 669 1946 730 A
1975 671 2259 752 percussi
2290 672 2357 734 in
2400 671 2645 736 foribus
2675 673 2810 751 Lot,
2845 681 2910 737 et
2939 673 3077 757 Syri
3106 675 3185 738 ad
3218 675 3459 738 instan-
3488 691 3750 744 emman

359 773 607 843 werint,
641 773 984 833 Ascendite
1022 777 1109 834 ad
1152 793 1291 842 nos,
1322 775 1743 833 ascendamus
1774 771 1862 831 ad

359 889 488 938 eos,
517 872 682 950 quia
715 873 1021 942 tradidit,
1053 871 1174 933 hoc
1217 879 1313 934 est
1358 872 1511 933 dare
1551 868 1857 946 decrevit,

361 988 463 1028 eos
493 971 818 1030 Dominus
847 972 922 1030 in
955 973 1259 1030 manibus
1286 972 1543 1031 nostris.
1577 971 1713 1030 Hoc
1740 968 1866 1027 erit

363 1069 549 1127 nobis
594 1069 862 1145 siynum
909 1070 1132 1131 dandae
1181 1068 1487 1133 victoriae.
1523 1068 1596 1128 Et
1647 1065 1864 1130 forsan

365 1165 720 1228 revelatum
753 1167 876 1230 hoc
915 1167 1123 1231 fuerat
1157 1167 1463 1244 Jonathae,
1499 1167 1602 1230 vel
1647 1186 1723 1230 ex
1766 1182 1866 1228 oc·

365 1264 542 1327 culto
584 1265 698 1328 Dei
744 1265 1055 1330 instinctu
1097 1268 1217 1329 hoc
1258 1265 1524 1348 protulit
1561 1283 1574 1326 z
1613 1265 1742 1327 imo
1774 1283 1866 1326 se-

363 1364 652 1426 cundum
671 1364 1040 1447 Josephum‚
1056 1365 1356 1429 Ionathas
1381 1363 1715 1426 Dominum
1746 1361 1866 1424 ser-

367 1462 516 1526 vide
542 1464 830 1526 exoravit
853 1482 970 1545 pro
991 1463 1340 1546 triumphO,
1357 1471 1419 1526 et
1447 1462 1538 1525 sic
1559 1460 1865 1524 Dominus

365 1562 669 1644 praestitit
713 1563 772 1626 ei
819 1564 1074 1644 signum
1116 1571 1510 1646 praetactum.
1555 1560 1861 1641 Denique,

364 1660 624 1724 obviam
659 1662 753 1725 ire
781 1662 1184 1739 adversariiS,
1205 1661 1468 1744 maj0ris
1499 1661 1751 1725 videtur
1774 1677 1868 1720 es-

365 1779 438 1822 se
466 1760 752 1824 audaciae
793 1781 866 1824 ac
897 1760 1172 1838 virtutiS,
1208 1779 1401 1842 quam
1443 1778 1661 1822 eorum
1710 1777 1868 1840 prae-

365 1859 590 1922 stolari
620 1879 947 1923 accessum
978 1860 1058 1923 ad
1090 1880 1180 1923 se.
1423 1859 1428 1862 ’

443 1961 785 2037 Apparuit
834 1961 1348 2039 iqitur-uterque
1395 1957 1665 2020 stationi
1705 1957 1868 2018 Phi-

365 2060 771 2120 listinorum.
807 2060 1259 2139 Dioeeruntque
1289 2058 1658 2120 Philistiim
1689 2077 1712 2116 .·
1758 2057 1866 2116 Εη

365 2159 634 2219 Hebroei
673 2159 1106 2235 eqrediuntur
1147 2161 1227 2218 de
1269 2158 1584 2228 cavernis,
1619 2157 1692 2214 in
1721 2155 1867 2234 qui-

365 2257 486 2315 bus
514 2257 878 2316 absconditi
893 2256 1184 2333 fuerant.
1205 2258 1292 2316 Et
1324 2256 1522 2316 locuti
1549 2263 1703 2314 sunt
1733 2253 1870 2312 viri

363 2356 448 2414 de
473 2354 756 2416 statione
785 2356 1246 2423 adsonatkan,
1265 2364 1325 2414 et
1346 2356 1433 2414 ad
1461 2353 1864 2428 armiyerum

363 2452 510 2528 ejus
521 2477 552 2524 ,-
587 2455 1026 2532 dixeruntque
1059 2473 1082 2512 .·
1119 2453 1460 2513 Ascendite
1503 2453 1592 2511 ad
1639 2469 1780 2519 nos,
1809 2458 1869 2510 et

366 2553 778 2611 ostendemus
807 2551 980 2610 vobis
1005 2571 1164 2622 rem,
1183 2549 1304 2612 hoc
1321 2556 1440 2625 est,
1461 2547 1870 2629 expediemus

367 2666 489 2710 vos
515 2647 670 2726 cito,
705 2654 769 2709 et
813 2647 1155 2712 invenietis
1193 2665 1356 2729 quos
1394 2645 1684 2729 quaeritis
1717 2663 1871 2727 prae-

367 2755 650 2829 paratos.
676 2747 814 2822 Vel,
848 2746 1271 2810 Ostendemus
1297 2745 1481 2808 vobis
1513 2763 1650 2808 rem
1681 2743 1872 2807 amis-

367 2863 508 2905 sam
559 2862 754 2926 quam
804 2843 1112 2927 quaeritiS.
1164 2843 1476 2906 Jonathas·
1515 2843 1757 2925 quippe
1807 2848 1871 2903 et

365 2941 650 3024 armiger
691 2942 833 3022 ejus
872 2943 1224 3024 pergebant
1253 2940 1404 3004 hinc
1438 2941 1587 3003 inde
1619 2959 1734 3023 pro
1765 2939 1872 3002 via

1974 769 2126 832 tiam
2157 770 2375 834 Elisei.
3491 752 3749 860 :glun-vn.

2059 872 2138 931 Εἰ
2167 873 2343 950 facta
2372 881 2461 932 est
2483 875 2683 949 playa
2704 873 2928 949 prima
2960 873 3197 951 quam*
3207 891 3462 950 percus-
3522 889 3545 912 ¹·
3566 902 3655 946 qua

1973 969 2083 1038 sit,
2111 967 2233 1031 hoc
2263 966 2359 1031 est
2386 969 2803 1051 percutiendo
2852 967 3115 1047 inflixit,
3146 971 3459 1031 Jonatkas

1974 1075 2033 1126 et
2052 1069 2340 1144 armiqer
2356 1069 2498 1146 ejus
2515 1069 2706 1148 quasi
2734 1069 2978 1145 viqinti
3007 1069 3301 1130 virorum
3322 1068 3465 1130 Phi-

1977 1163 2341 1227 listinorum
2382 1167 2455 1226 in
2494 1169 2706 1227 media
2740 1177 2930 1244 parte
2950 1168 3235 1246 juqeris‚
3266 1189 3463 1248 quam

1967 1281 2097 1339 par
2127 1265 2314 1325 boum
2352 1265 2426 1324 in
2456 1267 2564 1326 die
2602 1286 2793 1327 arare
2829 1268 3176 1329 consuevit.
3213 1267 3280 1328 ln
3324 1265 3464 1330 fine

1977 1362 2392 1442 praecedentis
2420 1363 2684 1446 capituli
2717 1364 2959 1428 dictum
2991 1372 3107 1442 est,
3130 1366 3303 1448 quod
3334 1385 3462 1430 non

1978 1458 2102 1522 fuit
2135 1460 2433 1523 inventus
2464 1462 2636 1524 ensis
2667 1471 2775 1525 aut
2805 1463 3044 1541 lancea,
3082 1464 3205 1526 nisi
3236 1463 3303 1526 in
3334 1482 3466 1526 ma·
3520 1488 3758 1544 ineman.

1979 1580 2065 1623 nu
2098 1559 2245 1622 Saul
2276 1568 2339 1623 et
2365 1560 2669 1624 Jonathae.
2705 1560 2864 1634 Quid
2896 1581 3046 1643 ergo
3081 1555 3353 1644 gestavit
3398 1563 3465 1624 in
3494 1554 3563 1600 ²²·

1977 1678 2171 1722 manu
2199 1659 2475 1739 armiger
2495 1659 2779 1722 Jonathae
2809 1663 2832 1720 ’.ἰ
2866 1660 2997 1723 Dici
3031 1668 3259 1743 potest,
3294 1661 3466 1742 quod

1979 1755 2213 1820 fustem
2242 1765 2352 1820 aut
2381 1758 2647 1835 clavam,
2670 1767 2732 1821 et
2763 1756 2980 1822 forsan
3012 1758 3205 1821 alicui
3236 1758 3469 1822 occiso-

1895 1851 1942 1914 B
1979 1874 2119 1918 rum
2150 1855 2413 1919 abstulit
2441 1856 2747 1937 gladium.
2768 1860 2855 1918 Et
2872 1861 3123 1938 factum
3150 1867 3241 1917 est
3270 1859 3470 1918 mira-

1976 1958 2199 2015 culum
2228 1958 2301 2015 in
2332 1957 2557 2016 castris
2589 1976 2712 2034 per
2739 1975 2926 2032 ayros
2954 1955 3461 2030 philistinorum,

1977 2051 2128 2134 quia
2173 2052 2553 2116 miraculose
2605 2052 2866 2116 suerunt
2911 2052 3196 2135 percussi
3242 2052 3473 2116 acrisia

1979 2169 2088 2214 seu
2133 2150 2388 2227 nebula,
2424 2151 2553 2215 imo
2582 2159 2645 2214 et
2684 2151 2973 2214 interiori
3014 2151 3248 2214 virium
3296 2170 3474 2214 ener-

1979 2249 2233 2312 vatione
2287 2257 2479 2331 atque
2536 2249 2904 2313 formidine.
2956 2253 3087 2312 Sed
3143 2260 3203 2311 et
3260 2252 3469 2312 omnis

1969 2352 2254 2426 populus
2282 2349 2581 2409 stationis
2599 2369 2814 2410 eorum
2832 2350 2950 2430 qui
2970 2350 3183 2410 ierant
3208 2352 3295 2410 ad
3314 2368 3474 2426 proe·

1979 2449 2295 2519 dandum,
2329 2449 2676 2524 obstupuit,
2710 2447 2774 2510 id
2805 2455 2920 2525 est,
2959 2455 3085 2510 tres
3116 2446 3305 2510 cunei
3335 2445 3474 2508 Phi-

1981 2543 2367 2620 listinorum‚
2407 2545 2487 2608 de
2530 2545 2764 2626 quibus
2809 2545 2877 2608 in
2925 2545 3310 2628 praecedenti
3362 2546 3473 2607 ha·
3529 2565 3737 2610 mam.

1982 2643 2166 2706 betur
2216 2643 2520 2725 capitulo,
2569 2643 2707 2705 visa
2753 2652 2961 2725 strage
3009 2662 3294 2722 suorum,
3342 2662 3472 2726 prae

1980 2738 2399 2805 admiratione
2430 2751 2495 2805 et
2523 2742 2750 2806 timore
2780 2741 3177 2807 defecerunt.
3216 2747 3302 2806 E't
3328 2763 3472 2804 con-

1983 2843 2241 2901 turbata
2266 2850 2421 2902 sunt
2458 2851 2696 2911 castra,
2726 2841 2846 2903 hoc
2896 2849 3011 2918 est,
3044 2841 3347 2906 Philistaei
3401 2840 3467 2903 in

1982 2940 2113 3004 suis
2147 2940 2438 3004 tentoriis
2482 2949 2632 3002 sunt
2672 2939 2947 3018 confusi,
2982 2949 3045 3004 et
3084 2933 3345 3004 recessit
3388 2940 3471 3002 ab

367 3041 620 3125 aptiore
651 3041 1061 3117 invenienda,
1084 3040 1269 3124 quasi
1302 3040 1686 3122 quaesissent
1713 3037 1871 3121 quid
1898 3041 1942 3104 C
1981 3038 2074 3102 eis
2107 3059 2289 3103 mens
2318 3047 2511 3124 atque
2540 3039 2905 3118 consilium,
2923 3051 2985 3101 et
3010 3042 3251 3101 accidit
3276 3040 3471 3120 quasi

368 3141 720 3223 perditum.
757 3141 901 3203 ldeo
942 3139 1246 3202 Philistaei
1279 3140 1372 3202 sic
1403 3139 1872 3222 responderunt

371 3238 642 3302 ironice.
689 3242 776 3301 E't
825 3241 924 3300 ait
969 3239 1284 3301 Ionathas
1335 3242 1424 3299 ad
1469 3240 1874 3315 armiqerum

367 3360 570 3399 suum
599 3357 622 3399 .·
653 3340 1138 3409 Ascendamus;
1161 3358 1430 3418 sequere
1475 3359 1595 3399 me.
1638 3342 1869 3399 Tradi-

368 3440 474 3499 dit
522 3439 702 3498 enim
744 3457 846 3497 eos
887 3438 1208 3497 Dominus
1247 3437 1322 3496 in
1363 3457 1598 3497 manus
1635 3440 1865 3499 Israel.

367 3538 684 3599 Ascendit
710 3537 1024 3597 Jonatbas
1049 3544 1334 3611 reptans,
1361 3532 1424 3595 id
1457 3543 1574 3611 est,
1611 3536 1868 3598 trahens

369 3654 440 3697 se
492 3652 610 3717 per
657 3632 828 3697 viam
875 3630 1270 3695 ascensionis
1320 3639 1691 3710 tortuosam,
1738 3652 1866 3697 non

369 3734 614 3809 tritam,
669 3734 972 3794 manibus
1019 3740 1079 3791 et
1117 3732 1418 3807 pedibus,
1474 3741 1534 3793 et
1584 3736 1870 3811 armiger

368 3834 514 3909 ejus
545 3842 690 3909 post
731 3851 900 3891 eum.
937 3832 1168 3909 Itaque
1194 3849 1398 3909 quum
1429 3832 1742 3891 vidissent
1770 3835 1870 3912 fa·

369 3933 538 3990 ciem
578 3930 902 3997 Jonatlzoe,
933 3928 1059 3987 atii
1106 3929 1421 3988 cadebant
1470 3938 1622 3989 ante
1665 3932 1867 3991 Jona-

373 4032 560 4099 tkan,
593 4028 715 4091 hoc
745 4034 863 4103 est,
889 4026 1028 4108 ipse
1053 4024 1356 4088 Jonathas
1387 4028 1696 4108 quosdam
1726 4028 1870 4091 Phi-

372 4127 726 4191 listaeorum
759 4121 1104 4207 prostravit
1133 4124 1368 4188 virtute
1399 4123 1618 4188 divina
1658 4126 1868 4209 ipsum

1982 3141 2377 3201 miraculum
2408 3162 2449 3202 a
2476 3144 2623 3202 De0.
2657 3139 2869 3217 Quasi,
2904 3140 3061 3203 dicit
3098 3139 3203 3202 hic
3242 3139 3473 3204 verita-

1982 3246 2132 3315 tem,
2170 3256 2298 3300 non
2345 3237 2835 3301 similitudinem
2887 3247 3159 3317 tantum,
3192 3238 3358 3302 sicut
3406 3245 3470 3300 et

1981 3338 2149 3420 apud
2175 3338 2483 3401 Joannem
2511 3337 2839 3400 :Vidimus
2867 3338 3137 3418 gloriam
3167 3338 3307 3420 ejus
3337 3338 3470 3419 glo-
3495 3363 3764 3413 mmm.

1982 3436 2140 3499 riam
2161 3438 2349 3520 quasi
2368 3436 2689 3516 Unigeniti
2721 3456 2758 3498 a
2785 3437 3164 3501 Patre.Vere
3193 3455 3470 3520 namque

1982 3535 2108 3597 fuit
2137 3535 2537 3610 miraculum,
2573 3535 2745 3617 quod
2776 3535 2867 3597 ita
2895 3535 3191 3617 prostrati
3225 3546 3395 3599 sunt.

2059 3634 2363 3708 Quocirca
2382 3633 2645 3716 quidam
2676 3633 2973 3715 reprobat
2996 3642 3357 3716 praetactam
3378 3636 3473 3699 Jo-

1983 3734 2165 3815 sephi
2197 3732 2577 3815 positionem
2609 3733 2688 3795 de
2719 3731 2953 3795 nebula
2988 3750 3002 3794 :
3037 3734 3189 3813 quia
3218 3736 3315 3813 (ut
3354 3736 3471 3816 ait)

1983 3831 2036 3893 si
2085 3830 2458 3911 contigisset
2514 3849 2629 3911 per
2676 3828 2999 3908 nebulam,
3056 3848 3183 3893 non
3243 3829 3468 3897 fuisset

1983 3928 2704 4009 miraculum,quoniam
2737 3927 2968 3991 nebula
2992 3938 3251 4011 repente
3270 3940 3335 3993 et
3352 3930 3471 3995 fre-

1981 4035 2253 4111 quenter
2281 4025 2629 4107 consurgit..
2660 4025 2903 4089 Nebula
2930 4044 3185 4109 quoque
3226 4029 3339 4093 illa
3381 4030 3471 4095 ita

1980 4125 2419 4191 obnubilasset
2449 4124 2659 4189 visum
2698 4125 2983 4189 Jonathae
3026 4134 3091 4190 et
3134 4128 3233 4191 sui
3278 4131 3469 4193 armi-

371 4225 802 4301 confortante,
821 4231 887 4286 et
911 4222 1378 4287 Philistaeorum
1413 4224 1605 4286 robur
1635 4245 1708 4288 ac
1738 4227 1872 4289 ani·
1903 4228 1948 4289 D
1978 4224 2136 4307 geri,
2173 4224 2336 4287 sicut
2381 4222 2886 4287 Philistinorum.
2930 4222 3049 4287 Sed
3100 4226 3463 4307 reprobatio

373 4344 556 4387 mum
600 4322 996 4397 infirmante,
1035 4323 1197 4383 alios
1236 4324 1522 4399 arrniqer
1553 4324 1694 4400 ejus
1727 4336 1870 4404 post

369 4446 522 4485 eum
585 4423 1012 4500 interficiebat
1059 4420 1281 4483 eodem
1342 4420 1552 4497 modo,
1609 4444 1870 4503 sequens

370 4544 544 4585 eum.
582 4522 650 4584 ln
695 4518 1082 4585 Scholastica
1132 4536 1282 4581 vero
1332 4518 1598 4582 historia
1645 4520 1864 4599 fertur,

371 4620 546 4703 quod
579 4618 744 4680 Deus
783 4614 1088 4679 exterruit
1127 4612 1294 4677 illos
1326 4613 1516 4678 Porro
1557 4616 1870 4700 Josephus

372 4717 620 4792 scribit,
666 4714 842 4797 quod
891 4712 1124 4776 nebula
1171 4712 1378 4794 spissa
1426 4724 1686 4796 repente
1735 4737 1872 4779 sur-

331 4861 339 4867 ·
368 4816 538 4880 rexit
565 4815 646 4877 de
675 4822 846 4875 terra
871 4810 1357 4887 Philistaeorum,
1395 4811 1602 4875 visum
1644 4814 1734 4876 ita
1771 4816 1872 4879 os-

375 4911 847 4994 l'uscanS,quod
869 4929 988 4973 nec
1017 4929 1085 4971 se
1115 4908 1288 4990 ipsos
1320 4910 1401 4972 ad
1431 4910 1728 4989 invicem,
1751 4933 1868 4978 nec

367 5012 686 5077 Jonathan
711 5031 784 5073 ac
808 5009 949 5091 ejus
973 5008 1360 5089 armigerum
1380 5011 1862 5087 cognoscebant.

371 5112 592 5195 Aliqui
631 5110 998 5194 opinantur,
1033 5107 1207 5189 quod
1239 5106 1402 5169 Deus
1436 5110 1754 5190 percussit
1797 5112 1871 5175 il-

371 5213 468 5278 los
508 5211 764 5287 acrisia,
798 5226 929 5291 qua
966 5206 1210 5290 aliquid
1241 5204 1512 5269 confuse
1544 5212 1871 5288 cognosci-

370 5320 498 5389 tur,
541 5328 672 5373 non
721 5308 1041 5384 distincte,
1085 5306 1254 5369 sicut
1301 5304 1639 5370 Sodomitae
1690 5320 1872 5373 erant

1980 4324 2101 4386 ista
2142 4320 2323 4405 parvi
2358 4320 2593 4403 vigoris
2634 4329 2753 4383 est.
2791 4319 3091 4395 Quamvis
3135 4322 3310 4387 enim
3362 4346 3471 4389 ne-

1978 4423 2128 4486 bula
2158 4441 2235 4484 ex
2266 4419 2537 4483 naturali
2568 4439 2759 4482 causa
2797 4430 3161 4502 consurgat,
3197 4431 3351 4487 tunc
3381 4434 3470 4489 'ta-

1977 4540 2124 4585 men
2145 4526 2456 4602 quantum
2486 4519 2563 4581 ad
2594 4519 2855 4582 modum
2884 4537 3015 4602 quo
3044 4524 3463 4603 consurrexit,

1981 4621 2104 4682 fuit
2131 4617 2534 4695 miraculum,
2570 4618 3106 4698 quemadmodum
3137 4640 3331 4703 supra
3359 4623 3470 4685 ha—

1979 4719 2182 4783 bitum
2223 4725 2321 4781 est
2356 4718 2437 4779 de
2474 4716 2738 4779 vocibus
2770 4724 2833 4779 ct
2861 4717 3100 4799 pluviis
3132 4719 3209 4781 ad
3243 4740 3462 4802 preces
3522 4745 3759 4803 moyam,

1981 4816 2291 4882 Samuelis
2338 4813 2678 4879 concessis.
2712 4814 3019 4887 Quoniam
3070 4817 3306 4881 nebula
3354 4820 3465 4884 illa
3498 4813 3563 4862 ¹⁷·
3588 4813 3651 4855 ¹⁸·

1979 4914 2546 4999 supernaturaliter
2566 4914 2713 4975 data
2742 4922 2839 4975 est
2866 4914 2945 4976 ad
2978 4913 3343 4979 infidelium
3367 4920 3473 4983 de-

1977 5016 2342 5099 jectionem,
2378 5030 2505 5076 non
2548 5011 2763 5075 decuit
2801 5021 2872 5074 ut
2910 5011 3083 5077 filios
3121 5015 3314 5079 lsrael
3354 5018 3466 5080 ob-

1980 5123 2281 5178 scuraret.
2359 5157 2366 5164 .
3470 5160 3477 5167 .

2073 5215 2156 5274 Et
2207 5220 2623 5291 respexerunt
2665 5215 3087 5288 speculatores
3136 5216 3304 5275 Saul
3350 5219 3470 5297 qui

1978 5321 2164 5373 erant
2197 5312 2267 5371 in
2301 5312 2519 5371 &abac
2548 5310 2928 5387 Benjamin,
2958 5311 3253 5375 sedentes
3284 5312 3349 5376 in
3381 5314 3468 5377 al-
