4359 6250
1251 488 1599 536 ENARRATIO
1641 488 1704 534 IN
1745 488 1881 536 cAP.
1929 488 2211 536 xJosua.
2254 507 2337 518 -—
2376 489 2519 536 Am.
2565 489 2694 536 xvu

3430 469 3509 534 157

417 659 694 739 jurasse,
719 680 882 743 quos
908 661 990 724 de
1015 661 1366 742 longinquo
1397 659 1797 723 crediderant
1824 678 1919 721 es-
1944 657 1995 724 A
2027 657 2184 722 vitia
2210 660 2421 722 carnis
2452 678 2580 723 non
2602 661 2921 737 deserunt,
2942 661 3313 743 maluntque
3344 680 3518 724 men-⁴

418 777 512 820 se.
548 759 714 821 Deus
743 769 958 823 autem
988 759 1388 842 approbavit,
1424 759 1594 839 quod
1635 757 1764 819 illis
1810 776 1917 839 pe-

113 874 386 928 nnam,
421 868 791 938 percerunt,
811 859 965 940 quia
997 869 1058 922 et
1099 868 1382 941 tempore
1414 858 1609 921 David
1641 856 1918 938 graviter

101 941 138 986 ί,
159 941 252 980 5-9.

115 1619 354 1673 mysticus.

419 956 780 1020 vindicavit
825 958 891 1020 in
933 958 1178 1021 semine
1209 957 1378 1033 Saul,
1413 958 1583 1038 quod
1614 956 1918 1020 Gabaoni-

421 1063 522 1118 tas
552 1055 792 1137 injuste
821 1064 1248 1140 oppresserat,
1272 1065 1340 1118 ut
1371 1056 1650 1119 secundo
1680 1055 1916 1136 Regum

419 1154 852 1232 describitur3
901 1164 965 1218 et
1012 1155 1308 1237 quamvis
1352 1155 1760 1218 crediderunt
1808 1154 1919 1216 Ga-

419 1252 717 1315 baonitas
749 1273 888 1317 esse
909 1255 988 1316 de
1019 1262 1184 1318 terra
1216 1263 1480 1331 remota,
1509 1261 1718 1315 tamen
1748 1254 1918 1335 jura-

419 1361 657 1414 verunt
687 1353 978 1434 personis
1013 1372 1158 1435 quae
1197 1371 1311 1414 sua
1340 1352 1784 1415 emendatione
1821 1371 1918 1415 ve-

421 1449 533 1512 nia
561 1459 744 1512 erant
771 1450 1002 1531 dignae.

502 1550 686 1611 Juxta
733 1549 1072 1632 mysticum
1125 1549 1542 1626 intellectum,
1577 1569 1690 1631 per
1739 1566 1918 1630 reges

416 1647 925 1711 Amorrhaeorum
948 1648 1015 1710 in
1037 1648 1354 1712 montanis
1374 1655 1437 1710 et
1457 1646 1919 1729 campestribus

419 1755 771 1822 morantcS‚
805 1747 1222 1829 designantur
1252 1745 1503 1829 tyranni
1549 1764 1695 1808 cum
1728 1744 1920 1827 perfi-

2032 756 2136 819 tiri
2157 766 2219 820 et
2254 756 2499 834 fallere,
2524 779 2714 842 quam
2738 779 2853 842 pro
2882 760 3129 841 justitia
3148 759 3332 824 mori.
3358 760 3515 823 Hinc

2031 856 2197 919 inter
2242 857 2477 922 electos
2530 877 2657 922 non
2707 867 3175 942 computantur,
3211 860 3513 940 quamdiu

2031 965 2179 1018 sunt
2211 957 2407 1032 tales3
2445 975 2561 1021 nec
2594 967 2803 1020 tamen
2843 958 3107 1022 omnino
3146 967 3521 1040 separantur

2030 1053 2110 1116 ab
2141 1054 2235 1116 eis
2272 1072 2286 1115 :
2324 1074 2471 1117 nam
2514 1055 2647 1118 fide
2690 1064 2753 1118 et
2797 1056 2902 1137 pia
2942 1057 3214 1136 quadam
3258 1054 3521 1118 inclina-

2031 1151 2227 1230 tione,
2248 1153 2377 1216 imo
2406 1173 2520 1237 por
2550 1155 2861 1218 exteriora
2890 1155 3178 1235 quaedam
3211 1172 3424 1234 opera,
3444 1171 3520 1216 ex

2030 1271 2144 1315 suo
2175 1271 2407 1333 genere
2436 1252 2624 1330 bona,
2656 1254 3175 1335 appropinquant
3210 1251 3521 1314 veraciter

2027 1351 2355 1414 virtuosis,
2406 1350 2580 1425 Quod
2640 1352 2695 1413 si
2746 1361 3087 1432 quaeratur,
3140 1370 3253 1416 cur
3302 1351 3515 1413 Rahab

2028 1469 2172 1512 cum
2227 1469 2341 1512 sua
2389 1450 2767 1530 cognatione
2816 1451 3027 1513 statim
3079 1450 3379 1531 adjuncta
3422 1458 3518 1512 est

2030 1548 2188 1610 filiis
2220 1548 2431 1626 Israel,
2467 1557 2529 1611 et
2558 1549 2625 1610 in
2658 1549 3021 1612 societatem
3059 1548 3517 1631 plenamacce—

2029 1655 2138 1729 pta
2166 1647 2369 1727 magis
2413 1666 2603 1728 quam
2634 1647 2996 1711 Gabaonitae
3031 1666 3045 1710 :
3084 1646 3383 1728 Origenes
3425 1667 3515 1710 re-

2029 1747 2321 1826 spondet,
2356 1746 2528 1828 quod
2562 1745 2776 1807 Rahab
2816 1746 3016 1826 magis
3048 1745 3329 1827 perfecte
3368 1766 3513 1810 cum

418 1845 524 1908 dis
555 1845 943 1908 satellitibus
974 1845 1130 1922 suiS,
1165 1845 1275 1928 qui
1309 1845 1540 1908 Christi
1572 1844 1917 1925 Evangelio
1957 1845 2002 1906 B
2027 1843 2161 1906 suis
2202 1844 2497 1907 credebat
2536 1845 2601 1905 in
2642 1844 2861 1921 Deum,
2898 1853 2961 1907 et
3009 1843 3515 1926 exploratoribus

417 1954 800 2008 coruscante
829 1965 902 2008 ae
925 1945 1179 2008 coelitus
1211 1963 1324 2026 per
1346 1944 1597 2007 diversa
1629 1943 1919 2025 prodigia

415 2043 828 2120 confirmato,
883 2061 1288 2125 nequaquam
1330 2042 1695 2124 compuncti
1743 2049 1912 2118 sunt,

419 2143 532 2204 sed
581 2141 720 2223 pari
767 2141 1096 2222 impietate
1142 2141 1639 2222 conjuraverunt
1687 2140 1920 2203 exstin—

419 2259 620 2320 guere
667 2241 872 2321 legem
918 2239 1301 2322 plebemque
1333 2239 1693 2302 Salvatoris.
1727 2239 1919 2302 Porro

419 2359 536 2422 per
555 2339 942 2402 Gabaonitas
975 2338 1336 2420 figurantur
1355 2338 1574 2420 pusilli
1605 2346 1667 2400 ct
1689 2338 1920 2419 imper-

419 2438 597 2513 fecti,
647 2437 759 2519 qui
801 2456 878 2500 ex
929 2438 1157 2500 timore
1206 2436 1593 2519 resipiscunt
1629 2456 1668 2499 a
1716 2435 1913 2512 vitiis,

417 2545 850 2618 metuuntque
876 2535 1167 2598 damnari
1194 2553 1208 2597 ε
1236 2535 1474 2598 idcirco
1505 2535 1775 2617 cupiunt
1803 2552 1917 2617 pro

415 2653 489 2698 se
519 2635 714 2711 orari,
735 2643 930 2716 atque
959 2635 1266 2716 obsequia
1296 2635 1584 2715 quaedam
1618 2641 1918 2716 praestant

414 2733 744 2809 Ecclesiae‚
779 2741 843 2796 et
873 2733 1310 2815 eleemosynas
1345 2732 1609 2808 faciunt,
1645 2739 1708 2795 ct
1752 2731 1918 2795 offe-

415 2840 570 2894 runt
599 2851 870 2895 munera
899 2831 1008 2894 Dei
1041 2831 1384 2906 ministris;
1421 2832 1530 2894 sed
1563 2830 1630 2892 in
1662 2830 1794 2893 suis
1816 2851 1918 2894 ve-

413 2930 769 2994 tustatibus
801 2938 1232 3012 perseverant,
1259 2948 1466 3008 mores
1499 2930 1833 2993 saeculares
1852 2939 1916 2993 et

2028 1943 2221 2025 plena
2250 1943 2589 2006 devotione
2611 1942 2927 2006 beneficia
2951 1942 3380 2025 impendebat.
3405 1943 3516 2006 Do-

2027 2061 2246 2104 eemur
2276 2059 2532 2122 quoque
2561 2060 2637 2104 ex
2670 2042 2791 2104 isto
2822 2041 3125 2122 capitulo,
3156 2060 3347 2123 quam
3378 2040 3518 2103 dili-

2025 2149 2249 2221 genter
2279 2159 2351 2203 ac
2394 2140 2673 2203 fideliter
2701 2141 3059 2222 juramenta
3103 2149 3165 2202 et
3203 2141 3517 2223 promissa

2027 2239 2158 2300 sint
2187 2238 2613 2320 adimplenda,
2642 2238 2991 2321 praesertim
3014 2257 3157 2321 quae
3186 2257 3263 2300 ex
3292 2257 3519 2320 propo-

2029 2337 2150 2400 sito
2181 2337 2423 2418 absque
2459 2336 3003 2402 circumventione
3033 2345 3223 2417 atque
3263 2336 3518 2399 fallacia

2029 2436 2429 2499 emittuntur.
2466 2436 2706 2498 Rursus
2754 2455 2829 2499 ex
2868 2435 3056 2500 dictis
3110 2435 3511 2512 instruimur,

2029 2536 2094 2599 in
2129 2536 2377 2615 magnis
2419 2556 2493 2598 ac
2532 2534 2744 2597 dubiis
2783 2535 2991 2597 causis
3040 2554 3115 2597 ac
3157 2533 3410 2596 casibus
3440 2553 3515 2596 ex

2027 2634 2301 2716 abrupto
2332 2635 2423 2696 nil
2454 2653 2662 2714 agere,
2698 2635 2805 2697 sed
2839 2633 3199 2722 superiores
3238 2652 3311 2696 ac
3350 2633 3516 2715 sapi-

2027 2732 2307 2796 entiores
2330 2733 2684 2810 consulere,
2709 2742 2900 2815 atque
2920 2732 3205 2796 divinam
3230 2730 3517 2795 directio-

2029 2851 2198 2906 nem,
2236 2830 2795 2908 illuminationem,
2830 2837 2894 2893 et
2932 2848 3116 2912 opem
3157 2847 3303 2891 cum
3337 2829 3513 2891 omni

2028 2929 2269 2993 fiducia
2300 2937 2779 3012 perseveranter
2811 2929 3107 2993 invocare
3138 2937 3202 2990 et
3230 2946 3511 2991 exorare.

1488 3360 2136 3448 ARTICULUS
2213 3361 2460 3445 XVII

851 3634 1166 3681 exrosmo
1207 3634 1480 3680 carnum
1524 3634 1729 3680 Dsscml
1771 3634 1785 3679 ἒ
1831 3635 1966 3689 QUAE
2008 3634 2170 3689 Quum
2214 3635 2507 3681 Aunlssss‘r
2550 3636 2671 3681 REX
2710 3636 3076 3682 JERUSALEM.

542 3916 965 3981 ROCESSUS
1005 3914 1368 3997 praeliorum
1403 3916 1760 3979 Israeliticae
1791 3916 1918 3998 ple·
1945 3916 1989 3978 C
2023 3937 2207 3977 oens:
2228 3918 2568 3979 Ascendite
2587 3920 2675 3977 ad
2704 3939 2823 3988 me,
2841 3928 2899 3977 ec
2918 3921 3082 3995 ferte
3096 3922 3511 3997 proesz'dium,

563 4016 664 4079 bis
701 4034 874 4077 nunc
913 4014 1234 4077 recitatur.
1277 4018 1428 4083 Quoe
1465 4036 1668 4095 quum.
1700 4018 1919 4077 audis-

411 4127 506 4177 set
553 4136 674 4176 rex
720 4117 1104 4185 Jerusalem,
1156 4117 1328 4193 quod
1372 4115 1613 4174 scilicet
1660 4116 1917 4191 cepisset

411 4218 602 4277 Josue
651 4215 818 4282 Hai,
866 4220 928 4272 et
979 4213 1385 4272 subvertisset
1429 4233 1607 4281 eam,
1659 4219 1804 4287 etc„
1857 4222 1916 4273 et

413 4315 588 4393 quod
619 4312 1126 4388 transfuyissenc
1162 4311 1537 4371 Gabaonitae
1565 4314 1653 4371 ad
1681 4314 1914 4380 Israel,

409 4422 474 4472 et
520 4420 726 4471 essent
773 4410 1080 4487 foederaci
1126 4428 1371 4481 eorum,
1429 4411 1650 4469 timuit
1699 4413 1909 4471 valde.

423 4511 582 4572 Urbs
607 4509 790 4569 enim
819 4526 1062 4583 maqna
1090 4517 1230 4567 erat
1267 4510 1629 4576 Gabaon,et
1663 4528 1798 4569 una
1829 4529 1915 4568 re·

403 4609 672 4685 aalium
709 4606 1083 4675 civitatum,
1128 4614 1188 4665 et
1231 4606 1446 4683 major
1486 4607 1721 4683 oppido
1751 4607 1909 4678 Hai,

411 4724 754 4784 omnesque
783 4706 1114 4763 bellatores
1141 4704 1282 4779 ejtcs
1309 4704 1676 4782 fortissimi.
1709 4703 1784 4766 Et
1825 4704 1914 4766 ita

411 4812 701 4887 apparet,
721 4802 898 4882 quod
919 4800 1260 4883 specialem
1290 4801 1516 4864 habuit
1541 4821 1775 4883 regem,
1798 4803 1911 4883 qui

2025 4024 2098 4075 ut-
2136 4035 2579 4092 eatpuynemus
2622 4018 2909 4086 Gabaon,
2942 4016 3005 4079 id
3048 4026 3143 4079 est
3185 4018 3405 4081 urbe-m
3448 4029 3512 4082 et

2024 4113 2333 4195 populum
2368 4112 2573 4189 illum,
2608 4135 2807 4193 quare
2840 4118 3291 4193 transfuqerit,
3327 4117 3390 4179 id
3416 4127 3513 4181 est

2021 4211 2103 4274 ob
2132 4211 2275 4289 hoc,
2311 4212 2483 4293 quod
2528 4220 2751 4276 contra
2784 4213 3177 4277 voluntatem
3232 4223 3511 4279 nostram

2020 4308 2383 4389 transfugit,
2419 4314 2508 4372 ad
2534 4314 2724 4371 Josue
2752 4322 2812 4371 et
2842 4315 2931 4371 ad
2958 4314 3127 4389 filios
3158 4318 3389 4384 Israel,
3420 4315 3512 4377 in·

2022 4407 2303 4471 fideliter
2333 4426 2525 4488 agens
2559 4410 2624 4470 in
2666 4409 2787 4472 hoc
2829 4428 2975 4471 cum
3008 4411 3140 4473 suis
3186 4410 3505 4476 finitimis.

2024 4509 2406 4585 Conyreyati
2430 4509 2639 4585 iqilur
2659 4512 3084 4571 ascenderunt
3112 4514 3398 4592 quinque
3417 4534 3509 4573 re-

2011 4625 2120 4682 yes
2148 4608 2697 4669 Amorrhoeorum.
2734 4606 3137 4671 Amorrhaeus
3180 4608 3284 4672 hic
3316 4611 3507 4673 sumi-

2018 4711 2122 4765 tur
2169 4723 2297 4767 non
2345 4704 2762 4768 determinate
2803 4723 2920 4787 pro
2958 4726 3086 4770 una
3134 4708 3212 4770 de
3262 4718 3503 4792 septem

2018 4801 2337 4882 gentibuS,
2373 4822 2640 4883 quarum
2675 4811 2871 4866 terras
2914 4804 3127 4867 Israeli
3164 4807 3321 4869 Deus
3362 4827 3505 4890 pro-

115 4926 378 4970 Jmmsv.
412 4904 606 4967 etiam
659 4909 927 4982 praeerat
967 4898 1170 4961 tribus
1211 4899 1476 4961 urbibus
1527 4900 1908 4981 praeccdenti
2018 4900 2214 4977 misit,
2251 4902 2361 4963 sed
2392 4902 2813 4964 communiter
2846 4921 2960 4984 pro
2998 4921 3402 4985 quacumque
3434 4906 3504 4967 il-

413 5000 698 5084 capitulo
739 4998 1108 5075 nominatiS,
1142 5018 1286 5080 quae
1333 5008 1516 5062 erant
1544 4999 1908 5063 Gabaonitis

2020 4999 2219 5061 larum
2241 5000 2528 5079 gentium
2552 5020 2662 5062 seu
2697 5017 2813 5082 pro
2848 5000 3165 5078 omnibuS,
3182 5010 3290 5064 aut
3312 5003 3505 5084 pluri-

414 5101 746 5182 subjcctae.
781 5100 969 5159 Misit
997 5117 1142 5174 erqo
1171 5101 1568 5159 Adonisedec
1594 5120 1710 5159 νοω
1726 5103 1909 5160 Jeru-
1937 5100 1986 5161 D
2017 5098 2135 5160 bus
2167 5117 2407 5175 earum,
2444 5100 2979 5180 quemadmodum
3020 5108 3083 5162 et
3112 5100 3503 5165 Chananaeus

411 5204 639 5269 salem,
663 5201 754 5259 ad
775 5199 980 5259 Oltam
1012 5214 1220 5273 reqem
1250 5198 1535 5265 Hebron,
1557 5197 1718 5259 etad
1747 5197 1906 5261 alios

411 5314 594 5377 reges
628 5303 756 5357 tres
799 5291 914 5374 qui
957 5291 1022 5353 in
1054 5291 1263 5355 littera
1303 5292 1766 5374 exprimuntur,
1811 5296 1908 5355 di-

2016 5195 2222 5278 accipi
2268 5196 2448 5260 solet.
2484 5196 2875 5260 Habitatores
2914 5206 3127 5261 autem
3156 5200 3502 5264 Jerusalem

2017 5294 2393 5357 dicebantur
2443 5295 2697 5377 proprie
2744 5295 3035 5358 Jebusaei.
3090 5299 3311 5359 Simul
3355 5320 3503 5361 cum
