4359 6250
1018 518 1365 564 zNARRA'rto
1409 520 1469 564 lx
1513 520 1651 566 cal».
1698 521 1741 566 11
1786 521 1943 566 unm
1982 521 2151 568 Pmm
2194 523 2418 570 REGUM.
2465 541 2546 552 —
2585 524 2728 569 Am.
2775 525 2842 570 111

3346 506 3466 572 263

364 697 557 754 terrae
585 693 757 774 apud
792 693 1003 771 ipsum
1040 691 1107 752 in
1148 690 1423 755 nihilum
1458 701 1863 775 reputantur3
1898 693 1949 756 A
1980 695 2231 776 piorum
2291 704 2632 775 catervam,
2687 697 3271 781 praesumptionem,
3325 698 3465 760 ani-

365 791 553 872 juxta
582 791 977 855 voluntatem
1010 809 1191 852 suam
1225 790 1546 868 facit,tam
1578 793 1643 855 in
1674 792 1869 856 virtu-

366 889 549 952 tibus
572 889 743 968 coeli,
763 909 957 972 quam
989 889 1056 952 in
1089 890 1555 954 habitatoribus
1588 900 1871 972 terrae,et

368 989 739 1072 gradientes
787 989 853 1051 in
900 989 1221 1071 superbia,
1256 999 1483 1072 potens
1524 1000 1622 1054 est
1663 993 1871 1056 humi-

368 1089 556 1154 liare.
592 1088 751 1151 Hinc
782 1107 1005 1151 rursus
1034 1108 1103 1150 se
1134 1088 1201 1150 in
1232 1107 1460 1153 somno
1486 1092 1739 1154 audisse
1781 1092 1870 1156 fa-

116 1197 337 1245 bam-¹⁴-
368 1198 545 1252 tetur
581 1205 595 1249 :
631 1188 700 1252 In
731 1187 1050 1250 sententia
1080 1187 1347 1268 vigilum
1387 1190 1711 1253 decretum
1748 1200 1865 1270 est,

368 1297 435 1352 et
468 1304 682 1350 sermo
712 1293 1079 1349 sanctorum
1111 1295 1229 1363 est,
1253 1288 1455 1350 donec
1485 1299 1871 1368 cognoscant

368 1388 669 1452 viventes
708 1384 1015 1467 quoniam
1053 1385 1421 1448 dominatur
1461 1387 1760 1452 Excelsus
1803 1390 1869 1453 in

369 1501 577 1562 regno
634 1482 994 1560 hominum,
1046 1491 1110 1546 et
1162 1484 1545 1567 cuicumque
1597 1487 1871 1551 voluerit

370 1583 559 1646 dabit
591 1582 774 1658 illud,
802 1591 867 1644 et
896 1582 1333 1646 humillimum
1366 1584 1701 1648 hominum
1727 1607 1872 1652 con·

114 1696 344 1744 namu.
374 1684 606 1746 stituet
636 1700 831 1764 super
860 1699 958 1744 ee.
991 1681 1280 1764 Denique
1318 1682 1411 1746 sic
1450 1683 1613 1748 Deus
1640 1687 1871 1770 Ioseph

104 1762 159 1800 ⁸¹·
372 1785 457 1846 de
491 1780 793 1863 squalore
822 1780 1125 1860 ergastuli
1167 1779 1457 1863 praefecit
1486 1784 1775 1866 AEgypto,
1810 1794 1875 1849 et

102 1963 159 2000 ⁹··
369 1981 441 2044 in
474 1977 815 2062 provincia
840 1977 1199 2061 Babylonis.

454 2078 621 2140 Hine
654 2075 953 2138 subditur
986 2093 1000 2137 :
1034 2079 1307 2139 Domini
1342 2082 1519 2140 enim
1555 2091 1708 2142 sunt
1736 2101 1875 2141 car-

372 2181 567 2238 dines
601 2186 811 2236 terrae.
834 2174 1135 2237 Cardines
1167 2183 1369 2252 terra),
1405 2178 1705 2240 dicuntur
1732 2180 1875 2261 ejus

374 2272 841 2349 extremitateS,
866 2291 1008 2354 quae
1038 2281 1188 2336 sunt
1220 2272 1351 2352 Dei,
1386 2275 1550 2338 sicut
1578 2284 1639 2338 et
1676 2285 1874 2341 totum

374 2383 571 2437 terrae
622 2371 1036 2448 elementum,
1066 2379 1377 2452 potestate
1419 2381 1483 2436 et
1521 2373 1665 2455 jure
1706 2395 1877 2440 crea-

378 2470 607 2546 tioniS,
620 2467 1153 2546 conservationiS‚
1172 2488 1244 2531 ae
1272 2469 1775 2548 gubernationis,
1794 2477 1877 2536 Ec

366 2572 599 2650 posuit
634 2587 831 2646 super
864 2588 965 2627 eos
1002 2569 1236 2628 orbem.
1272 2567 1401 2631 Hoc
1427 2569 1539 2647 ait,
1572 2572 1876 2652 quoniam

376 2679 553 2734 terra
592 2673 687 2728 est
726 2665 911 2746 quasi
952 2662 1441 2728 fundamentum
1476 2675 1537 2730 et
1579 2667 1878 2732 infimum

376 2767 877 2836 elementorum,
924 2771 989 2826 et
1040 2765 1392 2828 secundum
1442 2767 1877 2848 apparentiam

376 2867 643 2930 videtur
686 2863 921 2927 coelum
972 2881 1085 2926 seu
1134 2864 1309 2926 orbis
1360 2884 1553 2946 super
1602 2875 1879 2929 extrema

376 2973 573 3028 terrae
603 2963 871 3038 locatuS,
896 2961 1077 3040 juxta
1105 2961 1591 3026 aestimationem
1623 2964 1876 3027 illorum

1978 795 2359 873 mositatem,
2389 797 2742 860 audaciam.
2773 797 2846 859 Et
2887 797 3055 859 istud
3086 797 3466 878 generaliter

1979 895 2311 977 potissime
2366 894 2480 957 fiet
2525 895 2592 956 in
2635 895 2739 958 die
2779 895 3028 976 judicii,
3063 896 3228 958 sieut
3275 895 3464 958 Isaias

1980 993 2273 1075 praedixit
2307 1011 2320 1056 :
2357 993 2450 1055 Ad
2482 1013 2626 1056 eum
2657 992 2936 1070 venient,
2968 1001 3030 1056 et
3068 993 3466 1058 confunden·
3509 1020 3756 1071 taxans.

1980 1099 2084 1154 tur
2115 1111 2337 1154 omnes
2378 1093 2488 1174 qui
2531 1101 2880 1174 repugnant
2923 1093 3005 1154 ei.
3041 1097 3126 1155 Ec
3153 1113 3346 1171 super
3374 1095 3467 1170 ip-

1978 1213 2075 1252 sos
2106 1196 2179 1252 in
2209 1195 2384 1254 coelis
2417 1195 2659 1254 tonabit
2690 1215 2712 1253 .·
2745 1194 2913 1274 quod
2953 1201 3018 1256 et
3057 1193 3332 1256 instante
3369 1213 3468 1255 ex-

1984 1299 2181 1354 tremo
2204 1291 2440 1372 judicio
2462 1288 2578 1353 fiet
2603 1290 3024 1355 ineffabiliter
3042 1291 3468 1373 aeriuS,quam

1984 1409 2176 1472 super
2205 1389 2532 1470 AEgyptios
2577 1388 2730 1452 olim
2777 1389 3060 1453 intonuit
3092 1408 3106 1451 z
3139 1390 3312 1472 quod
3353 1387 3470 1452 fiet

1983 1490 2049 1551 in
2080 1487 2245 1550 coelo
2271 1506 2476 1550 aereo,
2503 1487 2771 1550 Tonabit
2807 1507 3062 1570 quoque
3103 1506 3298 1570 super
3323 1506 3464 1566 -eOS,

1984 1586 2366 1650 sententiam
2415 1585 2809 1648 horribiliter
2856 1586 3260 1667 proferendo.
3309 1585 3468 1649 Hine

1982 1684 2292 1767 scriptum
2333 1691 2428 1746 est
2462 1701 2476 1746 ε
2512 1683 2781 1746 Tonabit
2823 1685 2986 1746 Deus
3027 1703 3184 1748 voce
3231 1681 3470 1765 magni-
3510 1709 3760 1758 mum..

1984 1782 2226 1846 tudinis
2259 1801 2409 1858 suae,
2446 1790 2588 1864 post
2618 1800 2764 1844 eum
2807 1783 3012 1862 rugiet
3050 1782 3320 1845 sonitus.
3355 1783 3472 1846 To—
3499 1775 3539 1822 ⁴·
3565 1775 3608 1815 ⁵·

116 1897 339 1972 qen-mm.
370 1891 507 1946 tres
536 1897 775 1962 pueros
794 1898 874 1942 ex
896 1877 1149 1942 camino
1174 1879 1341 1960 ignis
1368 1877 1519 1944 fecit
1549 1883 1874 1966 principes
1911 1871 1957 1933 Β
1986 1881 2163 1944 nabit
2181 1898 2337 1943 voce
2368 1899 2484 1942 sua
2508 1879 2908 1958 mirabiliter,
2927 1880 3039 1962 qui
3063 1880 3216 1944 feeit
3243 1900 3472 1962 magna

1984 1989 2047 2044 et
2076 1978 2538 2042 inscrutabilia.

2066 2081 2384 2141 Dominus
2408 2079 2742 2156 sudio-abit
2779 2083 2940 2154 fines
2974 2088 3184 2148 terrae,
3215 2077 3336 2141 hoc
3378 2086 3474 2140 est

1985 2195 2175 2241 omne
2204 2194 2406 2257 genus
2441 2175 2790 2237 humanum
2826 2192 2840 2236 :
2875 2176 3044 2257 quod
3087 2175 3166 2238 fit
3203 2175 3473 2258 particu-

1987 2276 2204 2338 lariter
2235 2275 2300 2336 in
2335 2274 2645 2337 mortibus
2677 2273 3097 2354 singulorum,
3132 2283 3196 2338 et
3225 2274 3474 2336 univcr-

1986 2375 2204 2438 saliter
2238 2373 2353 2436 fiet
2386 2371 2451 2434 in
2484 2371 2586 2436 die
2617 2372 2988 2437 novissimo.
3022 2373 3166 2436 Ideo
3205 2373 3294 2436 ait
3331 2373 3476 2436 Pro-

1988 2474 2181 2556 pheta
2203 2470 2486 2533 :Paravit
2514 2470 2579 2532 in
2604 2471 2846 2551 judicio
2867 2470 3166 2534 thronum
3190 2490 3395 2549 suum,
3409 2479 3476 2534 et
3503 2504 3582 2547 p„
3603 2505 3764 2555 mm,

1991 2573 2128 2655 ipse
2146 2569 2462 2652 judicabit
2490 2569 2710 2632 orbem
2743 2578 2924 2632 terrae
2955 2569 3022 2632 in
3051 2569 3369 2651 aequitate,
3382 2571 3477 2652 ju-

1989 2669 2231 2734 dicabit
2264 2665 2534 2750 populos
2559 2665 2624 2730 in
2655 2666 2922 2748 justitia.
2961 2670 3044 2729 Ec
3071 2670 3252 2728 dabit
3281 2670 3477 2746 impe-

1989 2770 2167 2829 rium
2198 2768 2338 2842 reqi
2364 2785 2501 2836 su0,
2524 2775 2584 2826 et
2612 2767 2985 2827 sublimabit
3011 2785 3214 2826 cornu
3239 2767 3479 2827 Christi

1988 2868 2117 2927 sui.
2154 2865 2464 2945 Tempore
2503 2861 2702 2926 Annae
2744 2863 3028 2926 nondum
3072 2862 3332 2945 praefuit
3369 2862 3480 2925 ali-

1990 2963 2137 3046 quis
2170 2982 2280 3025 rex
2310 2960 2546 3024 Israeli.
2582 2961 2725 3025 Ideo
2766 2960 2936 3024 istud
2976 2962 3055 3024 de
3086 2961 3334 3025 Christo
3374 2981 3480 3025 ve-

374 3063 495 3147 qui
546 3061 861 3145 putabant
902 3059 1135 3124 coelum
1177 3078 1315 3124 esse
1354 3061 1529 3125 velut
1567 3081 1879 3126 cameram
1911 3063 1955 3127 C
1992 3062 2246 3126 rissime
2287 3059 2683 3143 explanatur,
2719 3059 2823 3122 cui
2861 3059 3041 3122 Pater
3077 3059 3252 3122 dedit
3292 3079 3481 3125 omne

375 3182 453 3226 ac
502 3159 1009 3236 semicirculum,
1041 3160 1220 3241 juxta
1263 3178 1455 3241 quem
1504 3162 1763 3225 modum
1815 3162 1881 3225 in

130 3276 345 3325 1222.st
377 3261 543 3323 [saia
579 3259 811 3339 legitur
842 3275 856 3319 :
887 3256 1003 3332 Qui
1041 3258 1345 3340 expandit
1374 3259 1569 3322 coelos
1600 3260 1765 3322 sicut
1797 3270 1883 3324 ta-

378 3356 809 3423 bernaculum
849 3356 926 3419 ad
959 3355 1473 3419 inhabitandum.
1493 3357 1610 3419 Ubi
1634 3358 1886 3441 Septua-

377 3458 569 3538 ginta
620 3454 1104 3532 transtulerunt,
1152 3455 1341 3519 Velut
1388 3476 1727 3519 eameram.
1770 3457 1881 3521 Vel

380 3574 621 3619 sensus
664 3561 803 3616 est:
841 3552 1055 3616 Posuit
1098 3572 1290 3635 super
1334 3573 1442 3617 eos
1488 3555 1731 3631 orbem,
1765 3556 1883 3619 hoc

382 3662 507 3731 est,
546 3651 771 3734 polum
806 3647 961 3713 feeit
988 3651 1357 3715 cardinibus
1394 3662 1573 3716 terrae
1603 3654 1886 3717 eminen-

380 3754 645 3815 tiorem.

466 3852 677 3913 Pedes
718 3856 1091 3909 sanctorum
1132 3868 1399 3909 suorum
1433 3852 1735 3920 servabit,
1767 3850 1886 3914 hoe

382 3958 509 4024 est,
536 3946 817 4009 affectus
850 3953 913 4008 et
943 3964 1277 4027 processus
1318 3964 1538 4009 eorum
1580 3967 1771 4011 manu
1803 3957 1889 4011 te-

136 4061 355 4109 Lumw.
388 4046 577 4112 nebit
614 4064 690 4107 ac
730 4044 983 4124 diriget,
1015 4044 1195 4125 juxta
1240 4043 1399 4107 illud
1434 4062 1448 4105 :
1481 4044 1573 4106 Ad
1615 4044 1891 4125 dirigen-

384 4149 507 4210 dos
542 4144 739 4227 pedes
772 4136 1021 4206 nostros
1056 4142 1121 4204 in
1151 4142 1319 4206 viam
1353 4143 1571 4224 pacis;
1607 4154 1666 4204 ec
1696 4147 1891 4222 impii

1992 3161 2328 3244 judicium,
2364 3160 2484 3223 hoc
2519 3168 2617 3222 est
2642 3158 3045 3240 judiciariam
3076 3167 3476 3241 potestatem,

1993 3270 2057 3324 et
2103 3258 2573 3324 exsecutionem
2615 3256 3018 3339 particularis
3057 3278 3130 3321 ac
3167 3259 3481 3339 generalis

1992 3358 2241 3440 judicii,
2276 3358 2456 3438 Juxta
2502 3355 2660 3418 illud
2701 3355 2960 3417 Ioannis
2997 3374 3010 3417 :
3043 3355 3226 3419 Dedit
3269 3356 3328 3419 ei
3375 3374 3483 3438 po-
3550 3386 3772 3434 mmm,

1996 3465 2286 3518 testatem
2316 3462 2379 3517 et
2407 3454 2719 3536 judicium
2752 3451 3150 3535 facere,quia
3170 3452 3348 3516 filius
3379 3454 3484 3517 ho-
3511 3452 3579 3491 2⁷·

1994 3553 2188 3617 minis
2217 3560 2334 3615 est.
2367 3554 2650 3633 Itemque
2682 3570 2696 3613 ε
2736 3551 2914 3614 Pater
2943 3570 3130 3615 omne
3167 3552 3481 3633 judicium
3541 3582 3659 3626 laid.
3681 3583 3748 3624 22,

1995 3653 2171 3716 dedit
2203 3649 2386 3713 Filio.
2421 3650 2591 3713 Hanc
2622 3649 2856 3712 etenim
2889 3649 3115 3731 judicii
3143 3651 3485 3715 exsecutio-

1996 3770 2142 3816 nem
2163 3748 2448 3813 Christus
2481 3766 2596 3809 sua
2625 3746 3005 3824 humilitate,
3027 3746 3484 3829 dijudicatione

1996 3859 2059 3915 et
2098 3848 2394 3933 passione
2444 3846 2815 3929 promeruit.
2851 3846 3216 3910 Exinanivit
3256 3866 3484 3930 nempe
3527 3878 3777 3933 mmmm,

1995 3971 2065 4013 se
2110 3950 2341 4032 ipsum,
2379 3945 2585 4008 factus
2625 3943 2929 4009 obediens
2971 3964 3173 4026 usque
3211 3946 3288 4007 ad
3320 3964 3486 4008 mor·
3515 3944 3601 3983 ⁷·9·

2000 4058 2148 4120 tem,
2172 4054 2432 4128 propter
2461 4044 2633 4126 quod
2663 4051 2728 4104 et
2754 4044 2916 4105 Deus
2947 4043 3248 4107 exaltavit
3275 4043 3480 4105 illum.

2080 4146 2270 4208 Porro
2319 4162 2514 4205 cornu
2560 4141 2817 4218 Christi,
2862 4142 2925 4204 id
2969 4150 3065 4204 est
3110 4148 3485 4223 potestatem

382 4250 461 4307 in
499 4245 780 4307 tenebris
809 4244 1244 4313 conticescent,
1278 4242 1399 4305 hoc
1436 4250 1553 4319 est,
1590 4262 1705 4307 suo
1740 4252 1890 4306 tem·
1919 4250 1970 4310 D
2000 4254 2063 4307 et
2112 4241 2662 4323 magnificentiam
2701 4240 2934 4303 Christi
2978 4240 3122 4303 Filii
3169 4240 3291 4318 sui,
3326 4242 3487 4303 Deus

382 4363 549 4428 porc
583 4340 841 4405 confusi
872 4339 1177 4415 silebunt,
1204 4358 1319 4403 nee
1350 4341 1631 4404 evidenti
1666 4342 1891 4406 verita-

383 4444 433 4506 ti
468 4439 917 4505 contradicere
949 4446 1269 4520 poterunt,
1304 4439 1656 4521 praesertim
1690 4440 1755 4502 in
1786 4441 1889 4503 die

384 4539 625 4625 judicii
672 4556 687 4601 :
734 4538 957 4619 sicque
1007 4536 1449 4601 obmutescent
1498 4538 1562 4600 in
1613 4539 1890 4602 tenebris

385 4640 606 4722 culpae
652 4657 725 4701 ac
770 4633 1109 4698 infernalis
1160 4636 1455 4712 miseriae,
1488 4637 1781 4717 quamvis
1824 4638 1889 4699 in

390 4736 631 4801 inferis
676 4732 1032 4817 ejulabunt.
1068 4735 1237 4803 Quia
1276 4754 1407 4795 non
1450 4736 1519 4793 in
1554 4736 1893 4811 fortitudi-

386 4858 473 4897 ne
518 4856 649 4895 sua
698 4833 1106 4893 roborabitur
1155 4834 1283 4903 vir,
1332 4830 1396 4893 id
1446 4840 1563 4909 est,
1616 4833 1893 4916 propriis

390 4930 653 4995 viribus
703 4947 890 4993 nemo
939 4929 1173 5011 poterit
1222 4930 1347 4993 Deo
1398 4930 1715 5007 resistere,
1764 4931 1893 4995 imo

393 5050 517 5095 nec
548 5027 701 5093 boni
735 5028 891 5109 quid
932 5046 1141 5107 agere,
1176 5036 1285 5089 aut
1324 5028 1643 5089 virtuosus
1683 5048 1895 5090 cense-

394 5128 473 5190 ri.
490 5128 851 5188 Dominum
869 5125 1322 5202 formidabunt
1342 5127 1706 5185 adversarii
1724 5127 1894 5203 ejus:

394 5227 569 5288 Deus
614 5223 789 5287 enim
838 5220 1243 5303 omnipotens
1288 5223 1367 5285 ad
1410 5222 1663 5284 libitum
1708 5242 1893 5285 suum

394 5330 736 5405 perterret,
756 5320 978 5401 dejicit
1008 5328 1072 5383 et
1101 5320 1485 5383 condemnat
1506 5338 1761 5383 omnem
1788 5320 1897 5383 im-

1998 4343 2181 4405 Pater
2223 4338 2680 4428 §multiplieiter
2737 4337 3038 4402 exaltavit
3094 4338 3174 4401 ab
3231 4340 3488 4403 exordio

2002 4438 2247 4514 mundi,
2281 4456 2394 4519 per
2425 4436 2725 4518 mysteria
2751 4445 2815 4499 et
2847 4436 3110 4519 figuraS,
3135 4446 3325 4518 atque
3351 4456 3490 4501 ora-

2004 4537 2169 4613 cula,
2204 4556 2278 4599 ae
2308 4533 2612 4598 vaticinia
2640 4536 3095 4618 Prophetarum
3125 4555 3199 4598 ac
3226 4535 3490 4598 Patriar-

2002 4638 2283 4712 charum,
2303 4654 2418 4717 per
2435 4653 2596 4716 quos
2622 4634 2828 4715 primo
2859 4634 2924 4696 in
2949 4634 3084 4714 lege
3115 4634 3491 4709 naturae,de-

2002 4735 2153 4798 inde
2174 4733 2242 4795 in
2263 4732 2400 4812 lege
2420 4732 2654 4814 scripta
2675 4731 3485 4808 adventum,excellentiam

2002 4842 2067 4897 et
2095 4829 2514 4895 efficientiam
2555 4829 2719 4909 regis
2759 4828 2996 4892 Messiae
3027 4829 3341 4910 praedixit.
3376 4828 3490 4891 De-

2004 4931 2176 5006 inde,
2214 4928 2487 4990 instante
2518 4927 2817 5008 temporis
2845 4926 3265 5009 plenitudine,
3303 4926 3367 4987 in
3401 4926 3491 5007 ip-

2004 5048 2075 5091 sa
2125 5024 2455 5089 salutifera
2504 5034 2566 5087 ct
2625 5023 3254 5105 incomprehensibili
3298 5023 3489 5087 Verbi

2006 5126 2226 5189 aeterni
2259 5123 2715 5197 incarnatione,
2734 5123 2895 5185 Deus
2918 5121 3190 5183 Trinitas
3220 5123 3492 5185 eontulit

2009 5223 2256 5287 Christo
2279 5221 2626 5283 secundum
2653 5229 2942 5282 naturam
2963 5229 3375 5302 assumptam,
3393 5240 3494 5283 au-

2008 5320 2764 5409 ctoritatem,potestatem
2787 5326 2974 5399 atque
2995 5318 3354 5394 dominium,
3371 5338 3494 5383 non
