4359 6250
120 1402 251 1456 Sap.
272 1415 309 1448 ι,
328 1403 400 1442 10.

146 1699 260 1740 Ισ.
278 1711 405 1748 xxm,

168 5289 315 5331 Nm.
332 5300 407 5328 xxi

138 5354 209 5401 ss.
230 5352 389 5393 23-25.
412 5318 427 5335 ’

1226 515 1575 563 manuario
1616 517 1679 562 m
1720 513 1856 562 GAP.
1904 515 1969 561 xl
2008 515 2281 562 summm.
2327 533 2408 544 ·-—
2449 514 2592 560 ART.
2638 513 2746 560 xlx

3408 490 3519 554 171

430 709 669 748 manus
714 709 909 759 mea-5,
942 708 1048 748 ero
1086 697 1289 748 vester
1314 689 1621 765 princeps
1642 689 1672 747 Ρ
1702 685 1767 748 Si
1812 686 1932 748 hoc
1959 683 2012 746 A
2041 705 2152 748 seu
2177 685 2241 746 vi
2274 683 2479 767 praelii
2512 684 2777 747 abstulit
2807 684 2939 764 regi
2961 683 3371 746 Moabitarum
3403 699 3530 743 ma—

428 787 597 850 dixit
646 806 722 850 ex
772 786 1091 850 desiderio
1143 785 1526 868 praesidendi
1577 794 1639 849 et
1688 785 1931 867 proprii

434 885 723 961 honoriS,
744 885 1175 968 vituperabile
1207 884 1331 948 fuit
1357 909 1371 960 3
1408 885 1460 946 si
1493 893 1701 947 autem
1732 904 1807 948 ex
1837 903 1935 948 ea-

430 985 644 1062 ritate,
682 995 754 1047 ut
784 984 1031 1048 seilicet
1064 1005 1179 1047 sua
1210 985 1618 1066 praesidentia
1658 985 1934 1047 traheret

432 1103 545 1147 eos
586 1085 664 1146 ad
698 1085 808 1146 Dei
851 1085 1118 1161 cultum,
1151 1091 1214 1146 et
1252 1093 1658 1147 conservaret
1701 1092 1930 1146 terram

434 1182 505 1245 in
538 1202 713 1265 paee,
735 1182 1144 1245 laudabiliter
1164 1183 1324 1245 dixit
1354 1182 1509 1244 haec.
1530 1186 1659 1252 Qui
1686 1203 1936 1260 respon-

433 1285 679 1342 derunt
707 1284 769 1340 ei
789 1305 813 1342 .·
843 1285 1162 1342 Dominus
1192 1284 1310 1362 qui
1339 1285 1471 1344 hoec
1499 1284 1711 1354 audit,
1746 1282 1808 1343 id
1842 1290 1937 1344 est

434 1380 789 1460 cognoscit.
808 1380 996 1442 Auris
1016 1380 1314 1461 equidem
1346 1380 1465 1444 zeli
1495 1380 1673 1442 audit
1703 1380 1931 1443 omnia.

436 1483 586 1557 Ipse
617 1481 959 1552 mediator,
988 1478 1054 1540 id
1086 1488 1181 1541 est
1211 1478 1378 1541 inter
1410 1496 1525 1541 nos
1559 1490 1937 1560 praesenS,ec

441 1569 616 1638 testis
646 1587 763 1647 est,
790 1577 855 1640 id
884 1585 981 1640 cst
1013 1585 1255 1654 auctor,
1286 1577 1483 1653 testiS,
1504 1596 1576 1639 ae
1602 1578 1797 1659 judex
1830 1579 1939 1640 hu-

436 1678 545 1757 jus
592 1675 859 1754 negotii,
904 1675 1015 1756 qui
1048 1675 1209 1738 dixit
1252 1695 1366 1758 per
1394 1676 1773 1740 Jeremiam:
1809 1678 1937 1756 Ego

437 1794 583 1836 sum
614 1775 813 1856 judex
844 1782 906 1836 et
937 1775 1139 1851 testiS‚
1176 1779 1348 1852 quod
1376 1785 1595 1836 nostra
1618 1779 1937 1852 promissa

2040 803 2231 865 gnam
2277 783 2377 844 sui
2421 782 2601 862 regni
2646 791 2914 865 partem.
2948 782 3280 862 Quumque
3320 780 3529 842 Sehon

2042 901 2149 945 rex
2185 890 2476 962 negasset
2507 881 2666 944 filiis
2697 881 2884 945 lsrael
2917 881 3254 944 transitum
3293 898 3407 962 per
3439 898 3533 942 re-

2040 998 2239 1060 gnum
2271 981 2370 1042 sui
2407 979 2680 1062 imperii,
2706 979 3246 1063 processissetque
3275 979 3531 1042 obviam

2044 1079 2205 1141 siliis
2250 1079 2438 1142 lsrael
2481 1081 2559 1142 ad
2607 1080 3040 1162 pugnandum,
3078 1078 3337 1140 tradidit
3387 1099 3531 1142 eum

2043 1178 2349 1241 Dominus
2395 1196 2541 1241 cum
2585 1178 2761 1242 omni
2811 1185 2978 1239 terra
3023 1196 3096 1240 ac
3139 1177 3378 1259 populo
3418 1199 3533 1243 suo

2036 1278 2110 1348 ‚in
2144 1296 2371 1340 manus
2403 1277 2868 1340 israelitarum:
2904 1276 3017 1358 qui
3053 1285 3283 1338 extunc
3321 1296 3537 1359 posse-

2045 1376 2278 1439 derunt
2325 1375 2539 1457 aliqua
2589 1375 2749 1452 loca,
2785 1395 2928 1457 quae
2970 1375 3314 1456 aliquando
3357 1386 3538 1440 erant

2046 1476 2125 1538 de
2157 1492 2352 1554 regno
2385 1475 2820 1538 Moabitarum.
2841 1476 2918 1536 Et
2949 1475 3059 1538 illa
3085 1495 3192 1539 rex
3223 1475 3342 1539 iste
3375 1476 3540 1539 filio-

2048 1593 2188 1635 rum
2209 1573 2478 1636 Ammon
2512 1574 2700 1637 modo
2722 1575 2991 1656 repetiit,
3007 1575 3160 1656 quia
3187 1575 3324 1657 ipse
3345 1575 3536 1638 etiam

2050 1692 2220 1735 nune
2250 1671 2540 1753 regnavit
2573 1672 2636 1735 in
2670 1671 2866 1735 Moab.

2126 1775 2257 1833 Per
2295 1792 2451 1851 quos
2495 1793 2760 1832 rursum
2807 1775 3146 1832 mandavit
3175 1775 3444 1850 Jeplzcke
3479 1785 3538 1834 et

435 1875 784 1950 faciemus,
808 1873 875 1935 id
908 1880 1004 1935 cst
1036 1872 1470 1954 implebimuS‚
1491 1873 1938 1937 constituendo
1970 1870 2016 1931 B
2049 1873 2397 1948 impe-ravit
2446 1873 2558 1940 eis,
2595 1881 2666 1931 uc
2709 1873 2995 1932 dic-erent
3043 1874 3183 1948 reqi
3211 1876 3492 1934 Ammon
3513 1894 3536 1932 .·

438 1981 503 2034 et
536 1973 777 2035 tuendo
810 1978 871 2034 te
902 1971 1262 2053 principem
1294 1979 1604 2034 nostrum.

520 2073 709 2132 Abiit
760 2073 981 2150 itaque
1022 2073 1289 2147 Jepleche
1336 2091 1483 2130 eze-m
1526 2073 1939 2149 principibus

444 2173 729 2240 Galami,
750 2171 1027 2248 fecitque
1046 2189 1193 2229 eum
1224 2171 1433 2229 omnis
1454 2174 1737 2246 populus
1752 2173 1941 2246 prire-

437 2270 649 2345 ce'pem
695 2267 1129 2349 sai.Jep11the
1182 2267 1357 2330 venit
1405 2286 1550 2329 cum
1600 2267 1940 2331 Galaaditis

440 2385 649 2447 usque
694 2366 762 2427 in
808 2365 1064 2448 Maspha
1104 2374 1279 2428 trans
1318 2366 1679 2442 iomanem,
1715 2367 1781 2428 in
1812 2386 1941 2449 quo

444 2464 587 2528 loco
636 2473 1075 2528 convenerant
1125 2463 1246 2525 filii
1300 2465 1511 2540 Israel,
1554 2484 1681 2528 non
1733 2465 1939 2528 solum

440 2563 566 2626 viri
620 2565 701 2626 de
750 2562 1007 2639 Galaad,
1060 2564 1139 2626 ad
1192 2564 1612 2641 tractandum,
1666 2565 1944 2645 qualiter

441 2671 615 2725 esset
645 2661 1073 2724 resistendum
1110 2661 1268 2723 siliis
1299 2663 1591 2725 Ammon.
1628 2662 1803 2737 Quod
1846 2684 1944 2726 er-

438 2780 523 2842 go
576 2780 749 2823 nune
798 2760 1037 2822 dicitur
1085 2759 1295 2824 omnis
1341 2761 1613 2843 populus
1662 2781 1805 2824 eum
1854 2763 1944 2826 fe-

440 2859 611 2924 cisse
656 2859 1016 2942 prineipem
1063 2879 1272 2934 suum,
1320 2859 1803 2942 intelligendum
1849 2862 1943 2925 vi-

440 2960 631 3021 detur
654 2960 734 3021 de
756 2958 1055 3022 omnibus
1090 2959 1179 3021 ibi
1212 2957 1512 3037 collectiS,
1533 2978 1661 3022 non
1696 2969 1940 3023 tantum

2049 1972 2203 2030 Hoec
2244 1971 2407 2029 dicit
2445 1971 2736 2046 Jephthe,
2769 1973 2915 2030 Non
2969 1973 3122 2030 tulit
3164 1974 3374 2032 Israel
3423 1981 3539 2031 ter-

2048 2089 2124 2127 ra
2132 2089 2194 2128 m
2225 2071 2434 2140 Alsoab,
2471 2089 2583 2128 nec
2625 2075 2862 2128 terram
2892 2072 3182 2145 filiorum
3215 2073 3492 2131 Ammon
3515 2091 3538 2130 .·

2049 2166 2111 2227 id
2165 2175 2282 2244 est,
2337 2167 2614 2248 populus
2665 2166 3046 2229 israeliticus
3100 2186 3226 2230 non
3276 2168 3540 2230 abstulit

2049 2264 2430 2327 Ammonitis
2469 2274 2578 2326 aut
2616 2264 2900 2328 Moabitis
2943 2265 3292 2347 quidquam
3332 2267 3411 2329 de
3451 2286 3540 2329 re-

2048 2363 2175 2443 gno
2208 2381 2448 2438 eorum,
2473 2363 2646 2444 quod
2677 2382 2794 2445 pro
2827 2373 2978 2426 tunc
3011 2364 3390 2446 pertinuerit
3420 2365 3534 2442 6ἰε,

2050 2461 2346 2544 quamvis
2377 2460 2592 2542 aliqua
2620 2461 3041 2538 abstulerunt,
3077 2481 3220 2543 quae
3249 2463 3541 2544 aliquan-

2050 2562 2132 2625 do
2164 2562 2609 2642 pertinuerunt
2640 2562 2718 2622 ad
2753 2561 2917 2624 illos
2942 2562 3118 2624 Unde
3151 2562 3216 2624 in
3248 2564 3541 2626 Deutero-

2052 2660 2268 2722 nomio
2318 2659 2622 2722 Dominus
2673 2660 2764 2722 ait
2813 2661 3049 2743 populo
3099 2661 3286 2723 Israel
3334 2677 3347 2721 ε
3402 2661 3536 2724 Non
3592 2679 3829 2729 venans,

2050 2775 2297 2840 pugnes
2345 2765 2565 2822 eontra
2613 2758 2936 2834 MoabitaS,
2972 2777 3098 2822 non
3150 2759 3322 2822 enim
3373 2761 3538 2825 dabo
3573 2745 3636 2786 ¹⁹·

2052 2856 2167 2919 tibi
2201 2857 2553 2939 quidquam
2594 2858 2674 2920 de
2714 2866 2880 2921 terra
2919 2877 3163 2922 eorum.
3199 2858 3272 2920 Et
3319 2879 3540 2922 rursus

2053 2955 2328 3018 ibidem:
2354 2956 2488 3018 Non
2520 2975 2765 3038 pugnes
2797 2965 3016 3019 contra
3047 2955 3220 3020 filios
3241 2957 3535 3035 Ammon,

438 3058 524 3120 de
550 3055 933 3132 Galaaditis3
961 3056 1377 3139 feceruntque
1406 3077 1551 3120 eum
1584 3058 1939 3143 principem
1971 3053 2015 3116 C
2054 3073 2181 3118 non
2227 3055 2396 3117 enim
2439 3055 2602 3118 dabo
2643 3055 2760 3116 tibi
2800 3056 2878 3118 de
2914 3065 3081 3119 terra
3110 3075 3352 3135 eorum,
3387 3057 3542 3139 quia

444 3157 545 3219 sui
580 3165 731 3219 ante
762 3156 1118 3220 victoriam.
1142 3160 1545 3235 Locucusque
1570 3168 1660 3218 esc
1677 3161 1944 3235 Jephtlze

442 3276 665 3316 omnes
712 3276 1031 3315 sermones
1084 3276 1229 3316 suos
1282 3276 1499 3316 coram
1544 3259 1819 3317 Domino
1870 3259 1939 3318 in

446 3356 773 3431 Maspha:
806 3352 869 3413 id
914 3361 1032 3429 est,
1068 3353 1277 3436 primo
1320 3353 1685 3417 humiliavit
1730 3374 1797 3417 se
1842 3375 1945 3418 co-

446 3472 585 3514 ram
618 3452 767 3528 Dec,
788 3459 852 3514 et
876 3452 1016 3533 ejus
1048 3451 1371 3514 invocavit
1401 3452 1733 3531 auxilium,
1755 3462 1943 3536 atque

444 3550 513 3612 in
558 3550 849 3613 omnium
885 3550 1224 3632 praesentia
1256 3549 1553 3632 repetivit
1585 3552 1941 3632 pactionem

448 3650 619 3712 inter
661 3668 729 3711 se
768 3647 1255 3729 Galaaditasque
1302 3648 1548 3725 initam,
1587 3668 1701 3731 pro
1744 3650 1947 3712 ratifi-

446 3747 703 3811 catione
736 3747 987 3829 majori.

518 3850 607 3909 Ec
642 3847 822 3907 misit
852 3847 1117 3907 nuntios
1140 3848 1229 3906 ad
1257 3866 1465 3923 reyem
1484 3848 1775 3923 filiorum
1797 3850 1948 3908 Am-

454 3966 626 4017 mon,
662 3946 783 4025 qui
823 3966 905 4004 ex
940 3964 1220 4021 persona
1261 3947 1369 4004 sui
1414 3947 1702 4006 dicerent
1722 3967 1744 4005 .·
1778 3948 1950 4015 Quid

450 4046 623 4104 mihi
650 4054 711 4103 ec
745 4045 866 4103 tibi
892 4052 1002 4114 est,
1040 4041 1100 4104 id
1147 4052 1263 4121 cst,
1300 4043 1454 4123 quid
1503 4061 1707 4106 oausae
1752 4052 1813 4107 ct
1858 4063 1950 4106 ra-

452 4142 651 4205 tionis
670 4149 895 4204 contra
925 4160 1029 4203 me
1059 4140 1277 4218 habeS‚
1292 4144 1451 4220 quia
1475 4145 1711 4203 venisti
1728 4152 1981 4203 contra·

2053 3154 2212 3217 filiis
2244 3156 2357 3217 Lot
2387 3154 2618 3217 tradidi
2650 3174 2812 3217 eam.
2849 3159 2978 3217 Sed
3007 3160 3266 3236 quando
3299 3155 3422 3218 filii
3458 3158 3541 3220 Is-

2054 3254 2185 3316 rael
2214 3258 2293 3314 de
2323 3256 2605 3331 *Eyypto
2635 3258 3156 3327 conscenderunt,
3181 3258 3540 3317 ambulavit
3583 3277 3747 3329 laid...
3771 3280 3831 3320 19.

2044 3372 2165 3431 per
2194 3354 2612 3413 solitudt‘nem
2647 3374 2842 3431 usque
2879 3357 2968 3413 ad
3013 3375 3189 3415 mare
3219 3356 3540 3425 Rubrum,

2052 3462 2112 3512 et
2145 3454 2319 3512 venit
2349 3450 2625 3532 populus
2665 3451 2851 3513 Israel
2886 3454 2957 3513 in
2990 3454 3184 3513 Gades
3215 3452 3435 3528 Bar-ne,
3472 3461 3542 3514 ut

2055 3551 2123 3611 in
2155 3550 2642 3613 Deuteronomio
2675 3549 2966 3613 habetur.
3002 3552 3307 3631 Misicque
3336 3555 3543 3613 Israel

2054 3649 2319 3707 nuntios
2362 3651 2450 3707 ad
2491 3667 2698 3724 reqem
2739 3650 2960 3718 Edom,
2996 3647 3060 3709 id
3105 3656 3201 3710 est
3243 3648 3544 3709 ldumaeo-

2057 3764 2221 3821 rum,
2240 3749 2460 3806 dicens
2483 3767 2505 3805 .·
2527 3748 2798 3806 Dimitte
2827 3756 2898 3806 ut
2933 3756 3254 3807 transeam
3277 3766 3397 3823 per
3430 3756 3546 3806 cer-

2056 3866 2202 3904 ram
2249 3855 2453 3905 tuam.
2493 3846 2620 3913 Qui
2659 3846 2871 3905 noluit
2912 3848 3307 3924 acquiescere
3337 3845 3544 3921 preci-

2057 3945 2173 4003 bus
2217 3944 2376 4021 ejus.
2415 3942 2572 4004 Hine
2621 3942 2852 4023 legitur
2903 3944 2968 4004 in
3015 3942 3344 4005 Numeris:
3385 3942 3543 4006 Ecce
3612 3968 3836 4019 Numa,

2059 4041 2126 4101 in
2162 4041 2319 4104 urbe
2349 4041 2544 4105 Gades
2576 4040 2787 4123 positi,
2818 4043 3224 4104 obsecramus
3257 4050 3328 4103 ut
3359 4040 3544 4105 nobis
3579 4034 3714 4074 ¹⁶⁴⁸·

2060 4139 2332 4202 transire
2375 4140 2564 4203 liceat
2606 4159 2720 4222 per
2766 4149 2994 4202 'terram
3049 4148 3243 4202 tuam.
3287 4140 3400 4204 Cui
3452 4159 3548 4203 re-

452 4262 577 4310 me,
604 4251 685 4300 ut
728 4250 1013 4301 vastares
1056 4251 1296 4301 terram
1338 4262 1567 4311 meam,
1604 4241 1666 4302 id
1700 4249 1797 4303 est
1835 4250 1951 4303 ter·
1980 4246 2028 4307 D
2060 4239 2320 4321 spondit
2349 4240 2544 4301 Edom
2567 4256 2580 4300 2
2607 4240 2740 4303 Non
2775 4238 3077 4302 transibis
3109 4258 3223 4321 per
3253 4258 3376 4316 me,
3399 4239 3550 4303 alio-

450 4358 589 4401 ram
643 4337 933 4401 filiorum
985 4338 1194 4415 Israel,
1250 4337 1485 4419 quibus
1537 4358 1835 4421 pressum,
1889 4347 1952 4401 et

454 4446 687 4499 terram
722 4436 790 4497 in
818 4455 949 4517 qua
967 4436 1353 4499 constitutus
1386 4456 1524 4498 sum
1555 4437 1786 4517 judex?
1806 4440 1953 4507 Qui-

452 4538 571 4596 bus
600 4538 715 4595 ille
744 4537 1122 4613 respondit:
1154 4538 1324 4603 Quia
1358 4538 1530 4607 tulit,
1553 4536 1616 4598 id
1650 4543 1767 4611 est,
1790 4535 1954 4617 inju-

452 4641 549 4696 ste
592 4642 657 4696 et
704 4632 1019 4696 violenter
1066 4632 1333 4695 abstulit
1374 4642 1437 4696 et
1483 4634 1604 4696 sibi
1652 4633 1946 4715 subjecit,

458 4736 660 4794 Israel
691 4742 935 4793 terram
964 4752 1171 4792 meam
1205 4732 1284 4794 de
1313 4733 1471 4814 jure,
1501 4732 1797 4814 quamvis
1825 4751 1951 4796 non

436 4832 535 4893 de
578 4830 769 4905 facto,
814 4833 1077 4909 quando
1121 4834 1408 4891 ascendit
1447 4834 1527 4891 de
1564 4834 1870 4908 AEqypt0‚
1912 4853 1953 4891 a

453 4932 702 5006 finibus
734 4932 993 4998 Arnon,
1026 4928 1090 4991 id
1132 4936 1227 4991 est
1272 4928 1392 4991 loci
1441 4929 1531 4991 sic
1574 4930 1949 5010 nuncupati,

458 5048 656 5107 usqae
682 5030 903 5095 Jaboc,
938 5026 1002 5087 id
1034 5034 1128 5089 est
1161 5026 1369 5089 locum
1404 5027 1497 5089 sic
1530 5025 1950 5104 nominatum,

456 5135 649 5205 atque
667 5128 1045 5187 Iordanem.
1072 5128 1264 5186 Nune
1290 5146 1437 5202 erqo
1468 5147 1615 5185 oum.
1639 5146 1796 5202 pace
1818 5130 1955 5186 red-

457 5228 537 5285 de
563 5246 705 5285 eam
741 5226 929 5285 milli.
964 5222 1508 5297 Quemadmodum
1555 5224 1621 5285 in
1666 5224 1954 5287 Numeris

458 5320 866 5400 describitur,
894 5320 1101 5384 Sehon
1135 5340 1243 5385 rex
1274 5322 1781 5386 Amorrhaeorum
1814 5324 1958 5404 jure

2060 4337 2171 4419 qui
2215 4346 2494 4399 armatus
2542 4355 2869 4401 occurram
2922 4337 3062 4399 tibi.
3097 4338 3548 4401 Verumtamen

2061 4436 2160 4498 his
2181 4436 2375 4516 objici
2399 4445 2622 4518 potest,
2644 4438 2814 4518 quod
2843 4437 2907 4499 in
2934 4436 3419 4501 Deuteronomio
3439 4438 3552 4500 Do-

2062 4534 2276 4596 minus
2308 4535 2631 4617 loquitur:
2665 4535 3046 4598 Transibitis
3088 4555 3200 4617 per
3247 4534 3551 4599 terminos
3604 4558 3842 4606 nasama

2064 4633 2329 4695 fratrum
2381 4643 2733 4697 vestrorum
2787 4633 3145 4716 [filiorum]
3197 4635 3398 4709 Esau,·
3439 4634 3548 4715 qui

2062 4729 2351 4793 habitant
2389 4730 2456 4791 in
2497 4730 2652 4805 Seir,
2689 4739 2752 4793 et
2787 4730 3101 4793 timebunt
3133 4750 3264 4793 vos.
3302 4732 3393 4792 Ad
3431 4730 3552 4794 hoe

2038 4828 2261 4910 -aliqui
2294 4828 2538 4905 dieunt,
2571 4829 2742 4909 quod
2784 4828 2989 4910 primo
3025 4828 3296 4907 negavit,
3333 4829 3556 4891 videli-

2062 4936 2161 4991 cet
2181 4945 2350 4990 anno
2371 4928 2647 4990 secundo
2665 4926 3050 5008 egressionis
3076 4927 3259 4989 lsrael
3285 4946 3360 4989 ex
3381 4928 3556 5010 AEgy-

2063 5036 2204 5110 pt03
2241 5034 2458 5108 postea
2487 5034 2697 5088 autem
2731 5025 2828 5087 vel
2865 5024 3030 5088 idem
3065 5044 3172 5088 rex
3202 5026 3424 5103 Edom,
3453 5026 3553 5089 vel

2062 5126 2203 5206 ejus
2237 5144 2579 5200 successor,
2598 5123 2912 5186 concessit
2947 5123 3104 5185 filiis
3137 5123 3320 5187 lsrael
3359 5133 3557 5187 trans-

2064 5224 2224 5286 itum
2281 5223 2492 5299 illum,
2549 5240 2718 5285 anno
2772 5222 3018 5285 scilicet
3069 5223 3555 5303 quadragesimo

2063 5319 2446 5403 egressionis
2479 5321 2779 5402 praefatae.
2812 5320 2935 5382 Alii
2969 5320 3208 5393 dicunt,
3243 5321 3402 5402 quod
3439 5341 3556 5385 1166
