<?xml version="1.0" encoding="UTF-8"?>
<!DOCTYPE html PUBLIC "-//W3C//DTD XHTML 1.0 Transitional//EN"
    "http://www.w3.org/TR/xhtml1/DTD/xhtml1-transitional.dtd">
<html xmlns="http://www.w3.org/1999/xhtml" xml:lang="en" lang="en">
 <head>
  <title>
</title>
<meta http-equiv="Content-Type" content="text/html;charset=utf-8" />
  <meta name='ocr-system' content='tesseract 3.04.00' />
  <meta name='ocr-capabilities' content='ocr_page ocr_carea ocr_par ocr_line ocrx_word'/>
</head>
<body>
  <div class='ocr_page' id='page_1' title='image "./doctorisecstati02denigoog_0554.png"; bbox 0 0 4359 6250; ppageno 0'>
   <div class='ocr_carea' id='block_1_1' title="bbox 905 497 2942 548">
    <p class='ocr_par' dir='ltr' id='par_1_1' title="bbox 905 497 2942 548">
     <span class='ocr_line' id='line_1_1' title="bbox 905 497 2942 548; baseline 0.001 -2"><span class='ocrx_word' id='word_1_1' title='bbox 905 499 1254 546; x_wconf 65' lang='lat' dir='ltr'>manuario</span> <span class='ocrx_word' id='word_1_2' title='bbox 1297 500 1358 545; x_wconf 74' lang='lat' dir='ltr'>IN</span> <span class='ocrx_word' id='word_1_3' title='bbox 1401 498 1536 545; x_wconf 73' lang='lat' dir='ltr'>CAP.</span> <span class='ocrx_word' id='word_1_4' title='bbox 1585 499 1692 544; x_wconf 83' lang='lat' dir='ltr'>xm</span> <span class='ocrx_word' id='word_1_5' title='bbox 1725 497 1894 544; x_wconf 75' lang='lat' dir='ltr'>&#39;unm</span> <span class='ocrx_word' id='word_1_6' title='bbox 1937 499 2188 544; x_wconf 53' lang='lat' dir='ltr'>sti-:curem</span> <span class='ocrx_word' id='word_1_7' title='bbox 2230 499 2455 546; x_wconf 65' lang='lat' dir='ltr'>necuit.</span> <span class='ocrx_word' id='word_1_8' title='bbox 2500 519 2581 530; x_wconf 89' lang='grc'>--</span> <span class='ocrx_word' id='word_1_9' title='bbox 2621 501 2765 548; x_wconf 76' lang='lat' dir='ltr'>ART.</span> <span class='ocrx_word' id='word_1_10' title='bbox 2811 501 2942 548; x_wconf 81' lang='lat' dir='ltr'>xxu</span> 
     </span>
    </p>
   </div>
   <div class='ocr_carea' id='block_1_2' title="bbox 3344 486 3458 548">
    <p class='ocr_par' dir='ltr' id='par_1_2' title="bbox 3344 486 3458 548">
     <span class='ocr_line' id='line_1_2' title="bbox 3344 486 3458 548; baseline 0 0"><span class='ocrx_word' id='word_1_11' title='bbox 3344 486 3458 548; x_wconf 74' lang='lat'>511</span> 
     </span>
    </p>
   </div>
   <div class='ocr_carea' id='block_1_3' title="bbox 345 668 3463 754">
    <p class='ocr_par' dir='ltr' id='par_1_3' title="bbox 345 668 3463 754">
     <span class='ocr_line' id='line_1_3' title="bbox 345 668 3463 754; baseline 0.001 -22"><span class='ocrx_word' id='word_1_12' title='bbox 345 671 682 732; x_wconf 56' lang='lat' dir='ltr'>cordis-‘ac</span> <span class='ocrx_word' id='word_1_13' title='bbox 712 670 1020 753; x_wconf 77' lang='lat' dir='ltr'>corporiS‚</span> <span class='ocrx_word' id='word_1_14' title='bbox 1057 678 1120 733; x_wconf 88' lang='lat' dir='ltr'>et</span> <span class='ocrx_word' id='word_1_15' title='bbox 1147 690 1373 754; x_wconf 86' lang='lat' dir='ltr'>aspera</span> <span class='ocrx_word' id='word_1_16' title='bbox 1403 671 1617 746; x_wconf 81' lang='lat' dir='ltr'>vestiS,</span> <span class='ocrx_word' id='word_1_17' title='bbox 1650 679 1866 752; x_wconf 85' lang='lat' dir='ltr'>quate-</span> <span class='ocrx_word' id='word_1_18' title='bbox 1894 668 1946 730; x_wconf 82' lang='lat' dir='ltr'>A</span> <span class='ocrx_word' id='word_1_19' title='bbox 1976 669 2175 750; x_wconf 84' lang='lat' dir='ltr'>praelii</span> <span class='ocrx_word' id='word_1_20' title='bbox 2219 671 2404 732; x_wconf 89' lang='lat' dir='ltr'>debet</span> <span class='ocrx_word' id='word_1_21' title='bbox 2453 689 2568 752; x_wconf 89' lang='lat' dir='ltr'>per</span> <span class='ocrx_word' id='word_1_22' title='bbox 2613 670 2930 734; x_wconf 84' lang='lat' dir='ltr'><strong>Christum</strong></span> <span class='ocrx_word' id='word_1_23' title='bbox 2975 670 3120 734; x_wconf 81' lang='lat' dir='ltr'>fieri</span> <span class='ocrx_word' id='word_1_24' title='bbox 3171 672 3357 749; x_wconf 87' lang='lat' dir='ltr'>velle,</span> <span class='ocrx_word' id='word_1_25' title='bbox 3400 681 3463 736; x_wconf 91' lang='lat' dir='ltr'>et</span> 
     </span>
    </p>
   </div>
   <div class='ocr_carea' id='block_1_4' title="bbox 123 768 1861 848">
    <p class='ocr_par' dir='ltr' id='par_1_4' title="bbox 123 768 1861 848">
     <span class='ocr_line' id='line_1_4' title="bbox 123 768 1861 848; baseline 0.003 -24"><span class='ocrx_word' id='word_1_26' title='bbox 123 797 150 824; x_wconf 68' lang='lat' dir='ltr'>a</span> <span class='ocrx_word' id='word_1_27' title='bbox 171 797 198 824; x_wconf 69' lang='lat' dir='ltr'>a</span> <span class='ocrx_word' id='word_1_28' title='bbox 225 815 236 824; x_wconf 87' lang='lat'>.</span> <span class='ocrx_word' id='word_1_29' title='bbox 261 797 306 831; x_wconf 66' lang='lat' dir='ltr'>v.</span> <span class='ocrx_word' id='word_1_30' title='bbox 347 785 489 830; x_wconf 82' lang='lat' dir='ltr'>nus</span> <span class='ocrx_word' id='word_1_31' title='bbox 517 787 668 832; x_wconf 88' lang='lat' dir='ltr'>caro</span> <span class='ocrx_word' id='word_1_32' title='bbox 687 769 1061 848; x_wconf 80' lang='lat' dir='ltr'>castigetur.</span> <span class='ocrx_word' id='word_1_33' title='bbox 1087 768 1202 843; x_wconf 88' lang='lat' dir='ltr'>Qui</span> <span class='ocrx_word' id='word_1_34' title='bbox 1233 770 1407 832; x_wconf 92' lang='lat' dir='ltr'>enim</span> <span class='ocrx_word' id='word_1_35' title='bbox 1438 777 1586 832; x_wconf 88' lang='lat' dir='ltr'>sunt</span> <span class='ocrx_word' id='word_1_36' title='bbox 1606 769 1861 846; x_wconf 85' lang='lat' dir='ltr'>Christi,</span> 
     </span>
    </p>
   </div>
   <div class='ocr_carea' id='block_1_5' title="bbox 347 867 1867 1147">
    <p class='ocr_par' dir='ltr' id='par_1_5' title="bbox 347 867 1867 1147">
     <span class='ocr_line' id='line_1_5' title="bbox 347 867 1864 950; baseline 0.001 -22"><span class='ocrx_word' id='word_1_37' title='bbox 347 885 624 928; x_wconf 84' lang='lat' dir='ltr'>carnem</span> <span class='ocrx_word' id='word_1_38' title='bbox 657 887 838 930; x_wconf 88' lang='lat' dir='ltr'>suam</span> <span class='ocrx_word' id='word_1_39' title='bbox 859 887 1006 930; x_wconf 90' lang='lat' dir='ltr'>cum</span> <span class='ocrx_word' id='word_1_40' title='bbox 1033 868 1206 930; x_wconf 91' lang='lat' dir='ltr'>vitiis</span> <span class='ocrx_word' id='word_1_41' title='bbox 1239 877 1300 930; x_wconf 88' lang='lat' dir='ltr'>et</span> <span class='ocrx_word' id='word_1_42' title='bbox 1329 867 1864 950; x_wconf 81' lang='lat' dir='ltr'>concupiscentiis</span> 
     </span>
     <span class='ocr_line' id='line_1_6' title="bbox 349 964 1867 1046; baseline -0.001 -18"><span class='ocrx_word' id='word_1_43' title='bbox 349 965 783 1046; x_wconf 76' lang='lat' dir='ltr'>crucifigunt.</span> <span class='ocrx_word' id='word_1_44' title='bbox 817 965 1080 1040; x_wconf 84' lang='lat' dir='ltr'>Quodsi</span> <span class='ocrx_word' id='word_1_45' title='bbox 1113 967 1190 1029; x_wconf 90' lang='lat' dir='ltr'>ad</span> <span class='ocrx_word' id='word_1_46' title='bbox 1224 965 1478 1029; x_wconf 89' lang='lat' dir='ltr'>libitum</span> <span class='ocrx_word' id='word_1_47' title='bbox 1513 985 1638 1029; x_wconf 92' lang='lat' dir='ltr'>non</span> <span class='ocrx_word' id='word_1_48' title='bbox 1673 964 1867 1029; x_wconf 80' lang='lat' dir='ltr'>fueri-</span> 
     </span>
     <span class='ocr_line' id='line_1_7' title="bbox 349 1063 1866 1147; baseline 0.001 -21"><span class='ocrx_word' id='word_1_49' title='bbox 349 1081 512 1126; x_wconf 89' lang='lat' dir='ltr'>mus</span> <span class='ocrx_word' id='word_1_50' title='bbox 533 1063 839 1141; x_wconf 86' lang='lat' dir='ltr'>exauditi,</span> <span class='ocrx_word' id='word_1_51' title='bbox 865 1082 992 1127; x_wconf 90' lang='lat' dir='ltr'>non</span> <span class='ocrx_word' id='word_1_52' title='bbox 1015 1065 1096 1128; x_wconf 90' lang='lat' dir='ltr'>ob</span> <span class='ocrx_word' id='word_1_53' title='bbox 1113 1064 1238 1128; x_wconf 87' lang='lat' dir='ltr'>hoc</span> <span class='ocrx_word' id='word_1_54' title='bbox 1259 1065 1699 1147; x_wconf 84' lang='lat' dir='ltr'>pusillanimes</span> <span class='ocrx_word' id='word_1_55' title='bbox 1721 1084 1866 1128; x_wconf 85' lang='lat' dir='ltr'>mox</span> 
     </span>
    </p>
   </div>
   <div class='ocr_carea' id='block_1_6' title="bbox 205 1163 1868 1244">
    <p class='ocr_par' dir='ltr' id='par_1_6' title="bbox 205 1163 1868 1244">
     <span class='ocr_line' id='line_1_8' title="bbox 205 1163 1868 1244; baseline 0.007 -26"><span class='ocrx_word' id='word_1_56' title='bbox 205 1181 298 1228; x_wconf 72' lang='lat'>.‚2.</span> <span class='ocrx_word' id='word_1_57' title='bbox 350 1163 732 1241; x_wconf 75' lang='lat' dir='ltr'><strong>reddamur,</strong></span> <span class='ocrx_word' id='word_1_58' title='bbox 769 1163 878 1226; x_wconf 88' lang='lat' dir='ltr'>sed</span> <span class='ocrx_word' id='word_1_59' title='bbox 912 1164 1036 1227; x_wconf 89' lang='lat' dir='ltr'>Deo</span> <span class='ocrx_word' id='word_1_60' title='bbox 1080 1163 1368 1244; x_wconf 83' lang='lat' dir='ltr'>subjecta</span> <span class='ocrx_word' id='word_1_61' title='bbox 1401 1164 1482 1226; x_wconf 87' lang='lat' dir='ltr'>sit</span> <span class='ocrx_word' id='word_1_62' title='bbox 1513 1164 1727 1226; x_wconf 87' lang='lat' dir='ltr'>anima</span> <span class='ocrx_word' id='word_1_63' title='bbox 1759 1184 1868 1229; x_wconf 90' lang='lat' dir='ltr'>no-</span> 
     </span>
    </p>
   </div>
   <div class='ocr_carea' id='block_1_7' title="bbox 346 1261 1868 1837">
    <p class='ocr_par' dir='ltr' id='par_1_7' title="bbox 346 1261 1868 1837">
     <span class='ocr_line' id='line_1_9' title="bbox 351 1261 1867 1344; baseline 0.001 -22"><span class='ocrx_word' id='word_1_64' title='bbox 351 1271 500 1324; x_wconf 87' lang='lat' dir='ltr'>stra</span> <span class='ocrx_word' id='word_1_65' title='bbox 541 1261 609 1324; x_wconf 91' lang='lat' dir='ltr'>in</span> <span class='ocrx_word' id='word_1_66' title='bbox 649 1262 826 1324; x_wconf 88' lang='lat' dir='ltr'>omni</span> <span class='ocrx_word' id='word_1_67' title='bbox 871 1281 1006 1343; x_wconf 90' lang='lat' dir='ltr'>spe,</span> <span class='ocrx_word' id='word_1_68' title='bbox 1041 1262 1402 1326; x_wconf 90' lang='lat' dir='ltr'>humilitate</span> <span class='ocrx_word' id='word_1_69' title='bbox 1448 1271 1511 1326; x_wconf 88' lang='lat' dir='ltr'>et</span> <span class='ocrx_word' id='word_1_70' title='bbox 1560 1263 1867 1344; x_wconf 89' lang='lat' dir='ltr'>patientia</span> 
     </span>
     <span class='ocr_line' id='line_1_10' title="bbox 353 1360 1867 1442; baseline 0.002 -20"><span class='ocrx_word' id='word_1_71' title='bbox 353 1379 556 1434; x_wconf 80' lang='lat' dir='ltr'>vera3</span> <span class='ocrx_word' id='word_1_72' title='bbox 585 1368 648 1422; x_wconf 91' lang='lat' dir='ltr'>et</span> <span class='ocrx_word' id='word_1_73' title='bbox 679 1368 938 1442; x_wconf 89' lang='lat' dir='ltr'>propter</span> <span class='ocrx_word' id='word_1_74' title='bbox 967 1360 1370 1424; x_wconf 82' lang='lat' dir='ltr'>inevitabilia</span> <span class='ocrx_word' id='word_1_75' title='bbox 1399 1361 1567 1425; x_wconf 90' lang='lat' dir='ltr'>mala</span> <span class='ocrx_word' id='word_1_76' title='bbox 1599 1381 1724 1425; x_wconf 91' lang='lat' dir='ltr'>non</span> <span class='ocrx_word' id='word_1_77' title='bbox 1757 1363 1867 1425; x_wconf 91' lang='lat' dir='ltr'>do-</span> 
     </span>
     <span class='ocr_line' id='line_1_11' title="bbox 351 1459 1868 1543; baseline 0.003 -23"><span class='ocrx_word' id='word_1_78' title='bbox 351 1459 615 1522; x_wconf 84' lang='lat' dir='ltr'>leamus</span> <span class='ocrx_word' id='word_1_79' title='bbox 673 1459 1054 1536; x_wconf 87' lang='lat' dir='ltr'>inordinate,</span> <span class='ocrx_word' id='word_1_80' title='bbox 1105 1479 1222 1524; x_wconf 88' lang='lat' dir='ltr'>nec</span> <span class='ocrx_word' id='word_1_81' title='bbox 1277 1461 1515 1523; x_wconf 89' lang='lat' dir='ltr'>amicos</span> <span class='ocrx_word' id='word_1_82' title='bbox 1564 1479 1676 1523; x_wconf 88' lang='lat' dir='ltr'>seu</span> <span class='ocrx_word' id='word_1_83' title='bbox 1729 1480 1868 1543; x_wconf 87' lang='lat' dir='ltr'>pro-</span> 
     </span>
     <span class='ocr_line' id='line_1_12' title="bbox 351 1556 1868 1640; baseline 0.002 -21"><span class='ocrx_word' id='word_1_84' title='bbox 351 1557 648 1640; x_wconf 89' lang='lat' dir='ltr'>pinquos</span> <span class='ocrx_word' id='word_1_85' title='bbox 679 1556 1016 1622; x_wconf 79' lang='lat' dir='ltr'>defunctos</span> <span class='ocrx_word' id='word_1_86' title='bbox 1047 1558 1602 1622; x_wconf 80' lang='lat' dir='ltr'>inconsolabiliter</span> <span class='ocrx_word' id='word_1_87' title='bbox 1631 1558 1868 1622; x_wconf 80' lang='lat' dir='ltr'>deflea-</span> 
     </span>
     <span class='ocr_line' id='line_1_13' title="bbox 349 1655 1868 1740; baseline 0.001 -22"><span class='ocrx_word' id='word_1_88' title='bbox 349 1675 531 1732; x_wconf 75' lang='lat' dir='ltr'>muS,</span> <span class='ocrx_word' id='word_1_89' title='bbox 559 1657 672 1718; x_wconf 90' lang='lat' dir='ltr'>sed</span> <span class='ocrx_word' id='word_1_90' title='bbox 701 1655 938 1719; x_wconf 78' lang='lat' dir='ltr'>divinae</span> <span class='ocrx_word' id='word_1_91' title='bbox 967 1657 1385 1740; x_wconf 81' lang='lat' dir='ltr'>providentiae</span> <span class='ocrx_word' id='word_1_92' title='bbox 1414 1667 1478 1720; x_wconf 91' lang='lat' dir='ltr'>et</span> <span class='ocrx_word' id='word_1_93' title='bbox 1506 1657 1698 1738; x_wconf 86' lang='lat' dir='ltr'>justis</span> <span class='ocrx_word' id='word_1_94' title='bbox 1729 1659 1868 1739; x_wconf 87' lang='lat' dir='ltr'>ejus</span> 
     </span>
     <span class='ocr_line' id='line_1_14' title="bbox 346 1755 1518 1837; baseline 0 -19"><span class='ocrx_word' id='word_1_95' title='bbox 346 1755 628 1837; x_wconf 88' lang='lat' dir='ltr'>judiciis</span> <span class='ocrx_word' id='word_1_96' title='bbox 658 1755 900 1818; x_wconf 86' lang='lat' dir='ltr'>subditi</span> <span class='ocrx_word' id='word_1_97' title='bbox 933 1756 1154 1818; x_wconf 80' lang='lat' dir='ltr'>simus,</span> <span class='ocrx_word' id='word_1_98' title='bbox 1515 1781 1518 1784; x_wconf 88' lang='lat'><strong>·</strong></span> 
     </span>
    </p>
   </div>
   <div class='ocr_carea' id='block_1_8' title="bbox 1978 768 3458 852">
    <p class='ocr_par' dir='ltr' id='par_1_8' title="bbox 1978 768 3458 852">
     <span class='ocr_line' id='line_1_15' title="bbox 1978 768 3458 852; baseline 0.002 -23"><span class='ocrx_word' id='word_1_99' title='bbox 1978 787 2102 830; x_wconf 91' lang='lat' dir='ltr'>non</span> <span class='ocrx_word' id='word_1_100' title='bbox 2129 768 2277 844; x_wconf 89' lang='lat' dir='ltr'>sibi,</span> <span class='ocrx_word' id='word_1_101' title='bbox 2319 769 2427 830; x_wconf 90' lang='lat' dir='ltr'>sed</span> <span class='ocrx_word' id='word_1_102' title='bbox 2460 769 2726 831; x_wconf 88' lang='lat' dir='ltr'>Domino</span> <span class='ocrx_word' id='word_1_103' title='bbox 2771 788 3026 833; x_wconf 89' lang='lat' dir='ltr'>omnem</span> <span class='ocrx_word' id='word_1_104' title='bbox 3069 770 3458 852; x_wconf 90' lang='lat' dir='ltr'>triumphum</span> 
     </span>
    </p>
   </div>
   <div class='ocr_carea' id='block_1_9' title="bbox 1975 867 3751 950">
    <p class='ocr_par' dir='ltr' id='par_1_9' title="bbox 1975 867 3751 950">
     <span class='ocr_line' id='line_1_16' title="bbox 1975 867 3751 950; baseline 0.002 -22"><span class='ocrx_word' id='word_1_105' title='bbox 1975 867 2358 930; x_wconf 78' lang='lat' dir='ltr'>adscribere.</span> <span class='ocrx_word' id='word_1_106' title='bbox 2394 867 2546 929; x_wconf 88' lang='lat' dir='ltr'>Nam</span> <span class='ocrx_word' id='word_1_107' title='bbox 2582 867 2717 949; x_wconf 92' lang='lat' dir='ltr'>ipse</span> <span class='ocrx_word' id='word_1_108' title='bbox 2756 876 2873 945; x_wconf 85' lang='lat' dir='ltr'>est,</span> <span class='ocrx_word' id='word_1_109' title='bbox 2910 867 3020 948; x_wconf 90' lang='lat' dir='ltr'>qui</span> <span class='ocrx_word' id='word_1_110' title='bbox 3068 878 3365 950; x_wconf 81' lang='lat' dir='ltr'>operatur</span> <span class='ocrx_word' id='word_1_111' title='bbox 3396 869 3462 931; x_wconf 91' lang='lat' dir='ltr'>in</span> <span class='ocrx_word' id='word_1_112' title='bbox 3502 891 3751 946; x_wconf 53' lang='grc' dir='ltr'>Ριιειερρηι,</span> 
     </span>
    </p>
   </div>
   <div class='ocr_carea' id='block_1_10' title="bbox 1967 957 3558 1838">
    <p class='ocr_par' dir='ltr' id='par_1_10' title="bbox 1967 957 3558 1838">
     <span class='ocr_line' id='line_1_17' title="bbox 1976 957 3558 1050; baseline 0.001 -22"><span class='ocrx_word' id='word_1_113' title='bbox 1976 965 2162 1028; x_wconf 89' lang='lat' dir='ltr'>nobis</span> <span class='ocrx_word' id='word_1_114' title='bbox 2184 965 2348 1027; x_wconf 89' lang='lat' dir='ltr'>velle</span> <span class='ocrx_word' id='word_1_115' title='bbox 2369 973 2559 1047; x_wconf 89' lang='lat' dir='ltr'>atque</span> <span class='ocrx_word' id='word_1_116' title='bbox 2590 965 2905 1048; x_wconf 86' lang='lat' dir='ltr'>perficere</span> <span class='ocrx_word' id='word_1_117' title='bbox 2924 985 3001 1029; x_wconf 88' lang='lat' dir='ltr'>ex</span> <span class='ocrx_word' id='word_1_118' title='bbox 3032 986 3147 1029; x_wconf 86' lang='lat' dir='ltr'>sua</span> <span class='ocrx_word' id='word_1_119' title='bbox 3175 967 3466 1050; x_wconf 89' lang='lat' dir='ltr'>piissima</span> <span class='ocrx_word' id='word_1_120' title='bbox 3494 957 3558 996; x_wconf 76' lang='lat'>¹³·</span> 
     </span>
     <span class='ocr_line' id='line_1_18' title="bbox 1977 1064 3464 1145; baseline 0 -19"><span class='ocrx_word' id='word_1_121' title='bbox 1977 1064 2324 1126; x_wconf 85' lang='lat' dir='ltr'>voluntate.</span> <span class='ocrx_word' id='word_1_122' title='bbox 2364 1066 2786 1141; x_wconf 69' lang='lat' dir='ltr'>Conyreyavit</span> <span class='ocrx_word' id='word_1_123' title='bbox 2815 1067 3037 1126; x_wconf 82' lang='lat' dir='ltr'>David</span> <span class='ocrx_word' id='word_1_124' title='bbox 3074 1086 3325 1126; x_wconf 83' lang='lat' dir='ltr'>omnem</span> <span class='ocrx_word' id='word_1_125' title='bbox 3347 1087 3464 1145; x_wconf 79' lang='lat' dir='ltr'>po—</span> 
     </span>
     <span class='ocr_line' id='line_1_19' title="bbox 1967 1161 3467 1245; baseline 0.001 -21"><span class='ocrx_word' id='word_1_126' title='bbox 1967 1167 2231 1240; x_wconf 79' lang='lat' dir='ltr'>pulum.</span> <span class='ocrx_word' id='word_1_127' title='bbox 2267 1162 2367 1226; x_wconf 89' lang='lat' dir='ltr'>Sic</span> <span class='ocrx_word' id='word_1_128' title='bbox 2400 1161 2684 1225; x_wconf 87' lang='lat' dir='ltr'>Salvator</span> <span class='ocrx_word' id='word_1_129' title='bbox 2728 1181 2876 1226; x_wconf 89' lang='lat' dir='ltr'>suos</span> <span class='ocrx_word' id='word_1_130' title='bbox 2906 1163 3140 1227; x_wconf 86' lang='lat' dir='ltr'>electos</span> <span class='ocrx_word' id='word_1_131' title='bbox 3182 1163 3324 1226; x_wconf 89' lang='lat' dir='ltr'>unit</span> <span class='ocrx_word' id='word_1_132' title='bbox 3356 1183 3467 1245; x_wconf 92' lang='lat' dir='ltr'>per</span> 
     </span>
     <span class='ocr_line' id='line_1_20' title="bbox 1981 1261 3468 1343; baseline 0.001 -21"><span class='ocrx_word' id='word_1_133' title='bbox 1981 1261 2199 1337; x_wconf 81' lang='lat' dir='ltr'>iidem,</span> <span class='ocrx_word' id='word_1_134' title='bbox 2248 1279 2451 1343; x_wconf 90' lang='lat' dir='ltr'>spem,</span> <span class='ocrx_word' id='word_1_135' title='bbox 2494 1261 2846 1338; x_wconf 86' lang='lat' dir='ltr'>caritatem,</span> <span class='ocrx_word' id='word_1_136' title='bbox 2890 1271 3207 1343; x_wconf 87' lang='lat' dir='ltr'>quatenus</span> <span class='ocrx_word' id='word_1_137' title='bbox 3246 1271 3468 1326; x_wconf 85' lang='lat' dir='ltr'>contra</span> 
     </span>
     <span class='ocr_line' id='line_1_21' title="bbox 1977 1359 3469 1442; baseline 0.002 -21"><span class='ocrx_word' id='word_1_138' title='bbox 1977 1379 2106 1423; x_wconf 81' lang='lat' dir='ltr'>suae</span> <span class='ocrx_word' id='word_1_139' title='bbox 2156 1359 2378 1422; x_wconf 86' lang='lat' dir='ltr'>salutis</span> <span class='ocrx_word' id='word_1_140' title='bbox 2418 1360 2815 1424; x_wconf 86' lang='lat' dir='ltr'>adversarios</span> <span class='ocrx_word' id='word_1_141' title='bbox 2864 1361 3263 1425; x_wconf 90' lang='lat' dir='ltr'>concorditer</span> <span class='ocrx_word' id='word_1_142' title='bbox 3312 1380 3469 1442; x_wconf 85' lang='lat' dir='ltr'>prae-</span> 
     </span>
     <span class='ocr_line' id='line_1_22' title="bbox 1978 1459 3471 1541; baseline 0 -20"><span class='ocrx_word' id='word_1_143' title='bbox 1978 1460 2236 1536; x_wconf 89' lang='lat' dir='ltr'>lientur,</span> <span class='ocrx_word' id='word_1_144' title='bbox 2256 1467 2319 1521; x_wconf 89' lang='lat' dir='ltr'>et</span> <span class='ocrx_word' id='word_1_145' title='bbox 2338 1459 2644 1541; x_wconf 85' lang='lat' dir='ltr'>adjuvent</span> <span class='ocrx_word' id='word_1_146' title='bbox 2666 1459 2732 1520; x_wconf 89' lang='lat' dir='ltr'>in</span> <span class='ocrx_word' id='word_1_147' title='bbox 2764 1460 2874 1522; x_wconf 88' lang='lat' dir='ltr'>tali</span> <span class='ocrx_word' id='word_1_148' title='bbox 2905 1459 3216 1523; x_wconf 79' lang='lat' dir='ltr'>conflictu</span> <span class='ocrx_word' id='word_1_149' title='bbox 3250 1480 3318 1524; x_wconf 87' lang='lat' dir='ltr'>se</span> <span class='ocrx_word' id='word_1_150' title='bbox 3340 1479 3471 1521; x_wconf 92' lang='lat' dir='ltr'>mu-</span> 
     </span>
     <span class='ocr_line' id='line_1_23' title="bbox 1979 1560 3471 1638; baseline -0.001 -18"><span class='ocrx_word' id='word_1_151' title='bbox 1979 1565 2108 1621; x_wconf 83' lang='lat' dir='ltr'>tuo.</span> <span class='ocrx_word' id='word_1_152' title='bbox 2152 1560 2330 1620; x_wconf 79' lang='lat' dir='ltr'>Tulit</span> <span class='ocrx_word' id='word_1_153' title='bbox 2358 1561 2664 1618; x_wconf 79' lang='lat' dir='ltr'>diadema</span> <span class='ocrx_word' id='word_1_154' title='bbox 2698 1560 2867 1636; x_wconf 72' lang='lat' dir='ltr'>reqis</span> <span class='ocrx_word' id='word_1_155' title='bbox 2895 1579 3140 1632; x_wconf 80' lang='lat' dir='ltr'>eorum,</span> <span class='ocrx_word' id='word_1_156' title='bbox 3183 1569 3243 1620; x_wconf 80' lang='lat' dir='ltr'>et</span> <span class='ocrx_word' id='word_1_157' title='bbox 3273 1561 3471 1638; x_wconf 79' lang='lat' dir='ltr'>impo-</span> 
     </span>
     <span class='ocr_line' id='line_1_24' title="bbox 1975 1656 3472 1739; baseline 0.001 -21"><span class='ocrx_word' id='word_1_158' title='bbox 1975 1659 2178 1718; x_wconf 77' lang='lat' dir='ltr'>situm</span> <span class='ocrx_word' id='word_1_159' title='bbox 2216 1667 2307 1718; x_wconf 78' lang='lat' dir='ltr'>est</span> <span class='ocrx_word' id='word_1_160' title='bbox 2342 1677 2534 1734; x_wconf 79' lang='lat' dir='ltr'>super</span> <span class='ocrx_word' id='word_1_161' title='bbox 2570 1667 2763 1733; x_wconf 74' lang='lat' dir='ltr'>caput</span> <span class='ocrx_word' id='word_1_162' title='bbox 2807 1659 3045 1718; x_wconf 83' lang='lat' dir='ltr'>David.</span> <span class='ocrx_word' id='word_1_163' title='bbox 3090 1656 3271 1739; x_wconf 78' lang='lat' dir='ltr'>{mpii</span> <span class='ocrx_word' id='word_1_164' title='bbox 3324 1665 3472 1720; x_wconf 84' lang='lat' dir='ltr'>sunt</span> 
     </span>
     <span class='ocr_line' id='line_1_25' title="bbox 1978 1754 3473 1838; baseline 0.001 -21"><span class='ocrx_word' id='word_1_165' title='bbox 1978 1754 2162 1838; x_wconf 88' lang='lat' dir='ltr'>quasi</span> <span class='ocrx_word' id='word_1_166' title='bbox 2194 1773 2426 1818; x_wconf 88' lang='lat' dir='ltr'>corona</span> <span class='ocrx_word' id='word_1_167' title='bbox 2456 1754 2716 1830; x_wconf 89' lang='lat' dir='ltr'>diaboli,</span> <span class='ocrx_word' id='word_1_168' title='bbox 2752 1755 2863 1836; x_wconf 90' lang='lat' dir='ltr'>qui</span> <span class='ocrx_word' id='word_1_169' title='bbox 2908 1756 3059 1818; x_wconf 91' lang='lat' dir='ltr'>dum</span> <span class='ocrx_word' id='word_1_170' title='bbox 3090 1765 3473 1820; x_wconf 87' lang='lat' dir='ltr'>convertun-</span> 
     </span>
    </p>
   </div>
   <div class='ocr_carea' id='block_1_11' title="bbox 439 1851 3465 1938">
    <p class='ocr_par' dir='ltr' id='par_1_11' title="bbox 439 1851 3465 1938">
     <span class='ocr_line' id='line_1_26' title="bbox 439 1851 3465 1938; baseline 0 -22"><span class='ocrx_word' id='word_1_171' title='bbox 439 1857 799 1931; x_wconf 70' lang='lat' dir='ltr'>Puqnabat</span> <span class='ocrx_word' id='word_1_172' title='bbox 825 1857 987 1917; x_wconf 79' lang='lat' dir='ltr'>Joab</span> <span class='ocrx_word' id='word_1_173' title='bbox 1015 1865 1242 1916; x_wconf 79' lang='lat' dir='ltr'>contra</span> <span class='ocrx_word' id='word_1_174' title='bbox 1271 1857 1590 1917; x_wconf 78' lang='lat' dir='ltr'>Rabbach.</span> <span class='ocrx_word' id='word_1_175' title='bbox 1619 1854 1720 1918; x_wconf 92' lang='lat' dir='ltr'>Sic</span> <span class='ocrx_word' id='word_1_176' title='bbox 1751 1855 1868 1917; x_wconf 83' lang='lat' dir='ltr'>mi·</span> <span class='ocrx_word' id='word_1_177' title='bbox 1905 1857 1950 1918; x_wconf 89' lang='lat' dir='ltr'>B</span> <span class='ocrx_word' id='word_1_178' title='bbox 1979 1862 2081 1916; x_wconf 89' lang='lat' dir='ltr'>tur</span> <span class='ocrx_word' id='word_1_179' title='bbox 2139 1854 2233 1915; x_wconf 74' lang='lat' dir='ltr'>ad‘</span> <span class='ocrx_word' id='word_1_180' title='bbox 2277 1851 2636 1930; x_wconf 90' lang='lat' dir='ltr'>Dominum,</span> <span class='ocrx_word' id='word_1_181' title='bbox 2686 1852 2852 1916; x_wconf 86' lang='lat' dir='ltr'>fiunt</span> <span class='ocrx_word' id='word_1_182' title='bbox 2904 1854 3195 1917; x_wconf 85' lang='lat' dir='ltr'>diadema</span> <span class='ocrx_word' id='word_1_183' title='bbox 3242 1855 3465 1938; x_wconf 82' lang='lat' dir='ltr'>ipsiuS,</span> 
     </span>
    </p>
   </div>
   <div class='ocr_carea' id='block_1_12' title="bbox 351 1953 1867 2232">
    <p class='ocr_par' dir='ltr' id='par_1_12' title="bbox 351 1953 1867 2232">
     <span class='ocr_line' id='line_1_27' title="bbox 351 1953 1862 2030; baseline 0.001 -16"><span class='ocrx_word' id='word_1_184' title='bbox 351 1953 458 2014; x_wconf 88' lang='lat' dir='ltr'>les</span> <span class='ocrx_word' id='word_1_185' title='bbox 507 1953 622 2014; x_wconf 88' lang='lat' dir='ltr'>Dei</span> <span class='ocrx_word' id='word_1_186' title='bbox 672 1960 894 2016; x_wconf 88' lang='lat' dir='ltr'>contra</span> <span class='ocrx_word' id='word_1_187' title='bbox 931 1971 1188 2016; x_wconf 87' lang='lat' dir='ltr'>omnem</span> <span class='ocrx_word' id='word_1_188' title='bbox 1233 1953 1450 2016; x_wconf 66' lang='lat' dir='ltr'>saeculi</span> <span class='ocrx_word' id='word_1_189' title='bbox 1493 1953 1862 2030; x_wconf 87' lang='lat' dir='ltr'>vanitatem,</span> 
     </span>
     <span class='ocr_line' id='line_1_28' title="bbox 353 2051 1867 2134; baseline 0.001 -22"><span class='ocrx_word' id='word_1_190' title='bbox 353 2051 720 2114; x_wconf 76' lang='lat' dir='ltr'>foeditatem</span> <span class='ocrx_word' id='word_1_191' title='bbox 755 2059 818 2114; x_wconf 91' lang='lat' dir='ltr'>et</span> <span class='ocrx_word' id='word_1_192' title='bbox 849 2051 1245 2134; x_wconf 84' lang='lat' dir='ltr'>impietatem</span> <span class='ocrx_word' id='word_1_193' title='bbox 1272 2052 1509 2132; x_wconf 83' lang='lat' dir='ltr'>jugiter</span> <span class='ocrx_word' id='word_1_194' title='bbox 1537 2052 1728 2115; x_wconf 84' lang='lat' dir='ltr'>debet</span> <span class='ocrx_word' id='word_1_195' title='bbox 1759 2071 1867 2134; x_wconf 90' lang='lat' dir='ltr'>pu-</span> 
     </span>
     <span class='ocr_line' id='line_1_29' title="bbox 351 2149 1867 2232; baseline 0.001 -22"><span class='ocrx_word' id='word_1_196' title='bbox 351 2167 587 2230; x_wconf 83' lang='lat' dir='ltr'>gnare.</span> <span class='ocrx_word' id='word_1_197' title='bbox 639 2149 1192 2232; x_wconf 77' lang='lat' dir='ltr'>complementum</span> <span class='ocrx_word' id='word_1_198' title='bbox 1235 2159 1448 2213; x_wconf 90' lang='lat' dir='ltr'>autem</span> <span class='ocrx_word' id='word_1_199' title='bbox 1497 2149 1867 2231; x_wconf 87' lang='lat' dir='ltr'>hujusmodi</span> 
     </span>
    </p>
   </div>
   <div class='ocr_carea' id='block_1_13' title="bbox 1977 1951 3759 2034">
    <p class='ocr_par' dir='ltr' id='par_1_13' title="bbox 1977 1951 3759 2034">
     <span class='ocr_line' id='line_1_30' title="bbox 1977 1951 3759 2034; baseline -0.001 -20"><span class='ocrx_word' id='word_1_200' title='bbox 1977 1953 2154 2034; x_wconf 85' lang='lat' dir='ltr'>juxta</span> <span class='ocrx_word' id='word_1_201' title='bbox 2205 1951 2361 2014; x_wconf 91' lang='lat' dir='ltr'>illud</span> <span class='ocrx_word' id='word_1_202' title='bbox 2408 1952 2579 2015; x_wconf 83' lang='lat' dir='ltr'>lsaiae</span> <span class='ocrx_word' id='word_1_203' title='bbox 2616 1969 2629 2012; x_wconf 90' lang='lat'>:</span> <span class='ocrx_word' id='word_1_204' title='bbox 2662 1951 2802 2014; x_wconf 88' lang='lat' dir='ltr'>Eris</span> <span class='ocrx_word' id='word_1_205' title='bbox 2841 1953 3023 2032; x_wconf 89' lang='lat' dir='ltr'>quasi</span> <span class='ocrx_word' id='word_1_206' title='bbox 3063 1971 3297 2016; x_wconf 78' lang='lat' dir='ltr'>corona</span> <span class='ocrx_word' id='word_1_207' title='bbox 3338 1955 3472 2032; x_wconf 82' lang='lat' dir='ltr'>glo·</span> <span class='ocrx_word' id='word_1_208' title='bbox 3520 1966 3759 2019; x_wconf 45' lang='lat' dir='ltr'>lamna,</span> 
     </span>
    </p>
   </div>
   <div class='ocr_carea' id='block_1_14' title="bbox 1979 2052 3464 2213">
    <p class='ocr_par' dir='ltr' id='par_1_14' title="bbox 1979 2052 3464 2213">
     <span class='ocr_line' id='line_1_31' title="bbox 1981 2052 3464 2134; baseline 0.001 -20"><span class='ocrx_word' id='word_1_209' title='bbox 1981 2052 2090 2114; x_wconf 82' lang='lat' dir='ltr'>riae</span> <span class='ocrx_word' id='word_1_210' title='bbox 2123 2052 2185 2114; x_wconf 90' lang='lat' dir='ltr'>in</span> <span class='ocrx_word' id='word_1_211' title='bbox 2220 2070 2411 2114; x_wconf 90' lang='lat' dir='ltr'>manu</span> <span class='ocrx_word' id='word_1_212' title='bbox 2443 2052 2716 2129; x_wconf 91' lang='lat' dir='ltr'>Domini,</span> <span class='ocrx_word' id='word_1_213' title='bbox 2751 2061 2815 2114; x_wconf 91' lang='lat' dir='ltr'>et</span> <span class='ocrx_word' id='word_1_214' title='bbox 2843 2052 3136 2115; x_wconf 88' lang='lat' dir='ltr'>diadema</span> <span class='ocrx_word' id='word_1_215' title='bbox 3176 2053 3355 2134; x_wconf 83' lang='lat' dir='ltr'>regni</span> <span class='ocrx_word' id='word_1_216' title='bbox 3399 2054 3464 2115; x_wconf 88' lang='lat' dir='ltr'>in</span> 
     </span>
     <span class='ocr_line' id='line_1_32' title="bbox 1979 2150 2465 2213; baseline 0 -1"><span class='ocrx_word' id='word_1_217' title='bbox 1979 2169 2172 2212; x_wconf 87' lang='lat' dir='ltr'>manu</span> <span class='ocrx_word' id='word_1_218' title='bbox 2205 2150 2316 2213; x_wconf 89' lang='lat' dir='ltr'>Dei</span> <span class='ocrx_word' id='word_1_219' title='bbox 2350 2150 2465 2212; x_wconf 90' lang='lat' dir='ltr'>tui.</span> 
     </span>
    </p>
   </div>
   <div class='ocr_carea' id='block_1_15' title="bbox 1437 2578 2423 2665">
    <p class='ocr_par' dir='ltr' id='par_1_15' title="bbox 1437 2578 2423 2665">
     <span class='ocr_line' id='line_1_33' title="bbox 1437 2578 2423 2665; baseline 0 -3"><span class='ocrx_word' id='word_1_220' title='bbox 1437 2578 2088 2665; x_wconf 82' lang='lat' dir='ltr'><strong>ARTICULUS</strong></span> <span class='ocrx_word' id='word_1_221' title='bbox 2168 2579 2423 2663; x_wconf 90' lang='lat' dir='ltr'><strong>XXII</strong></span> 
     </span>
    </p>
   </div>
   <div class='ocr_carea' id='block_1_16' title="bbox 621 2851 3225 2906">
    <p class='ocr_par' dir='ltr' id='par_1_16' title="bbox 621 2851 3225 2906">
     <span class='ocr_line' id='line_1_34' title="bbox 621 2851 3225 2906; baseline 0.002 -8"><span class='ocrx_word' id='word_1_222' title='bbox 621 2852 939 2898; x_wconf 71' lang='lat' dir='ltr'>Exposrrlo</span> <span class='ocrx_word' id='word_1_223' title='bbox 982 2852 1332 2898; x_wconf 72' lang='lat' dir='ltr'>Ll‘l&#39;rssnALls</span> <span class='ocrx_word' id='word_1_224' title='bbox 1376 2851 1648 2898; x_wconf 61' lang='lat' dir='ltr'>currum</span> <span class='ocrx_word' id='word_1_225' title='bbox 1691 2853 2097 2899; x_wconf 73' lang='lat' dir='ltr'>TssnTunssclm</span> <span class='ocrx_word' id='word_1_226' title='bbox 2143 2854 2156 2899; x_wconf 88' lang='lat'>:</span> <span class='ocrx_word' id='word_1_227' title='bbox 2204 2854 2443 2899; x_wconf 70' lang='lat' dir='ltr'>FACTUn</span> <span class='ocrx_word' id='word_1_228' title='bbox 2488 2855 2595 2900; x_wconf 83' lang='lat' dir='ltr'>EST</span> <span class='ocrx_word' id='word_1_229' title='bbox 2636 2857 2837 2902; x_wconf 72' lang='lat' dir='ltr'>AUTssn</span> <span class='ocrx_word' id='word_1_230' title='bbox 2881 2857 3029 2904; x_wconf 75' lang='lat' dir='ltr'>POST</span> <span class='ocrx_word' id='word_1_231' title='bbox 3072 2859 3225 2906; x_wconf 64' lang='grc' dir='ltr'>ΗΒΕ.</span> 
     </span>
    </p>
   </div>
   <div class='ocr_carea' id='block_1_17' title="bbox 529 3130 3471 3220">
    <p class='ocr_par' dir='ltr' id='par_1_17' title="bbox 529 3130 3471 3220">
     <span class='ocr_line' id='line_1_35' title="bbox 529 3130 3471 3220; baseline 0.002 -24"><span class='ocrx_word' id='word_1_232' title='bbox 529 3130 692 3196; x_wconf 87' lang='lat' dir='ltr'>ODO</span> <span class='ocrx_word' id='word_1_233' title='bbox 723 3139 1016 3193; x_wconf 84' lang='lat' dir='ltr'>narratur</span> <span class='ocrx_word' id='word_1_234' title='bbox 1049 3132 1326 3213; x_wconf 86' lang='lat' dir='ltr'>qualiter</span> <span class='ocrx_word' id='word_1_235' title='bbox 1347 3132 1655 3195; x_wconf 87' lang='lat' dir='ltr'>Dominus</span> <span class='ocrx_word' id='word_1_236' title='bbox 1673 3132 1870 3211; x_wconf 92' lang='lat' dir='ltr'>(sicut</span> <span class='ocrx_word' id='word_1_237' title='bbox 1905 3130 1950 3195; x_wconf 91' lang='lat' dir='ltr'>C</span> <span class='ocrx_word' id='word_1_238' title='bbox 1979 3132 2411 3196; x_wconf 84' lang='lat' dir='ltr'>beatissimam</span> <span class='ocrx_word' id='word_1_239' title='bbox 2463 3134 2771 3215; x_wconf 80' lang='lat' dir='ltr'>Agnetem</span> <span class='ocrx_word' id='word_1_240' title='bbox 2833 3136 3095 3214; x_wconf 87' lang='lat' dir='ltr'>amavit,</span> <span class='ocrx_word' id='word_1_241' title='bbox 3153 3157 3285 3220; x_wconf 83' lang='lat' dir='ltr'>prae</span> <span class='ocrx_word' id='word_1_242' title='bbox 3331 3139 3471 3220; x_wconf 86' lang='lat' dir='ltr'>ejus</span> 
     </span>
    </p>
   </div>
   <div class='ocr_carea' id='block_1_18' title="bbox 351 3230 1872 4299">
    <p class='ocr_par' dir='ltr' id='par_1_18' title="bbox 351 3230 1872 4299">
     <span class='ocr_line' id='line_1_36' title="bbox 551 3230 1867 3313; baseline 0 -21"><span class='ocrx_word' id='word_1_243' title='bbox 551 3250 667 3313; x_wconf 87' lang='lat' dir='ltr'>per</span> <span class='ocrx_word' id='word_1_244' title='bbox 711 3230 956 3294; x_wconf 85' lang='lat' dir='ltr'>Nathan</span> <span class='ocrx_word' id='word_1_245' title='bbox 1002 3230 1318 3313; x_wconf 79' lang='lat' dir='ltr'>proedixit)</span> <span class='ocrx_word' id='word_1_246' title='bbox 1367 3231 1722 3308; x_wconf 86' lang='lat' dir='ltr'>suscitavit,</span> <span class='ocrx_word' id='word_1_247' title='bbox 1765 3231 1867 3295; x_wconf 90' lang='lat' dir='ltr'>vel</span> 
     </span>
     <span class='ocr_line' id='line_1_37' title="bbox 357 3329 1871 3415; baseline 0.001 -22"><span class='ocrx_word' id='word_1_248' title='bbox 357 3330 753 3415; x_wconf 87' lang='lat' dir='ltr'>permissive</span> <span class='ocrx_word' id='word_1_249' title='bbox 785 3330 886 3393; x_wconf 87' lang='lat' dir='ltr'>vel</span> <span class='ocrx_word' id='word_1_250' title='bbox 919 3329 1222 3393; x_wconf 81' lang='lat' dir='ltr'>effective</span> <span class='ocrx_word' id='word_1_251' title='bbox 1262 3349 1454 3413; x_wconf 86' lang='lat' dir='ltr'>super</span> <span class='ocrx_word' id='word_1_252' title='bbox 1497 3331 1693 3397; x_wconf 87' lang='lat' dir='ltr'>David</span> <span class='ocrx_word' id='word_1_253' title='bbox 1741 3350 1871 3395; x_wconf 88' lang='lat' dir='ltr'>ma-</span> 
     </span>
     <span class='ocr_line' id='line_1_38' title="bbox 359 3432 1870 3509; baseline -0.001 -16"><span class='ocrx_word' id='word_1_254' title='bbox 359 3432 511 3493; x_wconf 82' lang='lat' dir='ltr'>lum·</span> <span class='ocrx_word' id='word_1_255' title='bbox 541 3432 622 3494; x_wconf 87' lang='lat' dir='ltr'>de</span> <span class='ocrx_word' id='word_1_256' title='bbox 658 3432 848 3493; x_wconf 84' lang='lat' dir='ltr'>domu</span> <span class='ocrx_word' id='word_1_257' title='bbox 892 3448 1027 3491; x_wconf 85' lang='lat' dir='ltr'>sua.</span> <span class='ocrx_word' id='word_1_258' title='bbox 1055 3432 1329 3491; x_wconf 78' lang='lat' dir='ltr'>Factum</span> <span class='ocrx_word' id='word_1_259' title='bbox 1367 3440 1458 3491; x_wconf 79' lang='lat' dir='ltr'>est</span> <span class='ocrx_word' id='word_1_260' title='bbox 1487 3441 1704 3491; x_wconf 72' lang='lat' dir='ltr'>autem</span> <span class='ocrx_word' id='word_1_261' title='bbox 1729 3440 1870 3509; x_wconf 76' lang='lat' dir='ltr'>post</span> 
     </span>
     <span class='ocr_line' id='line_1_39' title="bbox 357 3528 1869 3611; baseline -0.001 -20"><span class='ocrx_word' id='word_1_262' title='bbox 357 3532 527 3601; x_wconf 70' lang='lat' dir='ltr'>laceo,</span> <span class='ocrx_word' id='word_1_263' title='bbox 551 3540 626 3591; x_wconf 78' lang='lat' dir='ltr'>uc</span> <span class='ocrx_word' id='word_1_264' title='bbox 656 3528 861 3611; x_wconf 86' lang='lat' dir='ltr'>ipsius</span> <span class='ocrx_word' id='word_1_265' title='bbox 889 3530 1164 3590; x_wconf 77' lang='lat' dir='ltr'>Absalon</span> <span class='ocrx_word' id='word_1_266' title='bbox 1194 3530 1330 3606; x_wconf 76' lang='lat' dir='ltr'>ficii</span> <span class='ocrx_word' id='word_1_267' title='bbox 1347 3531 1568 3589; x_wconf 82' lang='lat' dir='ltr'>David</span> <span class='ocrx_word' id='word_1_268' title='bbox 1595 3550 1869 3590; x_wconf 84' lang='lat' dir='ltr'>sororem</span> 
     </span>
     <span class='ocr_line' id='line_1_40' title="bbox 351 3629 1870 3706; baseline 0.001 -18"><span class='ocrx_word' id='word_1_269' title='bbox 351 3630 934 3706; x_wconf 77' lang='lat' dir='ltr'>speciosissimam,</span> <span class='ocrx_word' id='word_1_270' title='bbox 988 3629 1288 3687; x_wconf 78' lang='lat' dir='ltr'>vocabulo</span> <span class='ocrx_word' id='word_1_271' title='bbox 1345 3630 1659 3700; x_wconf 74' lang='lat' dir='ltr'>Thamar,</span> <span class='ocrx_word' id='word_1_272' title='bbox 1712 3633 1870 3690; x_wconf 83' lang='lat' dir='ltr'>ada-</span> 
     </span>
     <span class='ocr_line' id='line_1_41' title="bbox 357 3725 1871 3806; baseline 0 -19"><span class='ocrx_word' id='word_1_273' title='bbox 357 3736 580 3788; x_wconf 77' lang='lat' dir='ltr'>maret</span> <span class='ocrx_word' id='word_1_274' title='bbox 606 3728 792 3805; x_wconf 80' lang='lat' dir='ltr'>filius</span> <span class='ocrx_word' id='word_1_275' title='bbox 821 3728 1042 3787; x_wconf 84' lang='lat' dir='ltr'>David</span> <span class='ocrx_word' id='word_1_276' title='bbox 1071 3729 1354 3797; x_wconf 80' lang='lat' dir='ltr'>Amnon,</span> <span class='ocrx_word' id='word_1_277' title='bbox 1378 3725 1489 3806; x_wconf 90' lang='lat' dir='ltr'>qui</span> <span class='ocrx_word' id='word_1_278' title='bbox 1521 3725 1714 3789; x_wconf 90' lang='lat' dir='ltr'>etiam</span> <span class='ocrx_word' id='word_1_279' title='bbox 1749 3726 1871 3788; x_wconf 82' lang='lat' dir='ltr'>ruit</span> 
     </span>
     <span class='ocr_line' id='line_1_42' title="bbox 360 3823 1869 3906; baseline -0.001 -20"><span class='ocrx_word' id='word_1_280' title='bbox 360 3824 572 3889; x_wconf 76' lang='lat' dir='ltr'>frater</span> <span class='ocrx_word' id='word_1_281' title='bbox 601 3824 808 3906; x_wconf 91' lang='lat' dir='ltr'>ipsius</span> <span class='ocrx_word' id='word_1_282' title='bbox 829 3823 1100 3886; x_wconf 86' lang='lat' dir='ltr'>Thamar</span> <span class='ocrx_word' id='word_1_283' title='bbox 1121 3842 1198 3885; x_wconf 85' lang='lat' dir='ltr'>ex</span> <span class='ocrx_word' id='word_1_284' title='bbox 1228 3831 1408 3904; x_wconf 84' lang='lat' dir='ltr'>parte</span> <span class='ocrx_word' id='word_1_285' title='bbox 1436 3824 1654 3904; x_wconf 84' lang='lat' dir='ltr'>patriS,</span> <span class='ocrx_word' id='word_1_286' title='bbox 1682 3832 1752 3886; x_wconf 87' lang='lat' dir='ltr'>ut</span> <span class='ocrx_word' id='word_1_287' title='bbox 1783 3823 1869 3885; x_wconf 90' lang='lat' dir='ltr'>in-</span> 
     </span>
     <span class='ocr_line' id='line_1_43' title="bbox 363 3922 1868 4004; baseline -0.001 -18"><span class='ocrx_word' id='word_1_288' title='bbox 363 3924 468 3987; x_wconf 75' lang='lat' dir='ltr'>ira</span> <span class='ocrx_word' id='word_1_289' title='bbox 495 3930 796 4004; x_wconf 80' lang='lat' dir='ltr'>tangetur</span> <span class='ocrx_word' id='word_1_290' title='bbox 831 3940 845 3985; x_wconf 75' lang='grc' dir='ltr'>ε</span> <span class='ocrx_word' id='word_1_291' title='bbox 882 3922 994 3985; x_wconf 89' lang='lat' dir='ltr'>sed</span> <span class='ocrx_word' id='word_1_292' title='bbox 1032 3922 1171 4003; x_wconf 85' lang='lat' dir='ltr'>ipsa</span> <span class='ocrx_word' id='word_1_293' title='bbox 1203 3929 1465 3983; x_wconf 88' lang='lat' dir='ltr'>vocatur</span> <span class='ocrx_word' id='word_1_294' title='bbox 1507 3922 1868 4004; x_wconf 78' lang='lat' dir='ltr'>specialiter</span> 
     </span>
     <span class='ocr_line' id='line_1_44' title="bbox 359 4020 1872 4103; baseline -0.001 -18"><span class='ocrx_word' id='word_1_295' title='bbox 359 4040 555 4085; x_wconf 89' lang='lat' dir='ltr'>soror</span> <span class='ocrx_word' id='word_1_296' title='bbox 582 4020 943 4097; x_wconf 81' lang='lat' dir='ltr'>AbsaloniS,</span> <span class='ocrx_word' id='word_1_297' title='bbox 978 4020 1286 4102; x_wconf 88' lang='lat' dir='ltr'>quoniam</span> <span class='ocrx_word' id='word_1_298' title='bbox 1332 4036 1408 4081; x_wconf 88' lang='lat' dir='ltr'>ex</span> <span class='ocrx_word' id='word_1_299' title='bbox 1446 4029 1718 4101; x_wconf 88' lang='lat' dir='ltr'>utroque</span> <span class='ocrx_word' id='word_1_300' title='bbox 1763 4040 1872 4103; x_wconf 87' lang='lat' dir='ltr'>pa-</span> 
     </span>
     <span class='ocr_line' id='line_1_45' title="bbox 363 4119 1868 4196; baseline -0.001 -14"><span class='ocrx_word' id='word_1_301' title='bbox 363 4129 554 4184; x_wconf 77' lang='lat' dir='ltr'>rente</span> <span class='ocrx_word' id='word_1_302' title='bbox 597 4119 726 4183; x_wconf 86' lang='lat' dir='ltr'>suit</span> <span class='ocrx_word' id='word_1_303' title='bbox 755 4138 936 4183; x_wconf 82' lang='lat' dir='ltr'>soror</span> <span class='ocrx_word' id='word_1_304' title='bbox 975 4138 1128 4193; x_wconf 87' lang='lat' dir='ltr'>sua;</span> <span class='ocrx_word' id='word_1_305' title='bbox 1161 4128 1220 4179; x_wconf 76' lang='lat' dir='ltr'>et</span> <span class='ocrx_word' id='word_1_306' title='bbox 1261 4121 1581 4196; x_wconf 74' lang='lat' dir='ltr'>deperiret</span> <span class='ocrx_word' id='word_1_307' title='bbox 1612 4122 1685 4181; x_wconf 83' lang='lat' dir='ltr'>in</span> <span class='ocrx_word' id='word_1_308' title='bbox 1725 4140 1868 4180; x_wconf 84' lang='lat' dir='ltr'>eam</span> 
     </span>
     <span class='ocr_line' id='line_1_46' title="bbox 363 4217 1868 4299; baseline -0.001 -18"><span class='ocrx_word' id='word_1_309' title='bbox 363 4224 592 4289; x_wconf 73' lang='lat' dir='ltr'>valde,</span> <span class='ocrx_word' id='word_1_310' title='bbox 623 4236 753 4282; x_wconf 87' lang='lat' dir='ltr'>non</span> <span class='ocrx_word' id='word_1_311' title='bbox 783 4217 1350 4299; x_wconf 87' lang='lat' dir='ltr'>solum·corporali</span> <span class='ocrx_word' id='word_1_312' title='bbox 1392 4217 1719 4298; x_wconf 82' lang='lat' dir='ltr'>languore,</span> <span class='ocrx_word' id='word_1_313' title='bbox 1759 4218 1868 4281; x_wconf 90' lang='lat' dir='ltr'>sed</span> 
     </span>
    </p>
   </div>
   <div class='ocr_carea' id='block_1_19' title="bbox 1970 3231 3476 4305">
    <p class='ocr_par' dir='ltr' id='par_1_19' title="bbox 1970 3231 3476 4305">
     <span class='ocr_line' id='line_1_47' title="bbox 1977 3231 3471 3315; baseline 0.003 -22"><span class='ocrx_word' id='word_1_314' title='bbox 1977 3231 2304 3311; x_wconf 82' lang='lat' dir='ltr'>aegrotavit</span> <span class='ocrx_word' id='word_1_315' title='bbox 2347 3252 2584 3296; x_wconf 90' lang='lat' dir='ltr'>amore.</span> <span class='ocrx_word' id='word_1_316' title='bbox 2634 3237 2805 3304; x_wconf 80' lang='lat' dir='ltr'>Quia</span> <span class='ocrx_word' id='word_1_317' title='bbox 2840 3257 3045 3315; x_wconf 81' lang='lat' dir='ltr'>quum</span> <span class='ocrx_word' id='word_1_318' title='bbox 3091 3249 3246 3299; x_wconf 77' lang='lat' dir='ltr'>esset</span> <span class='ocrx_word' id='word_1_319' title='bbox 3289 3240 3471 3315; x_wconf 68' lang='lat' dir='ltr'>viv-90</span> 
     </span>
     <span class='ocr_line' id='line_1_48' title="bbox 1980 3330 3475 3416; baseline 0.004 -25"><span class='ocrx_word' id='word_1_320' title='bbox 1980 3330 2120 3412; x_wconf 87' lang='lat' dir='ltr'>ipsa</span> <span class='ocrx_word' id='word_1_321' title='bbox 2139 3330 2431 3407; x_wconf 84' lang='lat' dir='ltr'>Thamar,</span> <span class='ocrx_word' id='word_1_322' title='bbox 2453 3334 2721 3407; x_wconf 78' lang='lat' dir='ltr'>difficile</span> <span class='ocrx_word' id='word_1_323' title='bbox 2737 3336 2800 3393; x_wconf 85' lang='lat' dir='ltr'>ei</span> <span class='ocrx_word' id='word_1_324' title='bbox 2819 3336 3179 3409; x_wconf 80' lang='lat' dir='ltr'>videbatur,</span> <span class='ocrx_word' id='word_1_325' title='bbox 3200 3346 3274 3397; x_wconf 77' lang='lat' dir='ltr'>uc</span> <span class='ocrx_word' id='word_1_326' title='bbox 3292 3339 3475 3416; x_wconf 81' lang='lat' dir='ltr'>quid·</span> 
     </span>
     <span class='ocr_line' id='line_1_49' title="bbox 1970 3431 3469 3516; baseline 0.007 -30"><span class='ocrx_word' id='word_1_327' title='bbox 1970 3431 2152 3506; x_wconf 78' lang='lat' dir='ltr'>piam</span> <span class='ocrx_word' id='word_1_328' title='bbox 2191 3431 2515 3491; x_wconf 74' lang='lat' dir='ltr'>inhoneste</span> <span class='ocrx_word' id='word_1_329' title='bbox 2543 3442 2756 3508; x_wconf 59' lang='lat' dir='ltr'>afferet</span> <span class='ocrx_word' id='word_1_330' title='bbox 2786 3454 2933 3494; x_wconf 78' lang='lat' dir='ltr'>cum</span> <span class='ocrx_word' id='word_1_331' title='bbox 2963 3455 3040 3495; x_wconf 85' lang='lat' dir='ltr'>ea</span> <span class='ocrx_word' id='word_1_332' title='bbox 3071 3452 3093 3494; x_wconf 92' lang='grc'>.·</span> <span class='ocrx_word' id='word_1_333' title='bbox 3124 3452 3250 3497; x_wconf 88' lang='lat' dir='ltr'>non</span> <span class='ocrx_word' id='word_1_334' title='bbox 3296 3436 3469 3516; x_wconf 84' lang='lat' dir='ltr'>quod</span> 
     </span>
     <span class='ocr_line' id='line_1_50' title="bbox 1979 3527 3473 3609; baseline 0.004 -21"><span class='ocrx_word' id='word_1_335' title='bbox 1979 3527 2249 3609; x_wconf 84' lang='lat' dir='ltr'>virginis</span> <span class='ocrx_word' id='word_1_336' title='bbox 2286 3528 2771 3592; x_wconf 81' lang='lat' dir='ltr'>deflorationem</span> <span class='ocrx_word' id='word_1_337' title='bbox 2813 3531 2912 3593; x_wconf 91' lang='lat' dir='ltr'>vel</span> <span class='ocrx_word' id='word_1_338' title='bbox 2964 3532 3278 3595; x_wconf 90' lang='lat' dir='ltr'>incestum</span> <span class='ocrx_word' id='word_1_339' title='bbox 3330 3534 3473 3595; x_wconf 87' lang='lat' dir='ltr'>hor-</span> 
     </span>
     <span class='ocr_line' id='line_1_51' title="bbox 1978 3627 3476 3708; baseline 0.005 -22"><span class='ocrx_word' id='word_1_340' title='bbox 1978 3635 2162 3703; x_wconf 87' lang='lat' dir='ltr'>reret,</span> <span class='ocrx_word' id='word_1_341' title='bbox 2200 3627 2353 3707; x_wconf 89' lang='lat' dir='ltr'>quia</span> <span class='ocrx_word' id='word_1_342' title='bbox 2398 3627 2712 3708; x_wconf 84' lang='lat' dir='ltr'>passionis</span> <span class='ocrx_word' id='word_1_343' title='bbox 2764 3629 3166 3693; x_wconf 87' lang='lat' dir='ltr'>vehementia</span> <span class='ocrx_word' id='word_1_344' title='bbox 3212 3629 3239 3691; x_wconf 80' lang='lat' dir='ltr'>f</span> <span class='ocrx_word' id='word_1_345' title='bbox 3244 3631 3333 3693; x_wconf 87' lang='lat' dir='ltr'>uit</span> <span class='ocrx_word' id='word_1_346' title='bbox 3385 3632 3476 3693; x_wconf 83' lang='lat' dir='ltr'>vi-</span> 
     </span>
     <span class='ocr_line' id='line_1_52' title="bbox 1976 3726 3471 3809; baseline 0.003 -23"><span class='ocrx_word' id='word_1_347' title='bbox 1976 3733 2116 3787; x_wconf 92' lang='lat' dir='ltr'>ctus</span> <span class='ocrx_word' id='word_1_348' title='bbox 2147 3735 2211 3787; x_wconf 88' lang='lat' dir='ltr'>et</span> <span class='ocrx_word' id='word_1_349' title='bbox 2240 3733 2605 3803; x_wconf 80' lang='lat' dir='ltr'>excaecatuS,</span> <span class='ocrx_word' id='word_1_350' title='bbox 2634 3726 2741 3788; x_wconf 90' lang='lat' dir='ltr'>sed</span> <span class='ocrx_word' id='word_1_351' title='bbox 2776 3728 3079 3809; x_wconf 88' lang='lat' dir='ltr'>quoniam</span> <span class='ocrx_word' id='word_1_352' title='bbox 3117 3728 3273 3793; x_wconf 78' lang='lat' dir='ltr'>riliae</span> <span class='ocrx_word' id='word_1_353' title='bbox 3304 3730 3471 3809; x_wconf 80' lang='lat' dir='ltr'>regis</span> 
     </span>
     <span class='ocr_line' id='line_1_53' title="bbox 1977 3823 3473 3905; baseline 0.003 -19"><span class='ocrx_word' id='word_1_354' title='bbox 1977 3823 2257 3904; x_wconf 83' lang='lat' dir='ltr'>virgines</span> <span class='ocrx_word' id='word_1_355' title='bbox 2289 3824 2407 3885; x_wconf 90' lang='lat' dir='ltr'>sub</span> <span class='ocrx_word' id='word_1_356' title='bbox 2436 3832 2608 3887; x_wconf 88' lang='lat' dir='ltr'>arcta</span> <span class='ocrx_word' id='word_1_357' title='bbox 2640 3833 2701 3887; x_wconf 89' lang='lat' dir='ltr'>et</span> <span class='ocrx_word' id='word_1_358' title='bbox 2732 3824 3025 3905; x_wconf 84' lang='lat' dir='ltr'>diligenti</span> <span class='ocrx_word' id='word_1_359' title='bbox 3056 3835 3236 3889; x_wconf 87' lang='lat' dir='ltr'>erant</span> <span class='ocrx_word' id='word_1_360' title='bbox 3266 3836 3473 3891; x_wconf 89' lang='lat' dir='ltr'>custo-</span> 
     </span>
     <span class='ocr_line' id='line_1_54' title="bbox 1976 3922 3475 4009; baseline 0.003 -25"><span class='ocrx_word' id='word_1_361' title='bbox 1976 3922 2102 3999; x_wconf 86' lang='lat' dir='ltr'>dia,</span> <span class='ocrx_word' id='word_1_362' title='bbox 2137 3922 2227 3985; x_wconf 90' lang='lat' dir='ltr'>ita</span> <span class='ocrx_word' id='word_1_363' title='bbox 2256 3923 2425 4004; x_wconf 90' lang='lat' dir='ltr'>quod</span> <span class='ocrx_word' id='word_1_364' title='bbox 2456 3922 2611 3985; x_wconf 86' lang='lat' dir='ltr'>viris</span> <span class='ocrx_word' id='word_1_365' title='bbox 2642 3942 2771 3986; x_wconf 89' lang='lat' dir='ltr'>non</span> <span class='ocrx_word' id='word_1_366' title='bbox 2816 3925 3069 4005; x_wconf 88' lang='lat' dir='ltr'>patebat</span> <span class='ocrx_word' id='word_1_367' title='bbox 3098 3926 3179 3988; x_wconf 88' lang='lat' dir='ltr'>ad</span> <span class='ocrx_word' id='word_1_368' title='bbox 3208 3944 3315 3988; x_wconf 87' lang='lat' dir='ltr'>eas</span> <span class='ocrx_word' id='word_1_369' title='bbox 3347 3927 3475 4009; x_wconf 89' lang='lat' dir='ltr'>pri·</span> 
     </span>
     <span class='ocr_line' id='line_1_55' title="bbox 1977 4021 3471 4106; baseline 0.003 -23"><span class='ocrx_word' id='word_1_370' title='bbox 1977 4030 2158 4083; x_wconf 88' lang='lat' dir='ltr'>vatus</span> <span class='ocrx_word' id='word_1_371' title='bbox 2180 4028 2244 4084; x_wconf 91' lang='lat' dir='ltr'>et</span> <span class='ocrx_word' id='word_1_372' title='bbox 2263 4021 2659 4103; x_wconf 85' lang='lat' dir='ltr'>periculosus</span> <span class='ocrx_word' id='word_1_373' title='bbox 2680 4040 2993 4085; x_wconf 79' lang='lat' dir='ltr'>accessuS.</span> <span class='ocrx_word' id='word_1_374' title='bbox 3014 4023 3274 4106; x_wconf 88' lang='lat' dir='ltr'>Propter</span> <span class='ocrx_word' id='word_1_375' title='bbox 3297 4026 3471 4106; x_wconf 88' lang='lat' dir='ltr'>quod</span> 
     </span>
     <span class='ocr_line' id='line_1_56' title="bbox 1973 4119 3471 4204; baseline 0.005 -23"><span class='ocrx_word' id='word_1_376' title='bbox 1973 4120 2284 4202; x_wconf 75' lang='lat' dir='ltr'>Iosephus</span> <span class='ocrx_word' id='word_1_377' title='bbox 2312 4120 2401 4181; x_wconf 87' lang='lat' dir='ltr'>ait</span> <span class='ocrx_word' id='word_1_378' title='bbox 2437 4136 2450 4180; x_wconf 90' lang='lat'><strong>:</strong></span> <span class='ocrx_word' id='word_1_379' title='bbox 2482 4119 2685 4194; x_wconf 90' lang='lat' dir='ltr'>Quum</span> <span class='ocrx_word' id='word_1_380' title='bbox 2738 4139 2945 4202; x_wconf 87' lang='lat' dir='ltr'>neque</span> <span class='ocrx_word' id='word_1_381' title='bbox 2986 4132 3246 4204; x_wconf 84' lang='lat' dir='ltr'>propter</span> <span class='ocrx_word' id='word_1_382' title='bbox 3276 4123 3471 4204; x_wconf 83' lang='lat' dir='ltr'>virgi-</span> 
     </span>
     <span class='ocr_line' id='line_1_57' title="bbox 1978 4218 3473 4305; baseline 0.005 -26"><span class='ocrx_word' id='word_1_383' title='bbox 1978 4218 2263 4295; x_wconf 89' lang='lat' dir='ltr'>nitatem,</span> <span class='ocrx_word' id='word_1_384' title='bbox 2284 4236 2493 4299; x_wconf 89' lang='lat' dir='ltr'>neque</span> <span class='ocrx_word' id='word_1_385' title='bbox 2513 4225 2771 4299; x_wconf 91' lang='lat' dir='ltr'>propter</span> <span class='ocrx_word' id='word_1_386' title='bbox 2790 4221 3142 4284; x_wconf 85' lang='lat' dir='ltr'>custodiam</span> <span class='ocrx_word' id='word_1_387' title='bbox 3167 4222 3225 4304; x_wconf 85' lang='lat' dir='ltr'>ej</span> <span class='ocrx_word' id='word_1_388' title='bbox 3235 4241 3473 4305; x_wconf 82' lang='lat' dir='ltr'>uspos-</span> 
     </span>
    </p>
   </div>
   <div class='ocr_carea' id='block_1_20' title="bbox 363 4314 3463 4399">
    <p class='ocr_par' dir='ltr' id='par_1_20' title="bbox 363 4314 3463 4399">
     <span class='ocr_line' id='line_1_58' title="bbox 363 4314 3463 4399; baseline 0.001 -17"><span class='ocrx_word' id='word_1_389' title='bbox 363 4327 436 4382; x_wconf 87' lang='lat' dir='ltr'>et</span> <span class='ocrx_word' id='word_1_390' title='bbox 473 4316 825 4381; x_wconf 89' lang='lat' dir='ltr'>libidinosa</span> <span class='ocrx_word' id='word_1_391' title='bbox 861 4334 936 4379; x_wconf 94' lang='lat' dir='ltr'>ac</span> <span class='ocrx_word' id='word_1_392' title='bbox 985 4315 1218 4379; x_wconf 88' lang='lat' dir='ltr'>vitiosa</span> <span class='ocrx_word' id='word_1_393' title='bbox 1255 4314 1623 4393; x_wconf 77' lang='lat' dir='ltr'>affectione,</span> <span class='ocrx_word' id='word_1_394' title='bbox 1659 4319 1756 4377; x_wconf 79' lang='lat' dir='ltr'>ita</span> <span class='ocrx_word' id='word_1_395' title='bbox 1798 4326 1869 4376; x_wconf 78' lang='lat' dir='ltr'>ut</span> <span class='ocrx_word' id='word_1_396' title='bbox 1899 4316 1948 4378; x_wconf 90' lang='lat' dir='ltr'>D</span> <span class='ocrx_word' id='word_1_397' title='bbox 1977 4324 2072 4378; x_wconf 89' lang='lat' dir='ltr'>set</span> <span class='ocrx_word' id='word_1_398' title='bbox 2101 4315 2465 4398; x_wconf 84' lang='lat' dir='ltr'>praevalere‚</span> <span class='ocrx_word' id='word_1_399' title='bbox 2512 4315 2755 4379; x_wconf 88' lang='lat' dir='ltr'>crudeli</span> <span class='ocrx_word' id='word_1_400' title='bbox 2808 4336 3146 4399; x_wconf 89' lang='lat' dir='ltr'>percussus</span> <span class='ocrx_word' id='word_1_401' title='bbox 3195 4320 3463 4385; x_wconf 88' lang='lat' dir='ltr'>vulnere</span> 
     </span>
    </p>
   </div>
   <div class='ocr_carea' id='block_1_21' title="bbox 359 4412 1876 5387">
    <p class='ocr_par' dir='ltr' id='par_1_21' title="bbox 359 4412 1876 5387">
     <span class='ocr_line' id='line_1_59' title="bbox 359 4412 1870 4498; baseline -0.002 -20"><span class='ocrx_word' id='word_1_402' title='bbox 359 4427 638 4498; x_wconf 73' lang='lat' dir='ltr'>propter</span> <span class='ocrx_word' id='word_1_403' title='bbox 673 4435 982 4484; x_wconf 83' lang='lat' dir='ltr'>amorem,</span> <span class='ocrx_word' id='word_1_404' title='bbox 1013 4412 1079 4476; x_wconf 90' lang='lat' dir='ltr'>id</span> <span class='ocrx_word' id='word_1_405' title='bbox 1127 4422 1224 4476; x_wconf 88' lang='lat' dir='ltr'>est</span> <span class='ocrx_word' id='word_1_406' title='bbox 1273 4432 1348 4477; x_wconf 86' lang='lat' dir='ltr'>ex</span> <span class='ocrx_word' id='word_1_407' title='bbox 1396 4413 1757 4477; x_wconf 89' lang='lat' dir='ltr'>vehementi</span> <span class='ocrx_word' id='word_1_408' title='bbox 1805 4423 1870 4477; x_wconf 89' lang='lat' dir='ltr'>et</span> 
     </span>
     <span class='ocr_line' id='line_1_60' title="bbox 367 4512 1872 4600; baseline -0.003 -21"><span class='ocrx_word' id='word_1_409' title='bbox 367 4514 882 4600; x_wconf 73' lang='lat' dir='ltr'>praedominante</span> <span class='ocrx_word' id='word_1_410' title='bbox 919 4532 1136 4576; x_wconf 91' lang='lat' dir='ltr'>amore</span> <span class='ocrx_word' id='word_1_411' title='bbox 1182 4514 1323 4591; x_wconf 78' lang='lat' dir='ltr'>ejus</span> <span class='ocrx_word' id='word_1_412' title='bbox 1362 4512 1624 4589; x_wconf 91' lang='lat' dir='ltr'>carnali,</span> <span class='ocrx_word' id='word_1_413' title='bbox 1674 4534 1872 4591; x_wconf 71' lang='lat' dir='ltr'>oeqro-</span> 
     </span>
     <span class='ocr_line' id='line_1_61' title="bbox 367 4611 1870 4697; baseline -0.003 -19"><span class='ocrx_word' id='word_1_414' title='bbox 367 4612 723 4678; x_wconf 75' lang='lat' dir='ltr'>taret.Fuit</span> <span class='ocrx_word' id='word_1_415' title='bbox 743 4612 980 4676; x_wconf 88' lang='lat' dir='ltr'>etenim</span> <span class='ocrx_word' id='word_1_416' title='bbox 1010 4630 1190 4675; x_wconf 87' lang='lat' dir='ltr'>amor</span> <span class='ocrx_word' id='word_1_417' title='bbox 1219 4612 1377 4697; x_wconf 72' lang='grc' dir='ltr'><strong>ἔρως,</strong></span> <span class='ocrx_word' id='word_1_418' title='bbox 1402 4611 1514 4693; x_wconf 88' lang='lat' dir='ltr'>qui</span> <span class='ocrx_word' id='word_1_419' title='bbox 1548 4631 1714 4695; x_wconf 82' lang='lat' dir='ltr'>saepe</span> <span class='ocrx_word' id='word_1_420' title='bbox 1739 4631 1870 4676; x_wconf 89' lang='lat' dir='ltr'>cor-</span> 
     </span>
     <span class='ocr_line' id='line_1_62' title="bbox 367 4710 1868 4797; baseline -0.001 -20"><span class='ocrx_word' id='word_1_421' title='bbox 367 4713 662 4797; x_wconf 85' lang='lat' dir='ltr'>poralem</span> <span class='ocrx_word' id='word_1_422' title='bbox 692 4711 942 4775; x_wconf 91' lang='lat' dir='ltr'>inducit</span> <span class='ocrx_word' id='word_1_423' title='bbox 964 4712 1356 4791; x_wconf 84' lang='lat' dir='ltr'>languorem,</span> <span class='ocrx_word' id='word_1_424' title='bbox 1373 4710 1502 4773; x_wconf 90' lang='lat' dir='ltr'>imo</span> <span class='ocrx_word' id='word_1_425' title='bbox 1524 4711 1868 4793; x_wconf 86' lang='lat' dir='ltr'>aliquando</span> 
     </span>
     <span class='ocr_line' id='line_1_63' title="bbox 367 4809 1869 4892; baseline -0.003 -17"><span class='ocrx_word' id='word_1_426' title='bbox 367 4821 671 4876; x_wconf 88' lang='lat' dir='ltr'>mortem.</span> <span class='ocrx_word' id='word_1_427' title='bbox 706 4811 860 4873; x_wconf 86' lang='lat' dir='ltr'>Nam</span> <span class='ocrx_word' id='word_1_428' title='bbox 898 4810 1226 4892; x_wconf 89' lang='lat' dir='ltr'>passiones</span> <span class='ocrx_word' id='word_1_429' title='bbox 1256 4809 1576 4891; x_wconf 89' lang='lat' dir='ltr'>appetitus</span> <span class='ocrx_word' id='word_1_430' title='bbox 1616 4810 1869 4872; x_wconf 88' lang='lat' dir='ltr'>sensiti-</span> 
     </span>
     <span class='ocr_line' id='line_1_64' title="bbox 368 4906 1871 4992; baseline -0.002 -18"><span class='ocrx_word' id='word_1_431' title='bbox 368 4913 460 4987; x_wconf 87' lang='lat' dir='ltr'>vi,</span> <span class='ocrx_word' id='word_1_432' title='bbox 503 4928 708 4992; x_wconf 87' lang='lat' dir='ltr'>quum</span> <span class='ocrx_word' id='word_1_433' title='bbox 751 4907 912 4971; x_wconf 79' lang='lat' dir='ltr'>siant</span> <span class='ocrx_word' id='word_1_434' title='bbox 953 4927 1100 4971; x_wconf 90' lang='lat' dir='ltr'>cum</span> <span class='ocrx_word' id='word_1_435' title='bbox 1134 4906 1446 4988; x_wconf 88' lang='lat' dir='ltr'>corporali</span> <span class='ocrx_word' id='word_1_436' title='bbox 1489 4914 1871 4971; x_wconf 87' lang='lat' dir='ltr'>transmuta-</span> 
     </span>
     <span class='ocr_line' id='line_1_65' title="bbox 371 5006 1866 5088; baseline -0.002 -17"><span class='ocrx_word' id='word_1_437' title='bbox 371 5011 572 5085; x_wconf 82' lang='lat' dir='ltr'>tione,</span> <span class='ocrx_word' id='word_1_438' title='bbox 627 5026 704 5072; x_wconf 91' lang='lat' dir='ltr'>eo</span> <span class='ocrx_word' id='word_1_439' title='bbox 754 5008 927 5088; x_wconf 88' lang='lat' dir='ltr'>quod</span> <span class='ocrx_word' id='word_1_440' title='bbox 967 5007 1098 5069; x_wconf 87' lang='lat' dir='ltr'>sint</span> <span class='ocrx_word' id='word_1_441' title='bbox 1137 5006 1201 5067; x_wconf 91' lang='lat' dir='ltr'>in</span> <span class='ocrx_word' id='word_1_442' title='bbox 1253 5022 1490 5085; x_wconf 83' lang='lat' dir='ltr'>organo</span> <span class='ocrx_word' id='word_1_443' title='bbox 1527 5006 1866 5087; x_wconf 89' lang='lat' dir='ltr'>corporali,</span> 
     </span>
     <span class='ocr_line' id='line_1_66' title="bbox 369 5104 1874 5189; baseline -0.001 -20"><span class='ocrx_word' id='word_1_444' title='bbox 369 5116 618 5189; x_wconf 84' lang='lat' dir='ltr'>quanto</span> <span class='ocrx_word' id='word_1_445' title='bbox 665 5113 818 5167; x_wconf 90' lang='lat' dir='ltr'>sunt</span> <span class='ocrx_word' id='word_1_446' title='bbox 865 5104 1246 5169; x_wconf 89' lang='lat' dir='ltr'>intensiores</span> <span class='ocrx_word' id='word_1_447' title='bbox 1295 5112 1358 5167; x_wconf 90' lang='lat' dir='ltr'>et</span> <span class='ocrx_word' id='word_1_448' title='bbox 1408 5104 1874 5177; x_wconf 76' lang='lat' dir='ltr'>immoderatio-</span> 
     </span>
     <span class='ocr_line' id='line_1_67' title="bbox 373 5201 1874 5283; baseline -0.002 -15"><span class='ocrx_word' id='word_1_449' title='bbox 373 5224 510 5281; x_wconf 67' lang='grc' dir='ltr'>ωε,</span> <span class='ocrx_word' id='word_1_450' title='bbox 561 5212 742 5267; x_wconf 86' lang='lat' dir='ltr'>tanto</span> <span class='ocrx_word' id='word_1_451' title='bbox 791 5202 1269 5266; x_wconf 87' lang='lat' dir='ltr'>immoderatius</span> <span class='ocrx_word' id='word_1_452' title='bbox 1331 5210 1524 5283; x_wconf 89' lang='lat' dir='ltr'>atque</span> <span class='ocrx_word' id='word_1_453' title='bbox 1583 5201 1874 5265; x_wconf 87' lang='lat' dir='ltr'>nocivius</span> 
     </span>
     <span class='ocr_line' id='line_1_68' title="bbox 368 5299 1876 5387; baseline -0.004 -20"><span class='ocrx_word' id='word_1_454' title='bbox 368 5321 612 5387; x_wconf 82' lang='lat' dir='ltr'>corpus</span> <span class='ocrx_word' id='word_1_455' title='bbox 653 5302 1014 5365; x_wconf 82' lang='lat' dir='ltr'>immutant.</span> <span class='ocrx_word' id='word_1_456' title='bbox 1062 5300 1162 5365; x_wconf 91' lang='lat' dir='ltr'>Sic</span> <span class='ocrx_word' id='word_1_457' title='bbox 1200 5310 1263 5364; x_wconf 91' lang='lat' dir='ltr'>et</span> <span class='ocrx_word' id='word_1_458' title='bbox 1300 5300 1556 5382; x_wconf 87' lang='lat' dir='ltr'>juvenis</span> <span class='ocrx_word' id='word_1_459' title='bbox 1607 5300 1716 5363; x_wconf 89' lang='lat' dir='ltr'>ille</span> <span class='ocrx_word' id='word_1_460' title='bbox 1763 5299 1876 5380; x_wconf 90' lang='lat' dir='ltr'>qui</span> 
     </span>
    </p>
   </div>
   <div class='ocr_carea' id='block_1_22' title="bbox 1977 4414 3475 5387">
    <p class='ocr_par' dir='ltr' id='par_1_22' title="bbox 1977 4414 2376 4496">
     <span class='ocr_line' id='line_1_69' title="bbox 1977 4414 2376 4496; baseline -0.003 -20"><span class='ocrx_word' id='word_1_461' title='bbox 1977 4414 2376 4496; x_wconf 86' lang='lat' dir='ltr'>carpebatur.</span> 
     </span>
    </p>

    <p class='ocr_par' dir='ltr' id='par_1_23' title="bbox 1977 4511 3475 5387">
     <span class='ocr_line' id='line_1_70' title="bbox 2057 4511 3465 4593; baseline 0.005 -21"><span class='ocrx_word' id='word_1_462' title='bbox 2057 4514 2225 4573; x_wconf 80' lang='lat' dir='ltr'>Erat</span> <span class='ocrx_word' id='word_1_463' title='bbox 2262 4522 2479 4573; x_wconf 78' lang='lat' dir='ltr'>autem</span> <span class='ocrx_word' id='word_1_464' title='bbox 2520 4511 2722 4593; x_wconf 85' lang='lat' dir='ltr'>ipsius</span> <span class='ocrx_word' id='word_1_465' title='bbox 2752 4515 3009 4576; x_wconf 80' lang='lat' dir='ltr'>Amnon</span> <span class='ocrx_word' id='word_1_466' title='bbox 3052 4519 3329 4588; x_wconf 72' lang='lat' dir='ltr'>amicus,</span> <span class='ocrx_word' id='word_1_467' title='bbox 3358 4540 3465 4579; x_wconf 91' lang='lat' dir='ltr'>no-</span> 
     </span>
     <span class='ocr_line' id='line_1_71' title="bbox 1981 4612 3463 4691; baseline 0.007 -21"><span class='ocrx_word' id='word_1_468' title='bbox 1981 4612 2154 4670; x_wconf 84' lang='lat' dir='ltr'>mine</span> <span class='ocrx_word' id='word_1_469' title='bbox 2177 4612 2491 4682; x_wconf 78' lang='lat' dir='ltr'>Jonadab,</span> <span class='ocrx_word' id='word_1_470' title='bbox 2523 4612 2709 4688; x_wconf 73' lang='lat' dir='ltr'>filiu-s·</span> <span class='ocrx_word' id='word_1_471' title='bbox 2738 4614 3052 4674; x_wconf 85' lang='lat' dir='ltr'>Sammaa</span> <span class='ocrx_word' id='word_1_472' title='bbox 3078 4615 3313 4691; x_wconf 75' lang='lat' dir='ltr'>fratris</span> <span class='ocrx_word' id='word_1_473' title='bbox 3332 4621 3463 4680; x_wconf 85' lang='lat' dir='ltr'>Da-</span> 
     </span>
     <span class='ocr_line' id='line_1_72' title="bbox 1977 4708 3459 4793; baseline 0.007 -25"><span class='ocrx_word' id='word_1_474' title='bbox 1977 4710 2235 4779; x_wconf 83' lang='lat' dir='ltr'>vid,vir</span> <span class='ocrx_word' id='word_1_475' title='bbox 2246 4711 2534 4785; x_wconf 73' lang='lat' dir='ltr'>prudens</span> <span class='ocrx_word' id='word_1_476' title='bbox 2560 4711 2757 4769; x_wconf 83' lang='lat' dir='ltr'>valde.</span> <span class='ocrx_word' id='word_1_477' title='bbox 2775 4708 2936 4772; x_wconf 84' lang='lat' dir='ltr'>Vera</span> <span class='ocrx_word' id='word_1_478' title='bbox 2964 4712 3300 4793; x_wconf 79' lang='lat' dir='ltr'>prudentia</span> <span class='ocrx_word' id='word_1_479' title='bbox 3332 4734 3459 4779; x_wconf 89' lang='lat' dir='ltr'>non</span> 
     </span>
     <span class='ocr_line' id='line_1_73' title="bbox 1977 4806 3461 4886; baseline 0.005 -17"><span class='ocrx_word' id='word_1_480' title='bbox 1977 4806 2100 4869; x_wconf 88' lang='lat' dir='ltr'>nisi</span> <span class='ocrx_word' id='word_1_481' title='bbox 2125 4806 2427 4870; x_wconf 89' lang='lat' dir='ltr'>virtuosis</span> <span class='ocrx_word' id='word_1_482' title='bbox 2462 4806 2627 4868; x_wconf 88' lang='lat' dir='ltr'>inest</span> <span class='ocrx_word' id='word_1_483' title='bbox 2659 4806 3049 4886; x_wconf 78' lang='lat' dir='ltr'>hominibuS,</span> <span class='ocrx_word' id='word_1_484' title='bbox 3078 4817 3148 4873; x_wconf 91' lang='lat' dir='ltr'>ut</span> <span class='ocrx_word' id='word_1_485' title='bbox 3178 4813 3366 4876; x_wconf 90' lang='lat' dir='ltr'>etiam</span> <span class='ocrx_word' id='word_1_486' title='bbox 3393 4814 3461 4877; x_wconf 87' lang='lat' dir='ltr'>in</span> 
     </span>
     <span class='ocr_line' id='line_1_74' title="bbox 1977 4904 3463 4991; baseline 0.005 -24"><span class='ocrx_word' id='word_1_487' title='bbox 1977 4905 2216 4967; x_wconf 89' lang='lat' dir='ltr'>Ethicis</span> <span class='ocrx_word' id='word_1_488' title='bbox 2259 4906 2444 4967; x_wconf 87' lang='lat' dir='ltr'>docet</span> <span class='ocrx_word' id='word_1_489' title='bbox 2481 4904 2924 4988; x_wconf 88' lang='lat' dir='ltr'>Philosophus.</span> <span class='ocrx_word' id='word_1_490' title='bbox 2967 4906 3171 4981; x_wconf 91' lang='lat' dir='ltr'>Quum</span> <span class='ocrx_word' id='word_1_491' title='bbox 3202 4928 3353 4991; x_wconf 84' lang='lat' dir='ltr'>ergo</span> <span class='ocrx_word' id='word_1_492' title='bbox 3396 4913 3463 4974; x_wconf 88' lang='lat' dir='ltr'>in</span> 
     </span>
     <span class='ocr_line' id='line_1_75' title="bbox 1981 5003 3469 5084; baseline 0.004 -17"><span class='ocrx_word' id='word_1_493' title='bbox 1981 5005 2103 5067; x_wconf 90' lang='lat' dir='ltr'>isto</span> <span class='ocrx_word' id='word_1_494' title='bbox 2154 5003 2409 5084; x_wconf 87' lang='lat' dir='ltr'>negotio</span> <span class='ocrx_word' id='word_1_495' title='bbox 2454 5003 2736 5066; x_wconf 89' lang='lat' dir='ltr'>Jonadab</span> <span class='ocrx_word' id='word_1_496' title='bbox 2777 5003 3188 5071; x_wconf 83' lang='lat' dir='ltr'>vitiosissime</span> <span class='ocrx_word' id='word_1_497' title='bbox 3244 5029 3313 5073; x_wconf 90' lang='lat' dir='ltr'>se</span> <span class='ocrx_word' id='word_1_498' title='bbox 3361 5011 3469 5073; x_wconf 89' lang='lat' dir='ltr'>ha-</span> 
     </span>
     <span class='ocr_line' id='line_1_76' title="bbox 1982 5102 3471 5188; baseline 0.005 -23"><span class='ocrx_word' id='word_1_499' title='bbox 1982 5103 2215 5177; x_wconf 86' lang='lat' dir='ltr'>buerit,</span> <span class='ocrx_word' id='word_1_500' title='bbox 2235 5120 2362 5163; x_wconf 91' lang='lat' dir='ltr'>non</span> <span class='ocrx_word' id='word_1_501' title='bbox 2386 5102 2606 5182; x_wconf 87' lang='lat' dir='ltr'>utique</span> <span class='ocrx_word' id='word_1_502' title='bbox 2627 5102 2928 5183; x_wconf 80' lang='lat' dir='ltr'>prudenS,</span> <span class='ocrx_word' id='word_1_503' title='bbox 2952 5106 3063 5167; x_wconf 90' lang='lat' dir='ltr'>sed</span> <span class='ocrx_word' id='word_1_504' title='bbox 3100 5124 3375 5188; x_wconf 85' lang='lat' dir='ltr'>nequam</span> <span class='ocrx_word' id='word_1_505' title='bbox 3406 5118 3471 5172; x_wconf 85' lang='lat' dir='ltr'>et</span> 
     </span>
     <span class='ocr_line' id='line_1_77' title="bbox 1983 5190 3469 5289; baseline 0.004 -24"><span class='ocrx_word' id='word_1_506' title='bbox 1983 5190 2257 5265; x_wconf 82' lang='lat' dir='ltr'>callidus</span> <span class='ocrx_word' id='word_1_507' title='bbox 2286 5200 2426 5273; x_wconf 81' lang='lat' dir='ltr'>fuit,</span> <span class='ocrx_word' id='word_1_508' title='bbox 2450 5202 2708 5281; x_wconf 86' lang='lat' dir='ltr'>quando</span> <span class='ocrx_word' id='word_1_509' title='bbox 2738 5204 3064 5265; x_wconf 87' lang='lat' dir='ltr'>consuluit</span> <span class='ocrx_word' id='word_1_510' title='bbox 3096 5204 3267 5269; x_wconf 87' lang='lat' dir='ltr'>istud</span> <span class='ocrx_word' id='word_1_511' title='bbox 3298 5209 3469 5289; x_wconf 88' lang='lat' dir='ltr'>quod</span> 
     </span>
     <span class='ocr_line' id='line_1_78' title="bbox 1987 5298 3475 5387; baseline 0.004 -26"><span class='ocrx_word' id='word_1_512' title='bbox 1987 5298 2297 5380; x_wconf 88' lang='lat' dir='ltr'>sequitur.</span> <span class='ocrx_word' id='word_1_513' title='bbox 2315 5298 2762 5362; x_wconf 89' lang='lat' dir='ltr'>Verumtamen</span> <span class='ocrx_word' id='word_1_514' title='bbox 2794 5318 2870 5363; x_wconf 85' lang='lat' dir='ltr'>ex</span> <span class='ocrx_word' id='word_1_515' title='bbox 2900 5303 3174 5365; x_wconf 88' lang='lat' dir='ltr'>naturali</span> <span class='ocrx_word' id='word_1_516' title='bbox 3208 5305 3475 5387; x_wconf 88' lang='lat' dir='ltr'>disposi-</span> 
     </span>
    </p>
   </div>
  </div>
 </body>
</html>
