4359 6250
1206 481 1553 528 chrannum
1595 481 1657 528 m
1698 481 1836 528 car.
1882 483 1924 528 x
1964 482 2238 530 marcum.
2284 503 2364 514 —-
2403 484 2546 530 aar.
2592 467 2753 530 xvm'

3395 467 3514 532 169

404 671 513 710 eos
546 653 619 712 in
653 673 889 714 manus
918 654 1293 714 Philistiim
1330 662 1389 713 et
1427 654 1725 730 filiorum
1754 656 1911 714 Am-
1940 653 1991 714 A
2098 657 2552 736 Dioeerunlque
2579 658 2714 732 filii
2747 659 2953 717 Israel
2991 659 3078 716 ad
3106 657 3462 717 Dominum
3484 673 3508 715 :

405 771 589 823 mon,
609 759 681 813 ut
708 770 822 833 per
850 751 998 815 illos
1028 751 1433 833 punirentur,
1452 769 1726 832 quorum
1759 753 1910 815 deos

404 848 751 912 colebant:
788 870 904 933 per
937 850 1109 931 quod
1140 849 1479 928 discerent,
1515 850 1637 912 sibi
1680 869 1910 932 nequa-

403 967 605 1028 quam
640 950 945 1031 prodesse
972 948 1214 1012 cultum
1251 948 1514 1012 deorum
1557 948 1837 1026 illorum,
1873 969 1910 1012 a

402 1065 687 1127 quorum
709 1048 1063 1111 cultoribus
1089 1048 1451 1130 specialiter
1471 1049 1911 1130 opprimeban—

403 1152 539 1222 tur,
574 1153 635 1208 et
667 1166 704 1209 a
731 1146 971 1228 quibus
1000 1146 1125 1208 dii's
1158 1165 1286 1210 non
1319 1155 1611 1228 poterant
1648 1147 1911 1229 adjuva-

408 1245 490 1306 ri.
514 1248 889 1326 Afflictique
915 1256 1092 1316 sum,
1112 1256 1169 1307 et
1200 1249 1485 1326 oppressi
1516 1250 1911 1308 veliementer

390 1366 526 1423 per
556 1367 763 1407 annos
792 1349 1003 1406 decem
1035 1357 1093 1406 el
1124 1356 1257 1407 octo
1280 1367 1302 1406 .·
1333 1348 1405 1406 in
1438 1355 1714 1421 tantum,
1734 1355 1806 1406 uc
1834 1350 1912 1424 fi-

404 1446 495 1504 lii
514 1447 799 1506 Ammon
832 1455 1163 1506 vastarent
1190 1449 1435 1506 Judam
1464 1454 1523 1504 et
1555 1445 1913 1522 Benjamin

402 1553 471 1603 et
500 1545 857 1622 Ephraim.
876 1545 1300 1621 Affiiclusque
1328 1553 1415 1604 esi
1446 1548 1653 1604 Israel
1683 1546 1907 1605 nimis.

403 1644 499 1702 Ec
518 1646 875 1702 cla-mances
894 1645 983 1702 ad
1005 1645 1375 1710 Dominum,
1394 1645 1711 1703 dimerunl
1722 1658 1745 1702 .·
1768 1646 1913 1704 Pec-

403 1742 709 1802 cavimus
742 1743 884 1812 tibi,
908 1749 1026 1804 etc.

2022 756 2464 825 Peccavimus,
2499 758 2692 815 redde
2725 764 2794 815 lu
2824 756 3004 814 nobis
3033 756 3360 834 quidquid
3392 756 3509 814 tibi

2011 855 2248 930 placet.
2285 853 2386 916 Sic
2417 861 2479 916 et
2508 854 2702 916 David
2746 854 3022 916 secundo
3065 852 3228 916 libro
3268 853 3505 934 Regum

2018 949 2142 1011 ait:
2168 951 2388 1012 Melius
2419 959 2508 1013 est
2545 959 2614 1013 ut
2646 951 2921 1014 incidam
2953 951 3020 1013 in
3051 971 3278 1014 manus
3298 951 3508 1014 Domi·
3536 968 3799 1026 anaqam,

2022 1047 2111 1124 ni,
2160 1049 2375 1111 multae
2425 1050 2596 1111 enim
2647 1058 2796 1112 sunt
2847 1050 3297 1114 misericordiae
3341 1050 3502 1131 ejuS,

2020 1157 2210 1227 quam
2254 1147 2318 1208 in
2367 1167 2594 1210 manus
2626 1149 2981 1212 hominum.
3021 1155 3298 1212 Tantum
3331 1171 3509 1211 nunc

2022 1247 2223 1306 libera
2253 1268 2390 1317 nos,
2425 1247 2487 1308 id
2533 1255 2649 1324 est,
2685 1247 2804 1310 hoc
2847 1246 3252 1329 potissimum
3294 1249 3510 1330 depre-

2022 1363 2264 1420 camur,
2291 1353 2361 1405 ut
2391 1345 2612 1408 saltem
2647 1365 2814 1408 nunc
2846 1365 3068 1427 parcas
3099 1345 3306 1422 nobiS,
3332 1355 3394 1409 et
3425 1347 3512 1410 ita

2026 1462 2140 1506 nos
2185 1443 2687 1522 emendabimu3‚
2722 1445 2894 1526 quod
2936 1464 3061 1509 non
3101 1445 3512 1508 deveniemus

2026 1543 2101 1604 ad
2137 1542 2327 1604 talem
2363 1543 2727 1605 articulum.
2767 1548 2919 1613 Quae
2954 1547 3256 1615 dicentes,
3291 1547 3517 1606 omnia

2026 1643 2206 1702 idola
2247 1643 2684 1720 projecerunt,
2727 1653 2786 1702 ec
2833 1645 3196 1704 servierunt
3239 1646 3516 1705 Domino

2030 1743 2176 1800 Deo,
2218 1743 2345 1809 Qui
2375 1743 2587 1802 doluit
2625 1763 2817 1818 super
2858 1743 3136 1802 miseriis
3171 1763 3418 1812 eorum,
3450 1743 3516 1804 id

496 1840 745 1908 Quibus
777 1843 1024 1900 locutus
1053 1851 1144 1900 esc
1175 1841 1515 1900 Dominus,
1540 1839 1771 1902 Dicunt
1799 1840 1915 1902 He-
1948 1836 1994 1897 B
2024 1846 2141 1914 est,
2178 1857 2291 1920 per
2339 1840 2596 1902 modum
2649 1840 3098 1921 compatientis
3147 1859 3214 1903 se
3265 1840 3512 1917 hahuit,

403 1937 591 2014 braei,
612 1939 787 2019 quod
820 1957 934 2019 per
963 1937 1232 2002 Phinees
1265 1939 1657 2000 sacerdotem
1688 1955 1703 2000 ε
1741 1939 1913 2019 quod

404 2037 667 2099 videtur
698 2035 1039 2113 ficticium,
1076 2036 1229 2117 quia
1256 2035 1525 2099 Phineos
1560 2038 1911 2099 secundum

404 2135 535 2198 hoc
564 2134 795 2198 fuisset
823 2132 1081 2198 circiter
1114 2143 1538 2198 trecentorum
1570 2154 1908 2212 annorum,

402 2233 580 2296 sicut
610 2253 726 2315 per
758 2242 1046 2316 tempora
1075 2233 1388 2314 judicum,
1424 2241 1487 2297 et
1516 2252 1718 2296 annos
1748 2252 1909 2315 quos

404 2332 532 2394 sub
564 2331 771 2414 Moyse
803 2340 865 2394 et
892 2332 1081 2395 Josue
1115 2331 1359 2408 hahuit,
1379 2339 1594 2414 posset
1627 2331 1905 2412 probari.

406 2429 639 2494 Verius
672 2430 868 2510 igitur
889 2430 1193 2505 creditur,
1214 2431 1387 2512 quod
1419 2449 1532 2512 per
1554 2429 1750 2492 alium
1774 2449 1911 2492 san-

403 2538 587 2594 ctum
620 2529 857 2606 virum,
893 2537 957 2592 et
986 2528 1151 2592 forte
1180 2529 1590 2610 Prophetam3
1628 2529 1765 2592 sive
1796 2549 1911 2611 per

400 2628 736 2710 angelum,
774 2628 1083 2709 quoniam
1126 2627 1248 2690 iste
1289 2627 1579 2708 loquenS,
1625 2627 1908 2709 loquitur

404 2727 477 2789 in
526 2745 801 2809 persona
840 2725 973 2802 Dei,
1010 2745 1126 2789 nec
1169 2725 1496 2807 praemittit
1538 2745 1653 2788 nec
1689 2725 1910 2808 adjun-

400 2823 526 2906 git,
558 2824 703 2887 Haec
732 2823 890 2886 dicit
920 2823 1250 2900 DominuS,
1286 2831 1356 2885 ut
1396 2825 1590 2888 moris
1634 2832 1727 2887 est
1770 2825 1910 2886 Pro·

401 2923 741 3006 phetarum
752 2925 1122 3002 .Numquid
1142 2943 1270 2983 non
1287 2926 1415 3001 AEy
1417 2926 1563 3000 ypti
1568 2925 1593 2982 i
1612 2933 1671 2984 et
1684 2926 1739 2984 A
1750 2945 1909 2984 mor-

2024 1937 2151 2001 cito
2185 1938 2628 2002 subveniendo
2660 1941 2922 2003 eisdem.

2112 2041 2341 2116 Itaque
2388 2041 2523 2114 filii
2571 2043 2852 2100 Ammon
2902 2044 3396 2109 conclamantes,
3441 2043 3515 2104 in

2029 2139 2285 2197 Galaad
2300 2142 2590 2214 sia-erunt
2625 2141 2933 2198 tentoria:
2954 2149 3177 2200 contra
3200 2160 3355 2218 quos
3373 2160 3514 2201 con-

2014 2238 2276 2312 ,qr-eya&
2295 2239 2428 2314 filii
2451 2241 2676 2310 Israel,
2706 2239 2775 2298 in
2803 2239 3078 2316 Ala-epha
3107 2249 3515 2300 castrameta-

2026 2336 2076 2395 ti
2104 2345 2277 2396 sunt.
2311 2339 2763 2415 Dia-eruntque
2780 2339 3108 2414 principes
3144 2341 3421 2408 Galaad,
3447 2337 3513 2399 id

2022 2440 2118 2495 est
2142 2433 2532 2514 principales
2560 2433 2624 2494 in
2658 2434 2829 2496 'tribu
2853 2443 2915 2497 et
2949 2443 3114 2497 terra
3144 2435 3514 2512 illa,s2‘n9u-

2026 2535 2079 2591 li
2106 2535 2194 2592 ad
2215 2533 2551 2609 prooeimos
2579 2554 2724 2594 suos
2745 2553 2768 2593 .·
2794 2537 2920 2603 Qui
2943 2535 3202 2611 primus
3226 2555 3306 2594 ea:
3331 2538 3512 2596 nobis

2021 2640 2247 2692 contra
2291 2635 2463 2709 filios
2511 2635 2792 2694 Ammon
2841 2636 3099 2710 emperit
3141 2636 3459 2694 dimicare
3487 2653 3512 2695 .·

2022 2728 2194 2790 unde
2214 2728 2487 2805 videtur,
2513 2729 2684 2809 quod
2708 2730 2908 2809 magis
2943 2729 3411 2793 infestabantur
3431 2731 3512 2793 ab

2021 2826 2434 2902 AmmonitiS,
2469 2846 2661 2909 quam
2708 2846 2745 2889 a
2789 2827 3168 2904 Philistaeis3
3202 2831 3327 2891 erit
3371 2834 3512 2890 dum

2012 2927 2248 3004 populi
2298 2929 2577 2996 Galaad,
2611 2926 2673 2988 id
2725 2935 2820 2990 est
2873 2927 3159 2990 filiorum
3211 2928 3396 2992 lsrael
3443 2929 3508 2990 in

399 3024 587 3092 rhosi,
602 3024 864 3100 filiique
876 3025 1149 3082 Ammon
1170 3031 1229 3081 et
1243 3023 1628 3088 Philistiim‚
1642 3023 1909 3084 Sidonii
1943 3021 1987 3084 C
2017 3023 2249 3086 Galaad
2274 3025 2828 3103 commorantium,
2849 3027 2936 3089 ita
2956 3029 3124 3108 quod
3149 3028 3508 3110 specialiter

398 3143 662 3203 quoque
678 3132 739 3183 et
753 3126 1022 3184 Amalec
1040 3132 1099 3181 et
1117 3118 1452 3193 C'hanaan,
1474 3120 1536 3183 id
1560 3129 1655 3184 est
1674 3120 1908 3185 Chana—

401 3221 555 3295 naei‚
574 3231 1029 3300 oppresserunt
1062 3241 1189 3290 vos,
1214 3231 1273 3281 et
1302 3223 1632 3281 clamastis
1664 3224 1751 3281 ad
1781 3242 1905 3291 me,

398 3332 465 3383 ei
503 3322 657 3381 erui
696 3340 803 3381 vos
841 3324 917 3379 de
962 3340 1167 3381 manu
1204 3340 1424 3379 eorum
1447 3322 1477 3379 ἓ
1508 3318 1681 3381 Sicut
1712 3317 1904 3400 paulo

399 3427 559 3483 ante
597 3435 915 3500 expressae
954 3426 1101 3480 sunt
1140 3426 1383 3499 septem
1423 3416 1797 3481 idololatriae
1827 3418 1905 3479 ls-

398 3518 801 3593 raelitarum,
856 3516 945 3578 ita
992 3535 1161 3578 nunc
1212 3524 1433 3579 contra
1488 3515 1631 3578 illos
1692 3515 1902 3598 expri-

400 3625 675 3679 muntur
719 3623 963 3697 septem
1012 3623 1255 3696 gentes,
1301 3633 1339 3676 a
1382 3613 1618 3696 quibus
1667 3614 1900 3677 afflicti

400 3723 561 3778 sunt
590 3724 655 3777 et
683 3713 909 3795 erepti.
940 3716 1029 3775 Ec
1063 3724 1274 3775 lamen
1305 3716 1662 3794 reliquistis
1694 3736 1811 3785 me,
1842 3724 1901 3773 el

397 3816 698 3875 coluistis
726 3816 873 3875 deos
902 3815 1168 3874 alienos,
1191 3814 1441 3873 Idcirco
1472 3832 1601 3872 non
1634 3815 1897 3883 addam,

401 3925 480 3975 uc
514 3918 696 3975 ultra
730 3934 837 3972 vos
870 3914 1129 3972 liberem
1152 3930 1175 3971 .·
1206 3912 1377 3992 quod
1424 3910 1895 3986 comminative,

400 4031 537 4076 non
568 4011 895 4084 assertive,
933 4010 1251 4090 prolatum
1284 4014 1411 4085 est;
1437 4018 1501 4072 et
1531 4008 1651 4071 sub
1682 4008 1901 4072 condi-

400 4112 583 4175 tione
604 4109 731 4171 fuit
762 4108 1268 4187 intelligendum,
1287 4108 1583 4171 videlicet
1618 4107 1740 4170 nisi
1776 4106 1899 4168 filii

2018 3124 2272 3204 praeerit
2302 3124 2416 3186 eis,
2437 3124 2654 3205 ltaque
2685 3146 2798 3207 per
2825 3127 2989 3189 hanc
3017 3129 3504 3209 promissionem

2017 3220 2359 3303 cupiebant
2391 3222 2671 3303 aliquem
2697 3224 2903 3285 virum
2938 3224 3234 3288 idoneum
3268 3226 3505 3290 anima-

2015 3338 2083 3382 re
2125 3340 2198 3383 ac
2243 3339 2592 3403 provocare
2639 3323 2717 3384 ad
2763 3324 3215 3386 assumendum
3263 3326 3503 3407 specia-

2014 3418 2159 3481 liter
2191 3418 2432 3482 bellum
2477 3429 2600 3482 tam
2642 3420 3068 3501 periculosum
3107 3432 3170 3485 et
3200 3424 3493 3501 arduum,

2013 3526 2204 3599 atque
2235 3519 2312 3579 ad
2344 3517 2764 3600 praeliandum
2797 3520 3005 3602 primo
3037 3524 3060 3546 *
3093 3522 3158 3583 in
3190 3523 3348 3585 acie.

2093 3616 2179 3677 Ex
2213 3616 2333 3678 ista
2365 3615 2632 3680 historia
2660 3620 3141 3681 commendatur
3163 3621 3346 3683 nobis
3379 3620 3500 3683 fra-

2012 3714 2249 3796 gilitas,
2285 3716 2695 3796 ingratitudo,
2741 3718 3124 3798 perversitas
3168 3719 3497 3783 hominum

2014 3814 2435 3877 ineffabiliter
2467 3833 2716 3893 magna,
2746 3815 3004 3878 infinita
3034 3836 3288 3899 quoque
3318 3820 3502 3881 mise-

2012 3912 2286 3975 ricordia
2315 3913 2446 3975 Dei.
2482 3912 2625 3976 Ideo
2668 3915 2882 3976 nullus
2923 3916 3256 3997 desperet3
3291 3926 3354 3980 et
3387 3918 3498 3998 qui

2012 4011 2513 4074 misericordiam
2551 4012 2656 4074 Dei
2686 4012 3028 4094 impetrare
3053 4015 3388 4091 desiderat,
3409 4016 3502 4077 in-

2012 4109 2405 4173 cessabiliter
2436 4110 2664 4173 clamet
2693 4112 2770 4173 ad
2807 4112 3162 4189 Dominum,
3197 4122 3260 4176 ct
3286 4114 3504 4177 omnia

398 4208 593 4273 lsrael
628 4226 697 4270 se
727 4207 1163 4269 emendarent.
1198 4210 1316 4277 Ite,
1349 4216 1408 4267 et
1438 4210 1727 4267 invocate
1754 4210 1901 4265 cleos
1935 4210 1985 4271 D
2016 4229 2177 4273 vana
2224 4209 2664 4290 phantasmata
2713 4217 2775 4271 et
2819 4211 3086 4294 objecta,
3137 4214 3501 4277 occasiones

396 4328 560 4389 quos
590 4308 899 4383 eleyz‘sciS,
920 4308 1051 4384 ipsi
1082 4327 1189 4366 vos
1220 4308 1487 4366 liberent
1520 4307 1591 4366 in
1626 4316 1899 4383 tempore

397 4403 1079 4484 anqustioefflerisorie
1102 4412 1293 4485 atque
1323 4404 1565 4467 ironice
1589 4404 1747 4466 dixit
1778 4405 1897 4467 hoc

398 4505 733 4568 DominuS.

2016 4307 2318 4389 peccandi
2381 4317 2443 4371 et
2503 4308 2678 4386 vitia,
2733 4310 2800 4370 in
2851 4309 3082 4392 quibus
3143 4312 3502 4376 offenderat

2013 4408 2234 4484 Deum,
2266 4409 2344 4470 de
2374 4408 2562 4471 corde
2595 4427 2708 4471 suo
2743 4427 3000 4491 prorsus
3039 4410 3320 4492 abjiciat,
3357 4432 3500 4476 con-

2016 4502 2296 4580 fiteatur,
2333 4512 2394 4566 et
2425 4505 2694 4567 Domino
2726 4505 3132 4588 obsequatur.

3539 1035 3604 1076 14.

3559 3532 3576 3551 ⁶
3603 3533 3743 3587 prima
