4359 6250
914 495 1262 542 manuario
1305 497 1365 542 ΙΝ
1410 496 1545 542 CAP.
1593 495 1678 541 XX
1721 494 1879 540 mam
1922 495 2091 540 mum
2134 493 2358 539 REGUM.
2405 512 2484 521 —
2526 493 2666 538 Am:
2715 492 2928 538 xxxvn

3351 471 3468 536 373

367 665 863 743 consuetudine,
897 675 968 729 ut
997 667 1219 732 Glossa
1249 676 1535 732 testatur,
1570 667 1870 742 Quaerunt
1899 665 1951 727 A
1981 664 2454 729 successoribus
2475 665 2601 727 tuis
2622 665 3018 728 committere
3051 663 3309 746 poteris.
3329 664 3471 728 Haec

366 770 588 826 autem
641 765 963 842 nonnulli,
999 786 1081 828 an
1114 767 1310 828 David
1355 766 1609 829 interim
1654 765 1771 827 ivit
1802 765 1869 827 in

366 861 766 940 Bethlehem,
803 871 868 926 et
908 872 1136 946 putant
1175 865 1469 928 nonnulli
1510 865 1681 945 quod
1715 863 1865 926 imo.

364 960 585 1038 Porro,
622 960 837 1024 littera
870 962 1123 1025 videtur
1153 963 1483 1026 insinuare
1511 963 1683 1044 quod
1716 981 1865 1038 non,

366 1059 678 1139 quoniam
710 1060 910 1122 David
940 1061 1103 1124 dixit
1137 1079 1151 1124 :
1186 1062 1444 1124 Dimitte
1472 1082 1595 1137 me,
1632 1069 1702 1123 ut
1730 1061 1873 1123 abs-

364 1158 613 1219 condar
645 1157 713 1219 in
734 1178 888 1240 agro
919 1179 1126 1242 usque
1145 1162 1223 1224 ad
1246 1179 1576 1243 vesperam
1600 1159 1726 1223 diei
1752 1168 1873 1222 ter-

368 1255 497 1318 tiae.
533 1257 775 1320 Tamen
809 1259 888 1321 de
917 1259 1245 1323 intellectu
1277 1260 1468 1341 hujus
1500 1259 1677 1322 verbi
1702 1257 1873 1320 infra

366 1353 644 1417 dicetur.
664 1359 800 1418 Fac
818 1375 965 1434 erqo
988 1361 1501 1419 misericordiam
1522 1360 1595 1418 in
1615 1379 1872 1418 servum

370 1463 591 1523 tuum,
630 1457 791 1534 quia
829 1457 1041 1534 foedus
1083 1459 1355 1518 Domini
1397 1478 1499 1517 me
1540 1457 1873 1533 famulum

373 1560 566 1612 tuum
602 1555 773 1614 inire
798 1564 1003 1615 tecum
1033 1556 1267 1632 fecisti.
1299 1557 1375 1617 Si
1394 1566 1609 1617 autem
1630 1564 1719 1614 est
1751 1557 1876 1614 ini-

370 1651 495 1728 qui
501 1660 599 1710 tas
630 1654 861 1732 aliqua
895 1655 968 1714 in
998 1674 1123 1724 me,
1149 1663 1217 1714 tu
1249 1675 1347 1715 me
1378 1656 1689 1730 interfice,
1710 1655 1877 1712 etad

362 1756 631 1823 patrem
663 1758 853 1810 tuum
883 1771 964 1810 ne
995 1753 1374 1812 introducas
1394 1773 1512 1813 me.
1539 1755 1623 1814 Εἰ
1654 1755 1751 1813 ait
1777 1757 1877 1814 Jo-

372 1946 441 2002 ri
464 1955 701 2023 potest,
731 1957 805 2007 ut
845 1949 905 2007 si
930 1959 1095 2009 certe
1126 1967 1468 2026 coynovero
1498 1952 1877 2027 completam

371 2063 507 2103 esse
536 2046 758 2121 patris
798 2047 927 2106 mci
974 2048 1303 2107 malitiam
1350 2057 1574 2108 contra
1627 2057 1708 2117 te,
1748 2068 1877 2108 non

374 2145 777 2204 annuntiem
820 2146 959 2205 tibi.
1004 2147 1483 2224 Responditque
1528 2147 1747 2206 David
1793 2148 1880 2206 ad

372 2243 715 2304 Jonatlzan
737 2264 761 2302 .·
796 2246 953 2312 Quis
983 2245 1387 2304 renuntiabit
1417 2245 1605 2315 mihi,
1638 2246 1697 2304 si
1719 2248 1881 2324 quid

377 2343 555 2419 sorte
596 2343 999 2419 responderit
1040 2343 1159 2402 tibi
1195 2352 1381 2420 pater
1412 2351 1561 2403 tuus
1596 2346 1761 2404 dure
1803 2347 1881 2403 de

380 2460 487 2498 mc
508 2442 540 2499 ?
569 2441 657 2500 Et
688 2443 785 2500 ait
812 2443 1129 2502 Jonathas
1172 2445 1259 2502 ad
1288 2443 1508 2502 David
1529 2462 1551 2501 .·
1612 2443 1791 2512 Veni,
1822 2451 1882 2503 et

380 2541 809 2614 eyrediamur
838 2543 1019 2619 foras
1048 2542 1119 2601 in
1151 2559 1407 2617 ayrum.

469 2639 813 2717 Quumque
840 2639 1119 2699 exissent
1149 2641 1330 2699 ambo
1374 2641 1447 2700 in
1491 2660 1755 2716 ayrum,
1786 2643 1883 2700 ait

379 2738 705 2796 Jonathas
734 2739 823 2796 ad
851 2739 1073 2798 David
1093 2758 1117 2796 .·
1147 2739 1423 2797 Domine
1452 2741 1623 2799 Deus
1642 2740 1880 2810 Israel,

376 2837 442 2895 si
472 2835 949 2912 investi-cavero
970 2857 1077 2896 sen
1088 2838 1357 2896 tentiam
1368 2838 1584 2914 patris
1606 2838 1735 2896 mei
1752 2857 1886 2898 cra-

349 2929 558 2994 ‘stine
588 2937 691 2993 vel
712 2937 1046 3010 perendie,
1076 2933 1233 3017 quid
1264 2934 1510 2997 scilicet
1535 2934 1778 3016 judicet
1808 2935 1886 2997 de

1980 765 2230 828 locutus
2252 773 2348 826 est
2365 764 2687 841 Jonathas,
2711 763 3012 845 quoniam
3043 761 3312 827 firmiter
3344 782 3472 826 cre-

1979 863 2143 925 didit
2174 881 2441 944 regnum
2462 882 2600 926 esse
2632 862 3142 925 transferendum
3167 881 3204 924 a
3224 861 3367 925 Saul
3392 863 3471 924 ad

1979 962 2199 1040 David,
2235 971 2424 1045 prout
2466 962 2840 1044 praedixerat
2871 961 3146 1024 Samuel.
3169 961 3474 1035 Quocirca

1980 1061 2311 1142 quaeritur,
2347 1081 2426 1124 an
2459 1069 2521 1124 et
2551 1061 2744 1124 David
2787 1061 2907 1123 hoc
2938 1060 3231 1123 credidit.
3258 1059 3321 1122 Si
3355 1061 3467 1138 sic,

1982 1162 2304 1242 quomodo
2345 1160 2524 1238 dixit,
2567 1159 2696 1241 Ego
2727 1169 2790 1222 et
2833 1179 3005 1222 mors
3046 1177 3175 1222 uno
3226 1166 3470 1222 tantum

1980 1260 2181 1339 gradu
2226 1258 2614 1322 dividimurz
2647 1259 2708 1321 Si
2743 1276 2893 1331 non,
2927 1275 3075 1338 ergo
3117 1257 3242 1320 fuit
3273 1258 3474 1320 incre-

1984 1357 2196 1420 duluS.
2223 1356 2681 1439 Respondetur,
2702 1357 2872 1438 quod
2894 1356 3091 1420 David
3113 1363 3473 1439 opportuno

1985 1465 2270 1538 tempore
2304 1455 2367 1518 id
2400 1448 2697 1518 credebat
2725 1455 3080 1518 certissime
3123 1454 3476 1536 adimplen-

1984 1555 2157 1617 dum.
2177 1554 2568 1637 Quandoque
2588 1573 2737 1618 vero
2769 1555 2992 1616 habuit
3021 1555 3098 1617 ad
3129 1573 3350 1617 causas
3373 1573 3478 1615 ua-

1989 1654 2246 1730 turaleS,
2272 1653 2604 1730 humanaS,
2631 1653 3050 1735 propriasque
3079 1652 3472 1733 adspectum,

1987 1761 2049 1815 et
2100 1761 2346 1834 poterat
2394 1753 2730 1828 aestimare,
2765 1752 2935 1835 quod
2977 1751 3318 1833 promissio
3365 1750 3477 1813 illa

205 1865 219 1880 ·
248 1865 291 1902 te
374 1849 663 1908 nathas:
690 1850 881 1910 Absit
907 1851 1023 1910 hoc
1052 1871 1093 1911 a
1124 1851 1291 1911 me*.
1330 1852 1549 1930 Neque
1576 1853 1751 1911 enim
1770 1855 1877 1927 fie-
1913 1849 1960 1912 B
1987 1850 2205 1914 divina
2249 1852 2328 1914 dc
2379 1869 2493 1913 suo
2533 1851 2896 1933 principatu
2948 1848 3214 1913 forsitan
3265 1857 3479 1931 posset

1990 1949 2261 2030 intelligi
2285 1949 2404 2012 sub
2426 1949 2814 2027 conditione,
2833 1949 3370 2030 quemadmodum
3395 1955 3480 2009 ta·-

1989 2049 2080 2112 les
2111 2047 2566 2130 promissiones
2596 2048 2800 2129 accipi
2836 2047 3063 2110 solent.
3095 2050 3232 2108 Aut
3259 2048 3319 2106 si
3347 2067 3476 2108 non

1985 2149 2192 2226 fecero
2220 2147 2392 2227 quod
2419 2145 2548 2227 jam
2580 2145 2734 2222 dixi,
2759 2149 3021 2226 quando
3050 2147 3480 2207 eradicaverit

1988 2248 2308 2309 Dominus
2348 2246 2648 2305 inimicos
2677 2246 2920 2316 David,
2957 2264 3481 2324 unumquemque

1987 2349 2067 2406 de
2110 2355 2302 2405 terra.
2336 2343 2451 2405 Per
2487 2343 2607 2406 hoc
2637 2342 2949 2419 innuitur,
2983 2344 3154 2425 quod
3184 2342 3481 2406 Jonathas

1992 2451 2256 2506 noverat
2299 2449 2542 2524 patrem
2585 2461 2794 2519 suum,
2829 2451 2891 2505 et
2933 2442 2992 2504 ei
3036 2449 3258 2506 contra
3284 2442 3479 2505 David

1994 2540 2306 2616 faventcS,
2352 2539 2734 2602 auferendos
2779 2541 2858 2603 de
2896 2539 3026 2605 vita
3061 2539 3178 2600 hac
3223 2547 3482 2622 propter

1994 2639 2352 2722 impietates
2374 2657 2593 2702 eorum
2627 2639 2691 2700 in
2718 2638 2933 2701 David.
2953 2638 3236 2714 Auferat
3264 2640 3483 2699 David

1990 2741 2321 2802 Ionathan
2350 2742 2430 2798 de
2458 2741 2642 2798 domo
2671 2758 2816 2806 sua,
2852 2735 2914 2798 id
2946 2743 3062 2812 est,
3097 2753 3201 2797 me
3227 2754 3484 2817 quoque

1994 2837 2261 2913 occidat,
2286 2847 2346 2898 et
2373 2838 2667 2914 requirat
2686 2837 3002 2898 Dominus
3021 2837 3101 2895 de
3121 2855 3323 2896 manu
3354 2837 3484 2896 ini-

1996 2940 2312 3000 micorum
2341 2937 2561 2997 David
2566 2939 2586 3005 j
2619 2934 2681 2996 id
2713 2941 2829 3011 est,
2866 2941 3301 3016 persecutores
3343 2941 3483 2996 tuos

382 3041 469 3108 te,
505 3041 567 3092 et
599 3033 862 3112 aliquid
893 3035 1042 3094 boni
1079 3036 1286 3113 fuerit
1321 3053 1515 3111 super
1543 3036 1788 3104 David,
1820 3034 1883 3096 id
1922 3038 1965 3102 C
1995 3037 2220 3119 puniat
2249 3042 2508 3117 propter
2535 3053 2830 3096 excessus
2867 3051 3087 3096 eorum
3131 3031 3199 3095 in
3239 3040 3323 3095 te.
3358 3033 3484 3096 Hoc

380 3139 506 3208 est,
543 3138 725 3213 pater
754 3149 937 3194 meus
978 3150 1352 3214 prosperum
1385 3132 1539 3214 quid
1581 3132 1888 3215 promise-

382 3230 469 3292 rit
502 3229 666 3291 mihi
698 3230 779 3293 de
810 3237 894 3307 te,
924 3242 984 3291 et
1014 3252 1144 3291 non
1173 3233 1396 3293 statim
1418 3232 1647 3293 misero
1679 3235 1767 3292 ad
1804 3242 1884 3302 te,

378 3340 443 3391 et
474 3338 705 3389 notum
733 3330 941 3406 fece-ro
990 3331 1133 3401 tibi,
1167 3332 1302 3391 hoec
1342 3331 1552 3406 faciat
1583 3333 1752 3390 Deus
1781 3334 1887 3393 Jo-

381 3431 608 3490 natlue
636 3438 698 3489 et
735 3430 869 3489 hoec
905 3437 1160 3505 auqeat.
1195 3427 1410 3509 Itaque
1450 3428 1569 3492 hoc
1610 3447 1888 3492 exsecra-

386 3525 589 3591 tionis
620 3525 984 3607 juramento
1012 3525 1310 3589 Ionathas
1342 3545 1409 3588 se
1440 3526 1778 3589 adstrinxit
1808 3528 1887 3590 ad

386 3625 587 3688 istud.
622 3627 704 3687 Si
732 3634 951 3685 autem
975 3628 1481 3703 perseveraverit
1516 3628 1731 3705 patris
1762 3629 1890 3687 mei

386 3726 655 3785 malitia
678 3726 1024 3785 adversum
1049 3734 1122 3794 te,
1137 3728 1427 3785 revelabo
1442 3746 1667 3786 aurem
1692 3735 1884 3796 tuam,

383 3833 447 3883 et
476 3823 819 3883 dimittam
851 3832 909 3883 te
940 3832 1011 3883 ut
1044 3826 1244 3883 vadas
1274 3824 1347 3882 in
1372 3844 1557 3902 pace,
1576 3834 1635 3884 et
1661 3827 1747 3885 sit
1767 3828 1889 3886 Do-

387 3923 617 3983 minus
660 3930 889 3993 tecum‚
936 3921 1145 3983 dando
1195 3920 1313 3982 tibi
1365 3920 1687 3998 victoriaS,
1721 3924 1891 3983 sieut

383 4020 531 4095 suit
562 4040 713 4079 eum
734 4030 925 4097 patre
966 4040 1127 4089 meo,
1157 4020 1393 4083 multos
1428 4019 1485 4083 ei
1533 4021 1891 4103 praestando

387 4117 782 4199 triumphos.
810 4118 1046 4181 Tamen
1066 4119 1272 4199 quoad
1307 4118 1476 4182 dona
1503 4119 1742 4198 gratiae,
1766 4138 1891 4184 non

1994 3134 2292 3198 Jonathas
2324 3133 2484 3195 dixit
2513 3134 2648 3197 zelo
2671 3133 2955 3214 justitiae,
2981 3142 3174 3215 atque
3204 3133 3284 3195 de
3305 3132 3488 3195 casti·

1995 3233 2250 3315 gatione
2272 3232 2418 3295 vitae
2440 3232 2791 3313 praesentiS,
2811 3250 2893 3294 ne
2911 3232 3296 3295 aeternaliter
3317 3233 3488 3294 dam-

1996 3340 2322 3395 narentur.

2076 3432 2342 3509 Pepiyit
2370 3448 2517 3507 erqo
2546 3430 2757 3506 fcedus
2784 3433 3098 3492 Ionathas
3124 3450 3271 3491 cum
3301 3432 3488 3492 domo

1998 3532 2240 3603 David,
2278 3528 2340 3590 id
2391 3535 2486 3590 est
2527 3546 2675 3589 cum
2726 3526 2864 3608 ipso
2894 3527 3090 3589 David
3141 3536 3204 3591 et
3247 3528 3491 3592 semine

3523 977 3538 1022 1
3555 980 3663 1034 Rey.
3677 992 3762 1030 xm,

3507 1045 3567 1093 Ης
3589 1056 3658 1093 xv,
3678 1044 3744 1085 28.

1998 3630 2139 3711 ejus
2166 3652 2180 3703 3
2213 3638 2273 3688 et
2303 3627 2645 3707 requisivit
2675 3626 2993 3686 Dominus
3019 3629 3099 3687 de
3127 3646 3330 3686 manu
3361 3629 3492 3687 ini·
3539 3634 3545 3641 '

2000 3730 2314 3789 micorum
2353 3725 2593 3787 David.
2637 3721 2825 3796 Quasi
2877 3722 3048 3785 dicat
3085 3739 3099 3783 τ
3142 3722 3270 3785 Hoc
3317 3725 3488 3805 quod

1996 3815 2296 3889 Ionathas
2346 3824 2720 3905 deprecatus
2775 3829 2871 3883 est
2919 3818 3062 3883 fieri
3111 3821 3489 3885 adversariis

2000 3924 2220 4001 David,
2248 3923 2366 3986 hoc
2388 3920 2627 3984 factum
2649 3929 2746 3983 est
2775 3920 2898 3998 eis;
2926 3920 3080 4002 quia
3100 3920 3306 4000 exegit
3326 3920 3488 3983 Deus

2002 4022 2083 4086 ab
2112 4022 2206 4085 eis
2238 4020 2482 4084 debitas
2515 4020 2810 4083 ultiones,
2845 4020 3016 4082 lstud
3047 4018 3249 4102 aliqui
3271 4018 3492 4082 dicunt

2004 4121 2111 4184 hic
2142 4118 2590 4201 interpositum
2637 4127 2702 4181 et
2740 4116 3115 4200 adjunctum
3162 4115 3240 4180 ab
3269 4117 3487 4181 Esdra.

386 4224 493 4280 est
551 4214 969 4294 intelligenda
1028 4214 1401 4297 imprecatio
1456 4218 1604 4293 ista,
1658 4236 1886 4299 quum,
1924 4226 1973 4287 D
2000 4223 2089 4282 Et
2129 4220 2394 4281 addidit
2438 4219 2750 4279 Jonaclzas
2795 4218 3087 4294 dejerare
3134 4218 3378 4287 David,
3427 4215 3490 4278 id

386 4321 707 4396 quantum
748 4312 825 4375 ad
858 4312 991 4389 illa,
1029 4313 1332 4376 Dominus
1364 4334 1399 4377 a
1431 4314 1577 4377 Saul
1622 4334 1892 4380 recesse-

389 4414 493 4475 rit.
510 4415 600 4475 Et
627 4414 689 4472 si
706 4414 951 4483 vimen-0,
967 4412 1169 4488 facies
1190 4415 1360 4473 milei
1380 4416 1889 4476 misericordiam

389 4512 714 4575 Domini:
746 4509 811 4571 id
842 4517 960 4587 est,
986 4528 1181 4591 opera
1210 4510 1464 4593 pietatis
1487 4512 1611 4575 Deo
1642 4514 1892 4596 placen-

389 4612 483 4674 tia
520 4608 684 4671 mihi
725 4608 1082 4689 impendeS,
1117 4618 1181 4672 et
1210 4610 1707 4675 misericorditer
1744 4630 1890 4692 ages

388 4727 647 4773 mecum
700 4707 867 4771 sicut
916 4707 1225 4771 Dominus
1279 4709 1432 4772 fecit
1485 4718 1717 4789 tecum,
1773 4730 1889 4775 nec

386 4806 757 4871 vindicabis
790 4806 856 4868 in
888 4824 1013 4883 me,
1050 4815 1157 4869 aut
1189 4806 1255 4869 in
1295 4808 1567 4890 posteris
1610 4810 1769 4873 meis
1802 4810 1893 4873 in-

386 4906 619 4989 juriaS‚
652 4924 814 4987 quas
856 4904 975 4967 tibi
1018 4905 1254 4986 irrogat
1289 4914 1467 4988 pater
1495 4928 1697 4972 meuS.
1733 4909 1891 4973 Hinc

388 5004 694 5069 subditur
728 5022 743 5065 ε
776 5006 857 5067 Si
888 5024 1033 5065 vero
1064 5015 1356 5066 mortuus
1374 5007 1583 5083 fuero,
1618 5030 1747 5071 non
1780 5031 1892 5071 au-

387 5106 571 5182 feras
604 5104 1123 5165 misericordiam
1158 5114 1338 5166 tuam
1375 5128 1415 5167 a
1447 5110 1659 5178 dome,
1692 5107 1755 5169 id
1796 5116 1891 5172 est

392 5201 773 5285 posteritate
814 5209 878 5265 et
912 5200 1131 5265 sobole
1162 5224 1303 5263 mea
1334 5224 1532 5284 usque
1561 5207 1632 5267 in
1664 5210 1894 5287 sempi-

396 5312 685 5373 ternum,
720 5300 785 5362 id
832 5308 949 5378 est,
984 5300 1289 5382 quamdiu
1324 5301 1580 5382 vixeriS‚
1616 5313 1679 5368 et
1722 5305 1889 5369 idem

2003 4327 2120 4395 est,
2155 4316 2339 4380 valde
2369 4324 2432 4379 et
2459 4315 2811 4398 plurimum
2843 4314 3084 4397 juravit
3116 4314 3238 4397 ipsi
3269 4315 3488 4392 David,

2003 4416 2173 4498 quod
2217 4422 2497 4478 servaret
2535 4413 2594 4475 ei
2631 4412 3007 4477 fidelitatem
3050 4422 3115 4477 et
3149 4414 3492 4477 amicitiam

2004 4513 2399 4590 inviolatam,
2433 4533 2502 4573 eo
2533 4516 2705 4593 quod
2732 4516 3032 4591 diliqeret
3065 4514 3280 4573 illum.
3306 4514 3495 4575 Sicut

2002 4616 2177 4675 enim
2230 4614 2524 4673 animam
2566 4632 2777 4685 suam,
2819 4614 2914 4672 ita
2959 4613 3272 4689 diliyebat
3319 4631 3488 4671 eum.

2003 4712 2131 4776 Hoc
2164 4709 2492 4791 Scriptura
2520 4707 2888 4790 frequenter
2932 4708 3197 4771 resumit
3228 4726 3344 4790 pro
3385 4726 3496 4771 no-

2004 4820 2131 4874 stra
2162 4810 2390 4891 utique
2421 4807 2898 4884 informatione,
2933 4816 2996 4870 et
3028 4826 3142 4889 pro
3172 4826 3494 4871 commen-

2003 4910 2260 4973 datione
2290 4906 2675 4971 nobilissimi
2703 4905 2984 4969 Jonathae
3019 4922 3034 4967 t
3067 4906 3180 4989 qui
3212 4906 3266 4968 si
3295 4906 3495 4969 ambi-

2006 5010 2204 5073 tiosus
2230 5008 2258 5069 f
2260 5008 2458 5071 uisset
2486 5015 2549 5070 et.
2569 5006 2694 5069 Deo
2716 5005 2996 5082 rebelliS,
3016 5004 3351 5069 invidisset
3370 5006 3492 5088 ipsi

2004 5108 2202 5172 David
2243 5115 2544 5188 tanquam
2575 5104 2633 5167 ei
2667 5123 2780 5186 per
2809 5124 2999 5187 quem
3034 5104 3348 5188 promotio
3379 5124 3496 5168 sua

2003 5207 2082 5271 ad
2112 5205 2322 5287 regale
2353 5204 2606 5266 culmen
2637 5210 2884 5285 poterat
2925 5203 3196 5266 maxime
3230 5204 3498 5286 impedi-

2008 5305 2093 5381 ri3
2118 5312 2182 5367 et
2213 5311 2424 5366 tamen
2457 5302 2566 5367 illo
2598 5320 2725 5367 non
2756 5302 3070 5380 obstante,
3094 5302 3320 5367 dilexit
3347 5322 3493 5366 eum
