4359 6250
84 2719 189 2765 [Par.
200 2736 253 2772 ιι,
267 2726 305 2765 8.

129 3708 231 3749 lbid.
250 3710 289 3750 ὃ.

928 468 1276 516 RNAanATlo
1319 468 1379 513 ΙΝ
1424 467 1561 514 CAP.
1607 467 1643 510 V
1686 465 1845 511 lett
1888 465 2138 510 saeuum
2182 463 2405 510 REGUM.
2451 484 2531 494 -
2570 465 2712 510 ΛΒΤ.
2761 465 2867 510 vm

3318 446 3431 508 461

324 659 447 721 per
490 660 689 722 quam
738 640 1164 703 reddebantur
1200 640 1278 701 ad
1324 637 1547 719 templi
1594 637 1835 730 ingres7
1863 635 1914 696 A
1946 634 2181 712 Hiram,
2209 644 2279 698 ut
2309 634 2479 697 infra
2509 634 2798 710 habetur,
2820 633 2943 696 fuit
2972 633 3216 696 amicus
3237 631 3434 696 David

325 757 477 800 sum
518 739 789 818 indigni.

410 838 766 898 Habicavit
809 847 1026 898 autem
1076 837 1295 898 David
1342 836 1411 894 in
1454 854 1601 894 arce
1645 835 1835 902 Sion,

323 934 450 997 hoc
496 943 599 998 est
641 934 950 999 fortalitio
996 934 1130 1010 illc,
1166 932 1468 996 Jebusaeis
1500 931 1742 1012 ejectiS‚
1776 940 1836 990 et

322 1037 591 1095 vocavit
628 1055 799 1104 eam,
827 1035 1155 1094 civitatem
1185 1033 1429 1102 David,
1461 1049 1537 1093 ex
1576 1029 1837 1092 nomine

323 1151 449 1194 suo
498 1133 585 1194 ob
634 1151 859 1194 causas
908 1139 1264 1213 praetactas.
1317 1129 1555 1211 Estque
1605 1127 1838 1191 intelli-

324 1231 646 1311 gendum,
694 1230 869 1312 quod
918 1247 1131 1293 arcem
1179 1228 1353 1291 illam
1402 1247 1547 1290 cum
1592 1226 1839 1288 babita-

326 1327 503 1391 culis
544 1337 609 1390 et
646 1327 1002 1391 attinentiis
1042 1326 1175 1388 suis
1208 1345 1323 1408 per
1356 1342 1575 1407 gyrum
1614 1325 1703 1387 ita
1734 1343 1841 1388 vo-

329 1427 533 1490 cavit.
572 1431 657 1490 Ec
686 1428 1045 1504 (edificavit
1071 1446 1189 1504 per
1211 1445 1457 1503 yyrum
1488 1447 1529 1484 a
1560 1427 1751 1486 Mello
1781 1434 1839 1484 et

330 1529 758 1587 intrinsecus.
793 1525 975 1588 Mello
1017 1524 1141 1590 suit
1175 1522 1598 1607 praeeipitium
1637 1523 1840 1603 quod-

332 1623 513 1699 dam,
544 1621 985 1706 profundaque
1017 1621 1225 1697 valliS,
1258 1628 1322 1683 et
1351 1627 1421 1682 ut
1452 1620 1560 1682 alii
1592 1620 1835 1696 dieunt,

334 1741 582 1804 vorago
620 1731 769 1784 ante
807 1729 1109 1798 castrum,
1144 1739 1257 1783 seu
1294 1718 1689 1796 fortalitium,
1724 1737 1840 1801 pro

1945 733 2122 796 omni
2165 741 2472 815 tempore.
2523 732 2848 814 Scriptura
2894 741 3108 795 tamen
3155 749 3281 794 non
3333 750 3437 794 ex-

1946 831 2188 915 primit,
2222 831 2498 913 qualiter
2527 831 2724 894 David
2756 838 2819 893 et
2845 830 3056 892 Hiram
3087 830 3436 893 amicitiam

1946 929 2376 993 contraxerint
2406 938 2715 1006 mutuam,
2753 948 2870 992 nec
2901 929 3197 1010 leguntur
3232 947 3438 992 acees-

1948 1029 2105 1090 sisse
2128 1027 2514 1092 seinvicem.
2529 1028 2763 1091 Verum
2786 1030 3170 1110 quandoque
3194 1029 3438 1091 contin-

1946 1127 2051 1206 git,
2067 1127 2238 1209 quod
2269 1127 2468 1209 aliqui
2501 1127 2880 1190 efficiuntur
2908 1127 3218 1191 cordiales
3248 1127 3436 1190 amici

1948 1245 2023 1288 ex
2048 1225 2218 1288 fama
2247 1233 2309 1288 et
2341 1226 2750 1308 perceptione
2773 1225 3162 1308 probitatum
3184 1246 3258 1289 ae
3277 1245 3440 1288 ama-

1950 1324 2268 1386 bilitatum
2303 1343 2578 1386 suarum.
2598 1324 2762 1386 Misit
2793 1333 3002 1387 autem
3035 1326 3246 1388 Hiram
3281 1344 3440 1387 nun-

1952 1423 2071 1484 tios
2112 1422 2322 1504 primo
2365 1423 2445 1484 ad
2491 1422 2709 1499 David,
2741 1424 2821 1502 ad
2866 1423 3320 1505 inquirendum
3360 1425 3439 1487 de

1951 1530 2117 1583 statu
2157 1539 2294 1584 suo.
2331 1522 2568 1584 Deinde
2611 1521 2864 1601 cognita
2906 1522 3233 1586 voluntate
3273 1523 3440 1603 regis

1950 1619 2167 1696 David,
2204 1619 2380 1682 misit
2409 1620 2465 1682 ei
2498 1620 2672 1700 ligna
2703 1620 2982 1702 pretiosa
3010 1629 3073 1682 et
3103 1629 3271 1702 apta,
3296 1639 3440 1683 con-

1950 1718 2410 1800 venientesque
2441 1718 2706 1800 lapideS,
2731 1739 2804 1782 ac
2828 1719 2997 1782 viros
3029 1719 3267 1801 peritos
3299 1738 3441 1802 ope-

330 1823 479 1903 ejus
514 1819 878 1882 munimine
908 1819 1161 1882 situata.
1196 1818 1340 1880 Fuit
1368 1826 1580 1880 autem
1610 1825 1673 1880 et
1702 1837 1840 1900 spa·
1875 1821 1920 1881 B
1952 1817 2077 1879 rari
2115 1817 2181 1878 in
2227 1817 2420 1898 lignis
2465 1826 2528 1879 et
2567 1818 2734 1879 saxis
2771 1835 2784 1879 :
2823 1817 2934 1898 qui
2973 1815 3258 1880 artifices
3289 1835 3440 1880 eon-

332 1921 501 1982 tium
559 1919 728 1982 inter
777 1917 1143 1998 voraginem
1196 1916 1370 1978 illam
1423 1925 1485 1978 et
1534 1923 1834 1991 castrum,

329 2019 397 2080 in
445 2036 585 2100 quo
630 2016 837 2099 spatio
887 2035 1000 2098 per
1046 2015 1336 2078 fortalitii
1378 2033 1604 2096 gyrum
1642 2014 1839 2078 David

329 2116 700 2181 construxit
732 2114 980 2196 aliquas
1019 2115 1265 2189 domOS,
1301 2121 1493 2194 atque
1533 2121 1601 2174 ut
1639 2113 1840 2194 aliqui

330 2215 659 2290 scribunt,
700 2233 737 2276 a
768 2213 949 2278 Mello
981 2231 1185 2294 usque
1212 2231 1464 2275 sursum
1496 2210 1842 2274 aedisicavit

332 2312 543 2376 David
572 2331 829 2374 murum
862 2331 975 2395 per
1004 2311 1343 2374 circuitum
1374 2309 1537 2372 arcis
1568 2309 1732 2384 Sion,
1759 2308 1843 2371 fa-

332 2411 524 2473 ciens
557 2428 757 2471 unum
791 2426 1045 2472 murum
1076 2408 1483 2483 intrinsecus,
1516 2406 1843 2488 aliumque

334 2509 766 2584 extrinseeuS,
814 2517 877 2571 et
915 2507 1005 2570 ita
1044 2507 1288 2589 duplici
1336 2525 1520 2570 muro
1566 2506 1846 2568 munivit

337 2627 583 2670 arcem.
633 2606 824 2670 Porro
864 2605 1073 2688 primo
1113 2605 1279 2668 libro
1316 2605 1843 2686 Paralipomenon

339 2705 587 2786 legitur
622 2721 637 2765 :
670 2702 1165 2788 AEdit'ieavitque
1210 2703 1433 2766 urbem
1469 2702 1536 2765 in
1574 2703 1845 2766 circuitu

338 2823 375 2866 a
408 2802 605 2866 Mello
639 2821 841 2882 usque
872 2802 950 2865 ad
978 2819 1228 2883 gyrum,
1252 2801 1412 2864 ‘Joab
1443 2810 1656 2865 autem
1702 2801 1847 2864 reli-

339 2920 475 2983 qua
508 2901 693 2964 urbis
723 2901 1033 2962 exstruxit
1068 2918 1081 2962 ε
1119 2899 1229 2963 ubi
1260 2919 1369 2982 per
1411 2901 1631 2964 urbem
1667 2901 1848 2963 intel—

1950 1923 2318 1976 struxerunt
2364 1915 2492 1996 regi
2539 1915 2732 1977 David
2779 1916 3038 1978 domum
3086 1915 3255 1977 infra
3298 1935 3436 1978 eam

1951 2021 2194 2094 partem
2242 2012 2609 2090 Jerusalem,
2665 2033 2809 2095 quae
2865 2013 3221 2095 specialiter
3272 2014 3440 2078 dicta

1949 2120 2047 2174 est
2086 2111 2309 2174 civitas
2348 2111 2566 2174 David.
2607 2112 2674 2174 ln
2715 2131 2908 2193 regno
2949 2111 3246 2194 equidem
3289 2113 3434 2195 Tyri

1950 2210 2226 2292 amplius
2257 2210 2667 2274 abundabant
2696 2210 2870 2291 ligna
2900 2221 2964 2275 et
2993 2231 3162 2288 saxa,
3189 2229 3306 2295 pro
3338 2211 3444 2274 do-

1955 2308 2163 2370 mibus
2195 2309 2635 2372 construendis
2666 2310 3339 2392 convenientia,qua1n
3375 2310 3440 2374 in

1950 2406 2184 2470 Judaea.
2203 2407 2487 2470 Me110res
2507 2426 2761 2488 quoque
2791 2407 3078 2471 artifices
3109 2419 3292 2472 erant
3322 2410 3436 2486 ibi,

1954 2513 2214 2588 propter
2243 2507 2413 2586 quod
2447 2515 2664 2588 postea
2695 2507 2991 2571 Salomon
3024 2508 3200 2570 misit
3227 2510 3306 2571 ad
3337 2509 3440 2571 Hi-

1956 2623 2111 2680 ram,
2135 2603 2354 2666 dicens
2390 2621 2404 2665 :
2431 2604 2564 2666 Scis
2593 2605 2897 2686 quoniam
2931 2607 2996 2668 in
3029 2608 3268 2689 populo
3298 2626 3441 2671 meo
3473 2627 3737 2685 maenas.

1956 2722 2081 2766 non
2114 2711 2212 2765 est
2241 2703 2340 2766 vir
2370 2703 2480 2785 qui
2516 2705 2764 2768 noverit
2794 2705 2967 2786 ligna
2997 2707 3238 2769 caedere
3278 2706 3442 2770 sicut

1958 2801 2200 2865 Sidonii
2239 2820 2252 2864 :
2287 2811 2355 2863 ut
2388 2801 2560 2864 infra
2590 2803 2777 2867 tertio
2808 2804 2972 2867 libro
3006 2804 3259 2884 legitur.

2036 2903 2123 2963 Et
2152 2903 2444 2978 coynovic
2473 2903 2716 2972 David,
2733 2904 3042 2980 quoniam
3071 2909 3442 2980 confirmas-

342 3001 563 3080 ligitur
595 3019 744 3082 pars
776 3000 886 3062 illa
921 2999 1291 3076 Jerusalem,
1327 3019 1471 3081 quae
1502 3009 1722 3064 vocata
1752 3009 1849 3063 est
1883 2996 1926 3060 C
1956 3009 2046 3060 set
2087 3021 2234 3060 eum
2275 3002 2591 3062 Dominus
2637 3021 2848 3078 reqem
2895 3023 3089 3081 super
3125 3006 3354 3076 Israel,
3387 3015 3447 3065 ec

342 3099 581 3165 civitas
614 3097 827 3163 David.
851 3097 1029 3162 Unde
1062 3106 1127 3161 et
1161 3098 1471 3181 Iosephus
1502 3116 1515 3160 τ
1553 3098 1848 3182 Superio-

342 3218 481 3263 rem
503 3196 778 3279 (inquit)
797 3196 1119 3261 civitatem
1142 3197 1339 3261 David
1358 3198 1649 3271 munivit,
1666 3198 1849 3279 eique

341 3317 565 3361 arcem
596 3297 945 3378 jungendo,
982 3313 1179 3357 unum
1220 3314 1453 3377 corpus
1484 3296 1727 3359 effecit.
1768 3298 1850 3360 De

344 3394 621 3478 praemio
652 3400 866 3457 autem
890 3394 1063 3474 quod
1084 3392 1281 3459 David
1313 3393 1416 3457 hic
1448 3393 1680 3474 legitur
1711 3413 1851 3476 pro-

346 3494 671 3577 posuisse,
708 3511 825 3557 nec
861 3501 1070 3554 tamen
1102 3492 1169 3553 in
1202 3491 1325 3555 isto
1356 3492 1521 3555 libro
1552 3492 1852 3574 exprimi-

344 3602 473 3670 tur,
528 3592 742 3675 primo
785 3590 951 3653 libro
990 3590 1515 3673 Paralipomenon
1560 3591 1795 3672 legitur
1829 3612 1843 3656 :

344 3691 547 3767 Dixit,
580 3689 799 3753 Omnis
830 3689 943 3771 qui
975 3689 1357 3770 percusserit
1385 3689 1743 3753 Jebusaeum
1781 3689 1848 3751 in

346 3788 605 3872 primiS,
642 3788 763 3851 erit
795 3788 1095 3870 princeps
1126 3796 1188 3851 et
1227 3788 1376 3849 dux.
1416 3792 1499 3851 Et
1530 3791 1851 3865 inyredie-

346 3890 548 3949 batur
589 3887 758 3949 viam
801 3885 1091 3968 justitia»,
1126 3894 1190 3948 et
1234 3886 1495 3949 domum
1542 3906 1745 3965 suam,
1779 3906 1851 3950 ac

346 4006 571 4049 coram
610 3986 759 4062 Deo,
788 3988 1136 4063 proficiens
1176 3985 1242 4047 in
1285 3986 1743 4068 temporalibus
1778 4006 1851 4049 ac

347 4083 803 4168 spiritualibus
842 4084 1052 4160 boniS‚
1094 4094 1285 4163 atque
1312 4105 1725 4157 succrescem,
1761 4085 1851 4148 fa-

1956 3100 2267 3179 quoniam
2297 3103 2636 3161 exaltasset
2664 3119 2936 3178 reynum
2963 3103 3104 3181 ejus
3132 3124 3324 3181 super
3339 3126 3448 3183 po-

1952 3203 2187 3276 pulum
2226 3220 2418 3260 suum
2457 3202 2685 3262 Israel.
2720 3200 2846 3263 Hoc
2885 3201 3106 3282 utique
3145 3203 3334 3266 seivit
3372 3223 3448 3266 ex

1960 3297 2346 3361 revelatione
2386 3298 2604 3362 divina
2647 3318 2757 3361 seu
2799 3299 3218 3381 inspiratione
3260 3300 3449 3365 inter-

1959 3414 2061 3471 na,
2116 3404 2179 3458 et
2227 3414 2302 3458 ex
2352 3396 2722 3478 prophetica
2771 3397 3276 3477 denuntiatione,
3319 3420 3447 3481 qua

1959 3494 2082 3557 sibi
2115 3514 2228 3577 per
2260 3494 2614 3591 Samuelem
2647 3504 2710 3557 et
2738 3495 2866 3557 Gad
2911 3496 3034 3559 l'uit
3074 3499 3445 3579 praedictum
3504 3523 3738 3579 mean-1,

1960 3593 2127 3673 quod
2158 3593 2397 3655 electus
2428 3601 2594 3656 esset
2623 3614 2658 3656 a
2691 3594 2815 3657 Deo
2854 3595 2932 3657 ad
2975 3595 3444 3677 praesidendum
3482 3590 3546 3631 ¹³·

1962 3690 2260 3753 universo
2300 3690 2640 3753 israelitico
2679 3692 2938 3773 populo,
2973 3701 3166 3776 atque
3209 3712 3284 3756 ex
3324 3695 3451 3757 evi-

1961 3789 2175 3851 dentia
2224 3789 2398 3866 facti,
2447 3798 2509 3851 et
2552 3789 2942 3872 experientia
2986 3792 3260 3874 propriae
3307 3812 3450 3875 pro-

1960 3887 2304 3970 speritatiS,
2340 3888 2644 3969 quoniam
2675 3888 2834 3951 vidit
2865 3908 2932 3953 se
2970 3892 3330 3974 prosperari
3378 3892 3444 3954 in

1960 3986 2229 4064 cunctiS,
2265 3994 2592 4069 totumque
2625 3988 2932 4070 populum
2965 4008 3148 4053 suum
3192 3990 3316 4053 sibi
3353 3992 3446 4055 fa-

1965 4092 2214 4147 ventem
2249 4104 2322 4147 ae
2351 4085 2866 4167 applaudentem.

349 4204 477 4260 ma,
516 4192 855 4267 potestate,
876 4203 947 4246 ac
979 4183 1247 4260 meritiS,
1266 4193 1326 4243 ct
1345 4186 1663 4244 Dominus
1684 4188 1853 4245 Deus
1885 4181 1934 4243 D
2031 4186 2293 4261 Accepit
2311 4204 2458 4261 erqo
2471 4187 2691 4245 David
2711 4188 2924 4246 adhuc
2942 4191 3344 4258 concubinas,
3363 4201 3440 4259 et,

347 4285 761 4344 eaeercituum
801 4291 942 4343 erat
979 4304 1127 4343 cum
1168 4302 1264 4352 eo,
1296 4300 1409 4363 per
1446 4280 1712 4361 gratiam
1752 4302 1853 4346 co-

351 4382 631 4464 piosam,
682 4400 796 4462 per
836 4399 1031 4462 quam
1080 4380 1243 4443 bene
1294 4399 1361 4442 se
1411 4380 1635 4442 habuit
1684 4381 1855 4444 circa

352 4480 645 4559 regimen
678 4478 778 4541 sui
809 4478 1033 4559 ipsiuS,
1069 4485 1133 4541 et
1177 4478 1242 4539 in
1286 4478 1597 4558 regimine
1627 4479 1851 4561 populi

354 4578 476 4641 sibi
512 4576 869 4653 commissi,
904 4584 968 4638 et
1007 4576 1071 4637 in
1114 4575 1332 4638 divino
1371 4575 1701 4657 obsequio.
1738 4577 1855 4640 lta-

350 4696 478 4758 que
510 4694 628 4758 pcr
658 4674 927 4756 gratiam
950 4682 1190 4736 tantam
1210 4673 1501 4736 ordinate
1530 4692 1597 4737 se
1629 4675 1854 4737 habuit

352 4775 527 4837 circa
559 4793 627 4836 se
658 4774 895 4855 ipsum,
930 4774 1277 4855 prudenter
1307 4781 1369 4835 et
1407 4772 1852 4855 exemplariter

352 4873 527 4935 cirea
560 4870 907 4952 subjectoS,
942 4872 1169 4935 devote
1197 4871 1276 4933 ad
1313 4871 1527 4934 Deum.

437 4974 631 5031 Misit
660 4990 910 5050 quoque
950 4970 1189 5031 Hiram
1232 4991 1348 5029 rea:
1392 4970 1552 5047 Tyri
1589 4972 1853 5031 nuntios

356 5074 445 5131 acl
474 5070 701 5131 David
730 5078 790 5128 et
823 5070 1007 5143 liqna
1036 5071 1325 5139 cedrina,
1358 5078 1418 5128 et
1456 5070 1739 5145 artifices
1779 5072 1855 5129 li-

350 5189 663 5246 qna-rum,
708 5168 1116 5246 artificesque
1164 5169 1461 5244 lapidum
1512 5169 1601 5226 ad
1646 5170 1856 5243 paric-

362 5277 489 5339 ἱερὴ·
524 5277 586 5327 et
624 5267 1123 5343 aedificaverunt
1158 5268 1421 5325 domum
1455 5267 1694 5326 David.
1735 5265 1853 5327 Iste

1964 4299 2080 4362 pro
2112 4281 2175 4343 id
2207 4290 2324 4359 est,
2348 4302 2578 4343 uxores
2606 4286 2684 4343 de
2701 4286 3081 4357 Jerusalem,
3101 4298 3441 4368 postquam

1964 4389 2221 4440 venerat
2250 4384 2329 4439 de
2360 4382 2636 4442 Hebron.
2671 4381 2805 4444 Non
2847 4383 3019 4445 enim
3064 4386 3332 4448 accessit
3369 4388 3448 4449 ad

1964 4477 2366 4557 illegitimum
2400 4486 2630 4556 torum,
2648 4498 2764 4542 nec
2787 4480 2908 4543 l'uit
2935 4480 3304 4562 fornicator,
3327 4485 3449 4548 nisi

1961 4576 2133 4658 quod
2173 4585 2394 4658 postea
2435 4596 2579 4639 eum
2619 4578 2964 4642 Bethsabee
2995 4582 3302 4662 peccavit.
3338 4583 3454 4646 lta-
3481 4604 3746 4663 uacuam.

1961 4694 2089 4756 que
2122 4674 2378 4739 feminae
2408 4675 2543 4739 istae
2576 4675 2835 4739 fuerunt
2865 4678 3004 4758 ejus
3036 4698 3262 4743 uxores
3295 4682 3452 4764 legi-

1966 4774 2155 4849 timae‚
2181 4774 2346 4837 sicut
2376 4774 2442 4836 in
2470 4774 2698 4837 Genesi
2730 4775 2962 4858 Zelpha
2991 4784 3054 4838 et
3073 4778 3220 4841 Bala
3248 4800 3453 4861 quan·
3495 4802 3750 4853 Gemma,

1963 4873 2171 4954 doque
2233 4882 2540 4936 vocantur
2602 4875 2998 4951 concubinae,
3058 4880 3442 4961 quandoque
3480 4867 3706 4915 ²⁰³¹¹⁸¹''·⁰

1965 4989 2190 5034 uxores
2214 4970 2414 5052 ipsius
2443 4971 2654 5033 Jacob.
2676 4971 2820 5033 Fuit
2849 4974 3083 5035 etenim
3115 4985 3452 5039 consuetu-

1964 5070 2046 5132 do
2067 5069 2132 5131 in
2151 5069 2351 5134 veteri
2371 5070 2964 5150 Testamento,quod
2988 5089 3212 5135 uxores
3235 5073 3450 5136 minus

1968 5167 2355 5249 principales
2405 5175 2467 5229 ct
2512 5168 2888 5230 secundario
2933 5178 3223 5251 sumptae,
3267 5191 3453 5236 voca-

1966 5264 2198 5326 bantur
2236 5262 2630 5339 eoneubinae,
2665 5264 2819 5344 quia
2857 5263 2922 5325 in
2968 5264 3182 5346 aliquo
3223 5287 3456 5331 eoncu-

3684 4892 3708 4907 Δ
3735 4896 3746 4907 ι
