4359 6250
53 2463 82 2506 ll
93 2465 196 2518 Req.
207 2477 252 2516 x,
264 2466 308 2510 3,

109 4143 176 4187 Ρι.
190 4158 318 4196 αυτ,

77 4206 108 4246 3:
123 4218 246 4253 exui,
263 4210 306 4249 5.

109 5226 250 5315 fecii.
271 5246 322 5281 iv,

905 506 1256 552 mannum
1300 508 1360 553 ΙΝ
1403 508 1538 554 CAP.
1589 505 1675 553 xu
1717 503 1874 550 LIBRI
1919 504 2167 551 SECUNDI
2213 506 2435 553 amun.
2483 527 2562 536 —
2603 506 2746 552 ΛΒΤ.
2792 507 2900 553 xxl

3329 491 3449 554 509

329 674 404 738 id
461 685 582 754 est,
613 677 806 740 serris
851 677 1074 741 divisit
1123 697 1236 760 per
1280 679 1587 757 medium,
1624 689 1683 738 ec
1726 681 1847 738 cir·
1876 674 1927 734 A
1957 697 2072 742 nec
2130 697 2352 742 omnes
2403 678 2577 742 filios
2635 679 2798 758 regis
2847 679 3027 756 NaaS,
3076 680 3185 742 scd
3231 677 3443 741 filium

326 777 628 851 cumeqoe'c
658 795 850 852 super
877 797 978 836 eos
1007 778 1258 853 fem-ata
1287 786 1619 854 carpenta,
1655 775 1719 837 id
1751 784 1847 838 est

331 870 558 934 ferrea
605 891 720 935 seu
770 870 1006 937 ferrata
1053 875 1344 955 quaedam
1397 873 1694 938 vehicula
1745 891 1846 937 ro-

329 968 500 1032 stris
535 969 908 1048 incidentia,
935 971 1181 1035 scilicet
1211 992 1436 1035 currus
1472 972 1733 1035 falcatos
1765 972 1848 1033 si-

335 1087 424 1132 ve
449 1067 744 1146 ferratOS,
771 1070 901 1133 imo
931 1071 1250 1152 carpentis
1275 1071 1642 1152 hujusmodi
1675 1071 1847 1153 ipsos

331 1167 642 1230 serravit.
692 1169 1078 1249 Carpentum
1120 1188 1396 1250 namque
1444 1169 1684 1232 securis
1727 1177 1842 1232 est.

333 1267 720 1346 Divisitque
776 1270 1038 1340 cauria,
1088 1277 1148 1328 et
1208 1270 1507 1329 trad-amic
1565 1270 1637 1328 in
1699 1278 1847 1346 typo

335 1367 654 1436 laterum,
689 1364 754 1427 id
785 1373 901 1442 est,
936 1365 1174 1428 cultros
1209 1365 1484 1428 traduxit
1517 1384 1630 1429 seu
1661 1365 1849 1427 traxit

335 1481 466 1542 per
494 1481 604 1526 eos
635 1481 710 1526 eo
741 1464 954 1540 modo,
990 1481 1118 1544 quo
1159 1464 1575 1526 traducuntur
1605 1463 1848 1526 cultelli

333 1579 466 1642 per
527 1561 756 1624 lateres
803 1562 1012 1624 adhuc
1073 1562 1319 1638 molleS,
1385 1570 1454 1624 ut
1511 1570 1656 1643 apte
1717 1560 1849 1625 for-

335 1668 611 1722 mentur
659 1679 772 1722 scu
823 1659 1206 1739 figurentur.
1269 1661 1484 1741 ltaque
1541 1660 1850 1742 quosdam

335 1777 466 1839 per
500 1758 798 1822 vehicula
837 1758 948 1821 illa
985 1759 1274 1834 serravit,
1319 1759 1420 1822 vel
1462 1758 1654 1821 serris
1690 1758 1851 1822 divi-

1955 779 2096 860 ejus
2126 797 2361 859 regem,
2397 797 2434 841 a
2464 796 2592 859 quo
2623 777 2791 842 servi
2824 777 2922 839 sui
2956 776 3216 840 fuerunt
3246 777 3439 839 irrisi.

1954 876 2130 939 Unde
2175 875 2346 939 infra
2386 876 2636 956 legitur,
2671 876 2842 957 quod
2884 875 3031 938 Sobi
3076 874 3253 938 filius
3286 875 3443 938 Naas

1956 974 2035 1036 de
2067 975 2356 1037 Rabbath
2389 973 2675 1037 filiorum
2708 973 2997 1050 Ammon,
3031 973 3303 1055 praebuit
3331 974 3447 1036 Da-

1958 1071 2066 1134 vid
2115 1071 2249 1152 regi
2299 1071 2656 1142 necessaria
2698 1072 2954 1153 quando
3003 1070 3165 1151 fugit
3205 1091 3242 1134 a
3283 1070 3445 1135 facie

1955 1171 2313 1234 AbsaloniS.
2350 1172 2505 1233 Nam
2549 1171 2733 1233 illum
2780 1171 2927 1234 Sobi
2974 1171 3312 1234 constituit
3354 1191 3449 1234 re-

1956 1287 2099 1350 gem
2131 1288 2247 1351 pro
2279 1267 2473 1332 fratre
2503 1288 2618 1332 suo
2640 1289 2830 1350 quem
2865 1269 3208 1332 interfecit.
3233 1269 3445 1346 Porr0‚

1933 1367 2165 1448 primo
2208 1367 2733 1450 Paralipomenon
2774 1367 3084 1449 scriptum
3126 1375 3241 1444 cst,
3277 1368 3448 1448 quod

1958 1465 2157 1527 David
2206 1467 2423 1528 eduxit
2469 1465 2779 1548 populum
2829 1465 3134 1542 rabbath,
3182 1475 3245 1528 et
3297 1464 3450 1528 fecit

1959 1582 2150 1644 super
2181 1582 2289 1626 eos
2326 1563 2588 1626 tribulas
2618 1573 2683 1626 ct
2717 1565 2926 1626 trahas
2958 1572 3022 1627 et
3052 1563 3289 1626 ferrata
3317 1583 3453 1627 car-

1959 1670 2151 1742 penta
2181 1662 2474 1738 transire,
2493 1662 2581 1724 ita
2611 1670 2682 1723 ut
2712 1663 3180 1724 dissecarentur
3210 1671 3273 1726 et
3302 1681 3453 1725 con-

1960 1769 2335 1824 tererentur.
2370 1761 2646 1825 Tribulae
2682 1770 2893 1823 autem
2936 1769 3246 1824 vocantur
3273 1761 3452 1824 vehi-

334 1857 454 1934 sit,
490 1858 800 1939 quosdam
841 1856 1066 1920 cultris
1117 1856 1403 1920 secavit:
1445 1875 1561 1920 nec
1601 1865 1847 1920 tantum
1887 1855 1931 1917 B
1958 1859 2121 1936 cula,
2173 1859 2408 1941 quibus
2459 1867 2753 1923 teruntur
2801 1878 3062 1922 messeS.
3117 1859 3194 1921 Et
3244 1867 3315 1921 ut
3361 1859 3451 1921 ait

335 1956 626 2036 rigorem
673 1955 1060 2019 exercuisset
1103 1954 1169 2017 in
1215 1973 1322 2018 eos
1373 1963 1742 2018 mansuetus
1787 1963 1849 2018 et

333 2054 498 2136 pius
549 2073 658 2118 rex
699 2054 922 2131 David,
961 2053 1088 2116 nisi
1126 2054 1312 2117 valde
1358 2061 1728 2136 peccassent
1779 2053 1844 2116 in

335 2153 549 2216 Deum
579 2152 738 2215 etin
771 2152 1082 2234 populum
1127 2173 1312 2214 suum
1352 2172 1425 2215 ac
1461 2171 1550 2216 se.
1587 2153 1851 2215 Verum-

335 2259 564 2313 tamen
603 2270 734 2314 non
776 2250 1030 2333 punivit
1073 2259 1272 2314 totum
1316 2251 1626 2333 populum
1664 2251 1848 2313 illum

337 2349 474 2412 hoc
520 2349 730 2426 modo,
783 2350 894 2412 sed
943 2368 1052 2412 eos
1102 2349 1213 2429 qui
1264 2349 1610 2412 consilium
1661 2349 1850 2412 dede-

343 2455 502 2510 rant
549 2447 682 2528 regi
729 2466 867 2524 suo,
920 2447 1032 2528 qui
1079 2445 1345 2529 praefato
1394 2448 1584 2510 modo
1627 2465 1842 2511 servos

343 2546 554 2611 David
585 2546 806 2608 irrisit.
825 2548 937 2608 Sic
953 2547 1110 2624 fecit
1129 2548 1193 2606 ci
1202 2548 1500 2607 vitatibus
1525 2548 1848 2606 universis

339 2647 648 2722 filiorum
705 2647 1021 2716 Ammon,
1075 2644 1139 2706 id
1195 2652 1294 2706 est
1351 2644 1702 2707 rectoribus
1762 2644 1849 2708 ci-

341 2743 622 2804 vitatum
665 2742 944 2818 illarum,
977 2742 1091 2823 qui
1130 2742 1212 2804 ad
1254 2740 1429 2803 illam
1475 2741 1837 2806 irrisionem

339 2842 840 2922 instigaverunt,
877 2849 987 2903 aut
1023 2840 1218 2902 simili
1258 2841 1450 2904 modo
1484 2841 1847 2922 specialiter

337 2961 420 3004 ac
473 2941 757 3021 graviter
805 2948 988 3002 crant
1040 2939 1422 3021 culpabiles,
1486 2939 1620 3002 Non
1669 2939 1841 3001 enim

1957 1956 2253 2032 isidoruS,
2304 1957 2537 2020 tribula
2582 1965 2679 2020 est
2725 1975 2927 2036 genus
2977 1957 3278 2034 vehiculi,
3313 1975 3443 2038 quo

1959 2063 2251 2118 teruntur
2299 2054 2641 2118 frumenta.
2677 2055 2895 2118 Trahae
2944 2073 3094 2120 vero
3142 2055 3450 2118 dicuntur

1959 2153 2084 2216 alia
2129 2170 2363 2234 genera
2412 2152 2875 2228 vehiculorum,
2909 2171 3053 2234 quae
3102 2162 3272 2216 rotas
3320 2171 3448 2216 non

1962 2250 2219 2327 habent,
2272 2251 2373 2313 vel
2431 2250 2856 2313 instrumenta
2909 2269 3051 2330 quae
3110 2251 3451 2313 trahuntur

1961 2367 2152 2430 super
2186 2357 2419 2411 terram
2449 2349 2528 2410 de
2559 2366 2726 2412 novo
2758 2347 3133 2410 seminatam
3164 2347 3242 2410 ad
3274 2366 3448 2411 com-

1960 2446 2351 2527 planandum
2382 2446 2691 2509 eamdem.
2724 2449 2812 2507 Ec
2850 2465 3141 2506 reversus
3186 2453 3275 2506 est
3320 2449 3449 2506 Da-

1961 2547 2073 2605 vid
2099 2555 2159 2605 ec
2195 2546 2403 2605 omnis
2432 2546 2751 2606 exercitu-s·
2786 2542 2925 2623 ejus
2966 2545 3035 2604 in
3069 2545 3447 2605 Jerusalem.

1958 2644 2091 2706 Non
2119 2652 2329 2705 tamen
2352 2643 2796 2706 habitaverunt
2815 2660 3035 2704 omnes
3058 2641 3321 2718 ibidem,
3340 2643 3450 2704 sed

1958 2761 2104 2805 cum
2135 2760 2283 2822 rege
2308 2741 2576 2821 ingrcssi
2608 2749 2757 2804 sunt
2788 2739 3064 2823 primum
3103 2739 3255 2802 illuc
3285 2757 3454 2802 com-

1960 2839 2259 2916 muniter,
2302 2839 2531 2902 deinde
2574 2839 2900 2902 redierunt
2942 2839 3006 2899 in
3047 2857 3181 2900 sua.
3214 2837 3449 2920 Aspor-

1960 2937 2119 3002 tavit
2165 2937 2356 3000 etiam
2402 2957 2617 3000 secum
2658 2938 2737 3000 de
2776 2936 3059 2999 Rabbath
3103 2935 3445 3018 plurimam

337 3058 573 3104 omnes
638 3039 888 3102 nobiles
940 3046 1124 3101 terrae
1174 3037 1347 3099 illius
1395 3037 1661 3115 occidit,
1720 3037 1848 3102 imo
1884 3037 1929 3102 C
1962 3038 2263 3121 praedam.

1443 3504 2089 3592 ARTICULUS
2168 3504 2375 3588 XXI

895 3818 974 3862 DE
1025 3816 1289 3863 tunsum!
1341 3815 1616 3861 carnum
1670 3814 1993 3861 nuonssclm
2048 3813 2504 3859 INTELLIGENTIA
2556 3813 2915 3859 srlnl‘ruam.

487 4128 594 4191 ER
613 4128 736 4191 hoc
756 4127 928 4209 quod
951 4127 1112 4189 Deus
1131 4125 1346 4206 (cujus
1374 4123 1702 4206 sapientiai
1725 4141 1852 4186 non

505 4236 606 4290 est
649 4225 804 4289 finis
845 4224 1322 4303 aut'numerus)
1354 4222 1709 4304 increpavit
1741 4222 1854 4283 Da-

351 4328 467 4391 vid
519 4344 760 4407 regem,
803 4342 918 4407 per
965 4342 1036 4387 os
1075 4323 1400 4404 Prophetae
1438 4321 1854 4405 proponendo

351 4427 452 4489 illi
484 4424 856 4509 paradigma
885 4420 1312 4503 aptissimum,
1334 4420 1521 4482 datur
1550 4418 1846 4498 intelligi,

347 4523 526 4606 quod
557 4519 942 4584 excellentes
973 4516 1650 4599 personae‚praesertim
1673 4533 1852 4593 reges

345 4630 414 4684 et
447 4618 796 4703 principes»,
833 4634 962 4678 non
991 4614 1567 4696 qualitercumque,
1605 4613 1717 4675 scd
1747 4632 1855 4694 pa-

347 4717 636 4782 rabolica
693 4715 1049 4790 locutione,
1102 4720 1212 4775 aut
1259 4712 1364 4794 pia
1411 4712 1686 4793 quadam
1737 4711 1855 4773 cir-

347 4815 830 4890 cumventione,
865 4819 976 4874 aut
1003 4810 1364 4893 captatione
1392 4809 1852 4873 benevolentiae

347 4914 724 4980 eorumdem
771 4911 902 4973 sint
930 4908 1263 4991 arguendi,
1301 4926 1380 4971 ne
1425 4908 1479 4969 si
1521 4908 1712 4969 nimis
1744 4927 1854 4970 au-

351 5016 573 5077 dacter
628 5019 739 5074 aut
800 5010 1222 5072 irreverenter
1273 5005 1848 5089 reprehendantur,

353 5110 560 5192 magis
611 5116 1088 5190 exasperentur.
1147 5106 1292 5169 Ideo
1336 5105 1641 5186 scriptum
1689 5114 1784 5167 est
1836 5122 1849 5165 :

2039 4123 2416 4203 Insuper,ex
2446 4122 2568 4185 isto
2597 4122 2900 4185 docemur
2930 4122 3233 4205 capitulo,
3252 4143 3443 4204 quam

1961 4239 2221 4283 enorme
2261 4220 2489 4284 vitium
2528 4221 2612 4282 sit
2649 4220 3058 4298 adulterium,
3090 4222 3262 4303 quod
3288 4223 3451 4302 (non

1960 4318 2255 4381 obstante
2284 4317 2719 4381 intensissima
2747 4318 3153 4396 contritione,
3190 4320 3454 4402 profun-

1961 4417 2227 4479 dissima
2274 4415 2743 4493 humiliatione,
2786 4418 3192 4498 integerrima
3236 4438 3456 4482 emen-

1961 4515 2217 4579 datione
2244 4514 2411 4577 beati
2443 4514 2670 4595 David)
2688 4516 2852 4578 Deus
2882 4516 3288 4599 omnipotens
3321 4526 3451 4580 tam

1961 4613 2355 4676 horribiliter
2378 4631 2451 4676 ac
2483 4613 2924 4694 multipliciter
2946 4614 3013 4676 in
3044 4614 3155 4678 illo
3178 4616 3453 4696 punivit,

1963 4719 2032 4773 ut
2061 4712 2267 4793 patuit
2288 4719 2350 4774 et
2379 4711 2641 4793 patebit.
2666 4710 2879 4785 Qualis
2902 4730 3052 4793 crgo
3082 4722 3227 4795 post
3253 4714 3453 4777 vitam

1963 4809 2125 4871 hanc
2155 4809 2279 4872 erit
2298 4827 2521 4872 eorum
2542 4807 2885 4886 damnatio,
2912 4810 3021 4890 qui
3053 4828 3249 4891 quum
3280 4830 3453 4875 nunc

1963 4926 2089 4971 non
2112 4907 2308 4970 semel
2331 4908 2669 4983 dumtaxat,
2689 4908 2795 4969 sed
2818 4916 2881 4970 et
2904 4906 3265 4989 frequenter
3285 4909 3455 4971 adul-

1963 5006 2104 5068 terii
2137 5005 2378 5068 crimen
2402 5005 2799 5069 committere
2830 5024 2957 5069 non
2980 5015 3295 5085 verentur,
3325 5024 3453 5071 non

1966 5111 2175 5165 tamen
2209 5103 2275 5164 in
2305 5103 2436 5166 vita
2468 5104 2587 5165 hac
2618 5096 3025 5182 castigantur.
3060 5103 3279 5169 Nonne
3310 5113 3455 5188 post

353 5210 497 5273 Noli
531 5208 830 5271 resistere
869 5212 1094 5269 contra
1139 5203 1368 5267 faciem
1402 5203 1701 5286 potentiS,
1751 5222 1855 5265 ne·
1885 5203 1935 5266 D
1966 5200 2159 5265 vitam
2203 5211 2579 5283 praesentcm
2622 5200 3041 5265 ineffabiliter
3069 5204 3454 5285 torquebun-

355 5327 486 5390 que
514 5304 770 5371 coneris
799 5311 1022 5368 contra
1053 5303 1250 5366 ictum
1283 5300 1497 5367 fluvii.

1965 5300 2276 5363 tur21deo
2308 5299 2603 5364 Salomon
2637 5299 2830 5362 dixit:
2860 5300 2925 5362 Si
2954 5302 3165 5382 justus
3196 5302 3261 5365 in
3286 5310 3453 5366 terra
3480 5320 3748 5371 prmum.

3490 898 3523 941 11
3535 899 3633 954 Rea.
3646 912 3741 950 xvii,

3476 963 3613 1004 27-29.

3512 1487 3525 1530 1
3544 1489 3653 1534 Par.
3671 1503 3740 1540 xx,

3480 1557 3519 1597 3.
