4359 6250
107 1471 164 1514 It.
177 1488 197 1515 ι

105 1671 162 1710 Ps
183 1685 222 1712 xi

953 509 1300 558 manna-no
1341 512 1404 556 m
1445 513 1582 558 car.
1628 512 1760 559 1111
1803 511 1959 558 uam
1999 512 2200 558 rum-11
2240 511 2467 558 aucun.
2512 529 2593 540 -—
2632 511 2773 556 aar.
2822 510 2995 558 xxxn
3390 491 3509 554 729

118 679 381 731 Such-m.
416 677 518 730 est
553 691 570 734 :
604 671 916 755 Propheta
954 697 1154 760 quum
1193 683 1518 758 erraverit,
1554 699 1670 762 ego
1703 683 1910 746 Domi-
1939 683 1990 744 A
2018 689 2114 745 ter
2151 682 2652 757 mendaciorum,
2690 683 2981 763 permisit
3020 683 3137 746 hos
3172 682 3374 746 falsos
3414 681 3509 743 in-

415 786 545 830 nus
593 770 816 855 decepi
863 778 1236 859 prophetam
1295 780 1501 843 illum.
1553 781 1789 863 Nempe
1841 781 1906 844 in
2017 781 2269 862 spirari,
2298 780 2434 843 falli
2456 789 2519 844 et
2540 781 2873 863 provocari
2894 783 2973 844 ad
2995 781 3505 864 prophetandum

413 874 670 931 tantum
697 871 1062 954 dependent
1098 877 1735 962 efficientialiterque
1764 901 1908 962 pro-
2015 880 2337 942 mendose.
2368 879 2543 942 Unde
2591 878 2847 942 elicitur
2885 898 3061 942 error
3100 880 3503 943 Hebraeorum

411 967 656 1030 cedunt
701 989 740 1031 a
785 971 912 1036 Deo
959 977 1170 1038 omnis
1217 978 1628 1057 illuminatio,
1676 979 1901 1060 gratia,

409 1064 644 1142 virtuS,
679 1073 1111 1152 compunctio,
1144 1077 1411 1140 directio
1449 1087 1512 1141 et
1553 1077 1900 1160 prolectuS,

407 1165 584 1243 quod
615 1166 810 1230 etiam
839 1172 1130 1252 opposita
1169 1175 1396 1238 horum
1435 1177 1736 1239 dicuntur
1766 1196 1904 1240 esse

407 1262 676 1344 abipso,
701 1268 1006 1348 quoniam
1029 1291 1157 1336 non
1190 1274 1314 1337 nisi
1337 1275 1476 1356 ipso
1497 1277 1904 1357 permittente

409 1362 808 1444 contingunt.
827 1367 1002 1431 Unde
1031 1369 1222 1434 isaias
1253 1372 1538 1455 loquitur
1562 1375 1688 1438 Deo
1714 1395 1728 1439 :
1754 1374 1904 1448 Qua-

201 1480 378 1521 ςιωτ.
411 1479 482 1524 ι·6
511 1480 726 1526 errare
753 1485 870 1529 nos
902 1467 1111 1532 fecisti
1143 1473 1222 1535 de
1245 1472 1366 1536 viis
1390 1473 1556 1535 tuis?
1589 1475 1899 1536 indurasti

409 1561 606 1623 corda
635 1571 852 1627 nostra
889 1585 968 1630 ne
1003 1568 1368 1632 timeremus
1403 1574 1506 1633 te?
1543 1572 1613 1632 Et
1647 1573 1902 1634 Psalmi-

409 1765 530 1819 tua.
549 1758 706 1824 Hinc
727 1761 794 1824 in
817 1763 1303 1831 Deuteronomio
1325 1769 1560 1852 Moyses
1583 1769 1896 1851 loquitur:

2013 978 2435 1059 quorumdam
2466 977 2840 1054 dicentium,
2874 979 3045 1058 quod
3078 978 3341 1060 spiritus
3383 980 3504 1040 iste

2018 1077 2043 1138 f
2047 1077 2138 1138 uit
2157 1077 2373 1140 anima
2392 1077 2637 1140 Naboth
2662 1076 2924 1158 lapidati
2957 1097 3029 1138 ac
3060 1078 3293 1140 mortui
3322 1095 3335 1138 ε
3360 1095 3503 1158 quae

2011 1177 2225 1239 anima
2254 1195 2453 1256 quum
2487 1174 2681 1237 suerit
2712 1176 2997 1239 virtuosa
3025 1185 3219 1257 atque
3250 1176 3317 1238 in
3356 1177 3501 1238 sinu

2010 1274 2279 1337 Abrahae
2302 1274 2529 1356 posita,
2550 1293 2677 1338 non
2708 1274 2905 1336 exivit
2936 1275 3015 1336 ad
3046 1274 3501 1356 proferendum

2011 1374 2133 1434 ista
2161 1373 2514 1435 mendacia.
2536 1376 2621 1434 Et
2641 1375 2958 1434 Dominus
2988 1377 3235 1434 locutus
3253 1385 3343 1434 est
3363 1395 3505 1435 von—

2012 1478 2114 1528 tra
2145 1477 2202 1528 te
2232 1472 2499 1529 malum.

2089 1569 2368 1627 Accessit
2396 1577 2613 1628 autem
2632 1569 2928 1629 Sedecias
2956 1571 3139 1646 filius
3164 1571 3502 1640 Chanaan,

223 1679 374 1722 amia.
408 1666 508 1720 sta
543 1677 558 1722 ε
597 1661 964 1742 Declinasti‚
1005 1667 1114 1746 ait,
1153 1669 1410 1732 semitas
1447 1680 1692 1733 nostras
1727 1691 1762 1733 a
1795 1672 1900 1735 via
2007 1675 2067 1726 et
2090 1667 2407 1741 percussit
2440 1667 2782 1726 Micltoeam
2814 1669 2889 1726 in
2920 1669 3291 1740 maxillam,
3316 1679 3375 1729 et
3402 1671 3505 1728 di·-

2008 1767 2111 1824 xit
2142 1786 2164 1823 .·
2198 1767 2384 1824 illene
2421 1783 2567 1840 eryo
2605 1766 2866 1824 dimisit
2904 1767 3177 1840 spiritus
3206 1770 3500 1838 Domini,

101 1868 355 1920 nmmo
408 1855 622 1918 Noluit
654 1856 863 1922 Sehon
897 1881 1002 1924 rex
1031 1865 1318 1930 Hesebon
1345 1867 1504 1929 filiis
1536 1869 1724 1932 Israel
1751 1871 1901 1933 dare
1937 1867 1984 1930 B
2008 1873 2068 1924 et
2099 1867 2349 1924 loeutus
2376 1873 2465 1923 est
2499 1864 2661 1922 tibi?
2692 1861 2984 1924 Sedecias
3028 1863 3147 1924 iste
3186 1865 3499 1945 superbus

407 1956 942 2040 transitum,quia
969 1961 1376 2027 induraverat
1402 1967 1708 2030 Dominus
1740 1969 1900 2032 Deus

403 2053 702 2132 spiritum
737 2059 876 2138 eJus
907 2069 972 2122 et
1001 2061 1457 2128 obfirmaverat
1487 2085 1596 2128 cor
1629 2067 1826 2130 illius.

483 2154 798 2228 Eyressus
825 2168 914 2218 est
943 2171 1162 2220 autem
1191 2166 1486 2239 spiritus,
1511 2176 1570 2226 et
1599 2170 1773 2228 stetit
1803 2189 1900 2229 co-

399 2270 546 2308 ram
571 2254 871 2316 Domino,
909 2257 1030 2320 Iste
1061 2257 1188 2321 fuit
1217 2261 1480 2342 spiritus
1521 2264 1750 2340 maluS,
1784 2266 1896 2347 qui

397 2348 601 2410 exivit
631 2351 712 2413 de
740 2371 938 2433 prava
969 2356 1296 2420 voluntate
1337 2360 1413 2422 ad
1453 2379 1614 2442 opus
1647 2381 1759 2426 seu
1799 2383 1896 2426 ac-

399 2455 536 2507 tum
571 2447 892 2528 illicitum,
909 2454 1210 2535 stetitque
1241 2475 1454 2519 coram
1475 2459 1742 2522 Domino
1765 2461 1896 2523 ubi-

393 2563 524 2625 que
557 2557 891 2626 praesente,
925 2559 989 2613 et
1017 2552 1084 2614 in
1117 2553 1492 2635 imaginaria
1527 2557 1773 2620 visione
1803 2560 1894 2622 vi-

391 2644 666 2706 debatur
722 2648 800 2710 de
850 2667 965 2710 sua
1022 2652 1322 2716 societate
1372 2673 1776 2736 consurgere,
1827 2667 1892 2722 et

390 2760 610 2806 coram
641 2745 768 2808 Deo
798 2747 1060 2811 sedente
1091 2749 1159 2811 in
1199 2751 1360 2814 solio
1391 2771 1720 2835 apparere,
1755 2763 1890 2818 tan-

387 2859 586 2920 quam
627 2851 886 2923 paratus
930 2845 1198 2929 implere
1239 2848 1482 2930 inique,
1519 2853 1690 2932 quod
1723 2854 1884 2916 Deus

2009 1971 2071 2024 et
2103 1961 2307 2023 laudis
2340 1961 2634 2022 humanae
2666 1979 2737 2022 ac
2770 1960 3014 2041 proprii
3045 1962 3364 2024 commodi
3396 1982 3499 2026 cu-

2009 2061 2219 2142 piduS,
2253 2059 2365 2142 qui
2409 2068 2471 2122 et
2508 2078 2747 2122 cornua
2789 2057 3025 2121 fecerat
3064 2058 3211 2134 sibi,
3246 2078 3376 2141 prae
3406 2080 3496 2123 ce-

2006 2158 2158 2222 teris
2200 2176 2363 2238 aegre
2406 2158 2574 2234 tulit,
2609 2157 2778 2240 quod
2818 2157 3149 2220 dicebatur
3193 2158 3495 2241 deceptus

2005 2265 2197 2338 atque
2217 2258 2532 2339 deceptor,
2550 2275 2667 2320 nec
2688 2274 2909 2320 verum
2938 2255 3177 2320 habens
3198 2257 3492 2338 spiritum

2005 2356 2379 2438 prophetias.
2410 2359 2497 2418 Et
2528 2358 2624 2417 ait
2656 2358 2981 2430 Michaeas,
3009 2355 3107 2418 vir
3137 2355 3408 2436 patiam,
3433 2366 3497 2420 et

2003 2455 2466 2536 percutientem
2485 2473 2613 2518 non
2638 2454 3097 2536 repercutienS,
3120 2472 3327 2536 neque
3348 2473 3493 2518 cum

2005 2553 2394 2616 turbulentia
2432 2553 2725 2634 loquenS,
2760 2553 2871 2615 sed
2910 2554 3195 2616 modeste
3235 2573 3495 2635 respon-

1999 2654 2154 2715 dens
2190 2670 2204 2713 ε
2260 2655 2527 2712 Visurus
2575 2672 2637 2711 es
2678 2669 2827 2714 vera
2870 2671 3009 2714 esse
3047 2671 3192 2732 quae
3229 2651 3385 2728 dixi,
3422 2655 3491 2712 in

1995 2754 2102 2810 die
2133 2752 2253 2810 illa
2288 2753 2550 2830 quando
2572 2752 2959 2826 inyredieris
2979 2753 3375 2820 cubiculum,
3396 2753 3491 2811 in-

1999 2860 2100 2910 tra
2145 2851 2517 2910 cubiculum
2570 2859 2643 2910 ut
2702 2850 3134 2922 abscondaris,
3190 2849 3489 2912 videlicet

385 2941 684 3022 permisit
709 2943 857 3007 fieri
886 2945 1099 3027 juste:
1128 2968 1256 3012 non
1279 2952 1449 3032 quod
1483 2952 1885 3033 spiritusille
1993 2967 2195 3028 quum
2242 2947 2600 3012 insonuerit
2643 2967 2859 3010 rumor
2899 2948 2978 3010 de
3017 2948 3183 3028 regis
3224 2947 3489 3011 occisio-

383 3040 710 3122 malignus
763 3063 1047 3127 unquam
1099 3067 1468 3132 empyreum
1521 3051 1714 3114 intret
1761 3071 1886 3116 coe-
1918 3055 1963 3118 C
1995 3065 2096 3124 ne,
2130 3046 2286 3129 quia
2326 3056 2475 3108 tunc
2516 3053 2760 3109 metues
2800 3064 2837 3107 a
2878 3044 3034 3108 filiis
3074 3046 3239 3126 regis
3280 3047 3486 3110 occidi

385 3140 544 3217 lum,
578 3150 689 3203 aut
728 3142 817 3205 ibi
862 3144 1030 3207 inter
1073 3148 1334 3227 angelos
1377 3150 1485 3212 Dei
1532 3151 1878 3227 consistam
1994 3152 2295 3224 tanquam
2332 3143 2627 3207 falsarius
2659 3153 2723 3208 θῐ
2751 3146 3076 3227 deceptor,
3111 3165 3312 3228 quum
3355 3146 3485 3210 sue·

381 3238 496 3301 sed
529 3238 698 3303 sicut
726 3242 937 3323 angeli
959 3245 1165 3307 sancti
1197 3256 1450 3327 paratos
1481 3268 1550 3311 se
1579 3250 1881 3313 exhibent
1993 3242 2120 3303 rint
2162 3262 2200 3303 ὃ
2244 3242 2416 3305 bello
2464 3243 2753 3323 regressi·
2790 3242 2970 3307 Circa
3016 3244 3152 3308 ¹1aess
3194 3244 3483 3325 Magister

379 3337 655 3419 obsequi
686 3338 966 3404 Creatori
999 3350 1062 3405 et
1099 3345 1273 3406 omni
1307 3345 1496 3421 bono,
1533 3348 1624 3411 sic
1663 3348 1772 3411 ille
1809 3350 1879 3411 in
1989 3341 2052 3401 in
2087 3340 2374 3403 historiis
2402 3341 2747 3422 Josephum
2790 3360 3085 3422 sequens,
3121 3341 3293 3406 addit
3326 3363 3340 3407 :
3377 3342 3483 3405 Vi-

377 3436 571 3513 malo‚
604 3438 704 3501 vel
739 3439 932 3503 etiam
965 3441 1031 3503 in
1068 3444 1476 3507 exsecutione
1515 3446 1751 3511 divinae
1779 3447 1878 3528 ju·
1986 3437 2080 3499 dit
2117 3438 2410 3501 Sedecias
2452 3458 2663 3520 regem
2703 3438 3103 3503 dubitantem
3143 3441 3299 3521 quid
3338 3460 3481 3523 ³80·

375 3534 594 3609 stitiae,
629 3544 842 3599 tamen
873 3557 1174 3619 perversa
1203 3541 1558 3606 intentione
1589 3553 1652 3607 et
1681 3563 1756 3606 ex
1786 3545 1878 3607 vi-

379 3633 544 3696 tiosa
573 3635 808 3699 radice.
837 3640 922 3699 E't
952 3640 1051 3698 ait
1081 3660 1103 3697 .·
1137 3643 1272 3717 Esqo
1301 3644 1626 3717 decipiam
1657 3644 1869 3703 illum.

379 3734 506 3792 Cui
539 3736 786 3795 locutus
810 3746 900 3797 est
933 3739 1250 3799 Dominus
1280 3760 1303 3798 .·
1333 3744 1418 3800 In
1448 3742 1618 3819 quo?
1647 3744 1732 3802 Et
1763 3744 1876 3801 ille

374 3833 476 3891 ait
507 3852 530 3890 .·
565 3835 891 3909 Eyrediar
929 3845 991 3895 et
1029 3856 1136 3896 ero
1173 3840 1449 3915 spiritus
1479 3843 1761 3900 mendax
1799 3843 1871 3899 in

373 3950 484 3989 ore
525 3934 824 3993 omnium
859 3937 1322 4010 prophetarum
1363 3938 1525 4012 ejus.
1570 3940 1654 3998 Et
1696 3941 1874 3999 dimit

1986 3545 2100 3611 ret,
2126 3536 2642 3617 confortavitque
2672 3556 2819 3599 eum
2852 3546 3115 3613 secreto,
3140 3538 3357 3600 dicens
3380 3540 3478 3603 :Si

1983 3636 2270 3699 Michaeas
2330 3644 2497 3698 esset
2546 3635 2877 3717 propheta,
2934 3635 3203 3698 aruisset
3252 3654 3476 3699 manus

1984 3753 2124 3797 mea
2153 3736 2221 3796 in
2253 3753 2400 3797 eum
2434 3742 2712 3809 extensa,
2738 3733 2905 3795 sicut
2934 3734 3100 3795 aruit
3130 3752 3357 3796 manus
3383 3734 3477 3799 Je-
3506 3751 3766 3809 mmmm,

1985 3834 2243 3897 roboam
2286 3852 2475 3913 quam
2516 3830 2799 3893 extendit
2838 3838 3060 3893 contra
3097 3832 3471 3913 Prophetam
3502 3816 3543 3857 ⁴·

1983 3933 2050 3994 in
2083 3931 2321 4007 Bethel,
2355 3939 2425 3992 ut
2457 3948 2653 4010 supra
2680 3929 2888 4013 patuit
2923 3947 2937 3991 t
2972 3938 3034 3991 et
3074 3930 3265 3993 etiam
3308 3931 3475 3995 locu·
3587 3990 3596 3999 .

376 4030 700 4089 Dominus
731 4048 754 4091 :
785 4034 1077 4109 Decipies
1104 4044 1164 4093 et
1189 4038 1568 4110 praevalebis
1579 4060 1605 4108 ,·
1631 4040 1874 4112 eyrede-
1983 4041 2082 4093 tus
2113 4040 2211 4093 est
2250 4038 2472 4092 contra
2498 4028 2723 4103 Eliam,
2757 4031 2868 4110 qui
2910 4030 3069 4091 dixit
3110 4037 3169 4092 te
3208 4032 3474 4095 moritu·
3542 4055 3763 4108 mann,

373 4146 446 4185 re
461 4136 524 4187 et
540 4129 654 4203 fac
673 4130 792 4190 ita.
819 4130 943 4192 Ista
973 4130 1211 4194 locutio
1245 4131 1353 4194 Dei
1385 4135 1464 4196 ad
1490 4134 1866 4211 daemonem,
1983 4149 2124 4193 rum
2161 4129 2275 4191 ubi
2316 4128 2632 4209 lapidatus
2672 4134 2769 4187 est
2811 4126 3056 4189 Naboth
3104 4146 3303 4212 prope
3341 4131 3471 4195 Jez-
3506 4121 3568 4161 ¹⁹·

375 4233 472 4286 est
501 4225 676 4307 justa
705 4228 1044 4308 permissio
1076 4230 1237 4310 eJuS,
1275 4239 1337 4293 et
1376 4231 1718 4295 collocutio
1758 4252 1872 4314 per
1901 4238 1950 4299 D
1983 4228 2152 4301 rae13
2205 4228 2311 4289 hic
2362 4233 2573 4288 autem
2622 4224 2801 4300 dicit,
2856 4234 2917 4287 te
2968 4226 3349 4291 moriturum
3404 4231 3469 4293 in

77 5270 234 5313 loona.
245 5286 336 5318 vm,

77 5336 126 5374 Α.

374 4323 677 4403 angelum
709 4324 972 4402 bonum,
994 4328 1180 4408 cujus
1205 4336 1302 4390 est
1331 4327 1654 4392 refrenare
1686 4339 1748 4392 et
1781 4349 1870 4392 re-

375 4421 590 4483 laxare
620 4428 1000 4502 potestatem
1040 4424 1314 4497 diaboli;
1359 4426 1468 4487 sed
1509 4426 1870 4506 spiritualia

372 4528 436 4581 et
483 4519 741 4582 interna
789 4539 919 4585 non
969 4522 1312 4602 capiuntur
1359 4522 1440 4584 ab
1497 4523 1868 4586 hominibus

371 4617 636 4699 grossis,
665 4619 791 4681 nisi
821 4639 936 4701 per
957 4620 1412 4684 similitudines
1440 4622 1868 4704 corporalium

373 4716 817 4798 exprimantur
847 4736 1026 4781 more
1057 4719 1356 4782 humano.
1379 4720 1614 4781 Tamen
1647 4721 1725 4782 ad
1773 4722 1870 4781 in-

373 4815 798 4896 telligendum
827 4816 964 4879 haec
994 4816 1266 4897 plenius,
1291 4818 1744 4879 recurrendum
1773 4826 1869 4881 est

371 4914 452 4976 ad
483 4914 952 4995 expositionem
984 4914 1176 4995 primi
1209 4915 1473 4995 capituli
1508 4916 1657 4977 libri
1686 4916 1824 4979 Job.

454 5014 654 5077 Nunc
673 5014 886 5088 iyitur
903 5033 1038 5071 ecce
1055 5016 1235 5073 dedit
1255 5016 1574 5075 Dominus
1604 5016 1868 5095 permis-

367 5113 507 5176 sive
555 5114 871 5190 spiritum
923 5114 1248 5172 mendacii
1297 5114 1367 5171 in
1415 5133 1522 5172 ore
1569 5115 1866 5173 omnium

362 5213 835 5287 prophetarum
869 5220 1128 5271 tuorum
1159 5213 1276 5289 qui
1311 5213 1417 5271 hic
1445 5222 1617 5279 sunt,
1648 5210 1710 5272 id
1743 5220 1862 5287 est,

366 5328 404 5371 a
435 5308 671 5391 spiritu
700 5307 1041 5383 diabolico,
1075 5308 1188 5387 qui
1219 5316 1314 5370 est
1354 5310 1622 5371 mendax
1662 5318 1724 5371 et
1765 5326 1868 5389 pa-

1979 4325 2267 4389 Ramoth.
2304 4324 2479 4385 Unde
2510 4322 2679 4384 ultra
2718 4323 3055 4399 conclusit,
3088 4328 3260 4406 quod
3308 4328 3467 4392 nulli

1977 4444 2198 4487 eorum
2229 4431 2396 4486 esset
2426 4422 2838 4497 credendum,
2871 4423 3023 4502 quia
3055 4424 3218 4487 inter
3248 4446 3315 4489 sc
3344 4429 3471 4492 dis-

1977 4530 2330 4602 creparent.
2367 4522 2541 4583 Tunc
2586 4540 2690 4583 rex
2730 4521 3034 4583 audacior
3074 4522 3300 4599 sactuS,
3340 4527 3473 4605 jus-

1977 4620 2059 4681 sit
2091 4618 2471 4681 incarcerari
2500 4618 2845 4694 Michaeam,
2882 4618 3049 4681 sicut
3080 4637 3471 4702 consequen·

1979 4728 2070 4780 ter
2101 4718 2168 4779 in
2200 4725 2373 4779 textu
2405 4716 2813 4779 describitur.

2057 4820 2140 4877 Et
2177 4817 2274 4875 ait
2312 4835 2429 4873 rex
2456 4817 2664 4875 Israel
2693 4832 2715 4874 .·
2754 4818 2981 4876 Tollite
3014 4818 3375 4887 Michoeam,
3410 4830 3470 4880 et

1978 4922 2235 4975 maneat
2278 4914 2457 4989 apud
2498 4915 2707 4973 Amen
2744 4915 3117 4991 principem
3159 4917 3467 4987 civitatis,

1972 5024 2032 5074 et
2061 5016 2241 5089 apud
2268 5015 2417 5073 Joas
2444 5012 2665 5088 filium
2686 5014 3009 5084 Amelech‚
3030 5022 3091 5071 et
3119 5016 3315 5073 dicite
3337 5017 3428 5075 eis
3448 5034 3471 5077 .·

1977 5116 2131 5173 Hcec
2176 5112 2340 5169 dicit
2391 5130 2506 5169 reoe
2543 5110 2840 5169 :Mittite
2890 5112 3111 5171 virum
3162 5114 3359 5173 istum
3397 5116 3471 5174 in

1972 5228 2311 5277 carcerem,
2344 5217 2404 5267 et
2432 5216 2779 5267 sustentate
2813 5227 2961 5267 eum
2996 5228 3169 5285 pane
3202 5212 3472 5271 tribula-

1975 5310 2168 5367 tionis
2197 5316 2255 5364 et
2287 5326 2460 5385 aqua
2490 5308 2836 5382 anqustioe,
2858 5309 3055 5367 donec
3077 5318 3367 5369 revertar
3394 5312 3465 5371 in
