4359 6250
832 515 920 560 111
1981 515 2269 562 EPJSTOLA
2310 515 2779 562 NUNCUPATORIA

848 691 1136 772 denique
1183 691 1691 773 potentissimus
1739 691 1831 754 sit
1876 691 1958 754 ad
2011 691 2465 754 seducendum
2510 691 2829 754 mutabile
2865 692 3131 772 vulguS,
3167 692 3412 773 quippe
3456 707 3657 772 quem
3702 705 3933 752 omnes

847 798 1080 862 timere
1120 799 1388 878 habent,
1430 799 1650 863 edicta
1685 815 2046 881 proponere
2085 798 2263 862 valet
2302 799 2531 881 impia,
2563 799 2874 880 legesque
2905 799 3162 862 sancire
3198 799 3484 881 iniquas
3518 798 3767 862 Verum
3802 813 3936 860 non

834 905 1104 970 aliunde
1142 905 1349 987 hujns
1385 907 1480 971 rei
1517 924 1720 988 quam
1759 924 1838 969 ex
1887 923 1963 969 eo
2005 906 2152 988 ipso
2201 923 2401 987 quem
2446 923 2832 988 nuncupare
2866 907 3177 970 venimus
3216 907 3291 969 T.
3324 906 3403 970 R.
3437 907 3520 970 D.
3556 905 3749 984 libro,
3776 905 3937 967 sunt

831 1013 1116 1094 petenda
1154 1014 1476 1096 exempla.
1504 1015 1675 1077 Nam
1711 1013 1804 1076 ibi
1839 1014 1982 1076 sive
2014 1013 2232 1090 Judae,
2266 1013 2408 1076 sive
2444 1013 2762 1077 Samariae
2800 1014 3073 1077 domum
3106 1013 3607 1092 attenderimuS,
3629 1011 3934 1075 videmus

832 1121 1170 1201 quomodo
1220 1122 1345 1185 sub
1387 1121 1626 1202 quovis
1667 1139 1819 1204 rege
1857 1138 1990 1184 non
2035 1122 2371 1184 metuente
2405 1122 2623 1185 Deum
2661 1122 2859 1201 atque
2898 1121 3270 1198 idololatra,
3316 1120 3546 1184 relicto
3593 1136 3749 1182 mox
3792 1120 3931 1183 Deo

833 1245 1012 1307 νει-ο,
1050 1229 1410 1309 relictaque
1451 1228 1755 1308 ejusdem
1793 1229 1958 1309 lege,
1995 1229 2323 1291 idolorum
2369 1227 2603 1306 cultui,
2644 1228 2979 1308 simulque
3019 1227 3427 1291 facinoribus
3463 1226 3773 1309 pessimis
3810 1242 3934 1288 suo

836 1352 990 1398 cum
1039 1353 1192 1416 rege
1240 1353 1385 1398 sese
1433 1336 1723 1417 populus
1767 1336 2197 1417 mancipavit.
2238 1336 2445 1398 Porro
2490 1335 2547 1398 si
2593 1336 2861 1416 quando
2911 1352 3023 1398 rex
3068 1336 3243 1398 esset
3282 1335 3458 1416 piUS,
3498 1334 3754 1415 Deique
3795 1332 3936 1395 veri

838 1444 1076 1520 cultor,
1112 1443 1400 1524 populus
1442 1444 1689 1525 pariter
1726 1443 2078 1507 universus
2121 1461 2343 1522 regem
2387 1444 2886 1524 Dominumque
2932 1442 3353 1524 sequebatur.
3402 1442 3587 1504 Nulli
3626 1442 3804 1504 enim
3843 1439 3937 1503 rei

837 1551 1001 1615 adeo
1033 1550 1218 1632 plebs
1255 1550 1480 1613 studet
1515 1551 1805 1628 mobiliS,
1839 1568 2040 1632 quam
2072 1551 2341 1631 regibus
2371 1552 2649 1631 placere,
2690 1551 3210 1631 eorumdemque
3238 1550 3536 1614 moribus
3573 1549 3712 1612 fieri
3744 1547 3937 1611 simi-

835 1658 946 1722 lis,
989 1658 1174 1721 Adeo
1223 1660 1326 1721 est
1369 1659 1575 1739 igitur
1613 1659 1718 1721 vel
1767 1658 1954 1722 utilis
2002 1658 2106 1722 vel
2145 1659 2558 1740 perniciosus
2605 1658 2927 1738 subJectis
2972 1661 3206 1721 rector.
3249 1658 3419 1721 Nam
3470 1657 3649 1738 quod
3701 1657 3941 1719 domus

837 1765 1040 1828 Israel
1069 1766 1204 1828 tam
1233 1764 1434 1844 longo
1471 1765 1832 1829 schismate
1861 1783 1900 1828 a
1928 1765 2127 1828 domo
2155 1766 2349 1828 Judae
2382 1767 2577 1846 atque
2608 1783 2819 1845 usque
2850 1766 2931 1827 ad
2962 1765 3326 1828 vitulorum
3357 1764 3807 1827 adorationem
3839 1762 3946 1842 (ut

838 1871 1065 1956 pej0ra
1101 1869 1385 1957 taceam)
1429 1873 1746 1936 manserit
1781 1873 2081 1954 seducta,
2113 1874 2300 1952 quid,
2341 1891 2592 1952 quaeso,
2615 1874 2702 1944 ,in
2738 1889 2939 1936 causa
2977 1872 3108 1936 fuit
3144 1890 3345 1952 quam
3382 1890 3617 1953 regum
3653 1871 3759 1934 vel
3794 1888 3941 1934 am-

837 1980 1003 2044 bitio
1037 1980 1138 2043 vel
1180 1979 1541 2061 impietas?
1575 1981 2016 2054 Quamobrem
2061 1998 2196 2044 non
2234 1981 2420 2062 parvi
2455 1981 2674 2061 refert,
2714 1982 2978 2058 ducem,
3010 1983 3504 2061 praeceptorem,
3542 1979 3945 2042 rectoremve

839 2087 1079 2151 habere
1115 2085 1378 2165 J'ustum
1421 2103 1497 2150 ac
1531 2087 1743 2169 pium.
1780 2087 1974 2160 Quod
2015 2089 2189 2150 certe
2227 2087 2353 2150 hoc
2397 2104 2662 2168 quoque
2704 2105 2845 2150 aevo
2885 2089 3111 2150 nostro
3150 2086 3410 2149 utinam
3448 2103 3582 2148 non
3626 2085 3841 2165 magis
3875 2101 3943 2146 re

840 2195 986 2276 ipsa
1022 2210 1225 2274 quam
1261 2194 1544 2258 lectione
1582 2194 2027 2258 disceremus!
2072 2194 2255 2268 Quas
2290 2195 2470 2258 enim
2515 2192 2712 2257 faeces
2751 2195 3080 2258 haereseos
3118 2194 3293 2276 plebi
3330 2193 3616 2256 subditae
3660 2209 3795 2256 non
3836 2191 3944 2253 in-

842 2301 1162 2365 vexerunt
1189 2301 1348 2362 mali
1376 2301 1709 2364 rectores?
1742 2302 1826 2364 Et
1857 2302 1984 2365 hoc
2019 2301 2124 2365 vel
2161 2318 2277 2383 per
2312 2318 2503 2364 suam
2536 2297 3059 2379 dormitantiam,
3100 2318 3233 2381 qua
3260 2301 3689 2364 conniventes
3726 2298 3946 2362 omni-

844 2408 970 2471 bus
1008 2407 1260 2488 placere
1287 2407 1665 2487 voluerunt,
1712 2409 1812 2471 vel
1851 2409 2010 2489 quia
2047 2408 2271 2470 dedita
2309 2409 2509 2471 etiam
2550 2425 2747 2490 opera
2778 2408 3085 2473 volebant
3113 2410 3477 2472 desciscere
3514 2408 3595 2471 ab
3623 2407 3943 2483 Ecclesia,

845 2532 929 2577 ne
965 2531 1098 2578 non
1135 2531 1289 2576 cum
1331 2514 1561 2576 multis
1599 2517 1824 2579 essent
1859 2515 2077 2597 impii.
2116 2515 2252 2577 Aut
2287 2533 2437 2596 quae.
2478 2516 2661 2597 plebs
2698 2516 2780 2579 ab
2814 2517 3145 2580 haereticis
3183 2519 3283 2579 est
3318 2517 3615 2594 seducta,
3656 2514 3791 2579 nisi
3832 2513 3947 2577 ubi

845 2621 1150 2705 princeps
1199 2622 1316 2684 aut
1363 2623 1576 2686 rector
1617 2624 1768 2686 ante
1813 2622 2014 2686 fuerit
2051 2626 2424 2704 corruptuS,
2466 2625 2583 2686 aut
2628 2625 2788 2688 dum
2836 2624 3389 2706 pusillanimitate
3436 2623 3745 2700 feminea,
3787 2622 3944 2685 dum

844 2730 1092 2812 posset,
1133 2728 1422 2793 noluerit
1453 2730 1804 2794 resistere?
1851 2729 2092 2794 Misera
2129 2732 2355 2795 tamen
2406 2732 2755 2813 utrobique
2807 2733 2873 2794 et
2924 2748 3191 2813 prorsus
3238 2731 3471 2795 infelix
3518 2731 3837 2808 conditio,
3879 2731 3955 2792 ut

848 2835 964 2900 ubi
1001 2837 1312 2918 princeps
1349 2839 1642 2900 rectorve
1683 2837 1976 2900 civitatis
2023 2837 2224 2900 fuerit
2268 2839 2503 2903 haeresi
2554 2840 2926 2920 corruptuS,
2971 2855 3201 2902 omnes
3248 2839 3553 2901 subditos
3599 2836 3951 2901 confestim

848 2943 1009 3007 velit
1047 2945 1370 3024 cogatque
1411 2960 1554 3007 esse
1593 2943 2088 3026 coinquinatOS,
2124 2947 2325 3027 atque
2362 2947 2444 3010 ab
2482 2947 2785 3010 Ecclesia
2821 2963 2956 3009 una
2994 2963 3069 3008 ac
3100 2963 3253 3008 vera
3293 2945 3566 3009 divisos.
3603 2944 3779 3018 Quid
3817 2961 3962 3007 ver-

849 3052 954 3115 bis
993 3067 1162 3132 opus
1212 3050 1360 3113 est?
1400 3051 1725 3115 Videmus
1772 3053 1952 3115 enim
1991 3053 2106 3116 ubi
2153 3053 2401 3132 cultuS,
2448 3053 2561 3116 ubi
2613 3053 2846 3132 honor,
2892 3052 3005 3115 ubi
3050 3051 3173 3114 Dei
3216 3053 3362 3115 laus
3399 3051 3628 3115 florere
3676 3051 3956 3128 solebat,

852 3160 969 3224 ubi
1005 3159 1354 3240 castigatio
1394 3160 1633 3237 carniS,
1668 3159 1782 3222 ubi
1825 3162 2247 3241 peccatorum
2285 3161 2697 3244 poenitentia,
2740 3161 2856 3225 ubi
2902 3160 3188 3242 denique
3227 3160 3603 3224 obedientia
3643 3158 3961 3223 Ecclesiae

853 3268 1052 3347 atque
1105 3265 1644 3347 Apostolicarum
1704 3266 2120 3330 observantia
2175 3268 2609 3331 traditionum
2662 3268 2996 3348 vigebant,
3045 3268 3135 3330 ibi
3191 3284 3366 3331 nunc
3420 3266 3732 3347 abrogata
3778 3266 3963 3329 omni

851 3374 1194 3453 religione,
1241 3373 1685 3454 ‹lepopulatiS,
1736 3373 2007 3435 nudatis
2059 3374 2437 3455 clausisque
2487 3375 2778 3456 templiS,
2827 3376 3033 3438 erasis
3078 3376 3473 3438 Sanctorum
3526 3374 3961 3455 imaginibuS,

854 3482 990 3544 imo
1043 3480 1332 3561 explosis
1387 3481 1595 3543 sacris
1651 3480 1988 3559 omnibUS,
2040 3481 2223 3543 carni
2272 3481 2693 3561 libertatique
2750 3482 3051 3563 pecuinae
3098 3481 3374 3544 vivitur.
3436 3481 3636 3543 Nulla
3688 3482 3965 3562 praeter-

852 3605 1054 3670 quam
1103 3587 1174 3649 in
1223 3604 1332 3650 ore
1380 3586 1520 3650 solo
1559 3587 1746 3663 fideS,
1796 3587 1978 3649 nulla
2027 3605 2301 3669 operum
2347 3588 2674 3651 bonorum
2720 3588 3183 3666 sanctimonia,
3226 3588 3409 3651 nulla
3446 3587 3739 3665 castitaS,
3782 3587 3966 3651 nulla

854 3696 956 3758 est
991 3694 1084 3756 ibi
1129 3694 1253 3757 Dei
1295 3693 1491 3756 verbo
1537 3694 1936 3757 obedientia.
1977 3694 2146 3757 Nam
2186 3694 2312 3757 etsi
2350 3695 2452 3757 vel
2485 3713 2602 3776 pro
2642 3695 3002 3773 Evangelio
3036 3695 3139 3758 vel
3182 3712 3299 3776 pro
3337 3695 3535 3759 verbo
3573 3695 3695 3759 Dei
3734 3695 3966 3758 buccis

855 3803 1055 3867 etiam
1107 3800 1532 3883 crepantibus
1585 3801 1910 3864 clametur
1962 3801 2044 3865 ab
2100 3802 2436 3879 omnibuS,
2487 3804 2820 3866 neminem
2872 3806 3093 3866 tamen
3144 3802 3428 3881 videbis,
3472 3804 3540 3865 in
3586 3801 3783 3882 cuius
3822 3820 3969 3865 mo-

854 3910 1040 3973 ribus
1068 3908 1358 3971 reluceat
1389 3908 1512 3971 Dei
1545 3908 1817 3972 verbum
1862 3929 1876 3969 :
1910 3909 2272 3989 neminem,
2306 3910 2605 3989 inquam,
2640 3910 2948 3990 reperies,
2984 3908 3179 3990 cujus
3220 3910 3357 3973 vita
3396 3910 3593 3973 verbo
3631 3909 3757 3973 Dei
3793 3926 3963 3989 qua-

855 4019 1019 4081 dret.
1079 4016 1326 4079 Verum
1385 4016 1530 4078 haec
1589 4016 1764 4097 apud
1824 4017 2092 4098 impioS,
2153 4034 2439 4098 quorum
2491 4019 2777 4080 rectores
2825 4034 3147 4080 novarum
3202 4034 3423 4079 rerum
3476 4016 3789 4096 studiosi,
3842 4016 3964 4080 ad-

859 4125 1186 4187 miserunt
1221 4140 1370 4204 quae
1419 4122 1516 4185 fas
1569 4140 1700 4185 non
1740 4125 1862 4187 est.
1906 4124 2076 4187 Nam
2126 4123 2253 4186 etsi
2302 4122 2490 4186 turba
2534 4123 2779 4186 alicubi
2828 4123 3120 4187 insanire
3167 4123 3388 4205 coepit,
3420 4124 3617 4205 atque
3662 4142 3777 4206 per
3824 4123 3967 4186 vim

855 4231 1252 4295 seditiosum
1311 4230 1701 4310 carnaleque
1748 4230 1916 4293 illud
1971 4231 2391 4311 evangelium
2451 4230 2784 4309 inducere,
2847 4230 3004 4293 huic
3054 4230 3400 4295 rebellioni
3460 4248 3677 4294 nonne
3733 4248 3964 4295 ansam

856 4338 1193 4420 praebuere
1233 4336 1709 4417 magistratus?
1748 4337 1864 4417 qui
1912 4354 2122 4417 quum
2171 4336 2365 4399 initio
2416 4338 2481 4399 id
2529 4337 2711 4400 nullo
2756 4336 3128 4418 potuissent
3176 4338 3441 4417 negotio
3496 4340 3807 4415 avertere,
3848 4354 3967 4419 pro

854 4446 978 4509 Dei
1030 4445 1302 4521 honore,
1349 4460 1464 4525 pro
1513 4442 1661 4522 ejus
1709 4443 1989 4523 legibuS,
2034 4461 2151 4524 pro
2204 4443 2443 4507 ritibus
2493 4443 2808 4507 Ecclesiae
2866 4444 3161 4524 antiquis
3208 4444 3433 4507 nullus
3480 4442 3653 4526 apud
3696 4446 3967 4509 eosdem

862 4553 992 4616 fuit
1031 4552 1236 4615 zelus.
1281 4551 1500 4631 Atque
1541 4551 1686 4613 ideo
1726 4567 1846 4613 nec
1893 4550 2143 4631 inJuria
2190 4551 2460 4631 quidem
2515 4548 2765 4614 facturn
2816 4552 2936 4627 est,
2987 4554 3061 4613 ut
3104 4552 3263 4631 quia
3310 4569 3521 4631 quum
3564 4552 3963 4631 potuissent,

860 4660 1222 4724 noluerunt
1253 4679 1269 4719 .·
1303 4675 1481 4722 nunc
1519 4675 1729 4738 quum
1769 4658 2000 4735 velint,
2044 4675 2176 4721 non
2216 4658 2477 4739 possint
2512 4657 2765 4739 pestem
2807 4658 2977 4721 hanc
3016 4675 3236 4722 arcere
3275 4677 3316 4721 a
3352 4659 3561 4740 plebe.
3604 4658 3801 4721 Nulla
3838 4658 3970 4721 fuit

860 4785 1020 4832 cura
1056 4766 1476 4849 pereuntium
1519 4764 1918 4843 animarum,
1961 4765 2188 4828 nullus
2227 4766 2456 4828 horror
2502 4767 2581 4829 de
2623 4767 3006 4847 contemptu
3050 4765 3362 4829 Ecclesiae
3402 4768 3467 4829 et
3502 4766 3965 4829 Sacramento-

862 4892 1039 4953 rum,
1082 4873 1307 4937 nullus
1345 4872 1630 4952 denique
1674 4888 1858 4935 amor
1901 4873 1966 4935 et
1999 4872 2180 4935 zelus
2220 4873 2366 4935 Dei.
2410 4874 2567 4937 Ideo
2610 4874 2782 4937 inter
2820 4874 3111 4936 extrema
3152 4874 3446 4954 pericula
3487 4872 3845 4936 ridebatur.
3894 4872 3967 4937 Si

861 4982 1139 5047 ditionis
1167 4979 1553 5062 temporalis
1583 4981 1857 5042 terraeve
1895 4979 2235 5042 modicum
2262 4980 2423 5060 quid
2451 4980 2691 5044 fuisset
2716 4982 3129 5061 ademptum,
3152 4980 3399 5043 bellum
3433 4997 3585 5042 mox
3612 4997 3732 5061 pro
3762 4980 3969 5060 huJus

859 5088 1256 5170 repetitione
1287 5086 1746 5150 instrueretur.
1774 5085 2016 5149 Contra
2044 5087 2290 5165 Deum,
2309 5089 2535 5151 contra
2564 5087 2955 5164 Ecclesiam,
2981 5088 3207 5150 contra
3233 5087 3357 5150 Dei
3386 5086 3661 5150 verbum
3693 5086 3969 5178 impune

863 5198 1239 5275 temereque
1271 5194 1599 5277 peccatur.
1635 5192 1802 5265 Quis
1841 5193 2284 5257 contradicit?
2322 5192 2489 5266 Quis
2525 5194 2751 5258 dolet?
2788 5194 2999 5257 Nemo
3030 5193 3341 5274 affligitur
3378 5212 3453 5257 ex
3494 5194 3787 5275 peccato,
3810 5192 3971 5273 quia

861 5303 996 5368 fere
1037 5318 1232 5365 nemo
1277 5299 1564 5383 perfecte
1605 5299 1828 5379 diligit
1862 5301 2101 5364 Deum.
2144 5302 2312 5363 Nam
2354 5300 2477 5364 etsi
2514 5301 2777 5382 magnis
2816 5299 3135 5381 impensis
3172 5300 3529 5380 aliquando
3568 5302 3795 5362 contra
3832 5299 3969 5363 hae—
