4359 6250
894 459 1015 522 216

1618 479 1964 528 mannano
2006 480 2067 526 m
2108 481 2246 527 CAP-
2293 482 2403 528 111
2439 481 2714 528 mmmm.
2757 501 2840 514 -·
2878 483 3020 528 ΛΒΤ.
3065 481 3256 528 mlv

898 647 1057 724 min,
1093 648 1206 731 qui
1246 649 1517 714 evadere
1556 659 1921 732 potuerunt,
1958 661 2021 714 et
2060 649 2282 732 fugere
2322 651 2386 712 in
2417 653 2467 715 A
2497 649 2670 714 natio
2708 651 2870 731 ejuS‚
2905 651 3077 732 quod
3119 649 3374 728 dicitur,
3407 650 3524 724 Qui
3561 649 3826 714 evadere
3863 668 3962 730 po-

898 745 1629 823 solitudinem,sexcenti
1664 748 1783 812 viri
1816 769 1831 813 t
1866 747 1989 810 nisi
2024 748 2190 813 sorte
2217 749 2388 831 quod

904 844 1016 922 ait,
1042 845 1119 908 Et
1149 843 1371 927 fugere
1406 845 1472 911 in
1506 847 1939 924 solitudinem,
1972 847 2057 910 sit
2092 847 2390 911 determi-

2498 757 2776 811 tuerunt.
2814 749 2903 811 Ex
2946 748 3046 810 his
3090 756 3264 831 patet
3307 756 3438 811 tota
3477 746 3669 829 huJus
3711 747 3958 829 capituli

2496 847 2728 924 littera,
2762 866 2906 929 quae
2933 855 3029 910 est
3057 847 3324 930 prolixa.

1898 1280 2548 1369 ARTICULUS
2623 1281 2987 1364 XXXIV

1018 1555 1400 1602 ExPLANAno
1442 1555 1719 1601 currum
1760 1555 2019 1602 vncsssun
2062 1555 2231 1601 Pnuss
2269 1555 2284 1600 3
2329 1555 2724 1602 Junavznum·
2766 1555 3002 1610 QUOQUE
3041 1555 3182 1602 rm!
3225 1555 3442 1602 isaael,
3483 1555 3546 1601 IN
3586 1555 3856 1600 nasum.

906 1832 1403 2032 QUALITER
1452 1841 1740 1915 reparata
1785 1832 1868 1895 sit
1915 1832 2121 1896 tribus
2168 1833 2390 1913 Benja-
2417 1834 2462 1894 B
2500 1833 2566 1895 in
2607 1833 2774 1896 bono
2815 1839 3005 1908 statu,
3037 1843 3096 1894 et
3139 1834 3455 1894 dia-armet
3483 1854 3507 1894 .·
3539 1835 3698 1903 Quis
3739 1855 3866 1895 non
3891 1857 3980 1895 as·

1064 1931 1222 2008 min,
1238 1951 1381 2013 quae
1402 1951 1565 2014 pene
1590 1931 1899 1994 exstincta
1923 1931 2067 2008 fuit,
2084 1931 2190 1994 hic
2209 1950 2390 1992 enar-

903 2041 1101 2096 ratur.
1148 2035 1550 2093 Juraverunt
1600 2052 1846 2112 quoque
1890 2033 2026 2108 filii
2065 2034 2274 2093 Israel
2318 2033 2390 2119 in

904 2134 1207 2210 Maspha,
1252 2138 1593 2212 antequam
1640 2137 1861 2194 contra
1909 2129 2237 2210 Benjamin
2276 2148 2394 2210 pu-

902 2247 1099 2310 gnare
1146 2237 1525 2310 coeperunt:
1577 2231 1822 2290 Nullus
1870 2239 2163 2289 nostrum
2209 2229 2392 2314 dabit

902 2329 1066 2404 filiis
1111 2327 1461 2405 Benjamin
1502 2330 1581 2387 de
1615 2328 1881 2405 filiabus
1918 2329 2056 2388 suis
2098 2346 2388 2386 uxorem.

905 2425 1033 2488 Hoc
1063 2423 1437 2505 juraverunt
1470 2424 1533 2486 in
1570 2424 2055 2487 detestationem
2088 2422 2393 2486 facinoris

908 2523 1425 2604 Benjamitarum,
1461 2533 1523 2586 et
1572 2531 1727 2605 puto
1771 2523 1943 2605 quod
1990 2522 2388 2604 juraverunt,

907 2629 1245 2705 postquam
1294 2629 1729 2701 cognoverunt
1777 2621 2016 2684 tribum
2063 2619 2392 2702 Benjamin

905 2719 1070 2783 velle
1095 2719 1402 2782 adsistere
1418 2717 1800 2798 GabaanitiS,
1814 2719 1966 2801 quia
1986 2727 2216 2782 extunc
2234 2736 2398 2781 com-

908 2817 1395 2882 municaverunt
1416 2817 1547 2880 illis
1568 2817 1633 2879 in
1655 2817 1938 2880 crimine.
1956 2822 2398 2896 Veneruntque

908 2937 1123 2980 omnes
1154 2918 1226 2976 in
1258 2919 1521 2977 domum
1550 2920 1672 2978 Dei
1702 2919 1776 2977 in
1804 2919 1973 2987 Silo,
1989 2924 2216 2992 etc.‚et
2245 2918 2399 2991 flere

2498 1935 2712 1993 cendit
2745 1933 2818 1992 in
2847 1932 3136 1992 exercitu
3169 1933 3435 1992 Domini
3463 1931 3576 2014 qui
3605 1932 3979 2013 Benjamitas

2500 2029 2755 2106 occidit,
2790 2033 2869 2090 de
2900 2031 3222 2090 universis
3255 2032 3544 2090 tribubus
3574 2033 3836 2092 Israel?
3863 2032 3980 2096 Hoc

2503 2127 2952 2210 inquisierunt,
2998 2135 3067 2188 ut
3105 2146 3178 2190 ea
3207 2128 3542 2191 occasione
3577 2129 3980 2210 providerent

2504 2225 2774 2290 residuis
2815 2225 3182 2308 Benjamitis
3219 2227 3296 2289 de
3336 2225 3580 2308 nuptiis
3615 2247 3630 2291 :
3661 2227 3776 2308 qui
3819 2228 3980 2291 enim

2503 2324 2593 2386 ibi
2624 2342 2751 2387 non
2787 2333 2986 2402 erant,
3026 2342 3153 2387 non
3195 2323 3572 2405 juraverunt
3613 2343 3682 2388 se
3725 2345 3856 2390 non
3885 2328 3984 2390 da-

2505 2432 2678 2486 turos
2723 2421 2897 2485 silias
2935 2441 3080 2484 suas
3124 2421 3284 2484 filiis
3325 2422 3690 2504 Benjamin3
3735 2433 3802 2486 et
3843 2425 3984 2488 item

2506 2530 2576 2584 ut
2610 2521 2752 2585 illos
2789 2520 3114 2603 punirent.
3159 2520 3302 2584 Ideo
3345 2520 3688 2586 subditur:
3739 2526 3988 2585 Grandi

2503 2622 2678 2681 enim
2693 2621 3074 2697 juramento
3113 2640 3180 2679 se
3207 2621 3762 2691 constrinmerant,
3793 2643 3990 2700 quum

2503 2729 2704 2780 essent
2752 2719 2822 2779 in
2871 2720 3171 2797 Maspha,
3203 2718 3515 2796 interfici,
3548 2718 3610 2781 id
3657 2728 3778 2796 est,
3823 2721 3988 2802 quod

2507 2816 2974 2893 interficerent,
3029 2837 3128 2876 eos
3177 2818 3295 2896 qui
3341 2818 3722 2893 defuissent.
3777 2822 3992 2880 Ducti-

2507 2937 2627 2994 que
2647 2915 3035 2991 paenitentia
3053 2915 3188 2991 filii
3205 2917 3412 2975 Israel
3431 2934 3623 2992 super
3652 2915 3870 2992 fratre
3887 2937 3991 2976 suo

908 3034 1203 3091 coeperun
1215 3024 1262 3084 t,
1291 3016 1569 3075 dicentes
1600 3036 1623 3075 .·
1655 3019 1891 3084 Quare,
1922 3015 2198 3076 Domine
2227 3017 2398 3075 Deus
2432 3012 2476 3075 C
2504 3015 2889 3091 Benjamin,
2935 3022 3261 3090 coeperunt
3308 3014 3520 3074 dicere
3557 3035 3581 3074 .·
3619 3017 3866 3076 Ablata
3913 3027 3994 3076 est

910 3115 1143 3183 Israel,
1172 3114 1423 3191 factum
1460 3125 1549 3175 est
1598 3115 1715 3175 hoc
1757 3117 2007 3177 malum
2052 3115 2125 3175 in
2160 3116 2398 3193 populo

912 3223 1042 3283 tua,
1062 3222 1135 3273 ut
1164 3214 1351 3273 hodie
1379 3234 1515 3273 una
1548 3215 1751 3273 tribus
1778 3215 2154 3291 auferretur
2181 3233 2264 3272 ew
2295 3232 2400 3271 no-

910 3312 1033 3381 bis,
1064 3310 1127 3373 id
1159 3318 1254 3373 est
1288 3329 1364 3373 ex
1399 3311 1741 3374 Israelitico
1777 3310 2059 3393 populo?
2090 3309 2276 3391 quasi
2307 3310 2401 3371 di-

910 3416 1078 3485 cant,
1094 3407 1346 3471 Utinam
1380 3427 1508 3472 non
1538 3408 1931 3489 contigisset.
1948 3408 2400 3471 Verumtamen

908 3507 1199 3571 nondum
1242 3506 1366 3569 fuit
1407 3506 1608 3569 tribus
1639 3506 1969 3588 Benjamin
2008 3506 2273 3569 omnino
2303 3524 2404 3568 oc-

913 3603 1065 3683 cisa,
1100 3606 1210 3667 sed
1242 3604 1576 3669 videbatur
1606 3604 1885 3669 breviter
1914 3604 2216 3687 peritura,
2251 3603 2404 3686 quia

916 3721 1045 3768 non
1076 3703 1373 3786 apparuit
1404 3703 1610 3785 prima
1642 3702 1805 3766 facie
1845 3704 2094 3780 modus,
2127 3702 2404 3785 qualitor

916 3810 1133 3883 posset
1180 3820 1295 3885 per
1343 3802 1823 3882 generationem
1878 3800 2275 3877 conservari,
2329 3819 2404 3865 eo

920 3901 1091 3982 quod
1140 3908 1365 3964 cetcrae
1413 3898 1618 3962 tribus
1665 3900 1985 3980 jurassent
2037 3898 2208 3961 filias
2259 3918 2405 3961 suas

924 4017 1051 4062 non
1091 3997 1334 4061 sociare
1372 3998 1741 4079 Benjamitis
1774 3999 2093 4079 conjugio,
2140 4016 2258 4060 nec
2297 4016 2407 4079 po-

628 4114 891 4167 Deumua.
924 4104 1131 4158 terant
1170 4094 1439 4177 gentiles
1471 4096 1760 4177 accipere
1796 4096 1879 4160 ob
1920 4096 2080 4178 legis
2120 4094 2408 4179 prohibi-

924 4193 1185 4256 tionem.

988 4294 1215 4353 Altera
1244 4300 1460 4352 autem
1486 4292 1595 4351 die
1618 4294 1910 4353 diluculo
1937 4304 2408 4371 consumentes,

920 4399 1384 4451 exstruxerunt
1419 4393 1625 4450 altare
1656 4389 1721 4451 in
1754 4390 2159 4454 tabernaculo
2194 4391 2407 4454 Domi·

922 4487 1011 4550 ni.
1049 4487 1170 4550 Sed
1202 4505 1414 4550 nonne
1442 4486 1573 4568 jam
1606 4496 1737 4551 crat
1777 4488 1867 4551 ibi
1899 4490 2097 4553 altare
2124 4494 2149 4551 ἲ
2179 4491 2410 4554 Dicunt

918 4584 1142 4667 aliqui,
1178 4586 1347 4667 quod
1381 4584 1540 4647 illud
1573 4586 1749 4667 prius
1782 4587 1848 4649 in
1880 4587 2202 4669 aliquibus
2233 4609 2410 4672 repa-

921 4689 1239 4761 raverunt,
1278 4683 1375 4746 vel
1411 4684 1782 4747 translatum
1816 4686 1959 4763 fuit,
1998 4686 2140 4751 ideo
2170 4706 2407 4751 novum

922 4780 1242 4857 fecerunt3
1268 4780 1368 4845 vel
1390 4781 1533 4862 ejus
1565 4781 2017 4865 relatio,atque
2047 4784 2111 4846 in
2136 4786 2408 4867 pristino

923 4880 1063 4945 loco
1110 4879 1367 4963 positio,
1420 4889 1685 4943 vocatur
1733 4881 1873 4962 ejus
1922 4884 2287 4947 exstructio.
2325 4888 2410 4947 Et

918 4982 1286 5041 obtulerunt
1316 4982 1435 5050 ibi,
1457 4997 1569 5061 per
1598 4998 1823 5041 manus
1855 4980 2220 5058 sacerdotiS,
2242 4986 2409 5044 holo-

914 5087 1141 5139 causta
1170 5095 1285 5159 pro
1318 5077 1665 5157 gratiarum
1695 5077 1945 5141 actione
1972 5078 2052 5140 de
2081 5078 2408 5162 triumpho

914 5192 1241 5250 concesso,
1274 5186 1333 5237 et
1354 5176 1668 5253 pacificas
1706 5177 2003 5236 victimas
2035 5194 2151 5257 pro
2187 5178 2406 5239 remis-

913 5272 1096 5338 sione
1126 5272 1351 5355 culpae,
1379 5290 1555 5355 pace,
1578 5280 1641 5335 et
1667 5272 1871 5351 gratia
1901 5273 2404 5339 conservationis

2509 3116 2712 3176 tribus
2759 3134 2894 3175 una
2945 3116 3024 3174 de
3067 3116 3294 3175 Israel.
3345 3116 3523 3177 Unde
3563 3136 3798 3175 umores
3841 3118 3994 3177 acci-

2500 3215 2737 3293 pient?
2775 3215 3001 3275 Omnes
3035 3214 3212 3273 enim
3255 3215 3328 3274 in
3369 3234 3706 3275 commune
3731 3214 3996 3293 juravi-

2507 3334 2675 3382 mus,
2720 3332 2849 3372 non
2891 3314 3160 3373 daturos
3203 3332 3315 3373 nos
3355 3313 3458 3373 liis
3497 3314 3675 3391 filias
3725 3325 3992 3375 nostras.

2509 3412 2758 3471 Idcirco
2805 3412 3173 3471 dixerunt:
3207 3412 3364 3480 Quis
3413 3420 3503 3471 est
3551 3415 3632 3471 de
3679 3415 3998 3473 universis

2511 3511 2798 3571 tribubus
2836 3510 3067 3578 Israel,
3097 3511 3216 3588 qui
3255 3529 3384 3569 non
3428 3513 3716 3571 ascendit
3757 3514 3848 3571 ad
3875 3516 3996 3573 Do-

2509 3610 2766 3667 minum
2805 3608 2876 3667 in
2915 3610 3191 3684 Maspha
3213 3609 3244 3667 ?
3281 3610 3366 3668 E't
3398 3628 3532 3667 ecce
3567 3611 3824 3670 inventi
3851 3619 4000 3671 sunt

2509 3706 2896 3765 habitatores
2939 3706 3124 3766 labes
3180 3708 3458 3777 Galaad,
3506 3705 3627 3769 hoc
3671 3714 3768 3769 est
3825 3708 3998 3770 urbis

2511 3802 2650 3865 sitae
2680 3802 2746 3864 in
2785 3811 2953 3865 terra
2990 3801 3244 3879 Galaad,
3281 3804 3356 3862 in
3399 3805 3513 3865 illo
3551 3808 3843 3867 evercitu
3875 3826 4000 3867 non

2510 3902 2734 3977 fuisse.
2757 3904 3002 3962 Eodem
3051 3922 3298 3981 quoque
3351 3912 3628 3981 tempore
3670 3924 3878 3983 quum
3915 3925 4002 3964 es-

2511 4009 2649 4059 sent
2677 4000 2750 4059 in
2781 4001 3189 4069 Si20,nutlus
3217 4020 3299 4059 ea>
3327 4000 3418 4059 eis
3449 4002 3542 4059 ibi
3570 4012 3862 4078 repertus
3889 4013 3996 4063 est.

2595 4100 2916 4159 Miserunt
2951 4100 3168 4177 itaque
3195 4102 3410 4159 decem
3442 4100 3660 4160 millia
3693 4102 3867 4161 viros
3907 4122 4004 4161 ro-

2441 4201 2488 4262 D
2515 4198 2935 4267 bustissimos,
2985 4206 3046 4255 et
3087 4208 3534 4274 praeceperunt
3591 4201 3684 4259 eis
3725 4219 3750 4261 .·
3802 4204 3904 4262 Ite
3947 4210 4004 4261 et

2511 4297 2823 4373 percutite
2861 4297 3252 4356 habitatores
3278 4296 3462 4356 Jabes
3497 4300 3753 4359 Galaad
3792 4299 3866 4357 in
3905 4318 4008 4359 ore

2510 4396 2753 4473 gladii,
2779 4405 2910 4455 tam
2938 4412 3168 4453 uxores
3197 4412 3396 4472 quam
3422 4398 3752 4470 parvulos.
3789 4394 4008 4457 Mirum

2518 4492 2720 4557 videri
2758 4500 2984 4573 potest,
3021 4492 3194 4573 quod
3231 4499 3358 4553 tam
3392 4490 3458 4553 in
3493 4499 3624 4554 tota
3658 4490 3830 4554 tribu
3865 4494 4010 4556 Ben-

2515 4590 2714 4671 jamin
2756 4608 2948 4671 quam
2982 4588 3048 4649 in
3081 4590 3238 4653 urbe
3273 4590 3392 4652 bac
3427 4588 3662 4653 Galaad
3689 4590 3890 4654 etiam
3922 4592 4014 4654 fe-

2517 4688 2722 4751 minas
2754 4707 2826 4751 ac
2846 4686 3145 4769 parvulos
3178 4698 3608 4768 peremerunt,
3639 4707 3842 4770 quum
3879 4709 4014 4773 par-

2518 4786 2652 4851 vuli
2713 4784 2965 4867 penitus
3027 4784 3270 4847 suerint
3328 4785 3723 4851 innocentes,
3777 4788 4012 4871 Estque

2518 4883 2870 4966 probabile,
2894 4884 3063 4965 quod
3113 4883 3329 4946 multae
3369 4883 3630 4948 seminae
3667 4884 4010 4969 displicen-

2517 4983 2670 5045 tiam
2710 4981 3074 5043 babuerunt
3111 4981 3192 5044 de
3228 4981 3500 5045 crimine
3543 4982 3656 5046 illo
3701 4982 4010 5047 Gabaani-

2519 5088 2746 5142 tarum.
2781 5078 2872 5140 Ad
2915 5079 3088 5159 quod
3129 5078 3256 5142 dici
3299 5088 3528 5162 potest,
3569 5081 3744 5163 quod
3788 5082 3854 5144 in
3887 5102 4010 5145 ma·

2515 5178 2716 5258 jorem
2765 5176 2924 5238 tanti
2984 5176 3288 5241 facinoris
3342 5178 3832 5245 detestationem
3891 5181 4008 5245 hoc

2517 5276 2756 5339 factum
2787 5275 2890 5352 sit,
2916 5283 2978 5338 et
3010 5275 3130 5338 viri
3163 5276 3229 5338 in
3262 5275 3396 5343 suis
3429 5278 3734 5341 uxoribus
3763 5299 3840 5343 ac
3873 5300 4006 5363 par-
