4359 6250
938 445 1057 509 224
1838 464 2184 511 saxanum
2225 464 2286 510 m
2329 465 2466 512 car.
2513 463 2534 509 1
2575 464 2757 510 auru.
2803 482 2884 494 —
2924 463 3066 510 aar.
3113 463 3134 510 1

936 644 1222 698 remanet
1261 644 1511 718 tempus
1550 635 1809 718 aliquod
1848 635 1995 700 vitae
2033 635 2228 712 Obed,
2268 652 2425 717 quo-
2452 632 2504 696 A
2534 633 2665 696 vidi
2703 634 2898 698 David
2944 634 3154 698 filium
3193 634 3333 710 lsai,
3368 632 3674 696 scientem
3719 631 4002 714 psallere,

932 752 1134 815 usque
1154 753 1489 815 generasse
1510 734 1788 818 potnerit
1820 734 2030 816 ipsum
2059 734 2253 796 Jesse.
2274 733 2415 796 Haec

927 830 1107 914 Lyra.
1940 885 1969 906 ,

1003 930 1183 993 Circa
1210 930 1342 994 haec
1373 931 1537 1008 dico,
1572 931 1743 1012 quod
1772 929 2064 1009 Magister
2105 930 2171 992 in
2214 929 2411 993 histo-

922 1027 1034 1089 riis
1064 1047 1193 1091 non
1231 1027 1407 1106 dicit,
1443 1030 1615 1111 quod
1645 1028 1780 1092 Heli
1821 1028 1946 1091 sibi
1985 1026 2409 1090 sacerdotium

918 1126 1273 1208 usurpavit.
1309 1127 1409 1190 Sic
1448 1128 1747 1209 equidem
1787 1127 1875 1190 ait
1917 1148 1932 1191 :
1980 1127 2124 1189 Post
2164 1125 2416 1190 Samso-

919 1242 1066 1286 nem
1107 1225 1415 1305 judicavit
1446 1226 1741 1288 lsraelem
1767 1225 1905 1288 Heli
1938 1224 2258 1302 sacerdOS,
2295 1222 2410 1305 qui

920 1329 1130 1385 tamen
1171 1341 1298 1386 non
1328 1323 1541 1404 judex,
1586 1324 1695 1386 sed
1735 1325 2026 1387 sacerdos
2060 1343 2097 1386 a
2124 1321 2411 1402 digniori

917 1417 1144 1484 officio
1190 1423 1635 1503 agnominatus
1688 1431 1804 1499 est,
1842 1421 2148 1484 translato
2203 1438 2414 1483 sacer-

920 1518 1094 1581 dotio
1143 1539 1180 1581 a
1226 1519 1384 1582 siliis
1434 1520 1711 1582 Eleazar.
1754 1520 1883 1584 Hoc
1922 1518 2225 1584 videlicet
2275 1517 2412 1580 Heli

922 1617 1167 1697 primus
1206 1619 1284 1681 de
1329 1619 1486 1681 siliis
1523 1620 1795 1682 Ithamar
1835 1619 2082 1701 accepit
2122 1616 2415 1681 sacerdo-

921 1713 1103 1778 tium.
1157 1717 1223 1779 In
1270 1716 1495 1780 diebus
1546 1719 1683 1800 ejus
1734 1718 1901 1781 facta
1947 1727 2044 1780 est
2093 1718 2294 1780 sames
2346 1715 2412 1776 in

922 1820 1108 1877 terra.
1128 1815 1288 1878 Ecce
1318 1815 1384 1878 in
1406 1816 1505 1877 his
1538 1817 1747 1880 verbis
1780 1835 1908 1880 non
1939 1817 2212 1891 videtur,
2237 1815 2409 1897 quod
2438 1819 2485 1880 B
2522 1821 2733 1884 traria.
2775 1821 2880 1884 Ait
2917 1823 3088 1884 enim
3139 1821 3466 1902 Scriptura
3513 1819 3578 1880 in
3616 1817 3765 1879 libri
3815 1815 3996 1896 hujus

917 1912 1053 1974 Heli
1081 1914 1503 1976 sacerdotium
1534 1915 1935 1997 usurpaverit
1966 1913 2111 1976 sibi.
2144 1913 2409 1976 Verum-

916 2019 1126 2074 tamen
1162 2013 1335 2074 addit
1374 2012 1611 2076 ibidem
1650 2013 1940 2094 Magister
1982 2033 1996 2077 :
2043 2013 2301 2075 Eleazar
2342 2020 2405 2074 et

912 2109 1185 2172 Ithamar
1234 2111 1494 2174 fuerunt
1546 2112 1667 2173 filii
1704 2112 1933 2176 Aaron.
1980 2114 2067 2175 De
2112 2112 2404 2175 Eleazaro

908 2209 1129 2271 debuit
1175 2231 1313 2274 esse
1362 2213 1677 2288 sacerdoS‚
1730 2213 1809 2274 dc
1858 2213 2131 2275 Ithamar
2180 2221 2391 2274 antem

910 2307 1140 2370 Levita.
1174 2308 1321 2383 Quae
1350 2311 1588 2374 additio
1621 2313 1773 2376 vera
1802 2319 1918 2387 est,
1954 2310 2007 2372 si
2038 2330 2155 2392 per
2194 2328 2400 2372 sacer-

908 2406 1119 2469 dotem
1172 2408 1563 2490 intelligatur
1612 2429 1899 2472 summus
1945 2411 2238 2472 sacerdos
2287 2429 2398 2472 seu

908 2505 1218 2586 pontifex,
1252 2527 1365 2589 per
1407 2507 1691 2571 Levitam
1736 2509 2026 2571 sacerdos
2070 2508 2345 2590 simplex
2381 2532 2395 2581 ς

910 2621 1038 2665 non
1086 2612 1319 2682 autem,
1368 2605 1423 2668 si
1474 2607 1864 2686 intelligatur
1914 2607 2085 2687 quod
2134 2607 2214 2668 de
2263 2606 2400 2670 solo

910 2700 1204 2766 Eleazaro
1234 2703 1451 2766 debuit
1491 2724 1628 2767 csse
1657 2705 2049 2786 quicumque
2080 2705 2394 2780 sacerdos,

910 2806 972 2860 et
1001 2801 1079 2862 de
1117 2801 1389 2864 Ithamar
1428 2803 1665 2878 Levita,
1702 2821 1830 2865 non
1860 2804 2171 2878 sacerdOS,
2199 2821 2398 2884 quum

612 2919 882 2972 Lev.x,1,2,7;
913 2901 977 2962 in
1024 2900 1304 2963 Levitico
1352 2901 1661 2982 scriptum
1706 2901 1809 2978 sit,
1845 2902 2017 2983 quod
2073 2901 2286 2964 Nadab
2336 2909 2398 2964 et

906 3097 1112 3161 Aaron
1142 3096 1592 3180 pontificatum
1620 3107 1920 3180 gerente3
1956 3099 2246 3181 ipsisque
2279 3099 2395 3163 Na-

905 3196 1029 3258 dab
1070 3206 1131 3259 et
1166 3196 1325 3259 Abiu
1376 3198 1523 3279 igne
1559 3198 1976 3280 consumptiS,
2012 3216 2128 3280 pro
2163 3198 2255 3261 eis
2301 3218 2398 3261 sa-

903 3296 1183 3360 cerdotio
1232 3296 1438 3359 functi
1482 3305 1631 3358 sunt
1680 3296 1933 3359 Eleazar
1980 3305 2043 3360 et
2091 3297 2387 3374 Ithamar,

902 3394 1123 3476 sicque
1164 3393 1464 3477 deinceps
1508 3393 1630 3456 filii
1675 3396 1948 3458 Ithamar
1993 3394 2250 3458 fuerant
2294 3416 2390 3459 sa-

608 3494 779 3557 'Judfa
799 3525 869 3565 xx,
900 3494 1206 3559 cerdotes.
1231 3494 1308 3556 Et
1335 3494 1601 3557 Pbinees
1623 3495 2087 3577 primogenitus
2110 3496 2389 3559 Eleazari

898 3603 1041 3674 post
1088 3602 1331 3675 patrem
1389 3614 1576 3656 suum
1624 3593 1913 3677 pontifex
1976 3593 2119 3656 fuit.
2176 3595 2278 3658 Sic
2326 3605 2390 3659 et

896 3691 1029 3754 Heli
1070 3693 1189 3755 iste
1234 3692 1522 3774 pontifex
1563 3692 1707 3769 fnit,
1758 3692 2139 3774 pontificatu
2180 3701 2383 3756 trans-

897 3790 1025 3855 lato
1069 3793 1147 3854 ad
1197 3801 1482 3873 posteros
1530 3791 1803 3853 Ithamar
1841 3809 1855 3853 :
1907 3792 2078 3873 quod
2128 3793 2383 3857 duravit

630 3908 863 3965 numm,
895 3909 1098 3972 usque
1144 3892 1222 3953 ad
1272 3890 1470 3953 Sadoc
1519 3889 1917 3971 pontificem,
1963 3890 2076 3972 qui
2128 3890 2251 3953 fuit
2305 3894 2384 3956 de

600 3976 668 4025 ³⁵²
690 3976 759 4017 ²⁷·
893 3987 1169 4065 Eleazar,
1208 3988 1410 4069 ejecto
1447 3986 1766 4064 Abiathar‚
1800 3986 1912 4069 qui
1954 3986 2076 4050 fuit
2113 3989 2194 4051 dc
2224 3990 2385 4053 Itha-

892 4104 1049 4147 mar.
1098 4087 1359 4167 Insuper
1401 4085 1609 4167 primo
1649 4084 1811 4149 libro
1851 4085 2376 4168 Paralipomenon

612 4200 861 4254 manunt,
889 4183 1293 4261 describitur,
1339 4185 1876 4266 quemadmodum
1923 4185 2119 4249 David
2168 4186 2382 4250 distri·
2411 4186 2462 4247 D
2494 4182 2634 4246 ideo
2665 4183 2782 4245 suh
2812 4182 3059 4246 Abesan
3082 4181 3219 4263 (qui
3249 4190 3314 4244 et
3342 4182 3528 4260 Booz)
3551 4182 3862 4245 asseritur
3889 4181 3972 4244 fa-

890 4281 1032 4344 buit
1067 4282 1295 4364 viginti
1331 4290 1604 4365 quatuor
1648 4282 1901 4346 ordines
1942 4285 2363 4363 sacerdotum,

888 4400 1161 4462 quorum
1188 4381 1485 4444 ordinum
1514 4381 1793 4444 sedecim
1813 4391 1993 4444 erant
2022 4383 2102 4445 de
2123 4383 2378 4447 Eleaza-

887 4498 980 4556 ro,
1005 4488 1146 4544 octo
1174 4481 1253 4542 de
1279 4480 1573 4542 Ithamar.
1600 4479 1836 4542 Deinde
1860 4480 2024 4557 dico,
2051 4483 2219 4564 quod
2255 4483 2372 4545 im-

886 4577 1175 4659 probatio
1214 4577 1325 4640 illa
1353 4578 1628 4659 Magistri
1672 4578 1734 4640 in
1778 4578 2083 4655 historiiS,
2128 4579 2375 4643 scilicet

883 4676 1055 4757 quod
1082 4677 1277 4757 judex
1315 4675 1424 4739 ille
1454 4696 1581 4740 non
1616 4677 1807 4740 suerit
1841 4678 1998 4754 Heli,
2038 4696 2165 4741 non
2200 4678 2375 4742 vidc-

886 4782 989 4837 tur
1018 4776 1266 4839 idonea.
1286 4776 1419 4840 Non
1450 4776 1622 4839 enim
1653 4775 1810 4839 dicit
1830 4776 2173 4858 Scriptura,
2199 4778 2370 4859 quod

881 4874 1052 4937 16336
1084 4874 1205 4937 fuit
1235 4894 1424 4938 senex
1455 4874 1713 4956 quando
1751 4874 1973 4955 gennit
2002 4875 2222 4951 David,
2260 4877 2370 4938 sed

604 4986 741 5043 11209.
754 5001 851 5041 nm,
880 4973 1138 5054 quando
1167 4973 1363 5037 David
1401 4973 1635 5037 occidit
1661 4973 1933 5049 Goliath‚
1978 4992 2091 5035 seu
2130 4974 2367 5037 missus

589 5054 655 5096 ¹²·
883 5070 1005 5133 fuit
1050 5072 1129 5135 ad
1179 5071 1375 5145 Saul;
1429 5072 1556 5135 imo
1604 5080 1945 5153 antequam
1994 5072 2191 5135 David
2244 5072 2370 5136 fuit

880 5170 1087 5253 primo
1130 5170 1361 5233 missus
1400 5171 1477 5233 ad
1510 5170 1679 5248 Saul,
1714 5170 1857 5233 talis
1906 5170 2029 5233 fuit
2072 5180 2133 5234 et
2173 5180 2364 5235 tantm

614 2981 879 3035 N“'¹⁸·'¹¹’³’
910 2998 1072 3060 Abiu
1111 2997 1237 3060 filii
1275 2999 1481 3062 Aaron
1522 3000 1877 3062 sacerdotes
1918 2999 2201 3076 fuerunt,
2252 3000 2392 3082 ipso
2426 2998 2470 3066 C
2508 3000 2835 3063 exordium
2868 3000 3213 3063 Elimelech
3245 3019 3392 3062 cum
3412 2999 3629 3063 Noemi
3663 2997 3984 3081 profectus

2532 743 2595 796 et
2644 733 3060 799 fortissimum
3106 734 3352 810 robore,
3387 732 3594 796 virum
3640 730 4007 794 bellicosum

2529 840 2594 894 et
2623 833 2997 914 prudentem
3039 833 3104 894 in
3136 831 3371 896 verbiS.

2605 930 2912 995 Praetcrea
2941 930 3138 994 refert
3165 939 3230 993 et
3255 928 3566 1012 approbat
3586 927 3748 1009 Lyra
3776 925 4008 1008 opinio-

2527 1049 2672 1092 nem
2720 1030 3147 1105 Hebraeorum,
3193 1028 3546 1092 dicentium
3593 1025 3766 1108 quod
3811 1025 4000 1106 judex

2526 1128 2644 1190 sub
2674 1148 2802 1211 quo
2831 1128 3098 1209 contigit
3128 1127 3398 1190 historia
3426 1126 3566 1201 ista,
3593 1123 3999 1196 ruitAhesan‚
4043 1143 4206 1186 suam

2524 1228 2603 1289 de
2631 1247 2758 1309 quo
2780 1227 3020 1290 dictum
3041 1236 3137 1289 est
3158 1227 3222 1288 in
3242 1224 3534 1288 Judicum
3556 1224 3736 1297 libro,
3752 1230 3820 1284 et
3835 1221 3996 1304 quod
4025 1207 4108 1247 ⁸²¹⁰·

2525 1326 2772 1388 Abesan
2789 1327 2918 1390 alio
2949 1325 3208 1390 nomine
3227 1324 3434 1388 dictus
3463 1323 3546 1386 sit
3565 1323 3723 1385 Booz
3747 1338 3764 1382 ε
3791 1320 4000 1401 sieque

2525 1423 2692 1486 idem
2723 1425 2822 1486 vir
2851 1433 2914 1487 et
2939 1425 3134 1506 judex
3164 1422 3289 1485 fuit
3317 1422 3562 1484 Abesan
3593 1429 3657 1483 et
3695 1419 3876 1496 Booz,
3897 1417 3999 1499 qui

2526 1521 2649 1585 fuit
2695 1532 2842 1586 ante
2879 1523 3015 1586 Heli
3064 1520 3484 1605 quadraginta
3531 1537 3639 1582 sex
3678 1517 3887 1593 annis,
3935 1524 3996 1577 ut

2523 1631 2696 1704 patet
2739 1642 2815 1684 cx
2863 1624 3135 1686 decursu
3183 1621 3332 1684 libri
3370 1619 3686 1682 Indicum.
3721 1617 3844 1680 Sed
3888 1616 4000 1677 ista

2522 1721 2741 1804 opinio
2783 1721 3038 1785 videtur
3075 1722 3292 1803 inepta
3324 1728 3388 1782 et
3426 1718 3624 1782 textui
3665 1717 3819 1780 huic
3859 1733 3999 1778 con-

2517 1919 2797 1997 exordio‚
2820 1921 2888 1982 ln
2919 1919 3142 1982 diebus
3165 1919 3356 1980 unius
3376 1916 3630 1998 judicis.
3653 1915 3862 1989 Quum
3890 1932 3991 1975 au-

2517 2025 2643 2080 tem
2688 2019 3014 2100 Scriptura
3061 2017 3218 2082 dicit
3254 2016 3498 2099 aliquid
3545 2013 3890 2094 contigisse
3930 2011 3990 2072 in

2513 2117 2737 2178 diebus
2759 2116 3032 2198 alicujus
3054 2116 3219 2198 regis
3240 2124 3351 2178 aut
3363 2114 3620 2196 judiciS,
3635 2121 3882 2176 certum
3901 2118 3988 2172 est

2511 2211 2682 2291 quod
2726 2211 3039 2290 intelligat
3082 2211 3201 2273 hoc
3245 2211 3323 2272 de
3366 2209 3612 2285 diehuS,
3650 2208 3716 2268 in
3761 2206 3988 2288 quibus

2515 2309 2657 2371 talis
2687 2329 2794 2372 rex
2835 2318 2945 2372 aut
2973 2310 3165 2390 judex
3198 2308 3322 2371 fuit
3349 2309 3541 2390 judex
3571 2316 3681 2370 aut
3711 2325 3844 2382 rex,
3875 2324 3990 2368 non

2511 2407 2590 2470 de
2617 2409 2842 2470 ceteris
2881 2409 3020 2490 ejus
3051 2407 3298 2471 diebus.
3332 2407 3579 2470 Abesan
3621 2414 3839 2468 autem
3873 2423 3988 2467 non

2511 2505 2769 2588 praefuit
2798 2525 2915 2568 nec
2945 2506 3186 2570 exstitit
3213 2505 3426 2587 judex,
3458 2504 3584 2567 nisi
3616 2512 3864 2585 septem
3893 2521 3990 2565 an·
4045 2517 4184 2558 mm.
4250 2577 4251 2580 Ἴ

2511 2603 2632 2681 ηἰ3,
2658 2613 2728 2667 ut
2748 2605 2812 2666 in
2840 2605 2873 2666 J
2879 2605 3133 2668 udicum
3165 2604 3329 2669 libro
3362 2603 3824 2685 legitur.Porro
3851 2602 3992 2664 Noe-

2511 2703 2597 2764 mi
2631 2702 2752 2766 fuit
2773 2703 2839 2765 in
2867 2711 3036 2766 terra
3065 2703 3241 2766 Moab
3262 2705 3482 2766 decem
3513 2701 3719 2764 anniS.
3745 2701 3814 2765 Si
3845 2719 3986 2781 ergo

2512 2800 2756 2864 Abesan
2810 2810 2874 2864 et
2914 2803 3072 2865 Booz
3120 2802 3289 2864 idem
3340 2802 3439 2865 vir
3491 2800 3634 2876 fuit,
3691 2801 3757 2863 in
3809 2801 3986 2880 cujus

2509 2901 2916 2983 praesidentia
2944 2901 3214 2981 contigit
3243 2899 3442 2963 sames
3475 2900 3606 2978 illa,
3636 2909 3780 2983 post
3811 2901 3988 2980 qu'us

2505 3107 2602 3161 cst
2641 3099 2720 3162 de
2748 3098 3112 3169 Bethlehem
3157 3099 3224 3162 in
3270 3106 3503 3162 terram
3539 3097 3972 3173 Moabitarum,

2503 3198 2633 3279 jam
2683 3198 2794 3261 diu
2840 3198 3178 3261 defunctus
3231 3196 3459 3261 fuisset
3511 3206 3657 3260 ante
3707 3198 3981 3260 reditum

2505 3297 2746 3375 Noemi,
2779 3297 2906 3359 nisi
2950 3297 3268 3359 diceretur
3309 3315 3348 3358 a
3390 3314 3506 3359 suo
3546 3296 3837 3376 ¹iudicatu
3887 3297 3988 3359 de-

2501 3396 2746 3478 positus
2793 3395 3002 3459 adhuc
3043 3414 3235 3457 sanus
3277 3416 3291 3459 ε
3346 3395 3518 3476 quod
3567 3414 3754 3459 nemo
3807 3393 3984 3457 affir-

2501 3503 2650 3571 mat,
2703 3514 2820 3557 nec
2869 3494 2934 3555 in
2981 3493 3199 3575 aliquo
3243 3493 3460 3575 judice
3509 3493 3695 3556 Israel
3733 3492 3970 3557 factum

2499 3601 2612 3655 est.
2651 3592 2713 3654 Si
2755 3611 2904 3657 vero
2947 3592 3216 3669 dicatur,
3259 3592 3433 3673 quod
3473 3591 3820 3655 Elimelech
3863 3592 3980 3655 iter

2497 3689 2656 3753 illud
2690 3689 2961 3773 arripuit
2990 3699 3332 3772 antequam
3363 3690 3521 3753 Booz
3549 3691 3746 3772 coepit
3776 3708 3977 3771 popu-

2495 3788 2628 3850 lum
2658 3789 2965 3870 judicare,
2986 3788 3198 3872 potius
3229 3796 3396 3851 esset
3424 3788 3785 3863 dicendum,
3805 3788 3974 3869 quod

2496 3886 2696 3950 fames
2746 3888 2866 3950 ista
2915 3886 3153 3969 incepit
3201 3896 3483 3969 tempore
3521 3886 3815 3967 Jepbtbe,
3861 3886 3972 3968 qui

2493 4002 2602 4047 sex
2644 3986 2828 4047 annis
2872 3984 3131 4068 prael'uit
3170 3993 3321 4047 ante
3349 3983 3618 4048 Abesan.
3653 3984 3719 4047 Si
3763 3993 3974 4047 autem
4019 3999 4204 4044 mane.
4250 3986 4251 3999 ²

2495 4083 2761 4161 dicatur,
2795 4084 2966 4166 quod
3009 4083 3205 4146 fames
3245 4091 3354 4145 aut
3391 4083 3826 4165 peregrinatio
3869 4084 3974 4147 illa
4250 4076 4251 4079 '

2490 4290 2610 4358 cta,
2643 4282 2796 4363 quia
2825 4282 2946 4344 sub
2975 4302 3048 4347 eo
3078 4291 3174 4346 est
3205 4282 3540 4345 terminata
3565 4308 3581 4360 ;
3615 4280 3974 4363 pariformi-

2490 4389 2583 4443 ter
2610 4381 2737 4445 dici
2769 4390 3003 4465 posset,
3021 4383 3192 4464 quod
3223 4381 3422 4445 fames
3453 4390 3518 4444 et
3546 4380 3972 4464 peregrinatio

2487 4479 2613 4542 illae
2655 4480 2784 4543 sint
2827 4479 3010 4544 factae
3054 4480 3172 4543 sub
3209 4480 3342 4543 Heli
3388 4489 3730 4562 antequam
3773 4479 3966 4561 coepit

2485 4598 2776 4660 praeesse,
2809 4588 2872 4641 et
2901 4579 3020 4641 sub
3051 4599 3126 4641 cu
3132 4580 3234 4660 jus
3263 4579 3551 4660 judicatu
3590 4580 3722 4641 sint
3749 4577 3962 4642 termi-

2484 4684 2667 4753 natae,
2700 4677 2853 4758 quia
2883 4696 2980 4739 res
3010 4696 3048 4739 a
3088 4675 3220 4739 fine
3259 4696 3375 4741 suo
3409 4696 3639 4741 nomen
3673 4678 3958 4741 sortitur.

2483 4773 2712 4858 Sicque
2741 4775 2892 4838 satis
2923 4775 3193 4838 multum
3216 4775 3553 4838 habebitur
3583 4776 3661 4838 de
3681 4785 3962 4858 tempore

2481 4894 2595 4957 pro
2618 4875 2749 4937 vita
2775 4874 3317 4956 Obed,quonsque
3347 4875 3569 4954 genuit
3586 4874 3782 4951 Jesse,
3805 4894 3958 4956 quo-

2479 4975 2651 5037 niam
2671 4974 2806 5037 Heli
2837 4974 2996 5038 obiit
3015 4975 3168 5037 dum
3201 4974 3544 5054 nonaginta
3575 4983 3637 5037 et
3661 4983 3804 5038 octo
3829 4981 3966 5037 erat
4035 4984 4212 5034 meo-¹*-
4250 5022 4251 5051 ,

2477 5092 2811 5150 annorum,
2839 5082 2903 5136 et
2929 5074 3349 5155 quadraginta
3381 5072 3640 5155 praefuit
3659 5074 3862 5149 annis,
3889 5080 3964 5133 ut
3994 5050 4056 5090 ¹⁵·
4077 5046 4134 5085 ¹⁸‘
4250 5102 4251 5117 ἶ

2478 5172 2543 5233 in
2574 5172 2782 5255 primo
2821 5172 3060 5253 Regum
3102 5171 3266 5236 libro
3305 5172 3596 5235 habetur.
3629 5171 3964 5235 Verumta-

580 5286 853 5341 Jbffaxms.
880 5270 1103 5347 aetatis,
1138 5270 1309 5352 quod
1340 5290 1505 5334 unus
1544 5270 1703 5334 dixit
1731 5271 1811 5333 de
1838 5290 1913 5334 eo
1943 5270 2115 5333 Sauli
2150 5287 2164 5331 ε
2199 5271 2358 5334 Ecce
2473 5290 2620 5334 men
2643 5290 2770 5335 non
2787 5280 2886 5335 est
2916 5271 3346 5353 verum,quod
3367 5290 3466 5347 res
3488 5287 3959 5352 quamcumque
