4359 6250
102 2025 115 2066 1
132 2026 243 2102 Pey‘
262 2038 335 2074 xv.

76 2091 115 2133 2,
138 2107 172 2130 a.

103 2811 341 2862 Midan-n,

922 539 1270 586 RNARRATlo
1314 539 1375 584 IN
1418 539 1553 584 CAP-
1601 537 1731 584 XXX
1774 537 1929 582 unm
1972 536 2139 582 Pthss
2181 537 2408 584 limum.
2453 556 2534 566 —
2574 534 2717 584 ΛΒΤ.
2765 537 2908 584 xux

3339 519 3460 582 415

1405 949 2056 1060 ARTIGULUS
2133 952 2410 1036 xmx

444 1227 827 1274 DuchARATlo
870 1226 1147 1272 CAPrrum
1189 1225 1497 1271 Tfllcsssml
1541 1224 1555 1268 Ζ
1600 1222 1883 1278 quuouss
1925 1222 2254 1268 VENISSENT
2297 1224 2486 1269 DAvm
2530 1225 2602 1269 ET
2645 1225 2770 1270 VIR!
2817 1226 2952 1271 mus
2995 1226 3058 1271 IN
3099 1226 3366 1272 SIGELEG.

520 1507 745 1570 AGNA
774 1506 1123 1572 adversitas
1165 1514 1227 1569 et
1265 1505 1427 1568 mira
1465 1503 1862 1588 prosperitas
1894 1501 1944 1563 A
1976 1521 2178 1579 versa,
2203 1521 2394 1584 quam
2429 1503 2818 1567 acciderunt.
2839 1505 2992 1569 Nam
3035 1525 3261 1570 uxores
3293 1526 3462 1584 suaS,

538 1607 742 1670 sancti
784 1607 984 1669 David
1032 1624 1104 1668 ac
1154 1623 1438 1680 suorum,
1474 1603 1577 1666 hic
1626 1601 1863 1666 descri-

362 1708 631 1769 buntur.
671 1707 1009 1785 Quumque
1040 1705 1611 1764 venissentDavid
1640 1711 1699 1762 et
1730 1701 1866 1761 viri

364 1807 509 1884 ejus
537 1807 613 1865 in
644 1806 915 1880 Siceleq,
948 1821 1093 1884 quae
1128 1810 1337 1864 tamen
1367 1801 1497 1882 jam
1535 1798 1657 1862 l'uit
1695 1817 1867 1861 corn-

366 1904 579 1980 busta„
602 1905 715 1964 die
744 1904 958 1972 tertia,
984 1902 1380 1972 Amaleciloe,
1405 1899 1518 1981 qui
1540 1903 1870 1962 evaserant

368 2000 801 2078 manus-Saul,
838 2006 902 2063 et
934 2017 1209 2082 quorum
1241 1998 1582 2061 maximam
1624 2005 1869 2080 partem

368 2100 716 2177 occiderat,
752 2107 821 2162 ut
864 2117 1061 2180 supra
1100 2097 1393 2173 habetur,
1441 2099 1753 2174 impetum
1781 2096 1873 2172 fe-

366 2209 595 2261 oenant
610 2207 897 2276 exparte
914 2199 1201 2257 australi
1220 2199 1293 2257 in
1316 2197 1583 2272 Siceley.
1604 2191 1872 2272 Cognito

368 2298 545 2362 enim
576 2315 835 2360 recessu
858 2294 1052 2359 David
1073 2303 1134 2358 et
1165 2312 1427 2358 suorum
1447 2292 1528 2355 ab
1550 2291 1707 2354 urbe
1738 2290 1867 2365 illa,-

366 2415 509 2460 eam
549 2395 767 2458 subito
808 2393 1181 2458 invaserunt
1222 2412 1261 2455 a
1299 2400 1479 2475 parte
1518 2389 1869 2474 praesertim

367 2491 801 2569 meridionali,
816 2493 894 2554 ad
918 2510 1109 2573 quam
1131 2489 1709 2554 commorabantur.
1722 2485 1871 2550 Ode-

1978 1599 2282 1683 filiosque
2311 1611 2374 1665 et
2407 1601 2434 1663 s
2437 1603 2578 1665 ilias
2609 1603 3098 1686 suspicabantur
3129 1625 3268 1669 6336
3300 1606 3470 1669 occi-

1977 1718 2101 1761 saS.
2122 1701 2465 1780 Siquidem
2495 1712 2554 1763 el
2583 1705 2732 1764 cluoe
2763 1723 2993 1764 uxores
3013 1706 3249 1776 David,
3267 1707 3471 1782 capci-

1980 1820 2073 1859 vae
2091 1802 2300 1860 ducloe
2315 1800 2556 1876 fueran
2564 1811 2607 1873 l,
2627 1803 2990 1863 Achinoam
3009 1805 3260 1864 Jezrael
3265 1806 3289 1863 i
3293 1805 3392 1873 tis,
3411 1814 3471 1865 el

1980 1900 2246 1976 Abiqail
2295 1918 2464 1959 uxor
2509 1901 2724 1962 Nabal
2771 1903 3072 1962 Carmeli.
3111 1904 3194 1963 E'l
3234 1905 3468 1964 contri-

1978 2007 2181 2058 status
2210 2007 2298 2058 est
2328 2000 2547 2059 David
2575 2002 2785 2069 valde,
2811 2018 2939 2062 non
2970 1999 3176 2062 solum
3211 2009 3470 2083 propter

1980 2095 2306 2178 propriam
2345 2095 2814 2171 adversitatem,
2848 2097 2958 2159 sed
2989 2106 3051 2161 et
3081 2108 3340 2182 propter
3369 2102 3474 2164 ad-

1981 2193 2310 2257 versitates
2341 2213 2624 2272 suorum,
2658 2194 2894 2276 quibus
2926 2204 3118 2260 tantae
3147 2198 3472 2263 calamita-

1982 2291 2063 2354 tis
2092 2292 2216 2356 fuit
2245 2293 2514 2356 occasio.
2540 2294 2695 2356 Nam
2726 2303 2984 2376 propter
3014 2315 3158 2360 eum
3197 2316 3312 2379 pro
3343 2318 3474 2362 ma-

1980 2407 2105 2469 gna
2147 2400 2326 2474 parte
2365 2400 2546 2454 erant
2590 2392 2669 2454 de
2709 2399 2876 2455 terra
2913 2392 3102 2457 Israel
3137 2396 3329 2478 pulsi,
3366 2398 3466 2462 vel

1982 2489 2411 2570 confugerunt
2456 2492 2535 2553 ad
2583 2509 2753 2554 eum.
2808 2494 3056 2554 Volebat
3098 2496 3276 2555 enim
3325 2515 3473 2557 eum

370 2604 516 2657 rant
534 2593 777 2657 etenim
799 2592 1011 2674 ipsum
1034 2591 1231 2655 David
1251 2600 1316 2653 et
1334 2609 1503 2667 31103,
1520 2589 1673 2672 quia
1692 2595 1874 2652 erant
1972 2593 2256 2666 populus
2289 2591 2610 2666 lapidare,
2631 2607 2705 2652 eo
2726 2591 2898 2671 quod
2930 2589 3128 2654 fuerit
3156 2593 3249 2655 eis
3278 2602 3474 2656 tantae

371 2692 645 2768 Hebraei,
678 2711 716 2754 a
765 2690 1003 2773 quibus
1052 2698 1233 2752 erant
1270 2688 1537 2762 vastati3
1580 2695 1644 2752 et
1680 2686 1872 2750 etiam
1910 2689 1955 2751 B
1982 2687 2382 2750 adversitatis
2412 2688 2683 2765 occasio,
2703 2697 2766 2751 et
2794 2687 2947 2770 quia
2977 2690 3114 2772 ejus
3148 2692 3473 2772 negligen-

372 2791 529 2874 quia
574 2790 775 2854 David
828 2789 1199 2871 frequenter
1246 2805 1355 2851 eos
1394 2793 1770 2862 vastaverat,
1804 2791 1874 2847 ut

374 2907 573 2973 supra
600 2889 991 2952 continetur.
1018 2890 1104 2949 Et
1126 2896 1575 2964 percusserant
1601 2887 1871 2961 Siceley,

372 2999 437 3050 el
464 2991 929 3050 succenderant
958 3007 1101 3047 eam
1134 2988 1299 3064 iqui.
1325 2987 1412 3046 Ec
1440 2985 1731 3063 captivas
1764 2986 1875 3043 du-

373 3097 618 3149 oeeranc
644 3087 945 3148 mulieres
969 3105 1051 3145 ew
1074 3105 1171 3157 ea,
1197 3105 1239 3146 a
1264 3084 1539 3145 minimo
1564 3102 1763 3162 usque
1789 3084 1877 3143 ad

376 3206 718 3264 maynum,
740 3195 801 3245 ec
828 3205 959 3245 non
983 3184 1441 3260 interfecerant
1470 3202 1873 3262 quemquam,

372 3288 488 3347 sed
527 3304 745 3345 secum
790 3286 1149 3352 duxerant,
1177 3292 1237 3343 el
1261 3283 1612 3361 peryebanl
1644 3281 1879 3340 itinere

374 3404 518 3445 suo,

466 3487 683 3553 Quum
711 3500 859 3559 erqo
890 3482 1207 3543 venissent
1238 3481 1457 3541 David
1486 3489 1545 3539 el
1580 3480 1715 3538 viri
1742 3478 1882 3555 ejus

377 3586 471 3643 ad
513 3583 874 3650 civitatem,
904 3588 965 3640 el
1008 3580 1405 3639 invenissent
1448 3598 1591 3638 eam
1632 3596 1883 3637 succen-

376 3702 523 3741 sam
552 3681 727 3757 iqui,
756 3697 951 3761 quam
990 3676 1083 3740 eis
1122 3675 1393 3741 contulit
1424 3675 1613 3739 Achis
1645 3676 1723 3738 ad
1764 3674 1883 3737 im-

380 3778 791 3853 morandum,
810 3787 869 3836 el
898 3796 1130 3837 uxores
1157 3796 1309 3835 suas
1336 3784 1397 3835 et
1425 3776 1598 3853 filios
1625 3784 1685 3834 el
1704 3776 1883 3853 filias

1984 2785 2073 2849 tia
2104 2784 2335 2850 factam
2366 2787 2744 2869 reputabant
2771 2786 2946 2850 urbis
2966 2789 3468 2854 devastationem

1985 2893 2049 2948 et
2090 2885 2584 2968 captivationem
2628 2905 2909 2963 suarum,
2954 2887 3108 2969 quia
3155 2908 3280 2954 non
3335 2890 3474 2952 reli-

1984 2993 2212 3066 querat
2252 2985 2500 3066 aliquos
2540 2984 2710 3049 viros
2751 2986 2829 3047 ad
2871 2986 3048 3049 urbis
3092 2989 3468 3052 custodiam.

1985 3084 2143 3149 Hine
2194 3085 2535 3149 subditur:
2570 3087 2730 3166 quia
2780 3107 3009 3148 amara
3061 3097 3199 3149 erat
3246 3091 3474 3151 ani-ma

1986 3187 2501 3265 uniuscujusque
2541 3187 2674 3245 viri
2709 3204 2901 3263 super
2928 3187 3094 3263 filiis
3129 3188 3267 3247 suis
3297 3209 3373 3248 ac
3398 3193 3476 3265 fi-

1991 3285 2222 3355 liabus,
2257 3281 2321 3345 id
2361 3291 2476 3359 est,
2513 3282 2797 3347 universi
2836 3282 2958 3345 viri
2999 3291 3150 3347 tunc
3191 3285 3281 3348 ibi
3313 3286 3479 3349 exsi-

1990 3391 2228 3445 stentes
2259 3401 2403 3445 cum
2435 3380 2654 3457 David,
2689 3381 3113 3445 amaritudine
3141 3383 3382 3446 doloris
3413 3392 3476 3447 et

1992 3480 2287 3556 tristitiae,
2321 3478 2432 3542 irae
2468 3486 2530 3541 et
2574 3477 2988 3561 impatientiae
3027 3489 3206 3543 erant
3248 3481 3478 3564 repleti

1991 3579 2069 3641 de
2099 3578 2526 3661 captivatione
2554 3585 2618 3639 et
2646 3576 3048 3653 abductione,
3085 3579 3186 3642 vel
3217 3582 3316 3659 (ut
3353 3580 3478 3663 ipsi

1992 3676 2510 3760 suspicabantur)
2540 3674 2985 3740 interfectione
3016 3675 3303 3740 filiorum
3339 3698 3482 3744 suo·

1995 3797 2134 3839 rum
2165 3796 2238 3839 ac
2269 3774 2574 3838 siliarum.

378 3882 613 3939 ductas
640 3897 769 3937 esse
796 3878 1109 3953 captivas.
1144 3872 1443 3948 Quamvis
1474 3872 1646 3937 enim
1678 3872 1877 3936 David
1918 3874 1961 3938 C
2076 3878 2484 3955 Consortatus
2515 3883 2602 3934 est
2623 3883 2838 3934 aulem
2860 3876 3078 3935 David
3106 3878 3178 3936 in
3201 3880 3478 3939 Domino

380 3976 707 4041 occiderat
734 3974 926 4037 etiam
958 3972 1258 4036 mulieres
1279 3972 1794 4049 Amalecitarum,
1817 3972 1885 4033 il-

384 4076 432 4137 li
476 4084 693 4138 tamen
744 4074 869 4135 Deo
912 4072 1005 4135 sic
1054 4070 1413 4147 ordinante,
1460 4089 1587 4134 non
1637 4071 1884 4133 occide-

384 4182 537 4237 runt
568 4190 798 4234 uxores
836 4170 1037 4253 ipsius
1074 4170 1270 4232 David
1312 4177 1373 4231 et
1414 4169 1697 4233 virorum
1738 4188 1882 4231 suo-

384 4290 553 4333 rum.
578 4269 705 4333 Nec
726 4269 845 4332 hoc
873 4286 950 4331 ex
979 4267 1213 4349 pietate
1242 4267 1535 4330 omisisse
1556 4268 1876 4344 videntur,

384 4371 497 4433 sed
539 4368 643 4432 vel
690 4387 767 4431 ex
809 4366 1099 4442 libidine,
1135 4374 1205 4428 ut
1246 4384 1463 4429 earum
1516 4364 1881 4429 fruerentur

384 4467 770 4542 eoncubitu3
794 4465 893 4528 vel
924 4483 1001 4527 ex
1023 4464 1385 4545 cupiditate,
1402 4474 1715 4546 quatenus
1737 4484 1882 4528 ven-

382 4568 613 4630 derent
641 4584 749 4628 eas
778 4582 1077 4627 earumve
1113 4561 1288 4625 filios
1319 4570 1428 4624 aut
1461 4562 1654 4625 filias.
1681 4567 1881 4625 Leva-

385 4676 623 4727 verunt
650 4666 875 4727 David
901 4673 962 4724 el
984 4666 1267 4742 populus
1296 4665 1414 4744 qui
1442 4684 1589 4723 cum
1616 4684 1684 4723 eo
1714 4673 1875 4734 erat,

386 4786 563 4826 voces
592 4784 747 4825 suas
776 4784 799 4823 .·
829 4761 983 4844 quia
1022 4781 1098 4823 ex
1138 4761 1372 4824 intuitu
1414 4760 1776 4843 improvisa}
1819 4770 1880 4825 et

383 4881 637 4945 magnae
682 4858 1081 4924 adversitatis
1142 4858 1352 4922 subito
1410 4868 1758 4940 eruperunt
1814 4859 1879 4921 in

382 4962 699 5043 gemitum
738 4967 801 5021 et
841 4956 1215 5038 singultum,
1252 4956 1381 5019 imo
1426 4965 1487 5019 et
1531 4957 1596 5019 in
1644 4958 1879 5021 clamo-

1992 3979 2119 4036 Deo
2137 3994 2270 4041 suo,
2291 3990 2470 4053 spem
2500 3973 2881 4035 assumendo
2914 3972 2980 4034 in
3015 3972 3174 4055 ipso,
3193 3985 3252 4036 et
3273 3978 3371 4037 ait
3393 3979 3482 4037 ad

1992 4074 2315 4135 Abiathar
2349 4073 2733 4131 sacerdotem
2769 4073 2989 4149 filium
3029 4075 3436 4135 Achimelecli
3459 4094 3482 4135 .·

1991 4172 2272 4249 Applica
2302 4172 2388 4231 ad
2419 4188 2540 4240 me,
2575 4167 2639 4230 id
2670 4176 2764 4230 est
2795 4177 3052 4251 propter
3084 4190 3185 4234 me
3224 4190 3336 4235 seu
3368 4190 3484 4254 pro

1992 4286 2115 4345 me,
2146 4269 2372 4345 ephod,
2410 4266 2473 4328 id
2513 4274 2608 4329 est
2642 4273 2882 4330 vestem
2914 4266 3089 4330 illam
3119 4271 3482 4333 sacerdota-

1992 4366 2140 4443 lem,
2174 4384 2315 4428 eam
2367 4365 2708 4441 induendo,
2744 4373 3060 4446 quatenus
3107 4367 3172 4429 in
3215 4386 3288 4431 ea
3331 4387 3486 4432 con-

1993 4465 2163 4527 sulas
2189 4463 2527 4527 Dominum
2560 4481 2676 4544 pro
2700 4482 2824 4525 me.
2843 4466 2925 4526 Et
2947 4468 3268 4542 applicuit
3293 4470 3487 4529 Abia-

1995 4566 2142 4625 tlzar
2169 4566 2374 4641 ephod
2402 4566 2490 4623 ad
2522 4564 2759 4623 David.
2788 4564 2870 4624 Ec
2899 4566 3224 4624 consuluit
3254 4568 3476 4626 David

1991 4665 2350 4725 Dominum
2379 4680 2492 4742 per
2519 4660 2843 4739 Abiathar,
2864 4663 3081 4723 dicens
3112 4681 3228 4745 per
3261 4664 3480 4726 illum:

1991 4765 2354 4842 Persequar
2386 4764 2786 4821 latrunculos
2815 4763 2948 4830 hos,
2979 4770 3040 4821 el
3079 4766 3484 4839 comprehen-

1990 4864 2147 4921 dam
2172 4880 2296 4933 eos,
2330 4878 2418 4919 an
2455 4878 2585 4919 non
2607 4864 2638 4919 f
2664 4859 2982 4937 Dioeilque
3011 4860 3074 4917 ei
3101 4862 3420 4922 Dominus
3459 4884 3481 4923 .·

1994 4962 2376 5038 Persequere
2419 4974 2562 5031 eos;
2597 4958 2828 5034 absque
2864 4958 3060 5016 dubio
3098 4959 3274 5018 enim
3319 4980 3487 5022 com-

386 5080 561 5137 rem3
612 5069 673 5121 et
714 5062 1125 5136 plan-verunt
1171 5060 1369 5117 donec
1418 5059 1759 5134 deficerent
1810 5060 1878 5118 in
1914 5062 1965 5124 D
1988 5060 2343 5137 prehendas
2379 5076 2478 5116 eos
2513 5055 2591 5117 ad
2632 5054 3072 5132 occidendum,
3108 5066 3167 5117 el
3205 5063 3487 5121 excuties

386 5162 479 5221 eis
508 5160 825 5227 lacrimae,
859 5154 924 5217 id
970 5163 1087 5232 est,
1123 5154 1429 5235 quamdiu
1475 5154 1881 5219 lacrimarum

392 5258 731 5321 humorem
788 5253 1138 5335 producere
1194 5259 1558 5334 potuerunt,
1612 5255 1886 5318 maxime

392 5353 704 5439 quoniam
742 5359 1133 5434 putaverunt
1160 5350 1402 5432 majora
1438 5351 1746 5415 accidisse
1785 5353 1889 5415 ad-

1991 5160 2309 5236 praedam,
2346 5154 2410 5216 id
2440 5160 2556 5229 est,
2593 5152 2882 5216 homines
2916 5162 2980 5215 et
3006 5152 3296 5235 jumenta
3325 5176 3484 5239 quos

1998 5254 2420 5327 abduxerunt,
2453 5250 2517 5314 vi
2549 5268 2870 5313 armorum
2912 5254 3338 5333 recuperabis.
3371 5255 3488 5320 Ita-

1998 5369 2125 5434 que
2146 5350 2369 5414 videns
2399 5350 2543 5432 pius
2564 5358 2626 5413 et
2645 5348 2856 5430 justus
2878 5349 3182 5413 Dominus
3213 5352 3490 5420 electum
