4359 6250
897 521 1244 568 mannum
1289 522 1348 566 m
1393 522 1528 567 car,
1577 521 1725 567 xxiv
1769 521 1928 567 unm
1971 521 2223 567 sscuNm
2263 523 2488 569 ascum.
2533 543 2613 552 —
2654 525 2797 570 aar.
2842 525 3009 571 xxxv
3378 510 3497 572 573

385 691 758 771 procedere.
783 690 958 754 Unde
989 691 1056 754 in
1088 692 1616 774 Paralipomenon
1650 692 1884 772 legitur
1923 688 1976 751 A
2005 692 2136 771 gis3
2170 695 2537 771 octinqenca
2584 696 2799 755 millia
2844 697 3121 773 fortium
3172 699 3493 766 virorum,

91 799 352 851 mamm,
381 788 544 851 Joab
585 789 822 854 dixisse
859 807 872 851 τ
905 790 1108 864 Quare
1151 791 1272 854 hoc
1317 791 1548 874 quaerit
1593 791 1891 854 dominus
2005 793 2122 870 qui
2149 795 2488 852 educerent
2510 795 2815 869 gladium
2838 818 2862 864 ,·
2898 804 2959 854 et
2987 797 3066 854 cle
3093 797 3268 856 Juda
3301 797 3493 875 qain-

151 5138 174 5180 1
175 5138 258 5182 bid.
285 5142 325 5182 ὅ.

385 905 598 966 meuS,
616 889 790 970 quod
822 889 888 951 in
921 899 1254 971 peccatum
1284 899 1614 972 reputetur
1634 889 1890 952 Israeli?
2004 893 2322 969 quaqinta
2356 891 2571 952 millia
2594 902 3063 968 puynatorum.

386 987 514 1050 hoc
545 993 642 1049 est
677 1005 690 1048 :
725 987 850 1051 Cur
878 988 1062 1071 jubet
1093 989 1286 1066 istud,
1322 1008 1437 1073 pro
1474 1007 1602 1071 quo
1636 1007 1762 1052 non
1796 1007 1894 1052 so-

389 1085 526 1148 lum
570 1105 700 1164 rex,
737 1088 847 1149 sed
887 1095 952 1150 et
990 1087 1264 1169 populus
1304 1088 1445 1169 ejus
1477 1094 1573 1150 est
1611 1086 1886 1169 punien-

386 1185 552 1246 dus?
572 1183 1013 1249 Consideravit
1043 1185 1341 1268 equidem
1367 1187 1545 1264 Joab,
1573 1205 1786 1266 regem
1819 1205 1894 1248 ex

387 1282 700 1362 superbia
738 1301 877 1346 esse
917 1292 1184 1361 motum,
1222 1284 1567 1365 timuitque
1605 1302 1722 1366 pro
1754 1302 1894 1365 pec-

386 1387 533 1442 cato
578 1380 741 1462 ejuS,
779 1381 1089 1463 populum
1121 1401 1379 1464 quoque
1420 1382 1885 1464 castigandum,

2089 986 2315 1050 Mirum
2370 989 2642 1065 videtur,
2689 990 2861 1070 quod
2906 998 3035 1052 tam
3080 989 3267 1073 pauci
3312 999 3495 1053 erant

2005 1084 2072 1147 in
2117 1086 2287 1148 tribu
2324 1087 2504 1163 Juda,
2541 1087 2606 1149 in
2638 1107 2765 1169 qua
2794 1089 2986 1150 etiam
3019 1089 3085 1151 in
3117 1108 3374 1171 egressu
3414 1091 3493 1152 de

2003 1184 2289 1265 AEgypto,
2316 1194 2497 1248 eraut
2525 1187 2927 1268 septuaginta
2955 1195 3228 1268 quatuor
3260 1187 3491 1266 millia,

2004 1290 2074 1344 ut
2115 1282 2182 1343 in
2226 1283 2645 1346 Numerorum
2693 1284 2857 1348 libro
2901 1286 3193 1348 habetur.
3236 1287 3329 1349 Ad
3372 1286 3491 1350 hoc
3524 1307 3785 1359 Numa-1.

2002 1380 2297 1444 Rabanus
2348 1390 2409 1444 et
2453 1382 2563 1444 alii
2610 1383 2871 1464 quidam
2918 1384 3159 1461 dicunt,
3206 1384 3311 1447 hic
3358 1394 3495 1448 tan-

387 1478 561 1540 sicut
592 1479 662 1540 in
695 1479 932 1543 talibus
955 1481 1211 1544 casibus
1237 1481 1398 1544 solet
1418 1481 1894 1562 accidere,quo-
2005 1487 2137 1541 tum
2170 1479 2441 1562 exprimi
2478 1501 2813 1544 numerum
2853 1483 3220 1564 principum
3260 1492 3324 1546 et
3362 1503 3493 1545 ma-

389 1579 569 1641 niam
600 1578 770 1642 bona
789 1587 854 1642 et
879 1580 1046 1642 mala
1077 1580 1499 1662 superiorum,
1521 1578 1892 1661 frequenter
1999 1577 2232 1658 jorum.
2268 1576 2390 1640 Alii
2422 1579 2663 1656 dicunt,
2701 1581 2767 1642 in
2803 1580 3062 1643 Hebraeo
3098 1589 3161 1643 et
3203 1581 3269 1642 in
3309 1581 3491 1644 libris

389 1678 754 1740 redundant
803 1677 870 1740 in
923 1679 1234 1755 subditos,
1271 1686 1333 1741 et
1376 1686 1654 1756 econtra,
1690 1697 1888 1759 quum
1999 1677 2301 1739 correctis
2351 1678 2592 1755 haberi,
2643 1678 2999 1759 Quingenta
3044 1679 3268 1743 millia.
3323 1680 3488 1754 Quo-

385 1777 518 1838 sint
549 1777 1020 1859 quodammodo
1049 1797 1273 1840 unum.
1294 1778 1510 1859 ltaque
1528 1777 1684 1840 Joab
1706 1776 1884 1854 dixit,

1997 1775 2168 1838 circa
2211 1795 2429 1839 rursus
2474 1777 2752 1860 objectio
2796 1779 3019 1856 oritur,
3066 1780 3219 1860 quia
3264 1799 3490 1843 secun-

384 1874 568 1949 Quod
599 1875 668 1936 in
699 1884 1053 1957 peccatum,
1085 1876 1206 1940 hoc
1235 1885 1332 1939 est
1363 1876 1427 1937 in
1461 1894 1718 1958 poenam
1748 1895 1888 1959 pec·
1924 1876 1970 1938 Β
2000 1875 2150 1937 dum
2195 1876 2337 1952 hoc,
2373 1877 2507 1940 sola
2552 1878 2757 1941 tribus
2795 1879 2955 1941 Juda
2998 1879 3329 1943 habuisset
3372 1900 3488 1962 pro

384 1974 538 2051 cati,
586 1982 918 2055 reputetur
963 1974 1210 2052 lsraeli;
1254 1974 1378 2050 vel,
1429 1974 1496 2036 In
1546 1984 1879 2056 peccatum

384 2079 721 2153 reputetur
753 2071 990 2149 Israeli,
1010 2073 1312 2154 quoniam
1346 2073 1747 2153 exigentibus
1779 2075 1887 2136 de-

383 2171 639 2233 meritis
687 2171 935 2253 populi,
969 2170 1362 2253 ¹judicabitur
1405 2191 1514 2235 rex
1563 2173 1640 2235 ad
1694 2172 1879 2234 istam

381 2267 708 2333 corruisse
738 2269 1079 2334 elationem
1106 2287 1120 2332 :
1145 2271 1316 2351 quod
1347 2279 1410 2333 et
1429 2269 1582 2333 Joab
1613 2269 1884 2334 forsitan

385 2367 732 2431 intellexit.

471 2468 770 2528 obtinuit
807 2477 1026 2528 autem
1065 2487 1266 2528 sermo
1306 2471 1476 2545 reqis
1506 2471 1696 2529 verba
1725 2471 1884 2530 Joab

381 2573 444 2624 et
465 2566 855 2642 principum
879 2568 1224 2637 exercitus,
1246 2567 1366 2630 hoc
1393 2575 1490 2630 est
1517 2567 1882 2650 principum

383 2662 676 2745 ipsarum
721 2664 1029 2741 tribuum,
1065 2665 1176 2746 qui
1219 2666 1338 2729 sub
1377 2666 1531 2729 Joab
1572 2675 1884 2749 praeerant

383 2761 630 2842 singuli
663 2763 729 2823 in
761 2762 1057 2826 tribubus
1091 2763 1246 2842 suiS,
1269 2783 1381 2827 seu
1413 2765 1739 2847 principes
1772 2764 1885 2826 mi-

383 2859 599 2922 litum.
651 2859 830 2923 Unde
881 2860 1156 2939 elicitur,
1210 2864 1381 2944 quod
1439 2871 1500 2926 et
1559 2862 1883 2945 principes

382 2959 833 3022 dissuaserunt
868 2960 1001 3040 regi
1045 2961 1550 3024 numerationem
1581 2963 1745 3025 hanc
1778 2981 1880 3044 po-

1999 1974 2207 2036 mcdia
2237 1984 2434 2056 parte,
2470 1977 2652 2057 quasi
2682 1985 2776 2040 tot
2805 1977 2999 2055 virOS,
3034 1988 3191 2060 quot
3223 1979 3485 2060 reliquae

1998 2072 2200 2134 tribus
2232 2073 2423 2135 simul
2454 2083 2743 2156 sumptae,
2785 2074 2913 2139 imo
2953 2076 3097 2158 plus
3128 2095 3319 2158 quam
3352 2085 3489 2139 tan-

1999 2179 2093 2234 tos
2133 2190 2250 2255 pro
2292 2173 2500 2235 media
2540 2183 2740 2255 parte,
2776 2175 3125 2238 secundum
3160 2175 3330 2256 quod
3367 2175 3487 2238 iste

1995 2277 2201 2333 textus
2234 2271 2485 2334 videtur
2517 2273 2929 2354 praetenderc,
2965 2272 3078 2355 qui
3119 2273 3485 2355 octingenta

1995 2367 2199 2430 millia
2231 2368 2427 2432 refert
2448 2370 2525 2432 de
2544 2370 2730 2433 lsrael
2758 2390 2899 2434 esse
2931 2370 3220 2447 inventa3
3257 2372 3489 2436 deinde

1993 2466 2146 2548 quia
2186 2467 2355 2530 istud
2396 2468 2757 2532 discordare
2798 2469 3050 2533 videtur
3088 2469 3169 2532 ab
3201 2488 3276 2534 eo
3307 2471 3479 2551 quod

1995 2566 2304 2647 scriptum
2330 2575 2425 2629 est
2456 2566 2661 2648 primo
2692 2566 3242 2650 Paralipomenon,
3265 2569 3352 2631 Dc
3379 2569 3413 2630 J
3420 2590 3487 2630 u-
3544 2587 3686 2630 11³ar.
3698 2601 3779 2642 m,

1995 2664 2074 2726 da
2106 2664 2364 2727 inventa
2402 2673 2551 2727 sunt
2580 2666 3045 2747 quadringenta
3083 2667 3486 2748 septuaginta
3517 2651 3556 2693 ⁵·

1993 2762 2219 2825 millia.
2254 2763 2347 2824 Ad
2393 2763 2670 2846 primum
2714 2765 2941 2827 horum
2985 2765 3173 2827 multi
3227 2784 3487 2848 respon-

1993 2862 2166 2938 dent,
2202 2849 2372 2942 quod
2414 2861 2481 2923 in
2515 2863 2676 2925 Juda
2714 2863 2886 2925 tribu
2919 2871 3217 2945 tanquam
3253 2865 3322 2927 in
3353 2865 3489 2927 bel-

1992 2960 2273 3023 licosiori
2319 2970 2501 3023 erant
2540 2962 2755 3043 plures
2797 2962 3155 3040 bellatoreS,
3192 2983 3385 3045 quam
3418 2965 3483 3026 in

383 3058 550 3142 puli.
570 3059 788 3141 Itaque
819 3077 927 3122 rex
958 3059 1026 3121 in
1055 3059 1173 3122 hac
1204 3079 1272 3124 re
1301 3061 1595 3143 pertinax
1625 3068 1688 3125 et
1721 3060 1882 3124 indi·
1917 3054 1961 3118 C
1991 3058 2208 3141 aliqua
2251 3058 2376 3121 alia
2417 3059 2621 3137 tribu3
2664 3062 2835 3142 quod
2879 3061 3031 3125 item
3062 3061 3155 3125 eis
3186 3081 3489 3127 annume-

383 3157 666 3238 rigibilis
698 3157 823 3221 fuit
856 3175 870 3219 ε
906 3158 1128 3240 sicque
1155 3169 1544 3241 praeceptum
1577 3180 1764 3223 suum
1794 3160 1883 3223 di-

381 3257 555 3319 citur
582 3256 939 3320 obtinuisse
981 3257 1174 3320 verba
1200 3257 1353 3321 Joab
1383 3278 1455 3321 66
1488 3258 1876 3341 principum,

383 3354 450 3416 id
497 3363 598 3418 est
640 3355 1074 3437 praevaluisse.
1118 3360 1552 3437 Hares-susque
1593 3368 1682 3419 esc
1723 3360 1881 3420 Joab

380 3464 443 3515 ec
465 3456 804 3533 principes
834 3457 1128 3516 militum
1157 3477 1200 3517 a
1228 3456 1400 3532 facie
1430 3459 1620 3533 re9i8,
1654 3468 1726 3518 uc
1755 3477 1880 3516 nu-

383 3561 716 3613 merarent
747 3555 1069 3629 populum
1111 3558 1336 3614 Israel.
1376 3557 1710 3635 Quumque
1738 3575 1880 3633 per·

1993 3158 2111 3220 rati
2144 3166 2295 3220 sunt
2325 3158 2665 3222 bellatores
2694 3161 2772 3221 ad
2802 3161 3195 3223 Judaismum
3228 3180 3489 3224 conver-

1993 3256 2068 3334 si,
2085 3257 2295 3338 quiex
2320 3257 2465 3320 aliis
2496 3258 2863 3321 nationibus
2893 3268 3073 3322 erant
3096 3279 3241 3323 cum
3266 3259 3481 3337 David,

1993 3364 2062 3418 ut
2090 3356 2275 3437 Ethai
2315 3355 2607 3419 Gethaeus
2650 3366 2713 3419 et
2752 3356 2888 3432 sui;
2931 3366 2995 3420 et
3034 3378 3276 3436 rursuS,
3311 3359 3482 3440 quod
3704 3406 3729 3436 ,

1989 3454 2144 3517 Joab
2169 3455 2404 3517 multos
2425 3455 2695 3518 aliarum
2730 3456 3010 3518 tribuum
3044 3457 3480 3538 pertransivit,

1993 3572 2108 3615 nec
2139 3554 2517 3631 numeravit,
2538 3561 2600 3615 et
2630 3555 2708 3616 (16
2743 3553 3034 3616 tribubus
3056 3554 3205 3617 Levi
3238 3574 3309 3617 66
3334 3556 3487 3617 Ben-

384 3654 769 3713 transissent
806 3654 1182 3722 Jordanem,
1214 3663 1528 3713 venerunt
1567 3655 1640 3715 in
1671 3656 1874 3715 Aroer
1984 3652 2187 3732 jamin
2219 3652 2543 3715 neminem
2577 3652 2777 3714 voluit
2812 3653 3275 3715 numerare.Ad
3304 3653 3479 3715 aliud

381 3754 474 3812 ad
511 3752 850 3809 deaeteram
890 3752 1072 3809 urbis
1099 3770 1241 3831 quw
1267 3760 1358 3811 esc
1387 3753 1461 3812 in
1493 3755 1666 3812 valle·
1695 3754 1838 3813 (Jad
1852 3775 1880 3823 ,-

380 3859 442 3910 et
463 3868 588 3927 per
615 3852 812 3909 Jazer
841 3850 1242 3909 transierunt
1283 3852 1355 3911 in
1393 3852 1675 3920 Galaad,
1704 3861 1763 3912 et
1804 3852 1875 3912 in

384 3958 632 4007 terram
672 3946 1054 4022 inferiorem
1085 3948 1316 4016 Hodsi,
1347 3958 1406 4007 ec
1447 3958 1762 4008 venerunt
1806 3950 1878 4008 in

381 4047 536 4106 Dan
559 4045 909 4105 silvestria.
933 4046 1535 4125 Circumeuncesque
1547 4047 1754 4123 juxta
1778 4048 1880 4108 Si-

379 4146 640 4214 donem,
677 4144 1080 4204 transierunt
1094 4164 1296 4221 prope
1326 4147 1564 4205 moenia
1603 4146 1783 4222 Tyri,
1817 4154 1876 4205 ec

1991 3751 2430 3832 respondetur,
2464 3752 2636 3832 quod
2665 3751 2819 3813 Joab
2850 3770 2926 3813 ex
2955 3750 3283 3833 proposito
3316 3752 3486 3813 mul-

1993 3857 2088 3911 tos
2130 3849 2209 3911 de
2254 3849 2599 3912 numeratis
2644 3868 2719 3911 ex
2760 3848 2921 3911 Juda
2964 3848 3276 3912 subticuit
3319 3850 3479 3929 regi,

1993 3966 2074 4010 ne
2113 3947 2387 4029 amplius
2432 3946 2791 4029 superbiret
2828 3964 2840 4007 :
2878 3947 3020 4010 ideo
3058 3948 3125 4009 in
3163 3947 3485 4030 Paralipo-

1991 4064 2224 4109 menon
2255 4046 2407 4128 poni
2441 4064 2775 4108 numerum
2804 4064 2997 4127 quem
3038 4044 3177 4127 ipse
3209 4046 3341 4127 regi
3378 4065 3484 4109 ex-

1993 4143 2243 4225 pressit,
2289 4144 2355 4205 in
2398 4138 2634 4224 Regum
2678 4151 2889 4206 autem
2931 4144 3083 4226 poni
3124 4144 3481 4225 catalogum

381 4262 640 4303 omnem
672 4252 912 4302 terram
943 4244 1169 4303 Hevoei
1195 4252 1255 4302 ec
1291 4244 1670 4312 Clzanamei,
1703 4263 1880 4304 vene·
1907 4244 1958 4306 D
1987 4243 2144 4305 Juda
2173 4246 2415 4307 verum.
2441 4244 2674 4305 lterum
2705 4243 2947 4320 dicunt,
2985 4243 3245 4325 triginta
3274 4243 3484 4306 millia

381 4350 669 4421 remique
707 4343 796 4401 ad
837 4341 1176 4401 meridiem
1212 4344 1389 4401 Juda
1433 4343 1506 4401 in
1546 4344 1877 4405 Bersabee.

381 4442 472 4501 Et
503 4443 808 4510 lustrata,
826 4437 892 4500 id
924 4446 1021 4501 est
1049 4438 1404 4515 circumita,
1429 4444 1735 4500 universa
1769 4450 1883 4501 ter-

383 4558 464 4597 ra
513 4534 982 4617 promissionis,
1034 4535 1422 4612 adfuerunt,
1465 4536 1586 4600 hoc
1634 4545 1750 4613 est,
1797 4538 1876 4599 ad

383 4654 604 4716 regem
634 4633 874 4698 reversi
905 4642 1056 4695 sunt
1081 4633 1237 4697 Joab
1268 4642 1330 4697 et
1361 4634 1706 4717 principeS,
1736 4646 1880 4716 post

385 4754 614 4795 novem
657 4753 898 4793 menses
933 4742 994 4793 et
1035 4734 1276 4810 viyinti
1317 4736 1478 4805 diesi,
1512 4736 1580 4795 in
1626 4738 1880 4796 Jerusa-

385 4836 532 4893 lem.
551 4832 748 4893 Dedit
775 4850 922 4907 erqo
950 4832 1108 4891 Joab
1137 4852 1486 4893 numerum
1513 4835 1881 4910 descriptio-

383 4932 494 4991 nis
511 4932 750 5008 populi
769 4930 928 5005 reyi.
951 4931 1035 4991 Et
1063 4930 1332 4990 inventa
1358 4940 1512 4991 sunt
1540 4933 1620 4991 de
1649 4935 1878 5002 Israel,

385 5029 451 5092 id
497 5036 595 5091 est
633 5028 712 5091 de
758 5045 988 5091 novem
1030 5026 1325 5090 tribubus
1363 5045 1376 5090 :
1415 5048 1561 5091 nam
1605 5030 1769 5093 sicut
1810 5029 1877 5092 in

382 5127 910 5210 Paralipomenon
951 5124 1205 5201 dicitur,
1243 5125 1480 5189 tribum
1525 5127 1876 5208 Benjamin,

384 5226 756 5308 tribumque
799 5224 950 5289 Levi
996 5224 1150 5287 Joab
1200 5242 1328 5288 non
1378 5226 1760 5303 numeravit,
1804 5244 1879 5289 6ο

383 5324 559 5408 quod
609 5323 854 5388 invitus
901 5332 1354 5403 exsequeretur
1397 5324 1739 5407 imperium
1789 5343 1881 5387 re-

1988 4360 2132 4422 quae
2160 4342 2241 4403 de
2272 4342 2443 4404 tribu
2461 4342 2620 4404 Juda
2652 4342 2718 4403 in
2749 4341 3278 4424 Paralipomenon
3300 4342 3484 4406 omit-

1989 4447 2233 4517 tuntur,
2268 4437 2295 4499 f
2302 4440 2469 4502 uisse
2502 4440 2713 4522 capita
2752 4440 2975 4523 populi
3013 4441 3193 4518 Juda,
3240 4440 3479 4505 idcirco

1990 4536 2080 4599 ibi
2110 4555 2237 4600 non
2271 4538 2593 4600 numerari
2622 4558 2767 4601 cum
2802 4538 3092 4621 reliquia,
3118 4540 3231 4602 sed
3263 4539 3329 4602 in
3367 4540 3482 4603 Re-

1988 4655 2160 4717 gum.
2196 4636 2431 4699 Eodem
2463 4637 2651 4699 modo
2684 4635 2964 4715 solvunt,
3000 4638 3171 4717 quod
3205 4636 3273 4698 in
3302 4638 3483 4700 Para-

1988 4733 2355 4816 lipomenon
2394 4734 2693 4816 leguntur
2733 4731 2935 4797 fuisse
2964 4735 3045 4798 (16
3073 4735 3262 4799 lsrael
3294 4735 3473 4798 mille
3543 4757 3729 4803 Ibidem.

1986 4832 2213 4909 millia,
2250 4840 2315 4896 et
2352 4840 2609 4895 centum
2649 4831 2855 4895 millia
2883 4833 3168 4897 virorum
3204 4850 3218 4895 ε
3254 4834 3478 4897 videli-

1988 4938 2088 4994 cet
2115 4931 2285 5011 quod
2314 4931 2469 4994 Joab
2498 4929 2807 4994 subticuit
2838 4931 3073 4994 multos
3118 4931 3273 5012 regi,
3310 4940 3375 4994 et
3414 4931 3479 4995 in

1989 5029 2228 5112 Regum
2266 5029 2419 5111 poni
2452 5048 2611 5111 quos
2644 5029 2702 5092 ei
2743 5029 3089 5112 expressit3
3134 5030 3233 5095 vel
3276 5030 3342 5093 in
3372 5031 3481 5093 Pa-

1991 5128 2431 5210 ralipomenon
2462 5128 2653 5191 etiam
2699 5128 2842 5191 illos
2876 5128 3026 5210 poni
3059 5129 3171 5210 qui
3200 5130 3279 5191 de
3310 5129 3480 5193 tribu

1989 5226 2138 5291 Levi
2171 5246 2246 5289 ac
2275 5227 2606 5309 Benjamin
2640 5234 2930 5309 poterant
2957 5226 3298 5302 aestimari3
3342 5228 3479 5292 sive

1991 5333 2062 5387 ut
2091 5324 2203 5388 alii
2233 5324 2476 5404 dicunt,
2512 5326 2577 5388 in
2609 5326 3131 5408 Paralipomenon
3166 5326 3479 5391 numerati
