<?xml version="1.0" encoding="UTF-8"?>
<!DOCTYPE html PUBLIC "-//W3C//DTD XHTML 1.0 Transitional//EN"
    "http://www.w3.org/TR/xhtml1/DTD/xhtml1-transitional.dtd">
<html xmlns="http://www.w3.org/1999/xhtml" xml:lang="en" lang="en">
 <head>
  <title>
</title>
<meta http-equiv="Content-Type" content="text/html;charset=utf-8" />
  <meta name='ocr-system' content='tesseract 3.04.00' />
  <meta name='ocr-capabilities' content='ocr_page ocr_carea ocr_par ocr_line ocrx_word'/>
</head>
<body>
  <div class='ocr_page' id='page_1' title='image "./doctorisecstati02denigoog_0695.png"; bbox 0 0 4359 6250; ppageno 0'>
   <div class='ocr_carea' id='block_1_1' title="bbox 925 483 3447 547">
    <p class='ocr_par' dir='ltr' id='par_1_1' title="bbox 925 483 3447 547">
     <span class='ocr_line' id='line_1_1' title="bbox 925 483 3447 547; baseline -0.001 -2"><span class='ocrx_word' id='word_1_1' title='bbox 925 483 1045 547; x_wconf 69' lang='lat'><strong>052</strong></span> <span class='ocrx_word' id='word_1_2' title='bbox 1497 500 1843 546; x_wconf 72' lang='lat' dir='ltr'>ENARRATIO</span> <span class='ocrx_word' id='word_1_3' title='bbox 1885 501 1947 546; x_wconf 81' lang='lat' dir='ltr'><strong>IN</strong></span> <span class='ocrx_word' id='word_1_4' title='bbox 1989 500 2127 546; x_wconf 76' lang='lat' dir='ltr'><strong>CAP.</strong></span> <span class='ocrx_word' id='word_1_5' title='bbox 2173 500 2281 547; x_wconf 86' lang='lat' dir='ltr'><strong>vm</strong></span> <span class='ocrx_word' id='word_1_6' title='bbox 2322 500 2481 545; x_wconf 70' lang='lat' dir='ltr'><strong>unm</strong></span> <span class='ocrx_word' id='word_1_7' title='bbox 2520 499 2719 545; x_wconf 66' lang='lat' dir='ltr'><strong>‘raum</strong></span> <span class='ocrx_word' id='word_1_8' title='bbox 2760 498 2985 545; x_wconf 77' lang='lat' dir='ltr'><strong>REGtm.</strong></span> <span class='ocrx_word' id='word_1_9' title='bbox 3028 518 3109 529; x_wconf 91' lang='lat'>—</span> <span class='ocrx_word' id='word_1_10' title='bbox 3150 499 3291 545; x_wconf 75' lang='lat' dir='ltr'><strong>Am.</strong></span> <span class='ocrx_word' id='word_1_11' title='bbox 3337 498 3447 545; x_wconf 81' lang='lat' dir='ltr'><strong>xm</strong></span> 
     </span>
    </p>
   </div>
   <div class='ocr_carea' id='block_1_2' title="bbox 635 671 4272 5395">
    <p class='ocr_par' dir='ltr' id='par_1_2' title="bbox 635 671 4272 5395">
     <span class='ocr_line' id='line_1_2' title="bbox 923 671 4011 754; baseline -0.002 -21"><span class='ocrx_word' id='word_1_12' title='bbox 923 692 1118 751; x_wconf 85' lang='lat' dir='ltr'><strong>super</strong></span> <span class='ocrx_word' id='word_1_13' title='bbox 1164 674 1427 737; x_wconf 88' lang='lat' dir='ltr'><strong>domum</strong></span> <span class='ocrx_word' id='word_1_14' title='bbox 1486 677 1656 736; x_wconf 78' lang='lat' dir='ltr'><strong>hanc</strong></span> <span class='ocrx_word' id='word_1_15' title='bbox 1699 694 1896 754; x_wconf 80' lang='lat' dir='ltr'><strong>quam</strong></span> <span class='ocrx_word' id='word_1_16' title='bbox 1944 676 2298 751; x_wconf 72' lang='lat' dir='ltr'><strong>(edificavi,</strong></span> <span class='ocrx_word' id='word_1_17' title='bbox 2348 672 2413 735; x_wconf 92' lang='lat' dir='ltr'><strong>id</strong></span> <span class='ocrx_word' id='word_1_18' title='bbox 2444 672 2496 734; x_wconf 85' lang='lat' dir='ltr'>A</span> <span class='ocrx_word' id='word_1_19' title='bbox 2517 678 2679 751; x_wconf 84' lang='lat' dir='ltr'><strong>pulo</strong></span> <span class='ocrx_word' id='word_1_20' title='bbox 2713 684 2842 747; x_wconf 82' lang='lat' dir='ltr'><strong>tuo,</strong></span> <span class='ocrx_word' id='word_1_21' title='bbox 2860 676 2977 754; x_wconf 82' lang='lat' dir='ltr'><strong>qui</strong></span> <span class='ocrx_word' id='word_1_22' title='bbox 3001 677 3289 751; x_wconf 81' lang='lat' dir='ltr'><strong>peccavit</strong></span> <span class='ocrx_word' id='word_1_23' title='bbox 3311 676 3453 744; x_wconf 85' lang='lat' dir='ltr'><strong>tibi,</strong></span> <span class='ocrx_word' id='word_1_24' title='bbox 3474 682 3535 733; x_wconf 84' lang='lat' dir='ltr'><strong>et</strong></span> <span class='ocrx_word' id='word_1_25' title='bbox 3563 674 3864 733; x_wconf 77' lang='lat' dir='ltr'><strong>omnibus</strong></span> <span class='ocrx_word' id='word_1_26' title='bbox 3893 671 4011 729; x_wconf 84' lang='lat' dir='ltr'><strong>ini-</strong></span> 
     </span>
     <span class='ocr_line' id='line_1_3' title="bbox 925 772 4009 856; baseline -0.002 -21"><span class='ocrx_word' id='word_1_27' title='bbox 925 781 1042 849; x_wconf 84' lang='lat' dir='ltr'><strong>est,</strong></span> <span class='ocrx_word' id='word_1_28' title='bbox 1078 793 1192 856; x_wconf 90' lang='lat' dir='ltr'><strong>per</strong></span> <span class='ocrx_word' id='word_1_29' title='bbox 1237 794 1368 837; x_wconf 82' lang='lat' dir='ltr'><strong>suae</strong></span> <span class='ocrx_word' id='word_1_30' title='bbox 1411 774 1836 837; x_wconf 84' lang='lat' dir='ltr'><strong>exauditionis</strong></span> <span class='ocrx_word' id='word_1_31' title='bbox 1879 772 2187 837; x_wconf 82' lang='lat' dir='ltr'><strong>effectum</strong></span> <span class='ocrx_word' id='word_1_32' title='bbox 2237 791 2417 854; x_wconf 87' lang='lat' dir='ltr'><strong>expe-</strong></span> <span class='ocrx_word' id='word_1_33' title='bbox 2524 776 2884 855; x_wconf 77' lang='lat' dir='ltr'><strong>quitatibus</strong></span> <span class='ocrx_word' id='word_1_34' title='bbox 2905 794 3141 845; x_wconf 79' lang='lat' dir='ltr'><strong>eorum,</strong></span> <span class='ocrx_word' id='word_1_35' title='bbox 3162 776 3393 853; x_wconf 81' lang='lat' dir='ltr'><strong>quibus</strong></span> <span class='ocrx_word' id='word_1_36' title='bbox 3404 772 3835 851; x_wconf 67' lang='lat' dir='ltr'><strong>praevaricati</strong></span> <span class='ocrx_word' id='word_1_37' title='bbox 3862 780 4009 830; x_wconf 77' lang='lat' dir='ltr'><strong>sunt</strong></span> 
     </span>
     <span class='ocr_line' id='line_1_4' title="bbox 925 869 4003 955; baseline -0.001 -23"><span class='ocrx_word' id='word_1_38' title='bbox 925 872 1193 950; x_wconf 84' lang='lat' dir='ltr'><strong>riantur,</strong></span> <span class='ocrx_word' id='word_1_39' title='bbox 1245 880 1673 955; x_wconf 81' lang='lat' dir='ltr'><strong>protestentur</strong></span> <span class='ocrx_word' id='word_1_40' title='bbox 1721 882 1784 935; x_wconf 90' lang='lat' dir='ltr'><strong>et</strong></span> <span class='ocrx_word' id='word_1_41' title='bbox 1833 873 2209 954; x_wconf 80' lang='lat' dir='ltr'>approbent,</span> <span class='ocrx_word' id='word_1_42' title='bbox 2243 872 2414 954; x_wconf 86' lang='lat' dir='ltr'><strong>quod</strong></span> <span class='ocrx_word' id='word_1_43' title='bbox 2524 874 2598 933; x_wconf 86' lang='lat' dir='ltr'><strong>in</strong></span> <span class='ocrx_word' id='word_1_44' title='bbox 2636 882 2729 943; x_wconf 79' lang='lat' dir='ltr'><strong>te,·</strong></span> <span class='ocrx_word' id='word_1_45' title='bbox 2776 882 2834 933; x_wconf 82' lang='lat' dir='ltr'><strong>et</strong></span> <span class='ocrx_word' id='word_1_46' title='bbox 2866 874 3051 933; x_wconf 82' lang='lat' dir='ltr'><strong>dabis</strong></span> <span class='ocrx_word' id='word_1_47' title='bbox 3084 874 3591 933; x_wconf 77' lang='lat' dir='ltr'><strong>misericordiam</strong></span> <span class='ocrx_word' id='word_1_48' title='bbox 3634 890 3855 930; x_wconf 88' lang='lat' dir='ltr'><strong>coram</strong></span> <span class='ocrx_word' id='word_1_49' title='bbox 3895 869 4003 938; x_wconf 61' lang='lat' dir='ltr'><strong>eie,</strong></span> 
     </span>
     <span class='ocr_line' id='line_1_5' title="bbox 925 970 4007 1053; baseline -0.002 -21"><span class='ocrx_word' id='word_1_50' title='bbox 925 978 993 1032; x_wconf 86' lang='lat' dir='ltr'><strong>tu</strong></span> <span class='ocrx_word' id='word_1_51' title='bbox 1035 972 1174 1053; x_wconf 89' lang='lat' dir='ltr'><strong>ipse</strong></span> <span class='ocrx_word' id='word_1_52' title='bbox 1214 980 1509 1035; x_wconf 88' lang='lat' dir='ltr'><strong>exoratus</strong></span> <span class='ocrx_word' id='word_1_53' title='bbox 1547 981 1610 1034; x_wconf 90' lang='lat' dir='ltr'><strong>et</strong></span> <span class='ocrx_word' id='word_1_54' title='bbox 1649 972 1979 1036; x_wconf 82' lang='lat' dir='ltr'><strong>invocatus</strong></span> <span class='ocrx_word' id='word_1_55' title='bbox 2019 990 2086 1033; x_wconf 91' lang='lat' dir='ltr'><strong>es</strong></span> <span class='ocrx_word' id='word_1_56' title='bbox 2117 990 2155 1033; x_wconf 87' lang='lat' dir='ltr'><strong>a</strong></span> <span class='ocrx_word' id='word_1_57' title='bbox 2186 990 2310 1046; x_wconf 89' lang='lat' dir='ltr'><strong>me,</strong></span> <span class='ocrx_word' id='word_1_58' title='bbox 2346 978 2417 1033; x_wconf 86' lang='lat' dir='ltr'><strong>ut</strong></span> <span class='ocrx_word' id='word_1_59' title='bbox 2523 974 2642 1052; x_wconf 83' lang='lat' dir='ltr'><strong>qui</strong></span> <span class='ocrx_word' id='word_1_60' title='bbox 2676 991 2775 1031; x_wconf 82' lang='lat' dir='ltr'><strong>eos</strong></span> <span class='ocrx_word' id='word_1_61' title='bbox 2812 973 3096 1049; x_wconf 79' lang='lat' dir='ltr'><strong>captivos</strong></span> <span class='ocrx_word' id='word_1_62' title='bbox 3142 971 3510 1042; x_wconf 78' lang='lat' dir='ltr'><strong>habuerint,</strong></span> <span class='ocrx_word' id='word_1_63' title='bbox 3551 980 3623 1031; x_wconf 86' lang='lat' dir='ltr'><strong>ut</strong></span> <span class='ocrx_word' id='word_1_64' title='bbox 3666 970 4007 1030; x_wconf 75' lang='lat' dir='ltr'><strong>miserean-</strong></span> 
     </span>
     <span class='ocr_line' id='line_1_6' title="bbox 925 1064 4005 1151; baseline -0.002 -20"><span class='ocrx_word' id='word_1_65' title='bbox 925 1069 1013 1131; x_wconf 89' lang='lat' dir='ltr'><strong>sis</strong></span> <span class='ocrx_word' id='word_1_66' title='bbox 1059 1070 1336 1151; x_wconf 82' lang='lat' dir='ltr'><strong>gratiose</strong></span> <span class='ocrx_word' id='word_1_67' title='bbox 1381 1071 1725 1133; x_wconf 86' lang='lat' dir='ltr'><strong>exaudiens</strong></span> <span class='ocrx_word' id='word_1_68' title='bbox 1766 1088 1874 1133; x_wconf 88' lang='lat' dir='ltr'><strong>eos</strong></span> <span class='ocrx_word' id='word_1_69' title='bbox 1914 1070 2023 1151; x_wconf 87' lang='lat' dir='ltr'><strong>qui</strong></span> <span class='ocrx_word' id='word_1_70' title='bbox 2066 1070 2133 1131; x_wconf 90' lang='lat' dir='ltr'><strong>in</strong></span> <span class='ocrx_word' id='word_1_71' title='bbox 2177 1069 2416 1150; x_wconf 89' lang='lat' dir='ltr'><strong>templo</strong></span> <span class='ocrx_word' id='word_1_72' title='bbox 2528 1080 2635 1131; x_wconf 86' lang='lat' dir='ltr'><strong>tur</strong></span> <span class='ocrx_word' id='word_1_73' title='bbox 2680 1072 2793 1131; x_wconf 78' lang='lat' dir='ltr'><strong>eis,</strong></span> <span class='ocrx_word' id='word_1_74' title='bbox 2844 1069 3029 1132; x_wconf 84' lang='lat' dir='ltr'><strong>Juxta</strong></span> <span class='ocrx_word' id='word_1_75' title='bbox 3085 1067 3418 1151; x_wconf 82' lang='lat' dir='ltr'><strong>praesatum</strong></span> <span class='ocrx_word' id='word_1_76' title='bbox 3478 1068 3741 1131; x_wconf 90' lang='lat' dir='ltr'><strong>modum</strong></span> <span class='ocrx_word' id='word_1_77' title='bbox 3790 1064 4005 1128; x_wconf 81' lang='lat' dir='ltr'><strong>Daniel</strong></span> 
     </span>
     <span class='ocr_line' id='line_1_7' title="bbox 927 1164 4272 1251; baseline -0.001 -21"><span class='ocrx_word' id='word_1_78' title='bbox 927 1168 1052 1231; x_wconf 87' lang='lat' dir='ltr'><strong>isto</strong></span> <span class='ocrx_word' id='word_1_79' title='bbox 1083 1177 1144 1231; x_wconf 86' lang='lat' dir='ltr'><strong>te</strong></span> <span class='ocrx_word' id='word_1_80' title='bbox 1178 1169 1498 1232; x_wconf 84' lang='lat' dir='ltr'><strong>invocant.</strong></span> <span class='ocrx_word' id='word_1_81' title='bbox 1534 1170 1750 1251; x_wconf 89' lang='lat' dir='ltr'><strong>ltaque</strong></span> <span class='ocrx_word' id='word_1_82' title='bbox 1792 1169 2110 1232; x_wconf 81' lang='lat' dir='ltr'><strong>invocatio</strong></span> <span class='ocrx_word' id='word_1_83' title='bbox 2157 1168 2267 1230; x_wconf 87' lang='lat' dir='ltr'><strong>illa</strong></span> <span class='ocrx_word' id='word_1_84' title='bbox 2306 1168 2413 1230; x_wconf 90' lang='lat' dir='ltr'><strong>Dei</strong></span> <span class='ocrx_word' id='word_1_85' title='bbox 2524 1175 2908 1250; x_wconf 82' lang='lat' dir='ltr'><strong>protestatur</strong></span> <span class='ocrx_word' id='word_1_86' title='bbox 2940 1186 3007 1237; x_wconf 85' lang='lat' dir='ltr'><strong>se</strong></span> <span class='ocrx_word' id='word_1_87' title='bbox 3035 1175 3130 1231; x_wconf 86' lang='lat' dir='ltr'><strong>ter</strong></span> <span class='ocrx_word' id='word_1_88' title='bbox 3162 1168 3227 1229; x_wconf 86' lang='lat' dir='ltr'><strong>in</strong></span> <span class='ocrx_word' id='word_1_89' title='bbox 3258 1168 3364 1230; x_wconf 88' lang='lat' dir='ltr'><strong>die</strong></span> <span class='ocrx_word' id='word_1_90' title='bbox 3401 1185 3614 1230; x_wconf 86' lang='lat' dir='ltr'><strong>orasse</strong></span> <span class='ocrx_word' id='word_1_91' title='bbox 3658 1173 3884 1229; x_wconf 85' lang='lat' dir='ltr'><strong>contra</strong></span> <span class='ocrx_word' id='word_1_92' title='bbox 3915 1164 4007 1225; x_wconf 86' lang='lat' dir='ltr'><strong>Je-</strong></span> <span class='ocrx_word' id='word_1_93' title='bbox 4032 1192 4235 1235; x_wconf 63' lang='lat' dir='ltr'><strong>mum.</strong></span> <span class='ocrx_word' id='word_1_94' title='bbox 4271 1194 4272 1235; x_wconf 34' lang='grc' dir='ltr'><strong>ξ</strong></span> 
     </span>
     <span class='ocr_line' id='line_1_8' title="bbox 927 1263 4005 1349; baseline -0.002 -20"><span class='ocrx_word' id='word_1_95' title='bbox 927 1286 1122 1349; x_wconf 90' lang='lat' dir='ltr'><strong>super</strong></span> <span class='ocrx_word' id='word_1_96' title='bbox 1162 1267 1493 1349; x_wconf 87' lang='lat' dir='ltr'><strong>templum,</strong></span> <span class='ocrx_word' id='word_1_97' title='bbox 1537 1276 1600 1331; x_wconf 88' lang='lat' dir='ltr'><strong>et</strong></span> <span class='ocrx_word' id='word_1_98' title='bbox 1643 1268 2034 1331; x_wconf 87' lang='lat' dir='ltr'><strong>consecratio</strong></span> <span class='ocrx_word' id='word_1_99' title='bbox 2084 1267 2305 1348; x_wconf 90' lang='lat' dir='ltr'><strong>templi</strong></span> <span class='ocrx_word' id='word_1_100' title='bbox 2348 1267 2413 1328; x_wconf 91' lang='lat' dir='ltr'><strong>in</strong></span> <span class='ocrx_word' id='word_1_101' title='bbox 2525 1267 2823 1343; x_wconf 87' lang='lat' dir='ltr'><strong>rusalem,</strong></span> <span class='ocrx_word' id='word_1_102' title='bbox 2857 1285 3057 1348; x_wconf 87' lang='lat' dir='ltr'><strong>quum</strong></span> <span class='ocrx_word' id='word_1_103' title='bbox 3078 1273 3254 1347; x_wconf 36' lang='lat' dir='ltr'><strong>‚esset</strong></span> <span class='ocrx_word' id='word_1_104' title='bbox 3291 1267 3359 1328; x_wconf 89' lang='lat' dir='ltr'><strong>in</strong></span> <span class='ocrx_word' id='word_1_105' title='bbox 3400 1282 3597 1347; x_wconf 82' lang='lat' dir='ltr'><strong>regno</strong></span> <span class='ocrx_word' id='word_1_106' title='bbox 3632 1264 3805 1327; x_wconf 87' lang='lat' dir='ltr'><strong>Darii</strong></span> <span class='ocrx_word' id='word_1_107' title='bbox 3844 1263 4005 1344; x_wconf 80' lang='lat' dir='ltr'><strong>regis</strong></span> 
     </span>
     <span class='ocr_line' id='line_1_9' title="bbox 929 1365 2874 1448; baseline 0.001 -21"><span class='ocrx_word' id='word_1_108' title='bbox 929 1365 1141 1428; x_wconf 92' lang='lat' dir='ltr'><strong>locum</strong></span> <span class='ocrx_word' id='word_1_109' title='bbox 1176 1366 1379 1429; x_wconf 91' lang='lat' dir='ltr'><strong>divini</strong></span> <span class='ocrx_word' id='word_1_110' title='bbox 1423 1367 1632 1430; x_wconf 82' lang='lat' dir='ltr'><strong>cultus</strong></span> <span class='ocrx_word' id='word_1_111' title='bbox 1677 1374 1866 1448; x_wconf 89' lang='lat' dir='ltr'><strong>atque</strong></span> <span class='ocrx_word' id='word_1_112' title='bbox 1904 1366 2233 1442; x_wconf 78' lang='lat' dir='ltr'><strong>orationiS,</strong></span> <span class='ocrx_word' id='word_1_113' title='bbox 2268 1384 2415 1428; x_wconf 90' lang='lat' dir='ltr'><strong>con·</strong></span> <span class='ocrx_word' id='word_1_114' title='bbox 2522 1366 2874 1430; x_wconf 86' lang='lat' dir='ltr'><strong>Persarum.</strong></span> 
     </span>
     <span class='ocr_line' id='line_1_10' title="bbox 929 1464 4002 1543; baseline -0.001 -18"><span class='ocrx_word' id='word_1_115' title='bbox 929 1464 1056 1527; x_wconf 81' lang='lat' dir='ltr'><strong>fert</strong></span> <span class='ocrx_word' id='word_1_116' title='bbox 1104 1465 1182 1526; x_wconf 90' lang='lat' dir='ltr'><strong>ad</strong></span> <span class='ocrx_word' id='word_1_117' title='bbox 1234 1465 1778 1528; x_wconf 82' lang='lat' dir='ltr'><strong>exaudibilitatem</strong></span> <span class='ocrx_word' id='word_1_118' title='bbox 1827 1465 2146 1527; x_wconf 90' lang='lat' dir='ltr'><strong>orantium</strong></span> <span class='ocrx_word' id='word_1_119' title='bbox 2199 1464 2265 1525; x_wconf 90' lang='lat' dir='ltr'><strong>in</strong></span> <span class='ocrx_word' id='word_1_120' title='bbox 2314 1481 2419 1526; x_wconf 89' lang='lat' dir='ltr'><strong>eo-</strong></span> <span class='ocrx_word' id='word_1_121' title='bbox 2604 1468 2897 1543; x_wconf 82' lang='lat' dir='ltr'><strong>Populus</strong></span> <span class='ocrx_word' id='word_1_122' title='bbox 2923 1468 3099 1526; x_wconf 79' lang='lat' dir='ltr'><strong>enim</strong></span> <span class='ocrx_word' id='word_1_123' title='bbox 3134 1476 3281 1527; x_wconf 86' lang='lat' dir='ltr'><strong>tuus</strong></span> <span class='ocrx_word' id='word_1_124' title='bbox 3308 1475 3423 1535; x_wconf 85' lang='lat' dir='ltr'><strong>est,</strong></span> <span class='ocrx_word' id='word_1_125' title='bbox 3438 1474 3498 1525; x_wconf 89' lang='lat' dir='ltr'><strong>et</strong></span> <span class='ocrx_word' id='word_1_126' title='bbox 3528 1466 3856 1525; x_wconf 77' lang='lat' dir='ltr'><strong>hereditas</strong></span> <span class='ocrx_word' id='word_1_127' title='bbox 3876 1474 4002 1531; x_wconf 84' lang='lat' dir='ltr'><strong>tua,</strong></span> 
     </span>
     <span class='ocr_line' id='line_1_11' title="bbox 927 1563 4009 1645; baseline -0.001 -21"><span class='ocrx_word' id='word_1_128' title='bbox 927 1563 1096 1639; x_wconf 86' lang='lat' dir='ltr'><strong>dem,</strong></span> <span class='ocrx_word' id='word_1_129' title='bbox 1158 1570 1222 1625; x_wconf 87' lang='lat' dir='ltr'><strong>et</strong></span> <span class='ocrx_word' id='word_1_130' title='bbox 1278 1563 1688 1627; x_wconf 85' lang='lat' dir='ltr'><strong>idoneitatem</strong></span> <span class='ocrx_word' id='word_1_131' title='bbox 1747 1564 2088 1645; x_wconf 85' lang='lat' dir='ltr'><strong>quamdam</strong></span> <span class='ocrx_word' id='word_1_132' title='bbox 2150 1563 2418 1643; x_wconf 82' lang='lat' dir='ltr'><strong>largitur</strong></span> <span class='ocrx_word' id='word_1_133' title='bbox 2525 1584 2707 1645; x_wconf 79' lang='lat' dir='ltr'><strong>quos,</strong></span> <span class='ocrx_word' id='word_1_134' title='bbox 2752 1564 2815 1627; x_wconf 92' lang='lat' dir='ltr'><strong>id</strong></span> <span class='ocrx_word' id='word_1_135' title='bbox 2864 1573 2961 1627; x_wconf 83' lang='lat' dir='ltr'><strong>est</strong></span> <span class='ocrx_word' id='word_1_136' title='bbox 3009 1582 3282 1645; x_wconf 90' lang='lat' dir='ltr'><strong>quorum</strong></span> <span class='ocrx_word' id='word_1_137' title='bbox 3335 1572 3567 1645; x_wconf 58' lang='lat' dir='ltr'><strong>patim,</strong></span> <span class='ocrx_word' id='word_1_138' title='bbox 3609 1564 3903 1623; x_wconf 72' lang='lat' dir='ltr'><strong>eduxisti</strong></span> <span class='ocrx_word' id='word_1_139' title='bbox 3932 1564 4009 1621; x_wconf 83' lang='lat' dir='ltr'><strong>de</strong></span> 
     </span>
     <span class='ocr_line' id='line_1_12' title="bbox 928 1661 4007 1744; baseline 0 -21"><span class='ocrx_word' id='word_1_140' title='bbox 928 1662 1186 1744; x_wconf 89' lang='lat' dir='ltr'><strong>templo,</strong></span> <span class='ocrx_word' id='word_1_141' title='bbox 1213 1670 1284 1724; x_wconf 89' lang='lat' dir='ltr'><strong>ut</strong></span> <span class='ocrx_word' id='word_1_142' title='bbox 1313 1663 1405 1725; x_wconf 90' lang='lat' dir='ltr'><strong>sic</strong></span> <span class='ocrx_word' id='word_1_143' title='bbox 1435 1671 1808 1743; x_wconf 81' lang='lat' dir='ltr'><strong>cooperetur</strong></span> <span class='ocrx_word' id='word_1_144' title='bbox 1837 1663 1914 1725; x_wconf 88' lang='lat' dir='ltr'><strong>ad</strong></span> <span class='ocrx_word' id='word_1_145' title='bbox 1945 1662 2413 1726; x_wconf 82' lang='lat' dir='ltr'><strong>exauditionem</strong></span> <span class='ocrx_word' id='word_1_146' title='bbox 2528 1674 2699 1725; x_wconf 87' lang='lat' dir='ltr'><strong>terra</strong></span> <span class='ocrx_word' id='word_1_147' title='bbox 2719 1665 3012 1742; x_wconf 66' lang='lat' dir='ltr'><strong>AE&#39;yypti</strong></span> <span class='ocrx_word' id='word_1_148' title='bbox 3034 1666 3115 1723; x_wconf 85' lang='lat' dir='ltr'><strong>de</strong></span> <span class='ocrx_word' id='word_1_149' title='bbox 3138 1664 3345 1723; x_wconf 86' lang='lat' dir='ltr'><strong>medio</strong></span> <span class='ocrx_word' id='word_1_150' title='bbox 3368 1665 3657 1742; x_wconf 77' lang='lat' dir='ltr'><strong>fornacis</strong></span> <span class='ocrx_word' id='word_1_151' title='bbox 3686 1665 3933 1741; x_wconf 80' lang='lat' dir='ltr'><strong>ferreoe,</strong></span> <span class='ocrx_word' id='word_1_152' title='bbox 3945 1661 4007 1722; x_wconf 91' lang='lat' dir='ltr'><strong>id</strong></span> 
     </span>
     <span class='ocr_line' id='line_1_13' title="bbox 928 1759 4007 1843; baseline -0.001 -20"><span class='ocrx_word' id='word_1_153' title='bbox 928 1762 1247 1824; x_wconf 85' lang='lat' dir='ltr'><strong>orantium</strong></span> <span class='ocrx_word' id='word_1_154' title='bbox 1291 1760 1356 1823; x_wconf 89' lang='lat' dir='ltr'><strong>in</strong></span> <span class='ocrx_word' id='word_1_155' title='bbox 1398 1780 1486 1823; x_wconf 88' lang='lat' dir='ltr'><strong>sc.</strong></span> <span class='ocrx_word' id='word_1_156' title='bbox 1527 1762 1830 1843; x_wconf 87' lang='lat' dir='ltr'><strong>Denique,</strong></span> <span class='ocrx_word' id='word_1_157' title='bbox 1864 1761 2124 1842; x_wconf 91' lang='lat' dir='ltr'><strong>quidam</strong></span> <span class='ocrx_word' id='word_1_158' title='bbox 2164 1780 2280 1843; x_wconf 88' lang='lat' dir='ltr'><strong>per</strong></span> <span class='ocrx_word' id='word_1_159' title='bbox 2309 1761 2417 1823; x_wconf 92' lang='lat' dir='ltr'><strong>de-</strong></span> <span class='ocrx_word' id='word_1_160' title='bbox 2526 1770 2622 1825; x_wconf 87' lang='lat' dir='ltr'><strong>est</strong></span> <span class='ocrx_word' id='word_1_161' title='bbox 2666 1763 2744 1824; x_wconf 89' lang='lat' dir='ltr'><strong>de</strong></span> <span class='ocrx_word' id='word_1_162' title='bbox 2788 1762 3201 1825; x_wconf 85' lang='lat' dir='ltr'><strong>tribulatione</strong></span> <span class='ocrx_word' id='word_1_163' title='bbox 3248 1768 3312 1823; x_wconf 88' lang='lat' dir='ltr'><strong>et</strong></span> <span class='ocrx_word' id='word_1_164' title='bbox 3358 1760 3665 1825; x_wconf 87' lang='lat' dir='ltr'><strong>servitute</strong></span> <span class='ocrx_word' id='word_1_165' title='bbox 3713 1759 4007 1842; x_wconf 80' lang='lat' dir='ltr'><strong>gravissi-</strong></span> 
     </span>
     <span class='ocr_line' id='line_1_14' title="bbox 927 1858 4272 1942; baseline -0.001 -21"><span class='ocrx_word' id='word_1_166' title='bbox 927 1859 1126 1922; x_wconf 89' lang='lat' dir='ltr'><strong>bitam</strong></span> <span class='ocrx_word' id='word_1_167' title='bbox 1174 1879 1353 1922; x_wconf 85' lang='lat' dir='ltr'><strong>suam</strong></span> <span class='ocrx_word' id='word_1_168' title='bbox 1395 1859 1793 1942; x_wconf 89' lang='lat' dir='ltr'><strong>punitionem</strong></span> <span class='ocrx_word' id='word_1_169' title='bbox 1833 1859 2267 1942; x_wconf 85' lang='lat' dir='ltr'><strong>probaverunt</strong></span> <span class='ocrx_word' id='word_1_170' title='bbox 2306 1878 2417 1922; x_wconf 89' lang='lat' dir='ltr'><strong>no-</strong></span> <span class='ocrx_word' id='word_1_171' title='bbox 2452 1863 2499 1925; x_wconf 92' lang='lat' dir='ltr'>B</span> <span class='ocrx_word' id='word_1_172' title='bbox 2528 1880 2651 1937; x_wconf 87' lang='lat' dir='ltr'><strong>ma,</strong></span> <span class='ocrx_word' id='word_1_173' title='bbox 2684 1880 2874 1942; x_wconf 87' lang='lat' dir='ltr'><strong>quam</strong></span> <span class='ocrx_word' id='word_1_174' title='bbox 2908 1861 2975 1921; x_wconf 91' lang='lat' dir='ltr'><strong>in</strong></span> <span class='ocrx_word' id='word_1_175' title='bbox 3006 1860 3272 1942; x_wconf 76' lang='lat' dir='ltr'><strong>AEgypto</strong></span> <span class='ocrx_word' id='word_1_176' title='bbox 3304 1860 3767 1935; x_wconf 86' lang='lat' dir='ltr'><strong>sustinuerunt,</strong></span> <span class='ocrx_word' id='word_1_177' title='bbox 3800 1858 3909 1921; x_wconf 90' lang='lat' dir='ltr'><strong>ubi</strong></span> <span class='ocrx_word' id='word_1_178' title='bbox 3948 1867 4005 1919; x_wconf 87' lang='lat' dir='ltr'><strong>et</strong></span> <span class='ocrx_word' id='word_1_179' title='bbox 4271 1918 4272 1933; x_wconf 18' lang='lat' dir='ltr'><strong>ff</strong></span> 
     </span>
     <span class='ocr_line' id='line_1_15' title="bbox 928 1958 4272 2040; baseline -0 -21"><span class='ocrx_word' id='word_1_180' title='bbox 928 1977 1075 2020; x_wconf 88' lang='lat' dir='ltr'><strong>men</strong></span> <span class='ocrx_word' id='word_1_181' title='bbox 1126 1958 1237 2020; x_wconf 86' lang='lat' dir='ltr'><strong>Dei</strong></span> <span class='ocrx_word' id='word_1_182' title='bbox 1277 1978 1417 2021; x_wconf 88' lang='lat' dir='ltr'><strong>esse</strong></span> <span class='ocrx_word' id='word_1_183' title='bbox 1460 1958 1826 2021; x_wconf 81' lang='lat' dir='ltr'><strong>invocatum</strong></span> <span class='ocrx_word' id='word_1_184' title='bbox 1871 1976 2063 2039; x_wconf 87' lang='lat' dir='ltr'><strong>super</strong></span> <span class='ocrx_word' id='word_1_185' title='bbox 2108 1958 2414 2040; x_wconf 88' lang='lat' dir='ltr'><strong>templum</strong></span> <span class='ocrx_word' id='word_1_186' title='bbox 2528 1961 2753 2023; x_wconf 85' lang='lat' dir='ltr'><strong>lateres</strong></span> <span class='ocrx_word' id='word_1_187' title='bbox 2801 1959 3109 2022; x_wconf 88' lang='lat' dir='ltr'><strong>Pharaoni</strong></span> <span class='ocrx_word' id='word_1_188' title='bbox 3159 1968 3485 2022; x_wconf 89' lang='lat' dir='ltr'><strong>coxerunt.</strong></span> <span class='ocrx_word' id='word_1_189' title='bbox 3540 1961 3615 2020; x_wconf 88' lang='lat' dir='ltr'><strong>Ut</strong></span> <span class='ocrx_word' id='word_1_190' title='bbox 3660 1961 3796 2019; x_wconf 79' lang='lat' dir='ltr'><strong>sint</strong></span> <span class='ocrx_word' id='word_1_191' title='bbox 3840 1960 4008 2018; x_wconf 82' lang='lat' dir='ltr'><strong>ocul-i</strong></span> <span class='ocrx_word' id='word_1_192' title='bbox 4032 1980 4235 2023; x_wconf 57' lang='lat' dir='ltr'><strong>emm.</strong></span> <span class='ocrx_word' id='word_1_193' title='bbox 4271 1986 4272 1995; x_wconf 20' lang='grc' dir='ltr'><strong>κ</strong></span> 
     </span>
     <span class='ocr_line' id='line_1_16' title="bbox 649 2046 4272 2137; baseline -0.001 -16"><span class='ocrx_word' id='word_1_194' title='bbox 649 2065 898 2121; x_wconf 71' lang='lat' dir='ltr'><strong>lvflea-xv.</strong></span> <span class='ocrx_word' id='word_1_195' title='bbox 931 2056 1310 2133; x_wconf 82' lang='lat' dir='ltr'><strong>SalomoniS,</strong></span> <span class='ocrx_word' id='word_1_196' title='bbox 1347 2066 1417 2118; x_wconf 87' lang='lat' dir='ltr'><strong>ut</strong></span> <span class='ocrx_word' id='word_1_197' title='bbox 1445 2056 1615 2119; x_wconf 81' lang='lat' dir='ltr'><strong>infra</strong></span> <span class='ocrx_word' id='word_1_198' title='bbox 1645 2056 1915 2119; x_wconf 88' lang='lat' dir='ltr'><strong>habetur</strong></span> <span class='ocrx_word' id='word_1_199' title='bbox 1953 2058 2033 2118; x_wconf 91' lang='lat' dir='ltr'><strong>de</strong></span> <span class='ocrx_word' id='word_1_200' title='bbox 2071 2074 2217 2137; x_wconf 86' lang='lat' dir='ltr'><strong>rege</strong></span> <span class='ocrx_word' id='word_1_201' title='bbox 2247 2054 2411 2131; x_wconf 87' lang='lat' dir='ltr'><strong>Ozia,</strong></span> <span class='ocrx_word' id='word_1_202' title='bbox 2530 2062 2629 2121; x_wconf 83' lang='lat' dir='ltr'><strong>tui</strong></span> <span class='ocrx_word' id='word_1_203' title='bbox 2664 2060 2877 2137; x_wconf 88' lang='lat' dir='ltr'><strong>aperti</strong></span> <span class='ocrx_word' id='word_1_204' title='bbox 2915 2062 3004 2120; x_wconf 89' lang='lat' dir='ltr'><strong>ad</strong></span> <span class='ocrx_word' id='word_1_205' title='bbox 3039 2060 3543 2135; x_wconf 77' lang='lat' dir='ltr'><strong>deprecationem</strong></span> <span class='ocrx_word' id='word_1_206' title='bbox 3584 2058 3756 2117; x_wconf 81' lang='lat' dir='ltr'><strong>servi</strong></span> <span class='ocrx_word' id='word_1_207' title='bbox 3796 2059 3921 2127; x_wconf 84' lang='lat' dir='ltr'><strong>tui,</strong></span> <span class='ocrx_word' id='word_1_208' title='bbox 3950 2068 4007 2117; x_wconf 81' lang='lat' dir='ltr'><strong>et</strong></span> <span class='ocrx_word' id='word_1_209' title='bbox 4271 2046 4272 2075; x_wconf 66' lang='lat'><em>³</em></span> 
     </span>
     <span class='ocr_line' id='line_1_17' title="bbox 635 2129 4007 2243; baseline -0.001 -26"><span class='ocrx_word' id='word_1_210' title='bbox 635 2129 899 2243; x_wconf 48' lang='grc' dir='ltr'><strong>ἓῃῖιιζῗξζ</strong></span> <span class='ocrx_word' id='word_1_211' title='bbox 929 2156 1040 2237; x_wconf 89' lang='lat' dir='ltr'><strong>qui</strong></span> <span class='ocrx_word' id='word_1_212' title='bbox 1073 2174 1412 2238; x_wconf 88' lang='lat' dir='ltr'><strong>percussus</strong></span> <span class='ocrx_word' id='word_1_213' title='bbox 1443 2164 1540 2219; x_wconf 87' lang='lat' dir='ltr'><strong>est</strong></span> <span class='ocrx_word' id='word_1_214' title='bbox 1580 2156 1758 2237; x_wconf 85' lang='lat' dir='ltr'><strong>lepra</strong></span> <span class='ocrx_word' id='word_1_215' title='bbox 1802 2156 2079 2229; x_wconf 79' lang='lat' dir='ltr'><strong>ibidem3</strong></span> <span class='ocrx_word' id='word_1_216' title='bbox 2123 2164 2187 2218; x_wconf 87' lang='lat' dir='ltr'><strong>et</strong></span> <span class='ocrx_word' id='word_1_217' title='bbox 2225 2156 2414 2218; x_wconf 83' lang='lat' dir='ltr'><strong>etiam</strong></span> <span class='ocrx_word' id='word_1_218' title='bbox 2518 2160 2755 2237; x_wconf 84' lang='lat' dir='ltr'><strong>populi</strong></span> <span class='ocrx_word' id='word_1_219' title='bbox 2787 2159 2887 2218; x_wconf 84' lang='lat' dir='ltr'><strong>tui</strong></span> <span class='ocrx_word' id='word_1_220' title='bbox 2915 2160 3147 2227; x_wconf 79' lang='lat' dir='ltr'><strong>Israel,</strong></span> <span class='ocrx_word' id='word_1_221' title='bbox 3175 2167 3236 2217; x_wconf 83' lang='lat' dir='ltr'><strong>et</strong></span> <span class='ocrx_word' id='word_1_222' title='bbox 3263 2159 3571 2217; x_wconf 72' lang='lat' dir='ltr'><strong>exaudies</strong></span> <span class='ocrx_word' id='word_1_223' title='bbox 3608 2176 3709 2217; x_wconf 82' lang='lat' dir='ltr'><strong>eos</strong></span> <span class='ocrx_word' id='word_1_224' title='bbox 3750 2158 3823 2215; x_wconf 87' lang='lat' dir='ltr'><strong>in</strong></span> <span class='ocrx_word' id='word_1_225' title='bbox 3862 2157 4007 2215; x_wconf 83' lang='lat' dir='ltr'><strong>uni-</strong></span> 
     </span>
     <span class='ocr_line' id='line_1_18' title="bbox 929 2253 4005 2336; baseline -0.001 -19"><span class='ocrx_word' id='word_1_226' title='bbox 929 2272 1122 2336; x_wconf 89' lang='lat' dir='ltr'><strong>super</strong></span> <span class='ocrx_word' id='word_1_227' title='bbox 1164 2254 1474 2336; x_wconf 83' lang='lat' dir='ltr'><strong>templum</strong></span> <span class='ocrx_word' id='word_1_228' title='bbox 1521 2256 1892 2331; x_wconf 89' lang='lat' dir='ltr'><strong>secundum,</strong></span> <span class='ocrx_word' id='word_1_229' title='bbox 1930 2255 1996 2315; x_wconf 90' lang='lat' dir='ltr'><strong>in</strong></span> <span class='ocrx_word' id='word_1_230' title='bbox 2040 2272 2170 2335; x_wconf 87' lang='lat' dir='ltr'><strong>quo</strong></span> <span class='ocrx_word' id='word_1_231' title='bbox 2212 2253 2418 2316; x_wconf 87' lang='lat' dir='ltr'><strong>Helio-</strong></span> <span class='ocrx_word' id='word_1_232' title='bbox 2528 2259 2881 2334; x_wconf 82' lang='lat' dir='ltr'><strong>versis‚pro</strong></span> <span class='ocrx_word' id='word_1_233' title='bbox 2902 2258 3137 2335; x_wconf 81' lang='lat' dir='ltr'><strong>quibus</strong></span> <span class='ocrx_word' id='word_1_234' title='bbox 3156 2255 3603 2316; x_wconf 86' lang='lat' dir='ltr'><strong>invocaverint</strong></span> <span class='ocrx_word' id='word_1_235' title='bbox 3623 2266 3701 2316; x_wconf 88' lang='lat' dir='ltr'><strong>te.</strong></span> <span class='ocrx_word' id='word_1_236' title='bbox 3725 2258 3821 2316; x_wconf 87' lang='lat' dir='ltr'><strong>Tu</strong></span> <span class='ocrx_word' id='word_1_237' title='bbox 3836 2256 4005 2314; x_wconf 82' lang='lat' dir='ltr'><strong>enim</strong></span> 
     </span>
     <span class='ocr_line' id='line_1_19' title="bbox 647 2352 4007 2435; baseline -0.001 -19"><span class='ocrx_word' id='word_1_238' title='bbox 647 2362 902 2413; x_wconf 60' lang='lat' dir='ltr'><strong>ssuaa-hm.</strong></span> <span class='ocrx_word' id='word_1_239' title='bbox 929 2354 1122 2416; x_wconf 90' lang='lat' dir='ltr'><strong>dorus</strong></span> <span class='ocrx_word' id='word_1_240' title='bbox 1151 2352 1233 2416; x_wconf 92' lang='lat' dir='ltr'><strong>ob</strong></span> <span class='ocrx_word' id='word_1_241' title='bbox 1265 2373 1450 2415; x_wconf 91' lang='lat' dir='ltr'><strong>suum</strong></span> <span class='ocrx_word' id='word_1_242' title='bbox 1481 2372 1806 2417; x_wconf 80' lang='lat' dir='ltr'><strong>excessum</strong></span> <span class='ocrx_word' id='word_1_243' title='bbox 1843 2352 1964 2415; x_wconf 84' lang='lat' dir='ltr'><strong>suit</strong></span> <span class='ocrx_word' id='word_1_244' title='bbox 1999 2353 2311 2435; x_wconf 82' lang='lat' dir='ltr'><strong>plagatuS,</strong></span> <span class='ocrx_word' id='word_1_245' title='bbox 2348 2361 2419 2414; x_wconf 90' lang='lat' dir='ltr'><strong>ut</strong></span> <span class='ocrx_word' id='word_1_246' title='bbox 2525 2358 2842 2433; x_wconf 78' lang='lat' dir='ltr'><strong>separasti</strong></span> <span class='ocrx_word' id='word_1_247' title='bbox 2882 2375 3007 2425; x_wconf 73' lang='lat' dir='ltr'><strong>eoa,</strong></span> <span class='ocrx_word' id='word_1_248' title='bbox 3039 2353 3285 2417; x_wconf 88' lang='lat' dir='ltr'><strong>scilicet</strong></span> <span class='ocrx_word' id='word_1_249' title='bbox 3325 2352 3497 2416; x_wconf 82' lang='lat' dir='ltr'><strong>filios</strong></span> <span class='ocrx_word' id='word_1_250' title='bbox 3542 2354 3755 2429; x_wconf 89' lang='lat' dir='ltr'><strong>Israel,</strong></span> <span class='ocrx_word' id='word_1_251' title='bbox 3792 2354 3909 2413; x_wconf 81' lang='lat' dir='ltr'><strong>tibi</strong></span> <span class='ocrx_word' id='word_1_252' title='bbox 3938 2355 4007 2413; x_wconf 82' lang='lat' dir='ltr'><strong>in</strong></span> 
     </span>
     <span class='ocr_line' id='line_1_20' title="bbox 637 2427 4008 2534; baseline -0 -20"><span class='ocrx_word' id='word_1_253' title='bbox 637 2427 706 2469; x_wconf 77' lang='lat'><strong>²⁶·</strong></span> <span class='ocrx_word' id='word_1_254' title='bbox 931 2452 1210 2515; x_wconf 89' lang='lat' dir='ltr'><strong>secundo</strong></span> <span class='ocrx_word' id='word_1_255' title='bbox 1243 2451 1736 2515; x_wconf 85' lang='lat' dir='ltr'><strong>Machabaeorum</strong></span> <span class='ocrx_word' id='word_1_256' title='bbox 1772 2451 2175 2515; x_wconf 86' lang='lat' dir='ltr'><strong>describitur.</strong></span> <span class='ocrx_word' id='word_1_257' title='bbox 2526 2456 2965 2524; x_wconf 79' lang='lat' dir='ltr'><strong>hereditatem,</strong></span> <span class='ocrx_word' id='word_1_258' title='bbox 3002 2453 3067 2515; x_wconf 91' lang='lat' dir='ltr'><strong>id</strong></span> <span class='ocrx_word' id='word_1_259' title='bbox 3107 2459 3205 2515; x_wconf 90' lang='lat' dir='ltr'><strong>est</strong></span> <span class='ocrx_word' id='word_1_260' title='bbox 3244 2453 3312 2514; x_wconf 89' lang='lat' dir='ltr'><strong>in</strong></span> <span class='ocrx_word' id='word_1_261' title='bbox 3350 2452 3655 2534; x_wconf 90' lang='lat' dir='ltr'><strong>populum</strong></span> <span class='ocrx_word' id='word_1_262' title='bbox 3700 2451 4008 2514; x_wconf 86' lang='lat' dir='ltr'><strong>heredita-</strong></span> 
     </span>
     <span class='ocr_line' id='line_1_21' title="bbox 1009 2548 4007 2633; baseline -0.001 -21"><span class='ocrx_word' id='word_1_263' title='bbox 1009 2548 1310 2631; x_wconf 83' lang='lat' dir='ltr'><strong>Sequitur</strong></span> <span class='ocrx_word' id='word_1_264' title='bbox 1340 2550 1564 2631; x_wconf 86' lang='lat' dir='ltr'><strong>petitio</strong></span> <span class='ocrx_word' id='word_1_265' title='bbox 1596 2550 1986 2631; x_wconf 88' lang='lat' dir='ltr'><strong>septima.Si</strong></span> <span class='ocrx_word' id='word_1_266' title='bbox 2004 2570 2287 2627; x_wconf 70' lang='lat' dir='ltr'><strong>cyressus</strong></span> <span class='ocrx_word' id='word_1_267' title='bbox 2313 2553 2419 2629; x_wconf 84' lang='lat' dir='ltr'><strong>fu·</strong></span> <span class='ocrx_word' id='word_1_268' title='bbox 2527 2552 2694 2613; x_wconf 89' lang='lat' dir='ltr'><strong>rium</strong></span> <span class='ocrx_word' id='word_1_269' title='bbox 2740 2560 2803 2614; x_wconf 87' lang='lat' dir='ltr'><strong>et</strong></span> <span class='ocrx_word' id='word_1_270' title='bbox 2847 2551 3251 2633; x_wconf 82' lang='lat' dir='ltr'><strong>peculiarem,</strong></span> <span class='ocrx_word' id='word_1_271' title='bbox 3286 2554 3366 2612; x_wconf 88' lang='lat' dir='ltr'><strong>de</strong></span> <span class='ocrx_word' id='word_1_272' title='bbox 3404 2553 3729 2611; x_wconf 81' lang='lat' dir='ltr'><strong>universis</strong></span> <span class='ocrx_word' id='word_1_273' title='bbox 3754 2550 4007 2628; x_wconf 81' lang='lat' dir='ltr'><strong>populis</strong></span> 
     </span>
     <span class='ocr_line' id='line_1_22' title="bbox 925 2647 4001 2730; baseline 0.001 -21"><span class='ocrx_word' id='word_1_274' title='bbox 925 2652 1050 2710; x_wconf 87' lang='lat' dir='ltr'><strong>erit</strong></span> <span class='ocrx_word' id='word_1_275' title='bbox 1071 2653 1354 2727; x_wconf 80' lang='lat' dir='ltr'><strong>populus</strong></span> <span class='ocrx_word' id='word_1_276' title='bbox 1386 2660 1534 2710; x_wconf 81' lang='lat' dir='ltr'><strong>tuus</strong></span> <span class='ocrx_word' id='word_1_277' title='bbox 1561 2652 1649 2709; x_wconf 87' lang='lat' dir='ltr'><strong>ad</strong></span> <span class='ocrx_word' id='word_1_278' title='bbox 1679 2652 1912 2710; x_wconf 82' lang='lat' dir='ltr'><strong>bellum</strong></span> <span class='ocrx_word' id='word_1_279' title='bbox 1939 2660 2163 2709; x_wconf 83' lang='lat' dir='ltr'><strong>contra</strong></span> <span class='ocrx_word' id='word_1_280' title='bbox 2192 2650 2419 2710; x_wconf 81' lang='lat' dir='ltr'><strong>inimi-</strong></span> <span class='ocrx_word' id='word_1_281' title='bbox 2529 2663 2733 2713; x_wconf 80' lang='lat' dir='ltr'><strong>terroe.</strong></span> <span class='ocrx_word' id='word_1_282' title='bbox 2753 2650 3001 2713; x_wconf 87' lang='lat' dir='ltr'><strong>Etenim</strong></span> <span class='ocrx_word' id='word_1_283' title='bbox 3034 2650 3253 2712; x_wconf 89' lang='lat' dir='ltr'><strong>multis</strong></span> <span class='ocrx_word' id='word_1_284' title='bbox 3285 2658 3348 2713; x_wconf 87' lang='lat' dir='ltr'><strong>et</strong></span> <span class='ocrx_word' id='word_1_285' title='bbox 3377 2649 3623 2730; x_wconf 86' lang='lat' dir='ltr'><strong>magnis</strong></span> <span class='ocrx_word' id='word_1_286' title='bbox 3654 2647 4001 2723; x_wconf 79' lang='lat' dir='ltr'><strong>beneficiis,</strong></span> 
     </span>
     <span class='ocr_line' id='line_1_23' title="bbox 925 2748 4005 2829; baseline 0 -21"><span class='ocrx_word' id='word_1_287' title='bbox 925 2768 1025 2808; x_wconf 83' lang='lat' dir='ltr'><strong>cos</strong></span> <span class='ocrx_word' id='word_1_288' title='bbox 1053 2768 1198 2808; x_wconf 85' lang='lat' dir='ltr'><strong>suos</strong></span> <span class='ocrx_word' id='word_1_289' title='bbox 1218 2767 1338 2825; x_wconf 87' lang='lat' dir='ltr'><strong>per</strong></span> <span class='ocrx_word' id='word_1_290' title='bbox 1369 2750 1543 2808; x_wconf 85' lang='lat' dir='ltr'><strong>viam</strong></span> <span class='ocrx_word' id='word_1_291' title='bbox 1571 2768 1966 2827; x_wconf 79' lang='lat' dir='ltr'><strong>quocumque</strong></span> <span class='ocrx_word' id='word_1_292' title='bbox 2005 2748 2257 2809; x_wconf 83' lang='lat' dir='ltr'><strong>miseris</strong></span> <span class='ocrx_word' id='word_1_293' title='bbox 2291 2768 2418 2818; x_wconf 72' lang='lat' dir='ltr'><strong>eoa,</strong></span> <span class='ocrx_word' id='word_1_294' title='bbox 2524 2750 2767 2829; x_wconf 83' lang='lat' dir='ltr'><strong>gratiiS‚</strong></span> <span class='ocrx_word' id='word_1_295' title='bbox 2788 2749 3111 2813; x_wconf 86' lang='lat' dir='ltr'><strong>miraculis</strong></span> <span class='ocrx_word' id='word_1_296' title='bbox 3141 2749 3591 2813; x_wconf 81' lang='lat' dir='ltr'><strong>honorificavit</strong></span> <span class='ocrx_word' id='word_1_297' title='bbox 3620 2757 3683 2812; x_wconf 86' lang='lat' dir='ltr'><strong>et</strong></span> <span class='ocrx_word' id='word_1_298' title='bbox 3710 2748 4005 2811; x_wconf 84' lang='lat' dir='ltr'><strong>exaltavit</strong></span> 
     </span>
     <span class='ocr_line' id='line_1_24' title="bbox 926 2847 4007 2931; baseline 0.001 -24"><span class='ocrx_word' id='word_1_299' title='bbox 926 2849 1203 2907; x_wconf 78' lang='lat' dir='ltr'><strong>orabunt</strong></span> <span class='ocrx_word' id='word_1_300' title='bbox 1254 2856 1310 2907; x_wconf 86' lang='lat' dir='ltr'><strong>te</strong></span> <span class='ocrx_word' id='word_1_301' title='bbox 1365 2856 1590 2906; x_wconf 85' lang='lat' dir='ltr'><strong>contra</strong></span> <span class='ocrx_word' id='word_1_302' title='bbox 1649 2847 1826 2906; x_wconf 85' lang='lat' dir='ltr'><strong>viam</strong></span> <span class='ocrx_word' id='word_1_303' title='bbox 1878 2848 2165 2906; x_wconf 83' lang='lat' dir='ltr'><strong>civitatis</strong></span> <span class='ocrx_word' id='word_1_304' title='bbox 2220 2866 2417 2925; x_wconf 81' lang='lat' dir='ltr'><strong>quam</strong></span> <span class='ocrx_word' id='word_1_305' title='bbox 2527 2850 2687 2911; x_wconf 89' lang='lat' dir='ltr'><strong>Deus</strong></span> <span class='ocrx_word' id='word_1_306' title='bbox 2718 2848 3025 2931; x_wconf 90' lang='lat' dir='ltr'><strong>populum</strong></span> <span class='ocrx_word' id='word_1_307' title='bbox 3058 2848 3627 2930; x_wconf 79' lang='lat' dir='ltr'><strong>illum,praesertim</strong></span> <span class='ocrx_word' id='word_1_308' title='bbox 3650 2849 3806 2930; x_wconf 87' lang='lat' dir='ltr'><strong>quia</strong></span> <span class='ocrx_word' id='word_1_309' title='bbox 3832 2866 3907 2910; x_wconf 85' lang='lat' dir='ltr'><strong>ex</strong></span> <span class='ocrx_word' id='word_1_310' title='bbox 3934 2864 4007 2909; x_wconf 88' lang='lat' dir='ltr'><strong>eo</strong></span> 
     </span>
     <span class='ocr_line' id='line_1_25' title="bbox 927 2944 4008 3024; baseline 0.001 -20"><span class='ocrx_word' id='word_1_311' title='bbox 927 2948 1197 3021; x_wconf 73' lang='lat' dir='ltr'><strong>eleqz&#39;sti,</strong></span> <span class='ocrx_word' id='word_1_312' title='bbox 1232 2944 1296 3008; x_wconf 91' lang='lat' dir='ltr'><strong>id</strong></span> <span class='ocrx_word' id='word_1_313' title='bbox 1329 2952 1425 3007; x_wconf 90' lang='lat' dir='ltr'><strong>est</strong></span> <span class='ocrx_word' id='word_1_314' title='bbox 1456 2944 1638 3006; x_wconf 89' lang='lat' dir='ltr'><strong>vultu</strong></span> <span class='ocrx_word' id='word_1_315' title='bbox 1669 2961 1853 3007; x_wconf 89' lang='lat' dir='ltr'><strong>verso</strong></span> <span class='ocrx_word' id='word_1_316' title='bbox 1883 2944 1962 3005; x_wconf 89' lang='lat' dir='ltr'><strong>ad</strong></span> <span class='ocrx_word' id='word_1_317' title='bbox 1995 2944 2219 3006; x_wconf 86' lang='lat' dir='ltr'><strong>urbem</strong></span> <span class='ocrx_word' id='word_1_318' title='bbox 2250 2945 2419 3007; x_wconf 85' lang='lat' dir='ltr'><strong>Jeru·</strong></span> <span class='ocrx_word' id='word_1_319' title='bbox 2525 2946 2728 3010; x_wconf 88' lang='lat' dir='ltr'><strong>voluit</strong></span> <span class='ocrx_word' id='word_1_320' title='bbox 2759 2946 3098 3009; x_wconf 82' lang='lat' dir='ltr'><strong>incarnari.</strong></span> <span class='ocrx_word' id='word_1_321' title='bbox 3122 2950 3309 3009; x_wconf 85' lang='lat' dir='ltr'><strong>Sicut</strong></span> <span class='ocrx_word' id='word_1_322' title='bbox 3342 2950 3587 3007; x_wconf 78' lang='lat' dir='ltr'><strong>locutus</strong></span> <span class='ocrx_word' id='word_1_323' title='bbox 3612 2968 3677 3007; x_wconf 83' lang='lat' dir='ltr'><strong>es</strong></span> <span class='ocrx_word' id='word_1_324' title='bbox 3698 2967 3823 3024; x_wconf 87' lang='lat' dir='ltr'><strong>per</strong></span> <span class='ocrx_word' id='word_1_325' title='bbox 3842 2948 4008 3022; x_wconf 77' lang='lat' dir='ltr'><strong>Moy-</strong></span> 
     </span>
     <span class='ocr_line' id='line_1_26' title="bbox 931 3042 4272 3127; baseline -0.002 -21"><span class='ocrx_word' id='word_1_326' title='bbox 931 3044 1126 3106; x_wconf 86' lang='lat' dir='ltr'><strong>salem</strong></span> <span class='ocrx_word' id='word_1_327' title='bbox 1157 3052 1222 3105; x_wconf 86' lang='lat' dir='ltr'><strong>et</strong></span> <span class='ocrx_word' id='word_1_328' title='bbox 1249 3044 1326 3105; x_wconf 88' lang='lat' dir='ltr'><strong>ad</strong></span> <span class='ocrx_word' id='word_1_329' title='bbox 1360 3043 1692 3126; x_wconf 85' lang='lat' dir='ltr'><strong>templum,</strong></span> <span class='ocrx_word' id='word_1_330' title='bbox 1724 3054 1783 3104; x_wconf 80' lang='lat' dir='ltr'><strong>et</strong></span> <span class='ocrx_word' id='word_1_331' title='bbox 1813 3047 1901 3104; x_wconf 88' lang='lat' dir='ltr'><strong>ad</strong></span> <span class='ocrx_word' id='word_1_332' title='bbox 1925 3046 2189 3103; x_wconf 83' lang='lat' dir='ltr'><strong>domum</strong></span> <span class='ocrx_word' id='word_1_333' title='bbox 2220 3064 2417 3124; x_wconf 83' lang='lat' dir='ltr'><strong>quam</strong></span> <span class='ocrx_word' id='word_1_334' title='bbox 2451 3048 2495 3111; x_wconf 92' lang='lat' dir='ltr'>C</span> <span class='ocrx_word' id='word_1_335' title='bbox 2524 3066 2634 3107; x_wconf 79' lang='lat' dir='ltr'><strong>sen</strong></span> <span class='ocrx_word' id='word_1_336' title='bbox 2662 3067 2919 3107; x_wconf 83' lang='lat' dir='ltr'><strong>servum</strong></span> <span class='ocrx_word' id='word_1_337' title='bbox 2952 3056 3162 3118; x_wconf 83' lang='lat' dir='ltr'><strong>tuum,</strong></span> <span class='ocrx_word' id='word_1_338' title='bbox 3197 3044 3308 3127; x_wconf 86' lang='lat' dir='ltr'><strong>qui</strong></span> <span class='ocrx_word' id='word_1_339' title='bbox 3347 3044 3440 3105; x_wconf 86' lang='lat' dir='ltr'><strong>ait</strong></span> <span class='ocrx_word' id='word_1_340' title='bbox 3482 3060 3498 3105; x_wconf 89' lang='lat'>:</span> <span class='ocrx_word' id='word_1_341' title='bbox 3541 3043 3627 3106; x_wconf 86' lang='lat' dir='ltr'><strong>Te</strong></span> <span class='ocrx_word' id='word_1_342' title='bbox 3670 3042 3866 3124; x_wconf 84' lang='lat' dir='ltr'><strong>elegit</strong></span> <span class='ocrx_word' id='word_1_343' title='bbox 3900 3044 4009 3105; x_wconf 89' lang='lat' dir='ltr'><strong>Do-</strong></span> <span class='ocrx_word' id='word_1_344' title='bbox 4032 3065 4235 3108; x_wconf 40' lang='lat' dir='ltr'><strong>Deum-na:</strong></span> <span class='ocrx_word' id='word_1_345' title='bbox 4271 3062 4272 3071; x_wconf 56' lang='lat'>¹</span> 
     </span>
     <span class='ocr_line' id='line_1_27' title="bbox 929 3143 4010 3227; baseline -0.001 -21"><span class='ocrx_word' id='word_1_346' title='bbox 929 3145 1257 3221; x_wconf 77' lang='lat' dir='ltr'><strong>oedificavi</strong></span> <span class='ocrx_word' id='word_1_347' title='bbox 1281 3145 1540 3204; x_wconf 85' lang='lat' dir='ltr'><strong>nomini</strong></span> <span class='ocrx_word' id='word_1_348' title='bbox 1572 3153 1700 3214; x_wconf 85' lang='lat' dir='ltr'><strong>tuo,</strong></span> <span class='ocrx_word' id='word_1_349' title='bbox 1735 3153 1795 3204; x_wconf 88' lang='lat' dir='ltr'><strong>et</strong></span> <span class='ocrx_word' id='word_1_350' title='bbox 1823 3145 2132 3203; x_wconf 72' lang='lat' dir='ltr'><strong>emaudies</strong></span> <span class='ocrx_word' id='word_1_351' title='bbox 2163 3146 2236 3204; x_wconf 85' lang='lat' dir='ltr'><strong>in</strong></span> <span class='ocrx_word' id='word_1_352' title='bbox 2266 3147 2417 3203; x_wconf 84' lang='lat' dir='ltr'><strong>coelo</strong></span> <span class='ocrx_word' id='word_1_353' title='bbox 2526 3145 2849 3222; x_wconf 88' lang='lat' dir='ltr'><strong>minus‚ut</strong></span> <span class='ocrx_word' id='word_1_354' title='bbox 2868 3145 2956 3207; x_wconf 90' lang='lat' dir='ltr'><strong>sis</strong></span> <span class='ocrx_word' id='word_1_355' title='bbox 2985 3145 3043 3207; x_wconf 88' lang='lat' dir='ltr'><strong>ei</strong></span> <span class='ocrx_word' id='word_1_356' title='bbox 3074 3144 3351 3227; x_wconf 86' lang='lat' dir='ltr'><strong>populus</strong></span> <span class='ocrx_word' id='word_1_357' title='bbox 3385 3143 3725 3225; x_wconf 87' lang='lat' dir='ltr'><strong>peculiaris</strong></span> <span class='ocrx_word' id='word_1_358' title='bbox 3756 3143 3839 3206; x_wconf 86' lang='lat' dir='ltr'><strong>de</strong></span> <span class='ocrx_word' id='word_1_359' title='bbox 3868 3161 4010 3206; x_wconf 89' lang='lat' dir='ltr'><strong>cun·</strong></span> 
     </span>
     <span class='ocr_line' id='line_1_28' title="bbox 932 3243 4009 3326; baseline -0 -23"><span class='ocrx_word' id='word_1_360' title='bbox 932 3243 1253 3304; x_wconf 82' lang='lat' dir='ltr'><strong>orationes</strong></span> <span class='ocrx_word' id='word_1_361' title='bbox 1281 3263 1500 3302; x_wconf 85' lang='lat' dir='ltr'><strong>eorum</strong></span> <span class='ocrx_word' id='word_1_362' title='bbox 1530 3253 1590 3302; x_wconf 87' lang='lat' dir='ltr'><strong>et</strong></span> <span class='ocrx_word' id='word_1_363' title='bbox 1612 3263 1830 3320; x_wconf 80' lang='lat' dir='ltr'><strong>preces</strong></span> <span class='ocrx_word' id='word_1_364' title='bbox 1856 3262 2102 3312; x_wconf 85' lang='lat' dir='ltr'><strong>eorum,</strong></span> <span class='ocrx_word' id='word_1_365' title='bbox 2131 3251 2191 3303; x_wconf 83' lang='lat' dir='ltr'><strong>et</strong></span> <span class='ocrx_word' id='word_1_366' title='bbox 2220 3243 2419 3320; x_wconf 77' lang='lat' dir='ltr'><strong>facies</strong></span> <span class='ocrx_word' id='word_1_367' title='bbox 2527 3243 2646 3308; x_wconf 88' lang='lat' dir='ltr'><strong>ctis</strong></span> <span class='ocrx_word' id='word_1_368' title='bbox 2676 3243 2932 3326; x_wconf 89' lang='lat' dir='ltr'><strong>populis</strong></span> <span class='ocrx_word' id='word_1_369' title='bbox 2953 3243 3064 3324; x_wconf 84' lang='lat' dir='ltr'><strong>qui</strong></span> <span class='ocrx_word' id='word_1_370' title='bbox 3085 3251 3235 3306; x_wconf 86' lang='lat' dir='ltr'><strong>sunt</strong></span> <span class='ocrx_word' id='word_1_371' title='bbox 3255 3260 3446 3324; x_wconf 86' lang='lat' dir='ltr'><strong>super</strong></span> <span class='ocrx_word' id='word_1_372' title='bbox 3468 3249 3695 3304; x_wconf 85' lang='lat' dir='ltr'><strong>terram</strong></span> <span class='ocrx_word' id='word_1_373' title='bbox 3714 3265 3731 3317; x_wconf 87' lang='lat'>;</span> <span class='ocrx_word' id='word_1_374' title='bbox 3753 3245 4009 3322; x_wconf 80' lang='lat' dir='ltr'><strong>quando</strong></span> 
     </span>
     <span class='ocr_line' id='line_1_29' title="bbox 917 3342 4009 3420; baseline -0 -19"><span class='ocrx_word' id='word_1_375' title='bbox 917 3342 1262 3419; x_wconf 83' lang='lat' dir='ltr'><strong>judicium</strong></span> <span class='ocrx_word' id='word_1_376' title='bbox 1290 3361 1534 3402; x_wconf 85' lang='lat' dir='ltr'><strong>eorum.</strong></span> <span class='ocrx_word' id='word_1_377' title='bbox 1571 3345 1752 3410; x_wconf 84' lang='lat' dir='ltr'><strong>Quod</strong></span> <span class='ocrx_word' id='word_1_378' title='bbox 1779 3343 1838 3400; x_wconf 86' lang='lat' dir='ltr'><strong>si</strong></span> <span class='ocrx_word' id='word_1_379' title='bbox 1859 3342 2268 3417; x_wconf 86' lang='lat' dir='ltr'><strong>peccaverint</strong></span> <span class='ocrx_word' id='word_1_380' title='bbox 2302 3342 2421 3400; x_wconf 86' lang='lat' dir='ltr'><strong>tibi</strong></span> <span class='ocrx_word' id='word_1_381' title='bbox 2528 3344 2817 3404; x_wconf 73' lang='lat' dir='ltr'><strong>edua-isti</strong></span> <span class='ocrx_word' id='word_1_382' title='bbox 2832 3352 3049 3420; x_wconf 81' lang='lat' dir='ltr'><strong>patres</strong></span> <span class='ocrx_word' id='word_1_383' title='bbox 3068 3351 3311 3403; x_wconf 81' lang='lat' dir='ltr'><strong>nostros</strong></span> <span class='ocrx_word' id='word_1_384' title='bbox 3329 3345 3409 3402; x_wconf 88' lang='lat' dir='ltr'><strong>de</strong></span> <span class='ocrx_word' id='word_1_385' title='bbox 3420 3344 3723 3419; x_wconf 71' lang='lat' dir='ltr'><strong>AEqyptO,</strong></span> <span class='ocrx_word' id='word_1_386' title='bbox 3742 3343 4009 3402; x_wconf 77' lang='lat' dir='ltr'><strong>Domine</strong></span> 
     </span>
     <span class='ocr_line' id='line_1_30' title="bbox 931 3440 2724 3517; baseline 0.001 -17"><span class='ocrx_word' id='word_1_387' title='bbox 931 3443 1090 3516; x_wconf 70' lang='lat' dir='ltr'><strong>(non</strong></span> <span class='ocrx_word' id='word_1_388' title='bbox 1112 3449 1200 3499; x_wconf 85' lang='lat' dir='ltr'><strong>est</strong></span> <span class='ocrx_word' id='word_1_389' title='bbox 1226 3441 1401 3499; x_wconf 86' lang='lat' dir='ltr'><strong>enim</strong></span> <span class='ocrx_word' id='word_1_390' title='bbox 1433 3441 1615 3500; x_wconf 75' lang='lat' dir='ltr'><strong>homo</strong></span> <span class='ocrx_word' id='word_1_391' title='bbox 1645 3440 1762 3517; x_wconf 81' lang='lat' dir='ltr'><strong>qui</strong></span> <span class='ocrx_word' id='word_1_392' title='bbox 1790 3459 1920 3499; x_wconf 83' lang='lat' dir='ltr'><strong>non</strong></span> <span class='ocrx_word' id='word_1_393' title='bbox 1943 3441 2200 3517; x_wconf 87' lang='lat' dir='ltr'><strong>peccet),</strong></span> <span class='ocrx_word' id='word_1_394' title='bbox 2218 3448 2275 3498; x_wconf 90' lang='lat' dir='ltr'><strong>et</strong></span> <span class='ocrx_word' id='word_1_395' title='bbox 2296 3441 2423 3498; x_wconf 83' lang='lat' dir='ltr'><strong>ira·</strong></span> <span class='ocrx_word' id='word_1_396' title='bbox 2529 3445 2724 3503; x_wconf 72' lang='lat' dir='ltr'><strong>Deua.</strong></span> 
     </span>
     <span class='ocr_line' id='line_1_31' title="bbox 937 3537 4011 3618; baseline 0 -20"><span class='ocrx_word' id='word_1_397' title='bbox 937 3549 1038 3598; x_wconf 75' lang='lat' dir='ltr'><strong>tus</strong></span> <span class='ocrx_word' id='word_1_398' title='bbox 1069 3539 1420 3598; x_wconf 77' lang='lat' dir='ltr'><strong>tradideris</strong></span> <span class='ocrx_word' id='word_1_399' title='bbox 1447 3557 1548 3597; x_wconf 83' lang='lat' dir='ltr'><strong>eos</strong></span> <span class='ocrx_word' id='word_1_400' title='bbox 1577 3538 1868 3598; x_wconf 80' lang='lat' dir='ltr'><strong>inimicis</strong></span> <span class='ocrx_word' id='word_1_401' title='bbox 1896 3538 2055 3608; x_wconf 70' lang='lat' dir='ltr'><strong>saie,</strong></span> <span class='ocrx_word' id='word_1_402' title='bbox 2087 3547 2147 3597; x_wconf 88' lang='lat' dir='ltr'><strong>et</strong></span> <span class='ocrx_word' id='word_1_403' title='bbox 2175 3537 2423 3613; x_wconf 82' lang='lat' dir='ltr'><strong>captivi</strong></span> <span class='ocrx_word' id='word_1_404' title='bbox 2608 3544 2883 3600; x_wconf 85' lang='lat' dir='ltr'><strong>Factum</strong></span> <span class='ocrx_word' id='word_1_405' title='bbox 2914 3548 3003 3599; x_wconf 83' lang='lat' dir='ltr'><strong>est</strong></span> <span class='ocrx_word' id='word_1_406' title='bbox 3033 3548 3249 3600; x_wconf 83' lang='lat' dir='ltr'><strong>autem</strong></span> <span class='ocrx_word' id='word_1_407' title='bbox 3278 3559 3483 3618; x_wconf 80' lang='lat' dir='ltr'><strong>quum</strong></span> <span class='ocrx_word' id='word_1_408' title='bbox 3509 3541 3875 3615; x_wconf 77' lang='lat' dir='ltr'><strong>complesset</strong></span> <span class='ocrx_word' id='word_1_409' title='bbox 3902 3541 4011 3599; x_wconf 85' lang='lat' dir='ltr'><strong>Sa·</strong></span> 
     </span>
     <span class='ocr_line' id='line_1_32' title="bbox 933 3637 4009 3715; baseline 0 -19"><span class='ocrx_word' id='word_1_410' title='bbox 933 3638 1117 3697; x_wconf 83' lang='lat' dir='ltr'><strong>ducti</strong></span> <span class='ocrx_word' id='word_1_411' title='bbox 1145 3639 1400 3715; x_wconf 84' lang='lat' dir='ltr'><strong>fuerint</strong></span> <span class='ocrx_word' id='word_1_412' title='bbox 1426 3638 1499 3696; x_wconf 89' lang='lat' dir='ltr'><strong>in</strong></span> <span class='ocrx_word' id='word_1_413' title='bbox 1529 3646 1766 3696; x_wconf 81' lang='lat' dir='ltr'><strong>terram</strong></span> <span class='ocrx_word' id='word_1_414' title='bbox 1787 3637 2222 3704; x_wconf 85' lang='lat' dir='ltr'><strong>inimicorum,</strong></span> <span class='ocrx_word' id='word_1_415' title='bbox 2242 3639 2423 3712; x_wconf 71' lang='lat' dir='ltr'><strong>lonqe</strong></span> <span class='ocrx_word' id='word_1_416' title='bbox 2536 3643 2739 3699; x_wconf 85' lang='lat' dir='ltr'><strong>lomon</strong></span> <span class='ocrx_word' id='word_1_417' title='bbox 2774 3657 2965 3698; x_wconf 85' lang='lat' dir='ltr'><strong>orans</strong></span> <span class='ocrx_word' id='word_1_418' title='bbox 2988 3639 3363 3708; x_wconf 85' lang='lat' dir='ltr'><strong>Dominum,</strong></span> <span class='ocrx_word' id='word_1_419' title='bbox 3382 3655 3630 3697; x_wconf 82' lang='lat' dir='ltr'><strong>omnem</strong></span> <span class='ocrx_word' id='word_1_420' title='bbox 3658 3638 4009 3696; x_wconf 82' lang='lat' dir='ltr'><strong>orationem</strong></span> 
     </span>
     <span class='ocr_line' id='line_1_33' title="bbox 935 3735 4013 3814; baseline 0 -20"><span class='ocrx_word' id='word_1_421' title='bbox 935 3739 1036 3794; x_wconf 82' lang='lat' dir='ltr'><strong>vel</strong></span> <span class='ocrx_word' id='word_1_422' title='bbox 1057 3755 1283 3812; x_wconf 86' lang='lat' dir='ltr'><strong>prope,</strong></span> <span class='ocrx_word' id='word_1_423' title='bbox 1301 3744 1361 3795; x_wconf 83' lang='lat' dir='ltr'><strong>et</strong></span> <span class='ocrx_word' id='word_1_424' title='bbox 1390 3736 1636 3811; x_wconf 71' lang='lat' dir='ltr'><strong>eyerint</strong></span> <span class='ocrx_word' id='word_1_425' title='bbox 1660 3735 2112 3812; x_wconf 68' lang='lat' dir='ltr'><strong>poenitentiam</strong></span> <span class='ocrx_word' id='word_1_426' title='bbox 2135 3739 2208 3794; x_wconf 90' lang='lat' dir='ltr'><strong>in</strong></span> <span class='ocrx_word' id='word_1_427' title='bbox 2238 3736 2424 3792; x_wconf 88' lang='lat' dir='ltr'><strong>corde</strong></span> <span class='ocrx_word' id='word_1_428' title='bbox 2530 3748 2589 3798; x_wconf 89' lang='lat' dir='ltr'><strong>et</strong></span> <span class='ocrx_word' id='word_1_429' title='bbox 2628 3739 3140 3814; x_wconf 79' lang='lat' dir='ltr'><strong>deprecationem</strong></span> <span class='ocrx_word' id='word_1_430' title='bbox 3186 3739 3379 3806; x_wconf 67' lang='lat' dir='ltr'><strong>lianc,</strong></span> <span class='ocrx_word' id='word_1_431' title='bbox 3420 3736 3708 3795; x_wconf 65' lang='lat' dir='ltr'><strong>surremit</strong></span> <span class='ocrx_word' id='word_1_432' title='bbox 3752 3737 3835 3794; x_wconf 85' lang='lat' dir='ltr'><strong>de</strong></span> <span class='ocrx_word' id='word_1_433' title='bbox 3874 3755 4013 3794; x_wconf 82' lang='lat' dir='ltr'><strong>con—</strong></span> 
     </span>
     <span class='ocr_line' id='line_1_34' title="bbox 933 3834 4011 3914; baseline -0.001 -20"><span class='ocrx_word' id='word_1_434' title='bbox 933 3853 1048 3894; x_wconf 84' lang='lat' dir='ltr'><strong>suo</strong></span> <span class='ocrx_word' id='word_1_435' title='bbox 1079 3834 1152 3892; x_wconf 90' lang='lat' dir='ltr'><strong>in</strong></span> <span class='ocrx_word' id='word_1_436' title='bbox 1185 3837 1314 3893; x_wconf 84' lang='lat' dir='ltr'><strong>loco</strong></span> <span class='ocrx_word' id='word_1_437' title='bbox 1343 3835 1764 3909; x_wconf 72' lang='lat' dir='ltr'><strong>captz&#39;vitatiS,</strong></span> <span class='ocrx_word' id='word_1_438' title='bbox 1788 3843 1847 3893; x_wconf 91' lang='lat' dir='ltr'><strong>et</strong></span> <span class='ocrx_word' id='word_1_439' title='bbox 1876 3834 2189 3902; x_wconf 84' lang='lat' dir='ltr'><strong>conversi,</strong></span> <span class='ocrx_word' id='word_1_440' title='bbox 2209 3834 2425 3908; x_wconf 85' lang='lat' dir='ltr'><strong>depre-</strong></span> <span class='ocrx_word' id='word_1_441' title='bbox 2530 3845 2749 3914; x_wconf 85' lang='lat' dir='ltr'><strong>spectu</strong></span> <span class='ocrx_word' id='word_1_442' title='bbox 2806 3837 3040 3896; x_wconf 78' lang='lat' dir='ltr'><strong>altaris</strong></span> <span class='ocrx_word' id='word_1_443' title='bbox 3088 3834 3379 3894; x_wconf 78' lang='lat' dir='ltr'><strong>Domini.</strong></span> <span class='ocrx_word' id='word_1_444' title='bbox 3445 3835 3801 3912; x_wconf 83' lang='lat' dir='ltr'><strong>Utrumque</strong></span> <span class='ocrx_word' id='word_1_445' title='bbox 3844 3834 4011 3892; x_wconf 79' lang='lat' dir='ltr'><strong>enim</strong></span> 
     </span>
     <span class='ocr_line' id='line_1_35' title="bbox 937 3933 4015 4012; baseline -0.001 -20"><span class='ocrx_word' id='word_1_446' title='bbox 937 3934 1069 3994; x_wconf 87' lang='lat' dir='ltr'><strong>cati</strong></span> <span class='ocrx_word' id='word_1_447' title='bbox 1110 3942 1166 3993; x_wconf 89' lang='lat' dir='ltr'><strong>te</strong></span> <span class='ocrx_word' id='word_1_448' title='bbox 1204 3933 1460 4008; x_wconf 82' lang='lat' dir='ltr'><strong>fuerint</strong></span> <span class='ocrx_word' id='word_1_449' title='bbox 1503 3933 1575 3992; x_wconf 85' lang='lat' dir='ltr'><strong>in</strong></span> <span class='ocrx_word' id='word_1_450' title='bbox 1617 3933 1994 4008; x_wconf 78' lang='lat' dir='ltr'><strong>captivitate</strong></span> <span class='ocrx_word' id='word_1_451' title='bbox 2033 3951 2176 4002; x_wconf 81' lang='lat' dir='ltr'><strong>sua,</strong></span> <span class='ocrx_word' id='word_1_452' title='bbox 2210 3933 2427 3990; x_wconf 87' lang='lat' dir='ltr'><strong>dicen-</strong></span> <span class='ocrx_word' id='word_1_453' title='bbox 2526 3954 2697 4012; x_wconf 62' lang='lat' dir='ltr'><strong>,qenu</strong></span> <span class='ocrx_word' id='word_1_454' title='bbox 2742 3937 2816 3994; x_wconf 89' lang='lat' dir='ltr'><strong>in</strong></span> <span class='ocrx_word' id='word_1_455' title='bbox 2858 3943 3097 3994; x_wconf 86' lang='lat' dir='ltr'><strong>terram</strong></span> <span class='ocrx_word' id='word_1_456' title='bbox 3136 3936 3400 4010; x_wconf 74' lang='lat' dir='ltr'><strong>fixerat,</strong></span> <span class='ocrx_word' id='word_1_457' title='bbox 3427 3941 3487 3992; x_wconf 86' lang='lat' dir='ltr'><strong>et</strong></span> <span class='ocrx_word' id='word_1_458' title='bbox 3522 3951 3757 3992; x_wconf 70' lang='lat' dir='ltr'><strong>manus</strong></span> <span class='ocrx_word' id='word_1_459' title='bbox 3787 3951 4015 4009; x_wconf 61' lang='lat' dir='ltr'><strong>appan·</strong></span> 
     </span>
     <span class='ocr_line' id='line_1_36' title="bbox 941 4029 4017 4107; baseline -0.003 -9"><span class='ocrx_word' id='word_1_460' title='bbox 941 4040 1025 4091; x_wconf 77' lang='lat' dir='ltr'><strong>ces</strong></span> <span class='ocrx_word' id='word_1_461' title='bbox 1071 4051 1093 4090; x_wconf 86' lang='lat'><strong>··</strong></span> <span class='ocrx_word' id='word_1_462' title='bbox 1141 4031 1583 4098; x_wconf 78' lang='lat' dir='ltr'><strong>Peccavimus,</strong></span> <span class='ocrx_word' id='word_1_463' title='bbox 1633 4030 1858 4107; x_wconf 77' lang='lat' dir='ltr'><strong>inique</strong></span> <span class='ocrx_word' id='word_1_464' title='bbox 1904 4030 2177 4105; x_wconf 59' lang='grc' dir='ltr'><strong>θρέψαις,</strong></span> <span class='ocrx_word' id='word_1_465' title='bbox 2227 4029 2427 4104; x_wconf 79' lang='lat' dir='ltr'><strong>impie</strong></span> <span class='ocrx_word' id='word_1_466' title='bbox 2534 4037 2719 4094; x_wconf 76' lang='lat' dir='ltr'><strong>derat</strong></span> <span class='ocrx_word' id='word_1_467' title='bbox 2748 4035 2821 4092; x_wconf 79' lang='lat' dir='ltr'><strong>in</strong></span> <span class='ocrx_word' id='word_1_468' title='bbox 2852 4035 3083 4093; x_wconf 81' lang='lat' dir='ltr'><strong>coelum</strong></span> <span class='ocrx_word' id='word_1_469' title='bbox 3112 4049 3219 4093; x_wconf 84' lang='lat' dir='ltr'><strong>rex</strong></span> <span class='ocrx_word' id='word_1_470' title='bbox 3260 4029 3579 4106; x_wconf 88' lang='lat' dir='ltr'><strong>Salomon,</strong></span> <span class='ocrx_word' id='word_1_471' title='bbox 3612 4037 3683 4091; x_wconf 92' lang='lat' dir='ltr'><strong>ut</strong></span> <span class='ocrx_word' id='word_1_472' title='bbox 3712 4029 4017 4091; x_wconf 85' lang='lat' dir='ltr'><strong>humilius</strong></span> 
     </span>
     <span class='ocr_line' id='line_1_37' title="bbox 933 4127 4019 4210; baseline -0.004 -11"><span class='ocrx_word' id='word_1_473' title='bbox 933 4129 1289 4206; x_wconf 67' lang='lat' dir='ltr'><strong>yeSSimu-S›·</strong></span> <span class='ocrx_word' id='word_1_474' title='bbox 1317 4137 1376 4188; x_wconf 71' lang='lat'><strong>8⁸</strong></span> <span class='ocrx_word' id='word_1_475' title='bbox 1405 4128 1645 4188; x_wconf 73' lang='lat' dir='ltr'><strong>reversi</strong></span> <span class='ocrx_word' id='word_1_476' title='bbox 1671 4129 1924 4204; x_wconf 71' lang='lat' dir='ltr'><strong>fuerint</strong></span> <span class='ocrx_word' id='word_1_477' title='bbox 1955 4130 2043 4187; x_wconf 82' lang='lat' dir='ltr'><strong>ad</strong></span> <span class='ocrx_word' id='word_1_478' title='bbox 2075 4137 2155 4197; x_wconf 77' lang='lat' dir='ltr'><strong>te,</strong></span> <span class='ocrx_word' id='word_1_479' title='bbox 2177 4129 2249 4186; x_wconf 85' lang='lat' dir='ltr'><strong>in</strong></span> <span class='ocrx_word' id='word_1_480' title='bbox 2286 4129 2429 4188; x_wconf 87' lang='lat' dir='ltr'><strong>uni·</strong></span> <span class='ocrx_word' id='word_1_481' title='bbox 2536 4131 2873 4194; x_wconf 89' lang='lat' dir='ltr'><strong>Dominum</strong></span> <span class='ocrx_word' id='word_1_482' title='bbox 2906 4138 3213 4192; x_wconf 79' lang='lat' dir='ltr'><strong>exoraret.</strong></span> <span class='ocrx_word' id='word_1_483' title='bbox 3253 4129 3449 4203; x_wconf 85' lang='lat' dir='ltr'><strong>Quam</strong></span> <span class='ocrx_word' id='word_1_484' title='bbox 3491 4127 4019 4210; x_wconf 87' lang='lat' dir='ltr'><strong>reprehensibiles</strong></span> 
     </span>
     <span class='ocr_line' id='line_1_38' title="bbox 942 4225 4020 4310; baseline 0.001 -24"><span class='ocrx_word' id='word_1_485' title='bbox 942 4246 1116 4286; x_wconf 83' lang='lat' dir='ltr'><strong>verso</strong></span> <span class='ocrx_word' id='word_1_486' title='bbox 1145 4230 1332 4287; x_wconf 86' lang='lat' dir='ltr'><strong>corde</strong></span> <span class='ocrx_word' id='word_1_487' title='bbox 1359 4247 1472 4286; x_wconf 82' lang='lat' dir='ltr'><strong>suo</strong></span> <span class='ocrx_word' id='word_1_488' title='bbox 1501 4237 1561 4286; x_wconf 90' lang='lat' dir='ltr'><strong>et</strong></span> <span class='ocrx_word' id='word_1_489' title='bbox 1595 4236 1721 4287; x_wconf 87' lang='lat' dir='ltr'><strong>tota</strong></span> <span class='ocrx_word' id='word_1_490' title='bbox 1752 4228 1978 4286; x_wconf 84' lang='lat' dir='ltr'><strong>anima</strong></span> <span class='ocrx_word' id='word_1_491' title='bbox 1998 4227 2231 4292; x_wconf 82' lang='lat' dir='ltr'><strong>sua.in</strong></span> <span class='ocrx_word' id='word_1_492' title='bbox 2256 4237 2427 4286; x_wconf 89' lang='lat' dir='ltr'><strong>terra</strong></span> <span class='ocrx_word' id='word_1_493' title='bbox 2457 4228 2508 4291; x_wconf 93' lang='lat' dir='ltr'><strong>D</strong></span> <span class='ocrx_word' id='word_1_494' title='bbox 2538 4247 2686 4309; x_wconf 83' lang='lat' dir='ltr'><strong>ergo</strong></span> <span class='ocrx_word' id='word_1_495' title='bbox 2717 4237 2889 4304; x_wconf 90' lang='lat' dir='ltr'><strong>sunt,</strong></span> <span class='ocrx_word' id='word_1_496' title='bbox 2922 4229 3035 4310; x_wconf 89' lang='lat' dir='ltr'><strong>qui</strong></span> <span class='ocrx_word' id='word_1_497' title='bbox 3076 4236 3363 4310; x_wconf 88' lang='lat' dir='ltr'><strong>tempore</strong></span> <span class='ocrx_word' id='word_1_498' title='bbox 3402 4225 3776 4290; x_wconf 87' lang='lat' dir='ltr'><strong>elevationis</strong></span> <span class='ocrx_word' id='word_1_499' title='bbox 3818 4245 4020 4306; x_wconf 83' lang='lat' dir='ltr'><strong>genua</strong></span> 
     </span>
     <span class='ocr_line' id='line_1_39' title="bbox 941 4325 4019 4408; baseline 0 -23"><span class='ocrx_word' id='word_1_500' title='bbox 941 4327 1362 4386; x_wconf 81' lang='lat' dir='ltr'><strong>inimicorum</strong></span> <span class='ocrx_word' id='word_1_501' title='bbox 1391 4346 1678 4395; x_wconf 84' lang='lat' dir='ltr'><strong>suorum,</strong></span> <span class='ocrx_word' id='word_1_502' title='bbox 1698 4329 1786 4385; x_wconf 85' lang='lat' dir='ltr'><strong>ad</strong></span> <span class='ocrx_word' id='word_1_503' title='bbox 1813 4346 2009 4405; x_wconf 79' lang='lat' dir='ltr'><strong>quam</strong></span> <span class='ocrx_word' id='word_1_504' title='bbox 2039 4327 2286 4403; x_wconf 79' lang='lat' dir='ltr'><strong>captivi</strong></span> <span class='ocrx_word' id='word_1_505' title='bbox 2312 4327 2429 4385; x_wconf 87' lang='lat' dir='ltr'><strong>du·</strong></span> <span class='ocrx_word' id='word_1_506' title='bbox 2538 4348 2653 4391; x_wconf 85' lang='lat' dir='ltr'><strong>sua</strong></span> <span class='ocrx_word' id='word_1_507' title='bbox 2684 4347 2809 4392; x_wconf 92' lang='lat' dir='ltr'><strong>non</strong></span> <span class='ocrx_word' id='word_1_508' title='bbox 2843 4326 3133 4402; x_wconf 82' lang='lat' dir='ltr'><strong>flectunt,</strong></span> <span class='ocrx_word' id='word_1_509' title='bbox 3160 4327 3314 4388; x_wconf 88' lang='lat' dir='ltr'><strong>dum</strong></span> <span class='ocrx_word' id='word_1_510' title='bbox 3344 4333 3769 4408; x_wconf 87' lang='lat' dir='ltr'><strong>opportunum</strong></span> <span class='ocrx_word' id='word_1_511' title='bbox 3804 4326 3884 4388; x_wconf 86' lang='lat' dir='ltr'><strong>ad</strong></span> <span class='ocrx_word' id='word_1_512' title='bbox 3906 4325 4019 4388; x_wconf 89' lang='lat' dir='ltr'><strong>hoc</strong></span> 
     </span>
     <span class='ocr_line' id='line_1_40' title="bbox 941 4422 4021 4505; baseline 0 -21"><span class='ocrx_word' id='word_1_513' title='bbox 941 4427 1030 4484; x_wconf 83' lang='lat' dir='ltr'><strong>cti</strong></span> <span class='ocrx_word' id='word_1_514' title='bbox 1048 4425 1302 4499; x_wconf 84' lang='lat' dir='ltr'><strong>fuerint</strong></span> <span class='ocrx_word' id='word_1_515' title='bbox 1323 4422 1389 4485; x_wconf 90' lang='lat' dir='ltr'><strong>in</strong></span> <span class='ocrx_word' id='word_1_516' title='bbox 1423 4441 1675 4505; x_wconf 89' lang='lat' dir='ltr'><strong>poenam</strong></span> <span class='ocrx_word' id='word_1_517' title='bbox 1708 4443 1836 4486; x_wconf 81' lang='lat' dir='ltr'><strong>suae</strong></span> <span class='ocrx_word' id='word_1_518' title='bbox 1865 4423 2423 4505; x_wconf 78' lang='lat' dir='ltr'><strong>praevaricationiS,</strong></span> <span class='ocrx_word' id='word_1_519' title='bbox 2538 4427 2776 4490; x_wconf 85' lang='lat' dir='ltr'><strong>habent</strong></span> <span class='ocrx_word' id='word_1_520' title='bbox 2815 4426 3060 4489; x_wconf 85' lang='lat' dir='ltr'><strong>locum!</strong></span> <span class='ocrx_word' id='word_1_521' title='bbox 3096 4424 3429 4502; x_wconf 63' lang='lat' dir='ltr'><strong>Quaeritur,</strong></span> <span class='ocrx_word' id='word_1_522' title='bbox 3462 4423 3740 4505; x_wconf 83' lang='lat' dir='ltr'><strong>qualiter</strong></span> <span class='ocrx_word' id='word_1_523' title='bbox 3778 4424 3887 4487; x_wconf 91' lang='lat' dir='ltr'><strong>hic</strong></span> <span class='ocrx_word' id='word_1_524' title='bbox 3930 4423 4021 4486; x_wconf 89' lang='lat' dir='ltr'><strong>di-</strong></span> 
     </span>
     <span class='ocr_line' id='line_1_41' title="bbox 939 4521 4019 4603; baseline 0 -19"><span class='ocrx_word' id='word_1_525' title='bbox 939 4533 1002 4584; x_wconf 85' lang='lat' dir='ltr'><strong>et</strong></span> <span class='ocrx_word' id='word_1_526' title='bbox 1049 4524 1380 4582; x_wconf 80' lang='lat' dir='ltr'><strong>oraverint</strong></span> <span class='ocrx_word' id='word_1_527' title='bbox 1429 4533 1484 4583; x_wconf 90' lang='lat' dir='ltr'><strong>te</strong></span> <span class='ocrx_word' id='word_1_528' title='bbox 1531 4533 1754 4584; x_wconf 83' lang='lat' dir='ltr'><strong>contra</strong></span> <span class='ocrx_word' id='word_1_529' title='bbox 1811 4525 1988 4582; x_wconf 87' lang='lat' dir='ltr'><strong>viam</strong></span> <span class='ocrx_word' id='word_1_530' title='bbox 2037 4533 2223 4584; x_wconf 79' lang='lat' dir='ltr'><strong>terroe</strong></span> <span class='ocrx_word' id='word_1_531' title='bbox 2269 4544 2425 4595; x_wconf 80' lang='lat' dir='ltr'><strong>suoe,</strong></span> <span class='ocrx_word' id='word_1_532' title='bbox 2539 4535 2718 4590; x_wconf 85' lang='lat' dir='ltr'><strong>catur</strong></span> <span class='ocrx_word' id='word_1_533' title='bbox 2762 4525 3056 4588; x_wconf 87' lang='lat' dir='ltr'><strong>Salomon</strong></span> <span class='ocrx_word' id='word_1_534' title='bbox 3102 4542 3311 4603; x_wconf 79' lang='lat' dir='ltr'><strong>genua</strong></span> <span class='ocrx_word' id='word_1_535' title='bbox 3360 4543 3473 4584; x_wconf 89' lang='lat' dir='ltr'><strong>sua</strong></span> <span class='ocrx_word' id='word_1_536' title='bbox 3524 4521 3745 4585; x_wconf 85' lang='lat' dir='ltr'><strong>fixisse</strong></span> <span class='ocrx_word' id='word_1_537' title='bbox 3790 4522 3860 4585; x_wconf 90' lang='lat' dir='ltr'><strong>in</strong></span> <span class='ocrx_word' id='word_1_538' title='bbox 3903 4533 4019 4584; x_wconf 84' lang='lat' dir='ltr'><strong>ter-</strong></span> 
     </span>
     <span class='ocr_line' id='line_1_42' title="bbox 943 4622 4015 4706; baseline 0.001 -24"><span class='ocrx_word' id='word_1_539' title='bbox 943 4643 1142 4702; x_wconf 84' lang='lat' dir='ltr'><strong>quam</strong></span> <span class='ocrx_word' id='word_1_540' title='bbox 1169 4623 1409 4682; x_wconf 83' lang='lat' dir='ltr'><strong>dedisti</strong></span> <span class='ocrx_word' id='word_1_541' title='bbox 1429 4623 1732 4698; x_wconf 83' lang='lat' dir='ltr'><strong>patribus</strong></span> <span class='ocrx_word' id='word_1_542' title='bbox 1769 4641 2016 4692; x_wconf 87' lang='lat' dir='ltr'><strong>eoru-m,</strong></span> <span class='ocrx_word' id='word_1_543' title='bbox 2044 4631 2105 4682; x_wconf 82' lang='lat' dir='ltr'><strong>et</strong></span> <span class='ocrx_word' id='word_1_544' title='bbox 2143 4623 2429 4683; x_wconf 81' lang='lat' dir='ltr'><strong>civitatis</strong></span> <span class='ocrx_word' id='word_1_545' title='bbox 2540 4646 2695 4703; x_wconf 89' lang='lat' dir='ltr'><strong>ram,</strong></span> <span class='ocrx_word' id='word_1_546' title='bbox 2748 4643 2947 4706; x_wconf 89' lang='lat' dir='ltr'><strong>quum</strong></span> <span class='ocrx_word' id='word_1_547' title='bbox 3011 4623 3077 4685; x_wconf 89' lang='lat' dir='ltr'><strong>in</strong></span> <span class='ocrx_word' id='word_1_548' title='bbox 3130 4622 3656 4704; x_wconf 87' lang='lat' dir='ltr'><strong>Paralipomenon</strong></span> <span class='ocrx_word' id='word_1_549' title='bbox 3712 4623 4015 4704; x_wconf 84' lang='lat' dir='ltr'><strong>scriptum</strong></span> 
     </span>
     <span class='ocr_line' id='line_1_43' title="bbox 942 4715 4272 4805; baseline -0.002 -23"><span class='ocrx_word' id='word_1_550' title='bbox 942 4742 1141 4802; x_wconf 80' lang='lat' dir='ltr'><strong>quam</strong></span> <span class='ocrx_word' id='word_1_551' title='bbox 1191 4722 1462 4798; x_wconf 61' lang='lat' dir='ltr'><strong>elegisti,</strong></span> <span class='ocrx_word' id='word_1_552' title='bbox 1509 4731 1568 4781; x_wconf 88' lang='lat' dir='ltr'><strong>et</strong></span> <span class='ocrx_word' id='word_1_553' title='bbox 1617 4723 1840 4796; x_wconf 86' lang='lat' dir='ltr'><strong>templi</strong></span> <span class='ocrx_word' id='word_1_554' title='bbox 1887 4723 2058 4800; x_wconf 79' lang='lat' dir='ltr'><strong>quod</strong></span> <span class='ocrx_word' id='word_1_555' title='bbox 2103 4722 2431 4798; x_wconf 70' lang='lat' dir='ltr'><strong>&lt;edificavi</strong></span> <span class='ocrx_word' id='word_1_556' title='bbox 2540 4725 2645 4800; x_wconf 89' lang='lat' dir='ltr'><strong>sit,</strong></span> <span class='ocrx_word' id='word_1_557' title='bbox 2668 4724 2839 4805; x_wconf 87' lang='lat' dir='ltr'><strong>quod</strong></span> <span class='ocrx_word' id='word_1_558' title='bbox 2873 4741 3064 4805; x_wconf 88' lang='lat' dir='ltr'><strong>super</strong></span> <span class='ocrx_word' id='word_1_559' title='bbox 3096 4740 3335 4784; x_wconf 82' lang='lat' dir='ltr'><strong>aeneam</strong></span> <span class='ocrx_word' id='word_1_560' title='bbox 3365 4719 3568 4783; x_wconf 87' lang='lat' dir='ltr'><strong>basim</strong></span> <span class='ocrx_word' id='word_1_561' title='bbox 3602 4719 3891 4797; x_wconf 83' lang='lat' dir='ltr'><strong>stetit,ac</strong></span> <span class='ocrx_word' id='word_1_562' title='bbox 3920 4739 4019 4802; x_wconf 84' lang='lat' dir='ltr'><strong>ge-</strong></span> <span class='ocrx_word' id='word_1_563' title='bbox 4072 4743 4233 4788; x_wconf 50' lang='lat' dir='ltr'><strong>upana</strong></span> <span class='ocrx_word' id='word_1_564' title='bbox 4271 4715 4272 4722; x_wconf 74' lang='grc'>’</span> 
     </span>
     <span class='ocr_line' id='line_1_44' title="bbox 941 4812 4102 4902; baseline 0.001 -22"><span class='ocrx_word' id='word_1_565' title='bbox 941 4822 1200 4880; x_wconf 84' lang='lat' dir='ltr'><strong>nomini</strong></span> <span class='ocrx_word' id='word_1_566' title='bbox 1233 4830 1364 4892; x_wconf 79' lang='lat' dir='ltr'><strong>tue,</strong></span> <span class='ocrx_word' id='word_1_567' title='bbox 1397 4820 1826 4882; x_wconf 90' lang='lat' dir='ltr'><strong>convertendo</strong></span> <span class='ocrx_word' id='word_1_568' title='bbox 1868 4819 1932 4881; x_wconf 89' lang='lat' dir='ltr'><strong>in</strong></span> <span class='ocrx_word' id='word_1_569' title='bbox 1975 4827 2142 4882; x_wconf 87' lang='lat' dir='ltr'><strong>terra</strong></span> <span class='ocrx_word' id='word_1_570' title='bbox 2169 4819 2432 4901; x_wconf 85' lang='lat' dir='ltr'><strong>captivi-</strong></span> <span class='ocrx_word' id='word_1_571' title='bbox 2540 4843 2667 4886; x_wconf 89' lang='lat' dir='ltr'><strong>nua</strong></span> <span class='ocrx_word' id='word_1_572' title='bbox 2697 4821 2863 4883; x_wconf 87' lang='lat' dir='ltr'><strong>fixit.</strong></span> <span class='ocrx_word' id='word_1_573' title='bbox 2897 4821 2974 4883; x_wconf 85' lang='lat' dir='ltr'><strong>Et</strong></span> <span class='ocrx_word' id='word_1_574' title='bbox 3004 4820 3537 4902; x_wconf 87' lang='lat' dir='ltr'><strong>respondendum,</strong></span> <span class='ocrx_word' id='word_1_575' title='bbox 3561 4820 3729 4900; x_wconf 88' lang='lat' dir='ltr'><strong>quod</strong></span> <span class='ocrx_word' id='word_1_576' title='bbox 3762 4821 4019 4883; x_wconf 88' lang='lat' dir='ltr'><strong>nomine</strong></span> <span class='ocrx_word' id='word_1_577' title='bbox 4046 4812 4102 4852; x_wconf 79' lang='lat'><strong>¹³·</strong></span> 
     </span>
     <span class='ocr_line' id='line_1_45' title="bbox 945 4917 4020 5002; baseline 0 -20"><span class='ocrx_word' id='word_1_578' title='bbox 945 4919 1090 4982; x_wconf 87' lang='lat' dir='ltr'><strong>tatis</strong></span> <span class='ocrx_word' id='word_1_579' title='bbox 1136 4938 1267 4982; x_wconf 80' lang='lat' dir='ltr'><strong>suae</strong></span> <span class='ocrx_word' id='word_1_580' title='bbox 1307 4919 1534 4982; x_wconf 84' lang='lat' dir='ltr'><strong>faciem</strong></span> <span class='ocrx_word' id='word_1_581' title='bbox 1579 4938 1758 4980; x_wconf 89' lang='lat' dir='ltr'><strong>suam</strong></span> <span class='ocrx_word' id='word_1_582' title='bbox 1799 4920 1875 4981; x_wconf 91' lang='lat' dir='ltr'><strong>ad</strong></span> <span class='ocrx_word' id='word_1_583' title='bbox 1917 4919 2125 4982; x_wconf 91' lang='lat' dir='ltr'><strong>locum</strong></span> <span class='ocrx_word' id='word_1_584' title='bbox 2168 4920 2427 5002; x_wconf 83' lang='lat' dir='ltr'><strong>templi3</strong></span> <span class='ocrx_word' id='word_1_585' title='bbox 2539 4931 2743 4997; x_wconf 80' lang='lat' dir='ltr'><strong>terrae,</strong></span> <span class='ocrx_word' id='word_1_586' title='bbox 2778 4937 3201 5001; x_wconf 63' lang='lat' dir='ltr'><strong>quaecumque</strong></span> <span class='ocrx_word' id='word_1_587' title='bbox 3234 4927 3481 4982; x_wconf 86' lang='lat' dir='ltr'><strong>terrena</strong></span> <span class='ocrx_word' id='word_1_588' title='bbox 3510 4926 3574 4980; x_wconf 89' lang='lat' dir='ltr'><strong>et</strong></span> <span class='ocrx_word' id='word_1_589' title='bbox 3605 4917 3824 4996; x_wconf 86' lang='lat' dir='ltr'><strong>mixta,</strong></span> <span class='ocrx_word' id='word_1_590' title='bbox 3858 4939 4020 5001; x_wconf 79' lang='lat' dir='ltr'><strong>saepe-</strong></span> 
     </span>
     <span class='ocr_line' id='line_1_46' title="bbox 943 5018 3007 5100; baseline 0 -23"><span class='ocrx_word' id='word_1_591' title='bbox 943 5019 1253 5078; x_wconf 65' lang='lat' dir='ltr'><strong>exaudies</strong></span> <span class='ocrx_word' id='word_1_592' title='bbox 1291 5019 1364 5076; x_wconf 87' lang='lat' dir='ltr'><strong>in</strong></span> <span class='ocrx_word' id='word_1_593' title='bbox 1395 5021 1571 5086; x_wconf 66' lang='lat' dir='ltr'><strong>coelo,</strong></span> <span class='ocrx_word' id='word_1_594' title='bbox 1602 5018 1675 5076; x_wconf 84' lang='lat' dir='ltr'><strong>in</strong></span> <span class='ocrx_word' id='word_1_595' title='bbox 1703 5022 2112 5094; x_wconf 79' lang='lat' dir='ltr'><strong>firmamento</strong></span> <span class='ocrx_word' id='word_1_596' title='bbox 2143 5019 2295 5077; x_wconf 80' lang='lat' dir='ltr'><strong>solii</strong></span> <span class='ocrx_word' id='word_1_597' title='bbox 2336 5021 2434 5078; x_wconf 87' lang='lat' dir='ltr'><strong>tui</strong></span> <span class='ocrx_word' id='word_1_598' title='bbox 2545 5018 3007 5100; x_wconf 86' lang='lat' dir='ltr'><strong>intelliguntur.</strong></span> 
     </span>
     <span class='ocr_line' id='line_1_47' title="bbox 946 5115 4023 5193; baseline 0 -17"><span class='ocrx_word' id='word_1_599' title='bbox 946 5117 1264 5176; x_wconf 84' lang='lat' dir='ltr'><strong>orationes</strong></span> <span class='ocrx_word' id='word_1_600' title='bbox 1293 5124 1614 5186; x_wconf 85' lang='lat' dir='ltr'><strong>eorum‚et</strong></span> <span class='ocrx_word' id='word_1_601' title='bbox 1635 5135 1850 5192; x_wconf 78' lang='lat' dir='ltr'><strong>preces</strong></span> <span class='ocrx_word' id='word_1_602' title='bbox 1879 5135 2122 5186; x_wconf 85' lang='lat' dir='ltr'><strong>eorum,</strong></span> <span class='ocrx_word' id='word_1_603' title='bbox 2144 5125 2205 5176; x_wconf 87' lang='lat' dir='ltr'><strong>et</strong></span> <span class='ocrx_word' id='word_1_604' title='bbox 2234 5117 2435 5192; x_wconf 81' lang='lat' dir='ltr'><strong>facies</strong></span> <span class='ocrx_word' id='word_1_605' title='bbox 2634 5119 2827 5180; x_wconf 83' lang='lat' dir='ltr'><strong>Stetit</strong></span> <span class='ocrx_word' id='word_1_606' title='bbox 2868 5136 3014 5193; x_wconf 72' lang='lat' dir='ltr'><strong>erqo</strong></span> <span class='ocrx_word' id='word_1_607' title='bbox 3058 5125 3117 5176; x_wconf 87' lang='lat' dir='ltr'><strong>et</strong></span> <span class='ocrx_word' id='word_1_608' title='bbox 3162 5115 3490 5176; x_wconf 72' lang='lat' dir='ltr'><strong>benedioeit</strong></span> <span class='ocrx_word' id='word_1_609' title='bbox 3532 5116 3713 5176; x_wconf 81' lang='lat' dir='ltr'><strong>omni</strong></span> <span class='ocrx_word' id='word_1_610' title='bbox 3754 5119 4023 5176; x_wconf 66' lang='lat' dir='ltr'><strong>ecclesis?</strong></span> 
     </span>
     <span class='ocr_line' id='line_1_48' title="bbox 933 5213 4026 5294; baseline -0.001 -18"><span class='ocrx_word' id='word_1_611' title='bbox 933 5217 1274 5294; x_wconf 85' lang='lat' dir='ltr'><strong>judicium</strong></span> <span class='ocrx_word' id='word_1_612' title='bbox 1326 5235 1574 5285; x_wconf 84' lang='lat' dir='ltr'><strong>eorum,</strong></span> <span class='ocrx_word' id='word_1_613' title='bbox 1634 5214 1696 5276; x_wconf 92' lang='lat' dir='ltr'><strong>id</strong></span> <span class='ocrx_word' id='word_1_614' title='bbox 1754 5221 1872 5292; x_wconf 88' lang='lat' dir='ltr'><strong>cst,</strong></span> <span class='ocrx_word' id='word_1_615' title='bbox 1926 5232 2034 5277; x_wconf 88' lang='lat' dir='ltr'><strong>eos</strong></span> <span class='ocrx_word' id='word_1_616' title='bbox 2089 5213 2436 5277; x_wconf 87' lang='lat' dir='ltr'><strong>clementer</strong></span> <span class='ocrx_word' id='word_1_617' title='bbox 2542 5219 2771 5286; x_wconf 84' lang='lat' dir='ltr'><strong>Israel,</strong></span> <span class='ocrx_word' id='word_1_618' title='bbox 2822 5235 2965 5274; x_wconf 88' lang='lat' dir='ltr'><strong>voce</strong></span> <span class='ocrx_word' id='word_1_619' title='bbox 3014 5233 3277 5290; x_wconf 70' lang='lat' dir='ltr'><strong>maqna,</strong></span> <span class='ocrx_word' id='word_1_620' title='bbox 3326 5215 3545 5272; x_wconf 84' lang='lat' dir='ltr'><strong>dicens</strong></span> <span class='ocrx_word' id='word_1_621' title='bbox 3590 5230 3613 5272; x_wconf 92' lang='lat'><strong>.·</strong></span> <span class='ocrx_word' id='word_1_622' title='bbox 3643 5215 4026 5274; x_wconf 75' lang='lat' dir='ltr'><strong>Benedictus</strong></span> 
     </span>
     <span class='ocr_line' id='line_1_49' title="bbox 947 5311 4025 5395; baseline -0.001 -19"><span class='ocrx_word' id='word_1_623' title='bbox 947 5331 1130 5376; x_wconf 89' lang='lat' dir='ltr'><strong>erues</strong></span> <span class='ocrx_word' id='word_1_624' title='bbox 1170 5314 1248 5377; x_wconf 90' lang='lat' dir='ltr'><strong>dc</strong></span> <span class='ocrx_word' id='word_1_625' title='bbox 1290 5312 1696 5395; x_wconf 82' lang='lat' dir='ltr'><strong>captivitate3</strong></span> <span class='ocrx_word' id='word_1_626' title='bbox 1736 5323 1797 5374; x_wconf 89' lang='lat' dir='ltr'><strong>et</strong></span> <span class='ocrx_word' id='word_1_627' title='bbox 1825 5315 2288 5393; x_wconf 83' lang='lat' dir='ltr'><strong>propitiaberis</strong></span> <span class='ocrx_word' id='word_1_628' title='bbox 2321 5333 2437 5390; x_wconf 91' lang='lat' dir='ltr'><strong>po-</strong></span> <span class='ocrx_word' id='word_1_629' title='bbox 2546 5315 2864 5376; x_wconf 81' lang='lat' dir='ltr'><strong>Dominus</strong></span> <span class='ocrx_word' id='word_1_630' title='bbox 2892 5315 3091 5382; x_wconf 70' lang='lat' dir='ltr'><strong>Deua,</strong></span> <span class='ocrx_word' id='word_1_631' title='bbox 3118 5311 3236 5390; x_wconf 82' lang='lat' dir='ltr'><strong>qui</strong></span> <span class='ocrx_word' id='word_1_632' title='bbox 3262 5313 3444 5372; x_wconf 87' lang='lat' dir='ltr'><strong>dedit</strong></span> <span class='ocrx_word' id='word_1_633' title='bbox 3472 5311 3759 5390; x_wconf 82' lang='lat' dir='ltr'><strong>requiem</strong></span> <span class='ocrx_word' id='word_1_634' title='bbox 3788 5315 4025 5390; x_wconf 77' lang='lat' dir='ltr'><strong>populo</strong></span> 
     </span>
    </p>
   </div>
   <div class='ocr_carea' id='block_1_3' title="bbox 4266 18 4277 2100">
    <p class='ocr_par' dir='ltr' id='par_1_3' title="bbox 4266 18 4277 2100">
     <span class='ocr_line' id='line_1_50' title="bbox 4266 18 4277 2100; baseline 0 0"><span class='ocrx_word' id='word_1_635' title='bbox 4266 18 4277 2100; x_wconf 95' lang='lat' dir='ltr'><strong> </strong></span> 
     </span>
    </p>
   </div>
   <div class='ocr_carea' id='block_1_4' title="bbox 4270 2562 4273 3136">
    <p class='ocr_par' dir='ltr' id='par_1_4' title="bbox 4270 2562 4273 3136">
     <span class='ocr_line' id='line_1_51' title="bbox 4270 2562 4273 3136; baseline 0 0"><span class='ocrx_word' id='word_1_636' title='bbox 4270 2562 4273 3136; x_wconf 95' lang='lat' dir='ltr'><strong> </strong></span> 
     </span>
    </p>
   </div>
   <div class='ocr_carea' id='block_1_5' title="bbox 4265 3349 4279 6096">
    <p class='ocr_par' dir='ltr' id='par_1_5' title="bbox 4265 3349 4279 6096">
     <span class='ocr_line' id='line_1_52' title="bbox 4265 3349 4279 6096; baseline 0 0"><span class='ocrx_word' id='word_1_637' title='bbox 4265 3349 4279 6096; x_wconf 95' lang='lat' dir='ltr'><strong> </strong></span> 
     </span>
    </p>
   </div>
  </div>
 </body>
</html>
