4359 6250
881 475 957 540 14
1733 489 2080 536 ENARRATIO
2125 487 2185 533 ιΝ
2228 485 2365 534 car.
2414 485 2455 536 u
2496 486 2696 532 iosus..
2742 506 2823 518 —
2862 487 3005 534 Αιιτ.
3052 489 3119 534 ιιι

878 670 1110 724 terram
1143 661 1317 724 illam
1355 660 1796 742 perambulare
1834 668 1896 722 et
1936 659 2364 736 considerare,
2401 656 2449 719 A
2482 671 2623 720 rent
2655 671 2914 722 terram.
2940 660 3124 724 Forte
3152 662 3323 743 quod
3355 660 3556 742 aliqui
3588 661 3961 723 exsistentes

874 759 982 820 scd
1015 776 1154 820 eam
1187 775 1328 838 quae
1357 757 1534 838 juxta
1553 755 1804 820 Jericbo
1835 764 1990 832 erat,
2014 774 2096 817 an
2120 754 2367 818 scilicet

877 854 1106 918 l'ortilis
1147 864 1314 918 esset
1354 874 1465 918 seu
1505 855 1838 936 populosa,
1871 873 1952 916 an
1994 854 2187 917 etiam
2218 854 2369 917 Jeri-

872 955 994 1018 cho
1023 962 1189 1017 esset
1218 953 1370 1016 urbs
1395 952 1705 1036 populosa
1729 960 1919 1034 atque
1945 953 2215 1016 munita.
2242 955 2369 1022 Qui

865 1063 1218 1130 perqentes,
1263 1054 1536 1128 inqressi
1576 1063 1728 1112 sunt
1765 1056 2029 1112 domum
2073 1052 2368 1112 mulieris

873 1154 1226 1213 meretricis
1265 1151 1332 1212 in
1380 1151 1631 1214 Iericho
1681 1150 2050 1227 habitantis,
2105 1151 2367 1210 nomine

871 1253 1120 1324 Ralzab,
1149 1261 1208 1311 ec
1236 1251 1624 1330 quieverunt
1653 1253 1836 1329 apud
1863 1270 2028 1320 eam,
2055 1248 2118 1310 id
2152 1256 2269 1324 est,
2297 1267 2366 1310 se

874 1348 1400 1430 repausabant,et
1423 1347 1874 1410 recumbebant
1905 1345 2191 1412 fortassis
2222 1353 2366 1428 post

875 1446 1155 1511 laborem
1203 1446 1472 1523 itineriS,
1515 1445 2220 1526 considerationemque
2264 1464 2367 1507 ur-

876 1545 996 1608 bis.
1015 1545 1450 1609 Communiter
1471 1543 1691 1607 dicunt
1711 1543 2100 1626 expositores
2133 1543 2359 1620 sancti,

873 1645 1042 1726 quod
1073 1645 1288 1707 Rahab
1322 1645 1476 1720 haec,
1512 1643 1754 1707 exstitit
1793 1643 2092 1734 meretrix
2137 1643 2363 1706 saltem

872 1745 949 1806 ad
992 1751 1244 1826 tempus
1279 1760 1293 1804 ε
1329 1743 1512 1823 cujus
1552 1742 1914 1825 oppositum
1963 1749 2135 1804 tenet
2177 1741 2359 1822 Lyra,

2480 757 2547 819 in
2586 757 2774 820 domo
2814 758 3051 836 Rabab‚
3086 759 3499 840 conjecerunt
3528 765 3593 821 et
3632 757 3963 821 nuntiave-

2480 865 2627 918 runt
2666 857 2783 920 hoc
2816 856 2972 938 regi,
3006 856 3107 920 vel
3146 857 3438 920 custodes
3480 866 3805 939 portarum
3843 858 3961 939 qui

2476 954 2817 1036 diligenter
2836 955 3322 1018 considerabant
3344 955 3651 1017 intrantes
3677 974 3790 1036 per
3821 973 3961 1037 por⁴

2478 1061 2593 1115 tas,
2628 1055 2935 1133 Alis-itque
2977 1075 3093 1113 rex
3136 1057 3225 1114 ad
3266 1057 3496 1115 Rakab
3543 1055 3959 1124 meretricem,

2471 1153 2691 1212 dicens
2722 1173 2744 1212 .·
2774 1155 2964 1212 Educ
2994 1154 3166 1212 viros
3193 1153 3312 1232 qui
3352 1155 3626 1230 inyressi
3666 1161 3819 1212 sunt
3848 1155 3961 1212 do-

2474 1270 2655 1310 mum
2706 1260 2912 1320 tuam,
2962 1249 3027 1312 id
3077 1257 3194 1326 est,
3249 1251 3409 1313 duos
3469 1249 3615 1312 illos
3668 1248 3960 1312 Hebraeos

2477 1348 2759 1430 propala,
2795 1357 2858 1410 ct
2892 1347 2989 1410 l'ac
3021 1348 3213 1410 exire.
3242 1351 3695 1425 Emploratores
3726 1349 3961 1428 quippe

2472 1456 2646 1518 sunt,
2697 1457 2757 1507 ec
2814 1467 3065 1507 omnem
3127 1457 3367 1507 terram
3424 1447 3616 1528 hujus
3678 1445 3961 1526 regionis

2473 1547 2876 1606 considerare
2936 1555 3267 1606 venerunt.
3332 1545 3461 1608 Hoc
3521 1546 3963 1626 suspicabatur

2476 1661 2585 1705 rex
2629 1643 2899 1707 Iericho.
2954 1644 3142 1707 Porro
3194 1644 3543 1706 secundum
3591 1644 3955 1728 Iosephum,

2474 1760 2584 1804 rex
2614 1742 2816 1805 voluit
2846 1761 2959 1824 per
2992 1750 3305 1804 tormenta
3334 1751 3706 1823 extorquere
3736 1762 3773 1816 a
3804 1742 3962 1804 viris

870 1861 946 1906 eo
991 1843 1161 1923 quod
1208 1841 1464 1904 Salmon
1507 1839 1684 1904 filius
1729 1841 2006 1904 Naasson
2050 1839 2363 1922 principis
2396 1839 2439 1900 B
2474 1839 2603 1901 illis
2646 1860 2759 1903 cur
2802 1841 3145 1906 venissent.
3190 1845 3557 1921 Tollensque
3596 1843 3836 1901 mulier
3873 1845 3963 1901 vi-

872 1940 1076 2003 tribus
1103 1940 1283 2017 luda,
1316 1939 1496 2001 duxit
1536 1957 1676 2002 eam
1718 1957 1999 2003 uxorem.
2049 1937 2168 2000 Sed
2211 1937 2364 2020 quia

871 2037 1280 2121 Septuaginta
1320 2037 1801 2113 transtulerunt,
1845 2035 2263 2114 Meretricem,
2300 2044 2363 2098 et

872 2137 1197 2220 Scriptura
1235 2136 1544 2200 canonica
1590 2155 1730 2200 eam
1785 2135 1876 2198 sic
1927 2135 2238 2212 nominat,
2294 2143 2363 2196 ut

876 2244 1049 2319 patet
1091 2236 1157 2298 in
1202 2234 1520 2299 Canonica
1561 2234 1764 2298 sancti
1809 2233 2080 2317 apostoli
2119 2233 2360 2311 «iacobi,

621 2343 780 2388 Jacob·
801 2357 844 2395 ιι,
876 2335 1239 2412 asserentiS,
1273 2334 1487 2397 Rahab
1520 2333 1818 2396 meretrix
1851 2351 2062 2396 nonne
2101 2352 2180 2395 ex
2217 2350 2366 2414 ope-

583 2408 650 2450 25.

881 2433 1056 2497 ribus
1077 2431 1428 2516 justificata
1451 2435 1582 2495 est?
1603 2432 1754 2495 hinc
1786 2431 1997 2514 potius
2021 2449 2176 2508 reor,
2192 2432 2363 2514 quod

880 2532 1176 2597 meretrix
1209 2531 1370 2606 fuit3
1409 2549 1534 2594 non
1567 2539 1776 2594 tamen
1807 2530 2058 2612 opinari
2090 2538 2363 2613 oportet,

875 2629 1046 2714 quod
1092 2631 1347 2714 penitus
1389 2629 1667 2713 publica,
1702 2631 1810 2692 sed
1856 2648 1932 2693 eo
1981 2628 2191 2706 modo,
2235 2648 2364 2711 quo

877 2730 943 2792 in
975 2729 1334 2812 Scripturis·
1353 2728 1608 2792 leminae
1635 2727 2127 2805 incontinenteS,
2144 2736 2207 2791 et
2226 2747 2367 2811 quae

880 2847 994 2911 pro
1038 2828 1304 2891 notabili
1351 2827 1559 2910 pretio
1605 2835 1872 2909 possunt
1915 2826 2185 2909 acquiri,
2235 2847 2365 2890 me-

879 2927 1138 2990 retrices
1179 2934 1505 2992 vocantur.
1538 2926 1632 2991 Ad
1676 2924 1998 3005 objectum
2041 2943 2192 2988 vero
2233 2925 2359 2988 dici

2469 1958 2593 2010 ros,
2627 1942 2976 2000 abscondit.
3012 1939 3139 2001 Hoc
3182 1937 3332 2001 fecit
3370 1946 3711 2020 antequam
3746 1939 3957 2001 nuntii

2474 2037 2639 2117 regis
2669 2026 3085 2100 veneruntad
3124 2055 3286 2114 eam,
3323 2037 3423 2100 vel
3470 2036 3535 2098 in
3584 2037 3721 2101 loco
3765 2056 3962 2100 secrc-

2473 2134 2619 2198 tiori
2651 2144 2947 2218 posuerat
2975 2154 3105 2199 eos·
3140 2135 3377 2215 Estque
3408 2135 3758 2217 probabile,
3782 2137 3955 2218 quod

2472 2233 2900 2315 exploratores
2959 2233 3521 2298 consideraverunt
3570 2233 3671 2297 vel
3734 2234 3958 2300 timue-

2475 2339 2623 2395 runt
2673 2351 2739 2395 se
2788 2351 2929 2396 esse
2987 2341 3257 2408 notatOS,
3312 2339 3374 2396 et
3435 2332 3577 2396 ideo
3637 2333 3958 2415 petierunt

2472 2431 2798 2495 abscondi.
2833 2432 2956 2496 Nec
2996 2431 3167 2494 enim
3203 2431 3417 2494 Rahab
3460 2431 3796 2496 abscondit
3825 2452 3955 2510 eos,

2475 2529 2599 2592 nisi
2648 2529 2730 2592 ad
2780 2530 3064 2611 ipsorum
3118 2529 3559 2612 petitionem·:
3618 2531 3742 2592 nisi
3794 2529 3957 2594 forte

2474 2629 2744 2706 dicatur,
2778 2629 2947 2711 quod
2998 2637 3145 2693 ante
3191 2630 3533 2692 adventum
3587 2630 3955 2701 nuntiorum

2477 2727 2663 2807 regiS‚
2698 2727 2837 2810 ipsa
2866 2746 3123 2809 quoque
3164 2728 3527 2810 pensaverit
3569 2729 3739 2811 quod
3780 2739 3958 2796 erant

2474 2821 2553 2888 dc
2586 2825 2743 2888 filiis
2772 2827 3062 2902 lsrael‚ot
3092 2827 3233 2890 ideo
3262 2826 3605 2889 avisaverit
3633 2846 3740 2891 cos
3771 2837 3959 2911 atque

2474 2925 2881 3006 suggesserit,
2915 2926 3085 3006 quod
3125 2924 3566 3006 permitterent
3597 2945 3665 2989 se
3694 2926 3959 2990 abscon-

877 3034 1108 3108 potest,
1147 3025 1317 3109 quod
1360 3033 1502 3107 post
1541 3043 1720 3086 suam
1760 3024 2245 3087 conversionem
2284 3026 2363 3088 ad
2397 3017 2441 3080 C
2472 3023 2559 3087 di.
2594 3027 2681 3086 Ec
2710 3027 2807 3086 ait
2840 3019 3097 3086 nuntiis
3115 3023 3281 3105 regis
3318 3040 3332 3086 ε
3369 3027 3624 3096 Fateor,
3648 3038 3958 3089 venerunt

874 3126 1304 3203 Iudaismum:
1327 3124 1494 3187 facta
1533 3124 1616 3187 sit
1645 3122 1827 3187 valde
1869 3124 2088 3207 proba.
2122 3125 2363 3189 Idcirco

875 3225 958 3289 ob
988 3224 1128 3305 ejus
1159 3224 1561 3307 probitatem,
1595 3222 2084 3299 virtuositatem,
2127 3232 2193 3286 et
2223 3244 2367 3306 pro-

877 3333 1018 3407 pter
1063 3322 1440 3386 fidelitatem
1483 3341 1675 3405 quam
1719 3321 2227 3403 exploratoribus
2260 3342 2361 3385 cx-

877 3422 1160 3499 hibebat‚
1195 3421 1450 3486 Salmon
1491 3439 1632 3483 eam
1674 3420 2030 3497 honoravit,
2069 3439 2140 3483 ac
2185 3420 2365 3483 duxit

876 3522 943 3584 in
975 3522 1310 3601 conjugem
1349 3536 1362 3581 :
1399 3528 1462 3582 et
1494 3517 1658 3581 forte
1687 3518 1946 3581 aliunde
1978 3517 2101 3581 ruit
2132 3519 2365 3581 mulier

872 3628 1043 3701 apta,
1080 3616 1638 3700 utpote-speciosa,
1673 3616 1953 3699 prudens
1995 3626 2056 3680 et
2094 3617 2366 3699 opulen-

580 3726 842 3777 ΔΝΜ-ηδ.
879 3727 959 3780 ta.
995 3718 1077 3780 De
1121 3717 1243 3779 isto
1263 3734 1476 3798 ·super
1514 3714 1869 3777 Matthaeum
1915 3714 2169 3796 plenius
2212 3716 2365 3779 scri-

875 3816 996 3899 psi.
1031 3816 1505 3891 Verumtamen,
1539 3822 1606 3876 ut
1650 3812 2064 3896 probabiliter
2104 3813 2359 3890 dicitur,

875 3914 1204 3978 translatio
1245 3913 1585 3977 fflaldaica
1630 3912 1840 3988 habet,
1887 3912 2160 4003 Ingressi
2214 3923 2363 3976 sunt

873 4016 1135 4077 domum
1197 4011 1482 4075 mulieris
1543 4010 1992 4092 hospitalariae,
2047 4019 2110 4075 et
2167 4011 2364 4076 dictio

875 4112 1179 4177 Hebraica
1220 4111 1298 4174 ad
1341 4111 1805 4192 designandum
1857 4110 2255 4178 meretricem
2301 4121 2364 4175 et

2472 3127 2559 3185 ad
2592 3144 2709 3194 me,
2739 3126 2851 3184 sed
2878 3125 3237 3185 nesciebam·
3264 3128 3434 3184 unde
3462 3136 3680 3187 essent.
3722 3129 3958 3194 Quum-

2470 3244 2591 3303 que
2625 3232 2819 3300 porta
2857 3226 3269 3283 clauderetur
3301 3225 3373 3283 in
3416 3226 3707 3296 tenebris,
3750 3236 3808 3286 et
3851 3229 3959 3287 illi

2463 3324 2716 3400 pariter
2767 3324 3069 3382 exierunt
3100 3346 3125 3393 ,·
3172 3324 3380 3383 neseio
3438 3344 3561 3403 quo
3621 3327 3947 3387 abierunt.

2470 3421 2953 3500 Per-sequimini
2980 3422 3130 3489 eico,
3158 3430 3217 3480 ec
3246 3422 3791 3497 comprehendetis
3831 3444 3953 3485 eoa.

2471 3518 2599 3581 Hoc
2648 3517 2771 3579 fuit
2818 3517 3219 3580 mendacium
3265 3516 3633 3580 officiosum
3686 3538 3801 3602 pro
3852 3521 3959 3603 pia

2471 3635 2659 3679 causa
2709 3616 3047 3699 prolatum,
3102 3615 3399 3679 videlicet
3457 3635 3572 3698 pro
3630 3619 3957 3702 ereptione

2472 3715 2962 3796 exploratorum,
3010 3722 3073 3777 et
3117 3714 3214 3776 sui
3263 3714 3466 3796 ipsius
3508 3736 3583 3779 ac
3623 3736 3881 3780 suorum
3920 3737 3957 3780 a

2472 3822 2673 3877 morte
2708 3832 2721 3877 :
2760 3814 2901 3877 idco
2933 3812 3196 3876 modicae
3230 3812 3351 3875 l'uit
3380 3814 3607 3897 culpae.

2552 3917 2701 3990 Ipsa
2726 3922 2940 3973 autem
2964 3914 3118 3989 feeit
3138 3916 3472 3973 ascendere
3495 3915 3664 3974 viros
3694 3917 3960 3977 insola-

2470 4014 2647 4071 rium
2686 4014 2913 4071 domus
2949 4032 3082 4071 suae
3112 4032 3134 4071 .·
3158 4010 3327 4091 quod
3363 4009 3514 4074 fecit
3546 4012 3645 4075 vel
3681 4014 3758 4077 ad
3794 4015 3961 4077 viro-

2472 4130 2611 4173 rum
2645 4110 3041 4193 petitionem,
3078 4110 3177 4172 vel
3212 4129 3287 4171 ex
3321 4111 3577 4193 propria
3608 4113 3960 4194 suggestio-

875 4211 1289 4277 venditricem
1321 4208 1715 4285 victualium,
1736 4217 1832 4272 est
1861 4210 2187 4292 aequivoca
2214 4228 2227 4273 :
2252 4232 2363 4275 un·
2394 4208 2443 4271 D
2474 4229 2573 4287 ne,
2592 4218 2661 4273 ut
2686 4219 2919 4273 tactum
2940 4208 3564 4287 est,vel‚secundum
3583 4210 3953 4293 Iosephum,

874 4313 953 4374 de
982 4310 1205 4373 dicunt
1232 4306 1478 4371 Hebraei
1511 4308 1827 4384 nonnulli,
1860 4309 2030 4390 quod
2063 4310 2363 4372 meretrix

875 4410 1019 4489 fuit,
1063 4418 1126 4473 et
1175 4408 1521 4490 hospitium
1574 4415 1819 4471 tenens
1873 4408 2132 4488 Propter
2182 4408 2356 4488 quod

871 4511 1301 4593 exploratores
1329 4509 1739 4572 deverterunt
1777 4507 1855 4570 ad
1897 4508 2156 4573 domum
2193 4509 2357 4590 ejuS‚

873 4630 1002 4675 non
1033 4611 1112 4674 ad
1145 4609 1612 4685 fornicandum,
1649 4608 1760 4670 sed
1799 4605 2101 4687 quoniam
2133 4608 2361 4670 domus

872 4711 1012 4791 ejus
1058 4708 1180 4771 fuit
1219 4707 1577 4771 communis
1613 4724 1626 4769 :
1664 4706 1754 4770 sic
1801 4705 2015 4769 minus
2060 4705 2363 4768 observa-

873 4808 1105 4872 bantur
1137 4808 1530 4870 introeuntes
1562 4806 1628 4866 in
1661 4824 1824 4867 eam.
1971 4810 1977 4819 '

953 4908 1479 4985 Nuntiatumque
1507 4914 1596 4964 est
1626 4906 1764 4979 reyi
1779 4904 2032 4963 Iericho
2063 4900 2220 4964 hora
2238 4920 2363 4965 coe-

873 5022 993 5083 nae,
1011 5016 1070 5066 et
1098 5007 1348 5065 dictu-m
1372 5024 1394 5063 .·
1413 5005 1573 5064 Eece
1595 5002 1729 5059 viri
1759 5000 2033 5077 inyressi
2059 5009 2214 5059 sunt
2237 5000 2362 5059 hue

861 5126 984 5183 per
1011 5114 1281 5173 noctem,
1314 5101 1378 5164 id
1424 5108 1520 5164 est
1565 5108 1847 5181 tempore
1887 5097 2251 5179 vespertino
2292 5097 2358 5160 in

869 5204 1010 5285 ipso
1052 5200 1449 5285 crepusculo,
1484 5197 1740 5281 quando
1785 5196 2094 5259 int-rantes
2135 5196 2358 5259 minus

865 5301 1316 5384 inspiciuntur,
1350 5302 1430 5360 de
1462 5300 1626 5376 filiis
1669 5301 1899 5367 Israel,
1949 5306 2021 5356 ut
2064 5300 2359 5373 explora·

2473 4318 2541 4373 ut
2563 4308 2651 4371 ibi
2672 4316 3008 4373 coenarent.
3030 4310 3419 4387 operuitque
3436 4329 3536 4368 eos
3562 4310 3692 4368 lini
3709 4312 3955 4388 stipula

2470 4430 2614 4487 quoe
2646 4410 2738 4468 ibi
2765 4415 2925 4468 erat.
2950 4406 3089 4468 Alia
3118 4406 3325 4469 littera
3356 4406 3565 4484 habet,
3592 4407 3853 4491 Stuppa.
3884 4410 3959 4472 Et

2473 4507 2821 4571 secundum
2871 4504 3231 4586 Magistrum
3283 4504 3348 4567 in
3400 4505 3707 4584 historiiS,
3752 4507 3959 4592 stipu-

2474 4606 2597 4668 lam
2632 4605 2804 4667 illam
2838 4622 3030 4688 super
3050 4622 3303 4666 murum
3326 4604 3610 4667 siccavit.
3632 4607 3725 4666 Hi
3741 4618 3957 4669 autem

2470 4706 2587 4785 qui
2617 4705 2799 4764 missi
2826 4714 3035 4775 erant,
3071 4702 3369 4765 videlicet
3400 4703 3609 4765 nuntii
3646 4704 3832 4785 regis,
3863 4727 3957 4766 se—

2469 4804 2607 4864 cuti
2646 4812 2797 4863 sunt
2834 4822 2933 4861 eos
2964 4820 2987 4861 .·
3020 4820 3146 4864 non
3192 4801 3377 4882 quod·
3406 4802 3715 4865 veraciter
3754 4805 3954 4866 secuti

2470 4902 2598 4965 sint
2626 4900 3080 4983 exploratoreS‚
3113 4900 3223 4981 qui
3256 4900 3461 4963 adhuc
3492 4909 3673 4963 erant
3704 4900 3768 4964 in
3800 4902 3956 4965 civi-

2472 5009 2617 5076 tate,
2670 5000 2780 5062 scd
2830 4999 3181 5061 secundum
3232 5018 3410 5061 suam
3470 4999 3953 5064 aestimationem

2469 5098 2898 5181 sequebantur
2946 5115 3075 5173 θος,
3123 5116 3284 5178 quos
3334 5098 3643 5179 putabant
3690 5108 3839 5161 ante
3887 5120 3954 5164 se

2468 5214 2761 5269 currere;
2800 5216 2921 5275 per
2970 5198 3147 5256 viam
3197 5216 3339 5275 ‹Juoe
3387 5200 3569 5258 ducit
3616 5200 3705 5259 ad
3758 5202 3952 5269 vada,

2470 5296 2587 5359 hoc
2636 5302 2743 5357 cst·
2778 5312 2995 5374 aquaS,
3028 5296 3357 5355 Iordanis.
3394 5297 3663 5375 Illis-que
3708 5296 3953 5360 nuntiis
