4359 6250
968 503 1317 551 ENAnnArlo
1360 504 1422 549 ΙΝ
1463 505 1598 550 GAP.
1646 500 1757 548 1111
1798 497 1956 547 unm
1995 498 2197 547 ‘remu
2236 499 2460 546 REGUH.
2507 517 2587 528 —
2626 497 2771 542 ΛΒΤ.
2818 495 2927 541 xx!

1482 893 2128 983 ARTICULUS
2208 895 2415 978 XXI

801 1177 1114 1223 Exposrrlo
1158 1176 1432 1223 CAPITULI
1474 1171 1882 1218 ‘ramum-:clm
1928 1171 1942 1216 :
1991 1171 2064 1215 ΕΤ
2107 1170 2254 1216 Ecce
2298 1170 2397 1216 vlu
2440 1171 2540 1216 DE!
2584 1169 2762 1214 VEMT
2806 1169 2883 1214 DE
2924 1169 3098 1215 JUDA.

475 1461 582 1524 Nc
601 1457 974 1522 REPATlo
1004 1466 1068 1521 et
1105 1455 1449 1520 obstinatio
1491 1453 1692 1536 ipsius
1727 1453 1894 1516 Jero-
1920 1449 1974 1514 A
2007 1457 2207 1516 thura
2233 1458 2655 1524 succendunt,
2682 1464 2743 1515 et
2772 1475 2909 1516 ossa
2942 1455 3280 1516 hominum
3301 1474 3495 1532 super

491 1559 705 1635 boam,
731 1558 836 1619 hic
856 1556 1330 1620 describuntur.
1357 1559 1441 1618 Et
1469 1575 1602 1614 ecce
1623 1555 1729 1613 vir
1747 1553 1894 1621 Dei,

403 4725 548 4800 pter
596 4716 906 4798 majorem
957 4714 1397 4778 excellentiam
1448 4734 1521 4777 ac
1571 4713 1902 4777 certitudi-

2008 1563 2064 1614 te
2095 1555 2389 1614 incendet
2412 1553 2629 1634 :quod
2671 1552 2945 1635 qualiter
2990 1551 3227 1615 factum
3258 1551 3361 1628 sit,
3398 1552 3495 1613 in-

2013 4724 2100 4776 est
2129 4735 2364 4776 manus
2394 4717 2564 4791 reyis
2604 4716 2691 4774 ad
2717 4734 2887 4785 eum,
2919 4724 2979 4775 et
3007 4716 3187 4792 facta
3212 4723 3303 4773 est
3338 4716 3506 4773 sicut

406 4834 552 4879 nem
574 4814 862 4878 vaticinii
894 4814 1113 4896 hujuS‚
1139 4822 1201 4877 et
1220 4823 1480 4897 propter
1502 4814 1901 4877 sanctitatem
2005 4816 2199 4891 prius
2245 4813 2406 4889 fuit,
2449 4821 2520 4874 ut
2558 4830 2633 4875 ex
2678 4812 2870 4875 tantis
2908 4812 3021 4875 Dei
3059 4810 3384 4875 miraculis
3434 4831 3507 4875 ac

407 4914 568 4977 tanti
609 4913 812 4993 regis3
847 4923 907 4974 et
941 4914 1324 4985 immolabit,
1357 4912 1420 4975 id
1451 4920 1547 4975 est
1575 4912 1906 4976 comburet

2016 4910 2354 4975 beneficiis
2420 4919 2955 4993 compungeretur
3012 4930 3085 4973 ac
3143 4910 3503 4993 poeniteret.

408 5021 720 5095 quantum
766 5012 847 5075 ad
892 5029 1056 5087 ossa,
1089 5032 1282 5091 super
1315 5022 1370 5073 te
1411 5016 1759 5074 sacerdotes
1800 5034 1907 5073 eoe-
1939 5009 1988 5071 D
2017 5015 2296 5073 Locutus
2324 5020 2414 5071 est
2445 5020 2661 5071 autem
2690 5030 2809 5070 rea>
2847 5013 2936 5071 ad
2974 5011 3195 5071 virum
3222 5010 3367 5083 Dei,
3402 5028 3511 5072 vo-

408 5116 750 5183 celsorum,
784 5110 851 5172 id
893 5118 990 5174 est
1017 5108 1314 5173 fanorum
1347 5118 1411 5173 et
1453 5110 1746 5174 altarium
1792 5130 1903 5174 seu

409 5209 761 5273 vitulorum
812 5227 1150 5273 aureorum
1199 5208 1266 5271 in
1317 5209 1474 5272 locis
1518 5209 1903 5273 sublimibus

409 5310 792 5391 positorum,
811 5310 930 5389 qui
957 5329 1136 5371 nunc
1164 5311 1238 5369 in
1271 5318 1352 5380 te,
1373 5308 1436 5371 id
1466 5316 1563 5371 est
1591 5326 1783 5390 super
1813 5316 1896 5388 te,

2017 5109 2152 5172 lens
2185 5128 2323 5172 esse
2368 5117 2586 5189 gratus
2618 5108 2824 5171 eidem
2872 5126 2887 5171 ε
2930 5110 3088 5169 Veni
3117 5128 3365 5169 mecum
3406 5110 3512 5169 do-

2019 5228 2222 5279 mum,
2257 5217 2331 5268 ut
2368 5210 2722 5286 prandeas,
2754 5216 2815 5267 et
2858 5209 3020 5267 dabo
3054 5208 3172 5267 tibi
3215 5226 3507 5267 munera.

2019 5306 2082 5370 Si
2114 5323 2232 5389 pro
2264 5303 2614 5369 curationis
2656 5303 3160 5386 supernaturalis
3192 5302 3512 5369 beneficio

391 1657 703 1722 videlicet
749 1663 1008 1720 sanctus
1054 1653 1544 1737 Prophetazqui
1597 1651 1718 1715 fuit
1757 1653 1889 1731 Dei,
2007 1649 2107 1713 fra
2148 1651 2314 1715 libro
2357 1659 2585 1733 quarto
2626 1651 3030 1714 describitur.
3057 1651 3133 1713 Et
3174 1651 3294 1713 hoc
3343 1649 3496 1714 fecit
3578 1672 3629 1716 ιν
3652 1674 3765 1728 1200.

387 1775 530 1820 non
573 1755 782 1820 solum
826 1773 941 1836 per
990 1753 1378 1816 creationem
1425 1760 1488 1815 et
1533 1753 1892 1832 generalem
2004 1749 2207 1812 Josias
2239 1749 2305 1812 in
2338 1758 2775 1833 contemptum
2823 1749 3197 1813 idololatriae
3226 1758 3288 1812 et
3320 1750 3497 1813 fano-
3523 1737 3786 1788 ¹¹¹¹¹2¹⁵·²⁰·

391 1854 950 1937 gubernationem,
985 1853 1095 1916 sed
1144 1853 1296 1916 item
1337 1870 1451 1933 per
1490 1851 1898 1933 praedestina-
2009 1867 2150 1910 rum
2188 1867 2203 1910 z
2242 1849 2409 1912 unde
2441 1847 2612 1910 infra
2642 1856 2905 1912 vocatur
2936 1848 3207 1930 pollutio
3240 1848 3497 1912 illorum
3550 1879 3671 1924 md.
3695 1881 3755 1922 1⁶,

395 1957 644 2018 tionem
677 1961 977 2017 aeternam
1010 1959 1073 2015 et
1093 1950 1434 2033 specialem
1467 1950 1891 2023 devotionem3
2008 1947 2328 2020 altarium,
2381 1949 2551 2029 quod
2602 1948 2795 2010 etiam
2848 1947 2973 2010 fuit
3018 1948 3144 2010 Dee
3194 1948 3497 2030 placitum

392 2058 580 2118 venit
598 2056 902 2122 desuda,
925 2050 988 2113 id
1010 2059 1105 2114 est
1136 2051 1215 2113 de
1239 2059 1404 2113 terra
1427 2049 1604 2131 regni
1624 2049 1802 2125 Juda,
1822 2050 1896 2109 in
2010 2054 2313 2126 tanquam
2368 2045 2761 2109 sacrificium
2804 2064 2818 2109 ε
2868 2054 3129 2128 propter
3176 2047 3349 2128 quod
3391 2065 3501 2110 vo-

393 2173 690 2216 sermone
720 2152 1016 2221 Domini,
1049 2150 1113 2212 id
1145 2158 1261 2225 est,
1297 2147 1536 2210 habens
1578 2147 1703 2209 sibi
1733 2165 1900 2210 com·
2009 2151 2189 2207 catur
2217 2144 2321 2207 hic
2354 2145 2725 2208 immolatio.
2746 2148 3065 2224 Deditque
3094 2144 3406 2227 Propheta
3426 2148 3497 2206 in

397 2253 670 2316 missum
712 2267 1072 2313 sermonem
1105 2247 1304 2330 impio
1349 2245 1482 2326 regi
1519 2245 1900 2310 denuntian-
2010 2245 2131 2304 illa
2169 2245 2279 2303 die
2320 2246 2607 2322 siynum,
2630 2243 2694 2305 id
2740 2251 2857 2321 est,
2892 2242 3271 2306 miraculum
3322 2243 3495 2322 fecit,

398 2354 598 2424 dum;
635 2349 756 2426 vel,
800 2349 866 2410 ln
919 2365 1211 2410 sermone
1259 2345 1532 2422 Domini,
1568 2345 1633 2407 id
1681 2352 1776 2407 est
1824 2363 1899 2406 ex
2011 2342 2087 2403 ad
2141 2341 2540 2432 probandum
2588 2343 2760 2423 quod
2812 2361 2961 2406 vere
3008 2341 3376 2423 loqueretur
3423 2361 3501 2406 ex

403 2451 512 2513 Dei
545 2456 891 2531 praecepto.
927 2447 1014 2510 De
1044 2447 1167 2508 isto
1207 2445 1346 2508 viro
1375 2444 1664 2524 Magister
1697 2443 1763 2505 in
1805 2443 1902 2504 hi-
2013 2447 2193 2523 parte
2236 2440 2367 2516 Dei,
2400 2442 2619 2501 dicens
2649 2462 2672 2500 .·
2704 2444 2841 2502 Hoc
2870 2443 2993 2500 erit
3022 2444 3288 2518 sianum
3330 2445 3501 2521 quod

399 2549 622 2632 storiis
673 2547 784 2624 ait,
824 2546 996 2628 quod
1043 2545 1110 2606 in
1148 2543 1672 2626 Paralipomenon
1719 2559 1901 2605 voce·
2012 2543 2259 2600 locutus
2276 2549 2365 2599 est
2384 2540 2697 2600 Dominus
2714 2541 3131 2600 :Ecccaltare
3148 2541 3497 2609 scindetur,

115 2669 374 2716 nem—‚xm
407 2656 513 2711 tur
556 2646 758 2709 Addo.
785 2644 906 2708 Sed
956 2643 1438 2719 advertendum,
1463 2641 1636 2723 quod
1684 2659 1900 2702 secun·
1939 2640 1984 2701 B
2010 2655 2207 2718 quum
2244 2645 2450 2699 tamen
2486 2634 2568 2699 sit
2608 2636 2775 2700 forte
2804 2656 2878 2699 ac
2906 2636 3148 2701 factum
3186 2637 3265 2700 de
3307 2655 3496 2716 nov0,

91 2735 331 2838 ’ζῶ-ω.
406 2747 489 2809 do
538 2744 1070 2826 Paralipomenon
1129 2741 1438 2822 scriptum
1499 2747 1594 2802 est
1637 2756 1652 2800 ε
1700 2737 1901 2820 Opera
2009 2746 2068 2797 et
2097 2740 2469 2813 effundetur
2488 2739 2655 2796 cinis
2683 2738 2801 2816 qui
2820 2739 2901 2796 in·
2927 2757 2995 2797 eo
3016 2747 3124 2808 est,
3151 2736 3215 2798 id
3246 2737 3499 2818 est,qui

409 2845 692 2908 Roboam
727 2841 966 2924 scripta
995 2847 1144 2902 sunt
1173 2839 1241 2901 in
1285 2839 1449 2901 libro
1480 2837 1657 2900 Addo
1687 2836 1904 2902 viden·
2012 2854 2203 2918 super
2233 2835 2429 2898 altare
2473 2833 2708 2896 mansit
2736 2852 2814 2897 ex
2844 2834 3285 2898 combustione
3325 2835 3504 2898 holo-

91 2963 378 3012 Ibid.11.29.
409 2944 514 3005 tis.
553 2941 864 3005 Similiter
894 2940 1117 3002 eodem
1149 2938 1317 3001 libro
1349 2937 1554 3000 fertur
1589 2953 1603 2998 ε
1639 2935 1905 3016 Reliqua
2011 2942 2398 3010 caustorum,
2434 2932 2685 2996 decidet
2727 2952 2843 3015 per
2871 2933 3212 2996 scissuram
3257 2933 3497 2996 altaris.

407 3041 608 3106 verba
638 3038 994 3103 Salomonis
1053 3036 1292 3119 scripta
1341 3042 1491 3098 sunt
1540 3035 1606 3098 in
1654 3035 1903 3098 visione
2095 3037 2431 3112 Quumque
2460 3035 2745 3094 audisset
2776 3053 2893 3093 rea·
2921 3051 3275 3093 sermonem
3302 3033 3503 3093 homi-

405 3141 588 3205 Addo
610 3138 889 3202 videntis
919 3146 1140 3201 contra
1168 3136 1523 3200 Jeroboam.
1549 3135 1637 3197 Ex
1666 3134 1902 3216 quibus
2010 3137 2116 3196 nis
2159 3136 2306 3206 Dei,
2336 3154 2523 3214 quem
2568 3136 3037 3194 inclamaverat
3080 3141 3303 3192 contra
3345 3136 3503 3193 alta·

407 3238 833 3324 probabiliter
883 3236 1254 3311 aestimatur,
1299 3234 1472 3317 quod
1511 3233 1762 3298 viriste
1803 3232 1904 3295 fu-
2011 3256 2082 3295 re
2132 3238 2207 3295 in
2250 3234 2499 3304 Bethel,
2531 3234 2823 3294 eoeaendit
2871 3252 3143 3293 manum
3188 3252 3375 3293 suam
3423 3235 3504 3292 de

403 3338 530 3402 erit
570 3337 784 3411 Addo;
831 3353 960 3398 non
1011 3342 1224 3397 tamen
1266 3334 1332 3395 in
1376 3333 1900 3415 Paralipomenon
2013 3334 2244 3402 altari,
2280 3334 2500 3393 dicens
2532 3352 2555 3391 .·
2584 3333 3063 3409 Apprehendite
3091 3352 3265 3401 eum,
3298 3330 3360 3393 id
3406 3338 3507 3393 est

403 3437 643 3500 dicitur
683 3434 877 3496 istud.
925 3437 1010 3496 In
1048 3436 1298 3503 Bethel,
1333 3432 1412 3494 ad
1461 3431 1679 3494 fanum
1727 3431 1902 3511 quod
2011 3432 2353 3513 captivate.
2391 3433 2475 3492 ‚Et
2529 3431 2792 3490 exaruit
2833 3449 3069 3489 manus
3116 3430 3257 3507 ejus
3305 3450 3503 3509 quam
3538 3468 3543 3473 -

403 3544 542 3599 erat
572 3534 1188 3610 ibidem‚Jeroboam
1218 3540 1428 3592 stante
1455 3550 1646 3609 super
1668 3533 1898 3601 altare,
2008 3533 2386 3591 eoetenderat
2444 3538 2667 3589 contra
2715 3548 2892 3598 eum,
2932 3548 3047 3589 nec
3096 3530 3310 3589 valuit
3358 3548 3499 3589 eam

413 3634 481 3695 id
513 3640 612 3697 est
651 3640 800 3694 ante
839 3629 1022 3706 illud,
1060 3628 1147 3691 ita
1176 3629 1347 3710 quod
1382 3647 1498 3711 pro
1539 3636 1717 3710 parte
1754 3627 1903 3689 emi·
2011 3631 2335 3689 retrahere
2393 3631 2482 3688 ad
2526 3646 2613 3688 se.
2666 3630 2895 3688 Altare
2940 3646 3189 3707 quoque
3234 3628 3503 3687 scissum

399 3731 599 3795 nebat
639 3728 958 3812 superiu8‚
991 3737 1052 3788 et
1084 3732 1228 3789 thus
1241 3728 1552 3806 jaciente.
2009 3736 2120 3797 est,
2154 3736 2215 3788 et
2243 3729 2483 3805 effusus
2510 3735 2600 3786 est
2638 3727 2806 3786 cinis
2836 3727 2913 3785 de
2943 3727 3169 3796 altari,
3187 3726 3396 3803 juxta
3422 3726 3504 3784 si-

489 3834 574 3893 Et
603 3829 1000 3890 eoeclamavit
1027 3837 1253 3887 contra
1273 3830 1484 3887 altare
1513 3827 1587 3885 in
1616 3846 1902 3886 sermone
1935 3828 1978 3891 C
2002 3846 2209 3903 ynum
2240 3828 2412 3905 quod
2432 3826 2837 3902 proedioeerat
2868 3825 2973 3884 vir
3002 3825 3149 3894 Dei,
3172 3826 3245 3883 in
3274 3842 3505 3883 sermo-

402 3931 704 3998 Domini,
731 3937 793 3988 et
821 3930 920 3988 ait
949 3948 971 3987 .·
1003 3928 1255 3997 Altare,
1275 3929 1483 3986 altare
1513 3946 1536 3985 .·
1569 3944 1697 3989 non
1728 3924 1899 4006 quod
2011 3946 2092 3985 nc
2122 3924 2411 3984 Domini.
2446 3925 2533 3983 Et
2577 3924 2674 3983 ait
2705 3942 2819 3982 rex
2858 3926 2947 3983 ad
2996 3925 3217 3982 virum
3250 3923 3394 3991 Dei,
3427 3940 3503 3983 ex

403 4030 606 4092 altare
638 4026 920 4110 potuerit
950 4025 1146 4089 verba
1192 4024 1548 4104 intelligere
1591 4024 1693 4087 vel
1726 4024 1902 4086 audi·
2013 4023 2200 4103 plaga
2244 4022 2353 4085 Dei
2400 4021 2775 4103 perterritus
2810 4037 2825 4081 z
2864 4024 3220 4098 Deprecare
3267 4021 3505 4097 faciem

403 4147 496 4203 re,
522 4126 634 4189 sed
666 4133 927 4208 propter
948 4125 1291 4200 adstanteS‚
1317 4124 1394 4185 ad
1417 4123 1616 4186 altare
1635 4123 1901 4186 verbum
2011 4124 2283 4183 Domini
2310 4124 2434 4182 Dei
2466 4122 2590 4190 tui,
2620 4120 2681 4182 id
2716 4127 2811 4183 est
2842 4118 3098 4201 pietatis
3128 4118 3267 4200 ejus
3299 4137 3507 4200 respe-

402 4223 663 4301 direxit,
695 4231 770 4285 ut
801 4221 926 4306 ipsi
955 4222 1395 4296 adverterent3
1429 4225 1561 4283 kaec
1587 4224 1751 4282 dicit
1781 4225 1904 4282 Do-
2013 4228 2208 4296 ctum,
2234 4230 2293 4281 et
2325 4240 2441 4279 ora
2460 4239 2584 4297 pro
2614 4240 2735 4291 me,
2762 4230 2833 4280 ut
2863 4220 3247 4279 restituatur
3269 4238 3505 4279 manus

403 4326 630 4385 minus
652 4345 676 4383 .·
695 4326 860 4384 Ecce
877 4324 1060 4399 filius
1091 4331 1391 4381 nascetur
1409 4323 1639 4381 domui
1657 4323 1899 4392 David,
2013 4340 2154 4381 mea
2182 4320 2371 4391 mihi,
2408 4318 2471 4381 id
2502 4327 2618 4395 est,
2654 4327 2728 4379 ut
2755 4326 3014 4381 curetur
3044 4337 3081 4380 a
3112 4318 3259 4394 Deo,
3284 4316 3505 4398 sieque

403 4424 468 4485 id
501 4431 599 4485 est
641 4422 708 4483 in
741 4438 936 4502 regno
974 4420 1132 4482 Juda
1175 4438 1252 4482 ex
1301 4419 1544 4483 semine
1575 4419 1773 4483 David
1825 4419 1901 4481 ad
2013 4418 2105 4480 uti
2142 4418 2387 4481 valeam
2429 4436 2525 4494 ea,
2560 4425 2623 4481 et
2651 4426 2963 4498 quantum
3000 4417 3081 4479 ad
3120 4436 3329 4492 usum,
3364 4434 3503 4479 eam

405 4539 711 4601 magnum
745 4519 920 4581 illius
954 4518 1131 4598 regni
1153 4520 1556 4582 commodum
1589 4537 1660 4580 ac
1691 4515 1905 4600 profe-
2014 4516 2343 4600 recipiam.
2371 4518 2722 4597 oravitque
2744 4518 2849 4576 vir
2876 4517 3001 4577 Dei
3029 4517 3265 4594 faciem
3285 4517 3506 4577 Domi-

403 4628 601 4695 ctum,
635 4620 844 4680 Josias
893 4619 1156 4677 nomine
1185 4635 1208 4677 :
1247 4616 1418 4698 quod
1463 4616 1737 4693 additur,
1765 4634 1905 4698 pro·
2013 4619 2110 4688 ni,
2147 4616 2416 4679 reddens
2468 4615 2708 4678 bonum
2751 4633 2867 4696 pro
2914 4614 3106 4691 ma10‚
3147 4624 3207 4675 et
3252 4634 3506 4675 reversa
3571 4648 3797 4697 umam,

3536 4713 3603 4754 17.
