4359 6250
1209 508 1555 556 malumno
1599 510 1658 557 IN
1703 511 1838 556 CAP.
1887 511 1947 556 vl
1987 510 2261 558 mmmm.
2307 532 2387 543 —·-
2428 511 2569 565 altr.
2618 510 2680 559 xl

3367 492 3483 561 147

375 692 532 755 quc,
573 678 929 755 liquorum,
966 701 1110 760 quse
1147 684 1228 741 de
1267 700 1544 753 nemore,
1584 681 1754 762 quod
1787 688 1884 743 est
1912 680 1963 742 A
2075 685 2367 760 Spiritus
2398 694 2614 746 autem
2648 687 2916 746 Domini
2946 686 3169 746 induit
3202 688 3479 755 Gedeon,

374 772 556 837 circa
596 794 774 838 aram
819 776 987 852 Baal‚
1019 781 1394 851 succideris,
1429 787 1499 840 ut
1539 782 1632 841 sic
1672 778 1738 841 in
1770 779 1878 842 Dei

375 869 764 953 obsequium
796 884 1274 955 convertantur,
1310 896 1453 959 quae
1475 886 1656 941 erant
1681 878 1882 940 idolo-

373 968 583 1034 latriae
633 972 956 1056 deputata,
1002 976 1082 1037 ad
1132 976 1507 1057 ampliorem
1562 975 1878 1039 idolorum

372 1078 442 1132 et
488 1070 968 1137 idololatrarum
1015 1074 1483 1139 confusionem.
1532 1075 1770 1139 Deinde
1812 1076 1878 1137 in

373 1176 556 1232 textu
593 1171 1000 1249 describitur,
1035 1174 1309 1255 qualiter
1339 1174 1594 1238 Gedeon
1627 1193 1878 1238 exsecu-

371 1275 482 1329 tus
513 1277 612 1331 est
642 1269 786 1333 ista.
813 1271 888 1333 Et
919 1272 1110 1353 plana
1141 1280 1238 1336 est
1279 1273 1510 1337 littera.
1543 1274 1755 1350 Porro,
1792 1273 1878 1335 al-

371 1374 514 1429 tare
543 1376 721 1431 extra
751 1370 1234 1433 tabernaculum
1266 1370 1376 1435 Dei
1407 1380 1798 1448 construere,
1813 1380 1877 1435 et

369 1464 442 1527 in
489 1466 606 1529 illo
650 1466 1019 1532 sacrificare
1064 1488 1190 1533 non
1237 1469 1440 1547 licuit,
1477 1470 1601 1533 nisi
1642 1490 1717 1533 ex
1749 1470 1877 1533 dis—

367 1564 754 1645 pensatione
803 1566 1045 1630 divina.
1089 1568 1212 1630 Nec
1261 1567 1540 1631 Gedeoni
1582 1568 1766 1631 aliter
1806 1568 1874 1631 li-

365 1661 612 1726 cuisset
641 1664 1031 1743 sacrificare,
1049 1666 1203 1748 quia
1235 1685 1363 1730 non
1393 1676 1529 1730 erat
1549 1667 1790 1743 Levita,
1819 1668 1872 1729 si

369 1767 590 1824 tamen
623 1781 738 1843 per
763 1782 832 1827 se
859 1771 923 1826 et
963 1783 1090 1827 non
1128 1766 1342 1847 potius
1378 1784 1490 1848 per
1521 1784 1748 1829 manus
1781 1785 1873 1828 sa-

365 1860 650 1923 cerdotis
692 1861 1102 1925 sacrificavit.

453 1962 798 2041 Quumque
833 1965 1268 2023 surrexissent
1300 1964 1434 2023 viri
1475 1965 1704 2041 oppidi
1731 1964 1871 2041 ejus

363 2078 589 2128 mane,
641 2061 952 2121 viderunt
999 2062 1396 2123 destructam
1446 2083 1634 2123 aram
1674 2066 1870 2132 Baal,

365 2158 724 2235 lucumque
739 2160 1061 2219 succisum
1080 2169 1142 2220 et
1163 2170 1430 2221 taurum
1451 2165 1734 2221 alterum
1757 2162 1871 2219 im-

353 2256 654 2330 positum
695 2276 892 2335 super
932 2261 1141 2319 altare
1181 2261 1352 2337 quod
1396 2268 1549 2319 tunc
1584 2261 1869 2337 cedifiea-

364 2361 512 2413 tum
541 2364 704 2415 erat.
728 2357 1187 2435 Dioeeruntque
1217 2360 1306 2416 ad
1346 2359 1418 2417 in
1429 2360 1626 2417 vicem
1657 2378 1680 2420 .·
1715 2360 1870 2427 Quis

361 2451 488 2510 hoc
532 2453 742 2529 fecit?
787 2457 1128 2534 Quumque
1165 2456 1618 2534 perquirerent
1662 2466 1871 2517 aucto-

359 2570 507 2609 rem
535 2552 726 2627 facti,
758 2555 1012 2613 dictum
1041 2563 1132 2614 est
1163 2574 1185 2616 .·
1223 2557 1469 2615 Gedeon
1511 2557 1696 2631 filius
1720 2559 1870 2617 Joas

357 2650 526 2727 fecit
557 2651 692 2711 kaec
721 2652 966 2711 omnia.
985 2654 1068 2712 Et
1098 2654 1415 2713 dixerunt
1437 2651 1561 2715 viri
1592 2652 1869 2717 civitatis

359 2745 552 2808 illius
585 2752 674 2809 ad
699 2753 852 2810 Joas
880 2770 904 2812 .·
933 2752 1198 2812 Produc
1233 2753 1456 2828 fitium
1503 2761 1690 2813 tuum
1718 2756 1870 2823 huc,

357 2856 438 2906 ut
487 2850 841 2918 moriatur,
884 2848 948 2911 id
993 2855 1110 2925 est,
1154 2848 1513 2913 Gedconem
1558 2851 1637 2913 da
1683 2849 1868 2914 nobis

355 2944 444 3006 ad
468 2944 916 3023 occidendum,
930 2950 1089 3027 quia
1109 2950 1432 3009 destruoeit
1463 2969 1650 3011 aram
1671 2953 1867 3021 Baal,

1993 778 2058 842 id
2090 788 2207 857 est,
2252 782 2454 861 gratia
2484 781 2758 864 Spiritus
2791 782 3001 846 Sancti
3044 782 3345 865 impletus
3384 788 3480 845 est

1989 879 2068 940 ad
2101 881 2611 961 prosequendum
2646 900 2720 943 ea
2749 900 2891 962 quse
2923 880 3048 944 sibi
3087 889 3268 943 erant
3296 881 3479 943 desu—

1991 996 2104 1059 per
2131 978 2571 1060 jussa.1taque
2603 978 2877 1061 Spiritus
2909 979 3179 1057 Domini,
3202 978 3475 1061 Spiritus

1989 1075 2275 1153 SanctuS,
2330 1096 2440 1140 seu
2491 1077 2598 1139 Dei
2650 1077 2943 1142 voluntas
2992 1078 3201 1140 induit
3245 1077 3475 1140 chco—

1987 1177 2555 1252 nem,assumendo
2587 1196 2730 1239 eum
2763 1176 2944 1257 quasi
2979 1177 3471 1239 instrumentum

1983 1282 2176 1355 atque
2199 1274 2579 1351 ministrum,
2597 1284 2665 1337 ut
2684 1284 3173 1357 prosequeretur
3194 1294 3306 1357 per
3324 1294 3471 1337 eum

1984 1371 2261 1451 rigorem
2300 1392 2429 1435 suae
2464 1372 2729 1455 justitiae
2767 1373 2832 1435 in
2876 1374 3269 1437 adversarios
3318 1374 3474 1435 lsra-

1983 1471 2124 1548 elis,
2163 1480 2227 1535 et
2256 1492 2385 1536 suae
2417 1472 2671 1554 pietatis
2702 1472 3009 1535 effectum
3040 1472 3109 1534 in
3150 1472 3291 1553 ipso
3321 1472 3473 1535 Isra-

1983 1570 2199 1634 elitioo
2230 1571 2490 1653 populo.
2523 1573 2651 1641 Qui
2678 1576 2980 1649 clanyens
3011 1572 3304 1642 buccina,
3330 1592 3471 1632 con-

1985 1670 2234 1728 vocavit
2262 1671 2529 1728 domum
2560 1670 2858 1737 Abiezer,
2877 1667 2942 1729 id
2972 1676 3069 1730 est
3099 1668 3468 1749 progeniem

1983 1764 2104 1827 viri
2128 1764 2219 1827 sic
2251 1765 2405 1828 dicti
2428 1783 2441 1827 :
2462 1766 2541 1827 de
2570 1784 2699 1847 qua
2730 1764 2919 1828 domo
2953 1764 3158 1827 [uitet
3187 1765 3463 1843 Gedeon‚

1904 1866 1950 1927 B
1982 1862 2124 1929 ideo
2156 1872 2457 1945 tanquam
2489 1872 2788 1944 cognatos
2820 1863 3071 1927 vocavit
3098 1882 3206 1927 eos
3247 1864 3314 1926 in
3346 1864 3471 1946 pri-

1979 1961 2142 2035 mis;
2194 1972 2267 2023 ut
2306 1972 2675 2042 sequeretur
2720 1984 2804 2023 se.
2852 1965 3159 2042 Misitque
3206 1965 3469 2025 nuntios

1979 2062 2052 2121 in
2085 2063 2463 2121 universum
2494 2064 2863 2133 Manassen,
2899 2060 2961 2123 id
2995 2068 3091 2123 est
3119 2062 3197 2124 ad
3230 2060 3467 2123 tribum

1979 2159 2281 2235 Manasse,
2318 2161 2436 2239 qui
2472 2169 2531 2219 et
2576 2160 2708 2236 ipse
2750 2168 2998 2219 secutus
3040 2169 3130 2220 est
3172 2180 3319 2221 eum
3340 2184 3368 2231 ,·
3409 2170 3469 2221 et

1979 2260 2142 2319 alios
2179 2259 2443 2318 nuntios
2475 2260 2547 2317 in
2570 2262 2733 2317 Aser
2762 2267 2823 2319 et
2844 2260 3135 2319 Zabulon
3166 2269 3224 2320 et
3256 2262 3471 2336 Neph-

1981 2358 2169 2428 thali,
2204 2358 2320 2436 qui
2348 2365 2770 2415 occurrerunt
2800 2357 2863 2414 ei
2891 2356 2969 2418 ad
3004 2356 3463 2419 auxiliandum.

1979 2453 2413 2517 insinuaverat
2433 2452 2603 2516 enim
2639 2452 2767 2514 illis
2797 2472 2941 2535 quae
2971 2453 3377 2517 manifestata
3406 2463 3470 2517 et

1979 2554 2320 2615 commissa
2350 2550 2474 2613 sibi
2506 2559 2689 2613 erant
2716 2570 2754 2613 a
2776 2550 3063 2615 Domino.

2060 2651 2373 2730 ‚Dia-itque
2420 2654 2667 2711 Gedeon
2710 2653 2800 2711 ad
2840 2653 3222 2722 Dominum,
3254 2652 3466 2733 ipsum

1977 2748 2221 2811 orando
2276 2766 2289 2809 :
2346 2750 2425 2809 Si
2470 2752 2737 2809 salvum·
2784 2752 2984 2829 facies
3024 2770 3145 2827 per
3196 2772 3466 2812 manum

1977 2868 2187 2909 meam
2226 2851 2457 2917 Israel,
2480 2849 2647 2907 sicut
2680 2851 2927 2908 locutus
2953 2870 3041 2918 es,
3064 2869 3309 2926 ponam
3340 2854 3468 2911 vel-

1978 2950 2079 3007 lus
2128 2950 2243 3007 boc
2296 2949 2488 3016 lance,
2538 2945 2602 3007 id
2654 2953 2749 3007 est
2808 2945 3062 3009 laneum
3111 2947 3337 3026 velluS,
3392 2950 3465 3009 in

353 3052 420 3103 et
471 3046 756 3105 succidit
800 3066 1049 3107 nemus.
1097 3046 1313 3129 ltaque
1363 3054 1640 3124 constat,
1693 3049 1864 3130 quod
1896 3048 1940 3112 C
1976 3066 2154 3116 area,
2188 3046 2252 3107 id
2294 3053 2391 3107 est
2429 3044 2680 3108 horreo.
2720 3046 2799 3105 Si
2827 3066 2929 3105 ros
2970 3046 3042 3106 in
3080 3050 3208 3106 solo
3236 3050 3465 3109 vellere

357 3143 658 3206 nondum
697 3162 920 3208 omnes
961 3144 1086 3207 filii
1116 3144 1303 3208 lsrael
1333 3146 1414 3208 de
1457 3165 1571 3209 sua
1611 3145 1869 3210 idolola-

355 3240 494 3302 tria
535 3253 955 3321 recesserunt,
1005 3263 1122 3306 nec
1162 3261 1386 3307 omnes
1429 3244 1867 3308 clamaverunt

351 3340 442 3402 ad
479 3340 825 3404 Dominum
864 3360 939 3404 ex
979 3362 1131 3406 vera
1169 3343 1576 3407 contritione.
1624 3347 1864 3413 Quibus

353 3442 507 3508 ille,
526 3438 773 3504 scilicet
801 3440 968 3517 JoaS,
990 3444 1365 3519 respondit:
1393 3443 1739 3522 Numquid
1767 3448 1864 3503 ul-

355 3549 529 3598 tores
557 3540 707 3600 estis
725 3543 922 3607 Baal,
955 3549 1026 3600 ut
1047 3542 1353 3617 paynetis
1377 3560 1496 3618 pro
1525 3560 1594 3600 eo
1617 3543 1648 3601 ?
1677 3541 1860 3622 quasi

351 3637 558 3716 dicat,
593 3637 658 3701 Si
689 3639 834 3701 Baal
865 3647 963 3702 est
993 3639 1172 3715 deuS,
1201 3647 1409 3721 potest
1439 3641 1860 3721 personaliter

353 3756 546 3800 suam
599 3737 825 3801 ulcisci
878 3737 1209 3819 iujuriam.
1270 3741 1396 3807 Qui
1445 3743 1859 3802 adversarius

349 3837 506 3913 eius
531 3846 650 3906 est,
689 3838 1015 3897 moriatur
1043 3847 1394 3916 antequam
1425 3841 1545 3898 luoe
1571 3841 1858 3900 crastina

351 3939 607 3998 veniat.
651 3937 734 3998 Si
769 3939 928 3996 deus
963 3945 1076 4009 est,
1117 3937 1402 3997 vindicet
1434 3957 1498 3996 se
1533 3941 1615 3997 de
1643 3957 1712 3998 eo
1744 3940 1862 4018 qui

347 4037 631 4112 suffodit
659 4055 848 4096 aram
877 4036 1045 4113 ejus,
1067 4034 1130 4096 id
1161 4043 1278 4112 est,
1316 4035 1504 4099 hodie
1535 4035 1861 4099 occidatur

348 4132 439 4196 ab
465 4133 608 4216 ipso
628 4132 946 4210 Baal,non
978 4153 1016 4196 a
1047 4133 1251 4198 vobis,
1278 4133 1437 4197 Hinc
1470 4142 1664 4216 patet,
1685 4137 1857 4216 quod

1975 3146 2203 3222 fuerit,
2230 3145 2294 3206 id
2334 3151 2451 3221 est,
2488 3144 2694 3207 vellus
2734 3145 3059 3207 dumtaxat
3091 3143 3283 3208 fucrit
3324 3166 3464 3211 rore

1974 3244 2373 3326 complutum
2405 3262 2515 3306 seu
2547 3242 2971 3306 madefactum
3007 3244 3123 3306 hac
3153 3253 3359 3323 nocte,
3404 3257 3465 3309 et

1974 3345 2045 3404 in
2091 3345 2271 3404 omni
2312 3353 2483 3402 terra
2527 3344 2803 3416 siccitas,
2840 3341 2905 3404 id
2955 3351 3073 3419 est,
3106 3361 3218 3424 per
3269 3351 3463 3407 totam

1971 3459 2135 3504 areae
2175 3449 2407 3503 terram
2447 3439 2965 3522 circumpositam
3004 3441 3255 3504 siccitas
3288 3461 3464 3505 man-

1971 3540 2151 3617 serit,
2203 3541 2407 3600 sciam
2460 3557 2573 3620 per
2623 3538 2745 3602 hoc
2796 3538 3069 3618 signum,
3123 3544 3293 3620 quod
3340 3561 3462 3618 per

1969 3657 2240 3700 manum
2272 3658 2506 3707 meam,
2549 3639 2717 3697 sicut
2763 3642 3010 3697 locutus
3040 3657 3125 3708 es,
3160 3641 3459 3699 liberabis

1969 3739 2196 3798 Israel.
2216 3738 2317 3798 ,E't
2347 3738 2597 3814 factum
2636 3744 2725 3795 est
2756 3737 2871 3796 ita.
2890 3737 2973 3796 Εἰ
3002 3738 3083 3795 de
3114 3748 3290 3797 nocte
3318 3757 3459 3799 con-

1966 3853 2260 3911 suryens,
2293 3833 2357 3894 id
2386 3840 2483 3895 est
2512 3831 2697 3896 valde
2729 3851 2935 3909 mane,
2971 3832 3123 3913 quia
3146 3833 3456 3897 sollicitus

1971 3931 2092 3994 suit
2125 3933 2192 3993 in
2225 3931 2347 3993 isto
2379 3929 2661 4009 negotio,
2694 3950 2986 4007 expresso
3029 3935 3279 4004 vellere,
3312 3953 3456 3993 con-

1967 4033 2156 4092 cham
2186 4050 2329 4090 rore
2360 4027 2811 4106 implevit.Qui
2844 4027 2911 4091 in
2944 4029 3200 4108 signum
3230 4029 3457 4094 verita-

1969 4129 2052 4192 tis
2106 4148 2180 4192 ac
2234 4127 2422 4208 signi,
2476 4134 2538 4189 et
2585 4145 2700 4208 pro
2750 4127 3177 4192 declaratione
3224 4127 3457 4193 divinae

345 4235 504 4296 Joas
545 4251 675 4296 non
708 4240 956 4295 tantum
986 4241 1122 4295 crat
1151 4233 1353 4296 cultui
1393 4233 1535 4296 Baal
1579 4235 1854 4314 deditus,
1889 4234 1940 4297 D
1969 4228 2225 4312 pietatis
2263 4245 2337 4289 ac
2386 4224 2865 4307 omnipotentiae
2916 4227 3078 4308 ejuS‚
3133 4245 3338 4292 rorem
3382 4246 3459 4290 ex

347 4332 532 4414 quod
584 4339 846 4413 propter
891 4339 1332 4413 contemptum
1387 4332 1530 4394 Baal
1583 4333 1858 4396 voluerit

349 4450 550 4494 suum
603 4428 818 4492 filium
862 4429 1164 4493 trucidari
1199 4447 1214 4492 τ
1251 4439 1316 4492 ct
1366 4429 1532 4493 forte
1568 4430 1700 4511 jam
1742 4431 1858 4494 ali-

348 4529 638 4611 qualiter
659 4536 926 4593 noverat
953 4548 1030 4592 ex
1058 4527 1368 4593 Gedeonis
1401 4529 1626 4607 relatu,
1651 4531 1856 4613 quali-

351 4637 456 4691 ter
475 4645 554 4690 ex
574 4626 798 4690 divina
815 4625 1268 4690 commissione
1289 4626 1441 4689 talia
1465 4627 1632 4706 fecit,
1656 4645 1853 4709 quum

349 4724 698 4808 probabile
725 4725 831 4801 sit,
865 4725 1037 4805 quod
1069 4743 1260 4806 super
1291 4723 1412 4788 hoc
1435 4724 1856 4806 interrogave-

351 4825 444 4887 rit
485 4825 868 4888 Joas·suum
913 4821 1126 4885 filium
1170 4822 1550 4887 Gedeouem.
1587 4827 1693 4887 Ex
1739 4829 1855 4888 illo

347 4925 468 4984 die
517 4931 780 4982 vocatus
827 4931 916 4982 est
971 4924 1221 4982 Gedeon
1269 4924 1593 4992 Jerobaat,
1646 4923 1708 4986 id
1759 4933 1856 4987 est

353 5020 674 5084 fortitudo
721 5019 889 5096 Baal,
937 5018 1120 5101 quasi
1173 5019 1356 5083 sortis
1410 5030 1634 5085 contra
1683 5023 1849 5101 Baal,

349 5119 468 5202 qui
503 5137 636 5183 non
660 5117 1010 5182 vindicavit
1030 5137 1098 5182 se
1126 5120 1206 5182 de
1234 5118 1560 5196 Gedeone;
1595 5142 1663 5182 eo
1684 5127 1856 5202 quod

347 5224 508 5282 Joas
537 5226 720 5300 pater
738 5217 1052 5282 Godeonis
1081 5219 1352 5280 dioeisset
1370 5222 1490 5281 :Si
1520 5219 1663 5283 Baal
1697 5225 1854 5282 deus

345 5328 474 5390 est,
505 5320 795 5380 vindicet
825 5337 917 5387 se,
945 5324 1069 5380 eto.
1151 5329 1182 5366 -’

1968 4327 2203 4390 vellere
2232 4325 2517 4402 extorsit,
2562 4332 2627 4386 et
2652 4343 2907 4387 currere
2951 4324 3101 4388 fecit
3142 4325 3207 4388 in
3238 4347 3461 4391 vascu-

1969 4427 2124 4488 lum.
2171 4426 2487 4504 Dioeitque
2526 4443 2755 4484 rursus
2795 4427 2883 4484 ad
2913 4426 3269 4488 Dominum
3299 4449 3323 4487 :
3356 4431 3455 4492 Ne

1966 4528 2295 4586 irascatur
2321 4523 2514 4599 furor
2545 4531 2715 4594 tuus,
2751 4519 2816 4583 id
2858 4529 2955 4584 est
2984 4522 3155 4603 rigor
3188 4533 3310 4588 tuae
3351 4526 3452 4607 ju-

1967 4623 2178 4700 stitiae,
2211 4631 2436 4682 contra
2466 4642 2585 4693 me,
2616 4623 2676 4680 si
2704 4623 2920 4680 adbuc
2950 4627 3140 4684 semel
3185 4633 3457 4686 tentave-

1965 4744 2062 4793 ro,
2095 4723 2160 4784 id
2181 4727 2298 4797 est,
2326 4719 2600 4802 experiri
2630 4718 2942 4800 quaesiero
2974 4720 3307 4786 veritatem·
3326 4732 3451 4788 tuae

1966 4820 2435 4905 promissionis,
2469 4839 2760 4899 qua’rens
2799 4820 3064 4896 siynum
3108 4824 3182 4880 in
3226 4825 3454 4884 vellere

1964 4920 2136 4982 aliud
2169 4939 2207 4981 a
2236 4916 2561 5001 praedict0‚
2593 4924 2657 4978 et
2695 4915 2881 4996 quasi
2924 4917 3313 4981 eontrarium
3353 4919 3448 4982 illi

1968 5021 2172 5100 signo.
2214 5021 2333 5080 Oro
2374 5025 2448 5077 ut
2484 5019 2691 5076 solum
2732 5019 2936 5076 vellus
2972 5018 3209 5078 siccum
3244 5021 3356 5088 sit,
3388 5019 3453 5082 id

1965 5127 2082 5196 est,
2116 5117 2236 5180 hac
2280 5123 2464 5178 nocte
2507 5115 2575 5176 in
2618 5131 2765 5177 area
2804 5123 3059 5178 maneat
3090 5114 3352 5195 siccum,
3388 5129 3447 5181 et

1964 5219 2173 5282 omnis
2225 5225 2396 5276 terra
2440 5234 2580 5274 rore
2629 5217 2917 5286 madens,
2964 5213 3029 5275 id
3075 5223 3192 5291 cst,
3246 5223 3451 5280 totum

1965 5316 2243 5401 spatium
2290 5331 2453 5376 areae
2502 5312 2903 5375 humectetur
2954 5331 3117 5376 rore.
3152 5316 3455 5396 Fecitque
