4359 6250
623 1965 757 2009 Josue
766 1981 864 2019 xvn,

605 2031 640 2071 ί.

610 4039 812 4090 Ιόἰά.κκ,
833 4045 874 4083 7.

888 482 968 546 92

1669 501 2015 547 ENARRATIO
2059 502 2120 546 ΙΝ
2162 501 2300 547 CAP-
2347 500 2453 547 xx!
2494 500 2695 546 Josuss.
2741 520 2820 529 —
2860 501 3003 547 ΛΒΤ.
3052 500 3201 547 xllx

891 670 1034 733 buit
1067 671 1262 748 filios,
1299 669 1544 734 scilieet
1572 668 1810 733 Gcrson
1843 678 1906 733 et
1945 669 2136 731 Caath
2169 676 2230 731 et
2263 669 2381 731 Me·
2408 668 2461 731 A
2490 667 2808 731 Aaronitis
2850 672 3134 741 Gabaon,
3176 678 3295 731 etc.
3341 669 3576 733 Littera
3619 666 3809 750 plana
3852 675 3985 729 est.

891 772 1015 833 rari
1053 796 1068 845 ;
1103 771 1293 834 Caath
1325 770 1547 850 genuit
1568 770 1843 847 Amram,
1879 778 2121 851 patrem
2155 768 2379 850 Moysis

890 879 952 931 et
985 870 1216 933 Aaron.
1252 870 1338 931 Ex
1370 871 1575 932 Aaron
1609 870 1739 931 nati
1771 878 1920 931 sunt
1944 868 2287 950 pontifices
2319 876 2381 930 et

890 969 1082 1031 ceteri
1131 969 1509 1043 sacerdoteS,
1545 970 1655 1051 qui
1703 987 1873 1031 nunc
1917 976 2228 1031 vocantur
2267 968 2381 1030 Aa—

889 1067 1138 1143 ronitae‚
1175 1088 1285 1129 seu
1319 1066 1566 1128 familia
1603 1066 1792 1130 Caath
1829 1066 2110 1128 filiorum
2146 1066 2373 1129 Aaron.

890 1164 1144 1248 Reliqui
1178 1174 1386 1228 autem
1424 1165 1704 1228 filiorum
1737 1165 1950 1240 Caath,
1974 1165 2380 1247 put-aLevitae

887 1263 999 1345 qui
1033 1272 1398 1346 supersunt,
1421 1264 1549 1326 nati
1573 1271 1722 1325 sunt
1752 1283 1826 1325 ex
1851 1264 2042 1326 Caath
2077 1282 2192 1345 per
2220 1263 2377 1327 alios

890 1361 1066 1425 filios
1097 1362 1260 1443 ejuS,
1295 1362 1406 1443 qui
1451 1361 1714 1424 fuerunt.
1746 1363 1911 1424 lsaar
1941 1370 2001 1424 et
2033 1362 2286 1425 Hebron
2318 1370 2379 1425 et

888 1459 1078 1523 Oziel.
1125 1466 1330 1523 Porro
1374 1464 1538 1537 filiis
1587 1464 1847 1531 Ger-son,
1893 1460 1955 1523 id
2001 1470 2098 1523 est
2141 1460 2379 1523 Levitis

890 1559 1056 1621 natis
1105 1578 1182 1622 ex
1232 1558 1382 1622 Levi
1435 1578 1548 1641 per
1614 1558 1826 1621 filium
1878 1578 2066 1621 suum
2114 1558 2377 1636 Gerson,

889 1679 1134 1736 eqressa
1165 1668 1256 1717 est
1283 1678 1441 1728 sor-3,
1475 1668 1546 1717 ut
1578 1660 1934 1734 acciperent
1973 1662 2052 1718 de
2094 1661 2383 1719 tribubus

893 1760 1193 1819 Issaclzar
1211 1766 1269 1815 et
1291 1758 1455 1817 Aser
1481 1767 1540 1816 et
1573 1758 1954 1833 Nepletlaealz',
1973 1759 2384 1837 dimidiaque

2488 768 2705 849 Itaque
2754 768 3069 831 universae
3111 768 3399 831 civitates
3439 768 3797 831 Levitarum
3841 765 3991 827 fue-

2489 875 2637 929 runt
2664 866 3087 948 quadraginta
3110 875 3271 944 oeto,
3291 887 3561 948 quarum
3590 868 3806 929 decem
3842 864 3991 927 fue-

2491 975 2640 1028 runt
2673 974 2843 1028 trans
2866 966 3203 1029 Jordanem
3236 966 3301 1027 in
3336 965 3630 1028 tribubus
3660 964 3881 1028 Ruben
3913 972 3991 1027 et

2486 1064 2617 1127 Gad
2649 1073 2712 1127 et
2743 1065 2953 1127 media
2985 1064 3156 1127 trihu
3180 1064 3479 1127 Manassc.
3506 1064 3571 1126 ln
3603 1063 3731 1125 illis
3760 1072 3981 1125 autem

2490 1162 2757 1225 urbibus
2798 1164 2985 1225 ctiam
3026 1163 3136 1225 alii
3179 1162 3363 1226 multi
3399 1182 3546 1226 cum
3582 1162 3813 1226 Levitis
3850 1180 3988 1223 ma-

2488 1260 2743 1323 nebant.

2569 1362 2886 1439 Deditque
2929 1362 3247 1422 Dominus
3293 1362 3524 1421 Israeli
3561 1380 3808 1421 omne-m
3852 1370 3983 1420 ter-

2491 1480 2660 1528 ram,
2705 1479 2903 1539 quam
2955 1461 3359 1524 traditurum
3406 1480 3469 1518 se
3517 1458 3632 1535 eiS,
3674 1461 3983 1536 patribus

2490 1578 2712 1618 eorum
2728 1560 3109 1636 juraverat,
3129 1568 3188 1618 et
3208 1561 3625 1635 possederunt
3650 1561 3863 1629 illam,
3884 1571 3982 1619 cz!-

2490 1678 2615 1735 que
2634 1658 3092 1718 habitaverunt
3114 1658 3185 1716 in
3214 1678 3311 1717 ea.
3346 1656 3518 1719 Istud
3548 1655 3797 1720 videtur
3824 1676 3982 1720 con-

2492 1755 2740 1817 trariari
2771 1756 2958 1819 dietis
2988 1756 3117 1836 jam
3151 1774 3339 1838 saepe,
3373 1757 3544 1837 quod
3576 1748 3815 1819 scilicet
3846 1756 3979 1819 filii

899 1858 1074 1916 tribu
1107 1858 1402 1916 Manasse
1444 1857 1517 1913 in
1547 1860 1767 1915 Basan
1800 1873 1822 1916 .·
1853 1874 1996 1937 quae
2045 1855 2073 1916 l'
2078 1856 2170 1917 uit
2212 1855 2383 1935 regio
2415 1852 2460 1913 B
2492 1855 2679 1917 lsrael
2718 1863 2998 1937 tempore
3024 1854 3211 1917 Josue
3242 1872 3371 1917 non
3400 1854 3814 1918 obtinuerunt
3841 1875 3982 1919 om-

897 1953 1064 2015 ultra
1091 1953 1451 2029 Iordanem,
1486 1961 1548 2016 et
1590 1952 1946 2035 pertinebat
1984 1955 2060 2017 ad
2108 1955 2382 2017 mediam

895 2052 1136 2115 tribum
1171 2052 1467 2130 Manasse,
1502 2061 1572 2113 ut
1602 2053 1827 2135 patuit.
1860 2053 2038 2116 Unde
2068 2054 2239 2135 quod
2272 2054 2379 2131 ait,

895 2152 960 2213 In
993 2151 1210 2228 Basan,
1247 2150 1652 2213 referendum
1683 2160 1778 2213 est
1808 2151 1883 2213 ad
1917 2152 2248 2215 dimidiam
2284 2152 2386 2214 tri-

896 2251 1050 2312 bum
1084 2248 1363 2311 Manasse
1394 2249 1738 2327 dumtaxat,
1783 2269 1926 2331 quae
1966 2250 2279 2314 habitavit
2319 2250 2382 2312 in

895 2349 1117 2426 Basan,
1151 2348 1458 2430 quoniam
1495 2349 1698 2412 trihus
1729 2350 2011 2412 issachar
2039 2357 2101 2412 et
2133 2348 2286 2412 Aser
2322 2358 2385 2412 et

895 2446 1232 2529 Nephthali
1263 2447 1424 2509 citra
1450 2447 1784 2509 Iordanem
1818 2447 2179 2509 manebant.
2221 2452 2385 2509 Civi-

898 2555 1053 2606 tates
1085 2566 1352 2605 numero
1397 2548 1695 2605 tredecim
1726 2567 1748 2605 .·
1779 2564 2048 2627 quarum
2093 2547 2383 2627 quaedam

893 2651 1077 2706 erant
1108 2643 1174 2705 in
1209 2644 1427 2721 Basan,
1473 2652 1543 2705 ut
1583 2642 1751 2705 infra
1780 2642 2072 2706 habetur.
2107 2648 2191 2706 Ec
2220 2647 2385 2721 filiis

901 2745 1153 2805 Allerari
1173 2763 1296 2820 per
1323 2745 1730 2819 coqwah'ones
1749 2763 1922 2812 sua-9,
1939 2742 2002 2803 id
2025 2752 2120 2806 est
2150 2741 2383 2805 Levitis

896 2841 1061 2903 natis
1105 2860 1178 2903 ex
1222 2841 1372 2903 Levi
1419 2859 1534 2923 per
1572 2840 1814 2919 Merari‚
1860 2842 2019 2904 datae
2063 2842 2263 2924 [sunt]
2306 2845 2385 2901 de

898 2941 1189 3000 tribubus
1233 2942 1458 3001 Ruben
1487 2951 1546 3000 et
1592 2943 1734 3001 Gad
1769 2951 1829 3001 et
1868 2942 2156 3001 Zabulon
2203 2942 2385 3001 urbes

893 3136 1248 3212 Iordanem,
1285 3135 1395 3198 ubi
1428 3136 1631 3198 tribus
1671 3137 1892 3200 Ruben
1922 3145 1985 3199 et
2017 3136 2144 3199 Gad
2188 3155 2386 3200 mora-

896 3235 1151 3310 bantur,
1180 3243 1244 3297 et
1273 3235 1482 3298 minor
1514 3254 1657 3317 pars
1691 3234 1719 3296 s
1723 3236 1815 3298 uit
1843 3235 2004 3298 citra
2021 3236 2380 3313 Jordanem,

898 3333 965 3396 in
1002 3331 1290 3397 funiculo
1323 3334 1625 3397 Zabulon.

981 3435 1434 3511 Dederuncque
1453 3436 1588 3510 filii
1609 3437 1813 3494 Israel
1831 3436 2076 3495 Levitis
2096 3436 2387 3494 civitates

899 3541 958 3591 ec
985 3532 1357 3591 suburbana
1378 3553 1604 3592 earum.
1621 3533 1828 3609 juxta
1851 3543 2244 3610 prees-epium
2274 3535 2391 3593 Do-

901 3632 1073 3690 mini
1105 3651 1226 3707 per
1269 3651 1538 3692 manum
1591 3633 1855 3708 „Mo-issia,
1901 3633 2180 3709 sinqule's
2228 3641 2391 3691 soree

904 3730 1270 3790 tribuente&
1305 3733 1397 3792 De
1451 3733 1739 3791 tribubus
1785 3733 2078 3807 filiorum
2113 3733 2290 3791 luda
2331 3742 2390 3792 ec

907 3829 1195 3896 Simeon,
1217 3829 1396 3887 dedit
1415 3831 1627 3897 Ios-ue,
1651 3835 1770 3889 etc.
1805 3827 1916 3888 Hic
1947 3826 2391 3908 exprimuntur

904 3925 1093 3987 urbes
1144 3925 1304 3987 datae
1354 3925 1672 3988 Aaronitis
1721 3924 1786 3986 in
1839 3924 2100 4006 speciali
2158 3941 2171 3986 :
2228 3923 2393 3986 inter

902 4043 1059 4104 quas
1105 4022 1313 4104 primo
1359 4023 1726 4085 nominatur
1769 4022 2043 4098 Hebron,
2092 4042 2237 4103 quae
2272 4022 2394 4084 fuit

907 4119 1136 4201 refugii
1167 4119 1418 4197 civitas,
1441 4129 1507 4181 ut
1538 4120 1778 4184 dictum
1811 4130 1906 4183 est
1927 4121 2206 4203 capitulo
2239 4141 2396 4203 prae-

903 4320 1128 4378 Aaron
1151 4338 1271 4394 per
1296 4319 1596 4395 familias
1621 4321 1820 4379 Caatlc
1843 4321 2120 4379 Levitici
2141 4321 2397 4395 ,qeneris

907 4419 1148 4493 (prima
1167 4420 1341 4478 enim
1373 4439 1506 4478 sors
1537 4420 1674 4477 illis
1693 4438 1935 4494 eqressa
1967 4421 2085 4496 esc)
2107 4419 2399 4480 Cariath-

905 4517 1056 4574 arbe
1096 4518 1310 4593 patris
1363 4519 1565 4584 Euae,
1610 4538 1752 4596 quse
1803 4527 2067 4577 vocatur
2116 4519 2397 4586 Hebron,

907 4613 978 4672 in
1011 4623 1223 4673 monce
1249 4616 1448 4685 Juda,
1471 4625 1531 4673 et
1560 4616 1932 4676 suburbana
1966 4616 2106 4692 ejus
2127 4635 2249 4692 per
2279 4617 2401 4675 cir-

905 4713 1179 4794 cuitum.
1217 4715 1422 4788 Αῃνοε
1466 4733 1606 4772 vero
1637 4723 1696 4772 et
1729 4715 1919 4773 villas
1963 4715 2104 4791 ejus
2133 4717 2401 4775 dederat

904 4810 1093 4871 Josue
1124 4809 1245 4891 ipsi
1273 4813 1458 4870 Caleb
1485 4813 1626 4889 filio
1654 4814 1936 4889 Jeplzone
1967 4815 2054 4872 ad
2075 4813 2402 4888 possiden-

904 4911 1106 4967 dum:
1129 4906 1216 4969 ita
1244 4909 1415 4988 quod
1447 4909 1584 4988 agri
1613 4916 1676 4970 et
1697 4907 1866 4970 villae
1892 4909 2122 4970 annexi
2155 4909 2399 4972 civitati

907 5005 1181 5082 Hebron,
1217 5013 1400 5067 erant
1433 5005 1816 5068 hereditaria
1849 5007 2166 5088 possessio
2207 5008 2400 5089 hujus

905 5101 1118 5180 Caleb,
1157 5102 1270 5184 qui
1312 5103 1503 5166 etiam
1549 5102 1671 5164 fuit
1715 5104 2014 5166 dominus
2065 5105 2245 5167 urbis
2288 5107 2403 5169 He-

910 5201 1086 5274 bron,
1111 5209 1175 5264 et
1195 5201 1431 5265 mansit
1450 5201 1616 5264 inter
1635 5202 1886 5264 Levitas
1915 5202 2162 5266 ibidem.
2181 5208 2272 5265 De
2294 5207 2403 5264 tri-

913 5302 995 5360 bu
1032 5310 1246 5360 autem
1277 5301 1570 5379 filiorum
1599 5301 1980 5377 Benjamin,
2013 5301 2188 5363 dedit
2216 5301 2403 5365 Josue

2494 1972 2639 2016 nem
2675 1962 2901 2016 terram
2936 1954 3026 2016 eis
3069 1953 3469 2035 promissam,
3504 1954 3631 2016 imo
3662 1973 3777 2017 nec
3820 1962 3981 2017 tem-

2493 2072 2647 2135 pore
2687 2052 3001 2128 Judicum,
3051 2051 3160 2114 sed
3206 2059 3490 2133 tempore
3532 2053 3725 2115 David
3764 2062 3827 2115 et
3870 2053 3981 2115 Sa-

2495 2150 2792 2214 lomoniS.
2838 2150 3298 2231 Respondetur‚
3331 2150 3502 2231 quod
3540 2149 3800 2212 verbum
3841 2152 3973 2231 jam

2493 2248 2979 2331 praeinductum,
3027 2255 3241 2329 posset.
3290 2267 3403 2329 per
3451 2249 3706 2310 modum
3749 2249 3977 2331 hyper-

2494 2347 2719 2411 bolicae
2741 2346 3083 2411 locutionis
3108 2346 3518 2427 intelligi,vel
3542 2345 3819 2426 loquitur
3840 2347 3976 2410 haec

2496 2446 2810 2528 scriptura
2843 2446 2922 2508 de
2960 2444 3175 2535 futuro
3206 2463 3320 2526 per
3350 2446 3605 2508 modum
3647 2445 3971 2527 praeteriti,

2494 2545 2678 2627 quasi
2712 2544 3085 2627 prophetale
3113 2542 3440 2606 oraculum
3472 2542 3981 2625 proferenS.Pro—

2496 2644 2717 2707 missio
2747 2662 3006 2725 quoque
3037 2642 3146 2705 Dei
3180 2642 3305 2704 fuit
3336 2641 3770 2723 intelligenda,
3803 2643 3975 2724 quod

2499 2753 2663 2806 terra
2713 2744 2969 2805 daretur
3016 2742 3173 2803 filiis
3223 2742 3412 2804 Israel
3462 2742 3835 2819 successive,
3881 2762 3979 2805 se-

2493 2842 2773 2905 cundum
2805 2840 2978 2922 quod
3021 2847 3314 2922 poterant
3360 2859 3497 2902 eam
3540 2839 3865 2922 populare,
3912 2840 3981 2903 id

2493 2949 2589 3003 est
2620 2938 3024 3002 sufficienter
3055 2938 3438 3016 inhabitare,
3473 2958 3553 3001 ne
3584 2938 3800 3001 bestiae
3828 2959 3983 3003 con·
4016 2968 4285 3011 omma

893 3038 1230 3098 duodecim
1263 3055 1584 3117 :quarum
1623 3037 1827 3118 maj0r
1861 3057 2004 3119 pars
2046 3036 2170 3099 ruit
2212 3045 2383 3099 trans
2412 3036 2457 3100 C
2496 3048 2592 3101 tra
2634 3058 2741 3101 eos
2788 3038 2854 3099 in
2905 3045 3069 3099 terra
3114 3055 3241 3100 non
3287 3036 3568 3099 habitata
3598 3037 3983 3120 multiplica·
4327 3040 4328 3045 ’

2496 3147 2751 3202 rentur:
2774 3136 2993 3218 sicque
3016 3135 3354 3218 promissio
3378 3137 3487 3198 illa
3508 3145 3603 3198 est
3624 3137 3981 3201 successive

2498 3236 2781 3319 impleta.
2826 3240 3125 3316 Dataque
3150 3247 3240 3296 est
3272 3237 3350 3295 ab
3390 3257 3459 3295 eo
3494 3255 3629 3313 pam
3670 3238 3741 3296 in
3768 3257 3983 3297 omnes

2489 3357 2610 3414 per
2629 3337 2979 3396 circuitum
3012 3337 3331 3404 natione-3,
3363 3334 3427 3396 id
3456 3341 3575 3410 est,
3610 3333 3763 3396 filiis
3793 3335 3982 3398 lsrael

2499 3434 2673 3498 dedit
2723 3432 3028 3496 Dominus
3080 3431 3357 3513 quietem
3410 3441 3471 3496 et
3521 3451 3765 3515 pacem,
3814 3432 3987 3495 circa

2498 3540 2719 3612 gentes
2752 3530 2817 3592 in
2859 3549 3077 3594 eorum
3124 3531 3397 3592 circuitu
3441 3531 3861 3607 demoranteS,
3898 3531 3987 3593 ita

2500 3631 2671 3712 quod
2704 3629 2879 3691 nulla
2910 3648 3126 3691 carum
3159 3629 3433 3691 audebat
3462 3648 3529 3690 se
3558 3637 3777 3691 contra
3796 3629 3987 3692 Israe-

2502 3728 2647 3791 litas
2669 3727 2913 3808 erigere
2944 3727 3134 3807 longo
3158 3735 3461 3808 tempore,
3497 3745 3829 3808 quousque
3859 3726 3984 3789 filii

2501 3828 2711 3902 Israel,
2768 3828 2893 3888 Deo
2943 3825 3186 3902 relicte,
3242 3827 3321 3888 ad
3372 3825 3791 3888 idololatriam
3840 3835 3991 3889 sunt

2504 3925 2807 4009 prolapsi.
2846 3927 3211 4004 Nullusque
3253 3926 3346 3984 eis
3386 3926 3663 3986 bostium
3702 3927 3990 3985 resistere

2503 4045 2701 4086 ausus
2731 4035 2819 4082 est
2851 4022 2961 4083 :id
2992 4031 3109 4098 est,
3149 4022 3363 4084 nullus
3392 4039 3607 4084 eorum
3639 4021 3751 4104 qui
3782 4022 3990 4084 adhuc

2504 4130 2683 4185 erant
2727 4121 2965 4183 residui
2998 4139 3075 4182 ex
3114 4120 3434 4200 gentibuS‚
3480 4140 3745 4202 quarum
3792 4128 3990 4183 terras

880 4219 1178 4284 cedenti.
1217 4223 1510 4288 Quarum,
1543 4222 1664 4280 ista
1696 4231 1849 4280 sunt
1883 4222 2148 4280 nomina
2179 4241 2203 4278 .·
2233 4223 2396 4298 filiis
2430 4221 2476 4283 D
2512 4219 2811 4283 Dominus
2852 4219 3063 4281 israeli
3097 4218 3413 4300 promisit,
3449 4218 3717 4281 audebat
3750 4218 3987 4281 bellum

2505 4317 2597 4380 eis
2629 4321 3047 4392 movere38ed
3076 4319 3294 4378 cuncti
3325 4320 3397 4376 in
3427 4337 3645 4377 eorum
3676 4319 3991 4378 ditionem

2506 4419 2754 4476 redacti
2771 4426 2946 4486 stmt,
2974 4414 3037 4478 id
3068 4422 3165 4476 est-
3196 4413 3475 4496 perfeote
3504 4415 3771 4495 subjecti
3802 4423 3861 4476 et
3884 4414 3995 4475 tri-

2507 4513 2741 4576 butarii
2784 4512 2934 4575 facti
2974 4531 2987 4575 :
3022 4513 3192 4594 quod
3227 4532 3303 4575 ex
3333 4512 3440 4575 Dei
3476 4513 3711 4576 auxilio
3752 4512 3991 4575 factum

2509 4621 2625 4676 est.
2660 4613 2950 4674 Attamen
2995 4610 3118 4673 filii
3152 4611 3361 4687 lsrael,
3401 4611 3510 4692 qui
3542 4631 3617 4673 ex
3648 4611 3995 4693 cupiditate

2509 4719 2816 4794 ceperunt
2848 4710 2991 4773 illos
3022 4710 3101 4772 ad
3132 4709 3546 4772 habitandum
3580 4709 3743 4788 inter
3776 4729 3843 4773 se
3871 4710 3996 4772 sub

2512 4810 2772 4886 tributo,
2825 4817 3047 4871 contra
3090 4808 3198 4872 Dei
3246 4818 3631 4891 praeceptum
3683 4808 3993 4886 fecerunt,

2510 4908 2859 4991 praesertim
2893 4907 3149 4988 quando
3182 4907 3333 4970 satis
3364 4907 3605 4989 copiosi
3640 4906 3893 4970 suerunt
3914 4909 3997 4969 ad

2510 5015 2692 5068 terrae
2716 5004 3213 5087 populationem.
3232 5008 3329 5068 Ne
3359 5027 3565 5066 unum
3584 5008 3842 5085 quidem
3866 5026 4001 5065 vet·-

2510 5108 2682 5174 bum,
2720 5108 2890 5184 quod
2934 5107 3071 5163 illis
3102 5114 3570 5181 praestaturum
3603 5124 3667 5164 se
3698 5124 3823 5163 esse
3852 5123 4001 5180 pro-

2513 5204 2799 5274 miserat,
2844 5205 3115 5262 irritum
3156 5203 3318 5278 fuit,
3361 5205 3471 5262 sed
3518 5204 3700 5262 rebus
3747 5205 3999 5278 empleta

2512 5312 2663 5362 sunt
2696 5304 2940 5362 omnia.
