4359 6250
141 4453 312 4497 Κακὴ.
330 4466 374 4505 1,

1253 511 1600 557 ENARRATIO
1643 513 1705 558 IN
1747 513 1882 558 GAP.
1932 513 2038 558 vul
2077 513 2279 560 Josuss.
2326 534 2407 544 -
2448 516 2589 563 ART.
2637 517 2717 562 XV
3444 501 3517 564 5⁶1

419 678 800 759 requisitus,
836 680 1174 744 conclusus
1205 689 1322 744 est.
1361 680 1592 764 Sicque
1626 682 1692 744 in
1735 681 1922 744 bellis
1951 681 2000 743 A
2032 691 2140 745 aut
2170 703 2208 746 a
2242 685 2373 747 suis
2406 685 2697 768 improbe
2729 687 2897 750 facta
2917 695 3089 764 sunt,
3125 686 3225 752 vel
3261 689 3521 751 reddere

421 775 642 856 justia,
679 795 806 842 non
839 779 906 840 in
949 778 1136 841 bellis
1181 778 1462 861 injustis,
1500 779 1650 843 licet
1687 798 1926 862 pugna-

423 876 677 938 toribus
717 878 810 940 uti
857 877 1132 940 insidiis,
1165 879 1504 961 Propterea
1532 879 1922 959 Augustinus

421 974 516 1036 ait
547 975 720 1039 circa
748 977 920 1040 hunc
950 995 1210 1060 passum
1237 997 1250 1041 ε
1277 977 1482 1051 Quum
1514 978 1661 1060 quis
1683 978 1921 1041 bellum

413 1073 666 1154 justum
696 1076 963 1158 accepit,
983 1075 1145 1138 nihil
1179 1077 1256 1139 ad
1283 1077 1598 1159 justitiam
1629 1077 1917 1154 interest,

419 1191 504 1234 an
537 1182 759 1255 aperta
787 1175 1260 1254 congressione,
1280 1193 1360 1237 an
1395 1175 1648 1238 insidiis
1679 1175 1914 1238 vincat.

503 1271 598 1334 Ad
631 1275 982 1336 secundum
1013 1276 1232 1337 eadem
1266 1274 1617 1356 quaestionc
1647 1275 1918 1338 Thomas

419 1373 768 1454 respondet
802 1392 816 1434 :
853 1373 1001 1436 Tria
1038 1373 1379 1455 exiguntur
1423 1375 1502 1436 ad
1553 1375 1696 1452 hoc,
1747 1376 1918 1455 quod

417 1469 666 1533 bellum
711 1472 796 1534 sit
834 1473 1080 1554 justum
1117 1494 1131 1538 :
1165 1473 1447 1536 Primum
1500 1482 1616 1550 est,
1652 1473 1920 1537 auctori-

414 1577 518 1630 tas
557 1569 894 1653 principiS,
937 1573 1090 1654 quia
1139 1571 1432 1655 personis
1482 1571 1747 1654 privatis
1789 1590 1916 1635 non

417 1667 572 1731 licet
621 1668 862 1732 bellum
925 1689 1212 1748 movere,
1267 1690 1465 1753 quum
1517 1671 1764 1753 possint
1811 1671 1915 1752 jus

415 1785 605 1829 suum
653 1768 718 1830 in
765 1769 1114 1852 superioris
1163 1769 1262 1831 sui
1306 1769 1549 1851 judicio
1588 1771 1909 1852 prosequi.

2032 783 2203 863 quod
2235 782 2543 864 injuriose
2587 784 2865 847 ablatum
2898 792 3012 848 est.
3050 785 3171 848 Sed
3215 786 3335 848 hoc
3368 786 3519 849 belli

2030 899 2233 960 genus
2262 883 2507 963 justum
2550 891 2666 959 est,
2700 884 2871 964 quod
2916 885 3187 965 imperat
3230 885 3415 961 DeuS‚
3449 884 3516 946 in

2031 996 2156 1058 quo
2208 999 2335 1043 non
2375 989 2472 1044 est
2522 980 2849 1063 iniquitas,
2886 989 2949 1044 et
2991 982 3103 1064 qui
3146 982 3324 1046 novit
3358 983 3513 1064 quid
3547 999 3693 1044 Pmc

2028 1077 2262 1159 cuique
2296 1077 2439 1141 fieri
2461 1078 2688 1142 debeat
2722 1097 2736 1141 ε
2771 1079 2837 1141 111
2867 1098 2995 1162 quo
3026 1079 3195 1143 bello
3226 1099 3354 1143 non
3386 1089 3515 1143 tam

2027 1184 2247 1239 auctor
2295 1177 2469 1254 belli,
2524 1196 2715 1259 quam
2767 1177 3081 1256 minister,
3132 1178 3515 1259 judicandus

2026 1282 2122 1336 cst
2152 1275 2451 1357 princeps
2480 1275 2797 1338 exercitus
2828 1276 2932 1339 vel
2963 1276 3237 1358 populus
3268 1277 3431 1358 ejus,

2093 1373 2187 1434 Ad
2209 1373 2469 1436 tertium
2492 1374 2770 1437 breviter
2791 1375 3329 1457 respondendum,
3343 1376 3514 1457 quod

2026 1490 2154 1535 non
2200 1471 2348 1536 licet
2390 1472 2583 1535 alicui
2630 1473 3007 1537 maledicere
3038 1473 3222 1536 alteri
3256 1490 3333 1537 ex
3378 1494 3517 1536 ran-

2024 1589 2172 1634 core
2203 1581 2313 1633 aut
2342 1571 2476 1635 zelo
2510 1571 2864 1654 injustitiae,
2902 1590 3109 1654 neque
3148 1591 3226 1634 ex
3276 1572 3370 1634 ira
3405 1582 3516 1635 aut

2025 1668 2446 1751 impatientia,
2482 1670 2591 1733 sed
2626 1669 2947 1732 interdum
2977 1671 3042 1732 id
3077 1670 3227 1734 11661
3253 1689 3328 1733 ex
3360 1671 3515 1733 eari-

2024 1775 2150 1830 tate
2199 1777 2260 1830 ct
2298 1769 2433 1832 zelo
2479 1768 2767 1851 justitiae.
2815 1768 3185 1832 Maledicere
3238 1788 3512 1850 namque

413 1865 580 1929 Hinc
630 1867 698 1928 in
751 1867 918 1932 libro
956 1878 1178 1932 contra
1226 1869 1638 1932 Manichaeum
1690 1868 1916 1932 asserit
1947 1867 1993 1929 B
2021 1874 2140 1943 cst,
2163 1867 2357 1929 alicui
2389 1867 2627 1929 malum
2660 1867 2871 1930 dicere
2901 1867 3003 1932 vel
3034 1876 3257 1949 optare
3293 1885 3307 1929 ε
3341 1868 3511 1950 quod

413 1963 810 2045 Augustinus
849 1986 862 2030 :
899 1967 1010 2029 1116
1040 1966 1273 2049 accipit
1301 1966 1606 2048 gladium,
1634 1967 1744 2047 qui
1776 1967 1914 2030 sine

411 2063 706 2144 legitima
757 2073 820 2128 et
865 2065 1181 2148 superiori
1230 2072 1542 2148 potestate
1592 2065 1713 2127 hoc
1757 2065 1909 2146 agit.

409 2161 621 2236 Quum
653 2183 806 2246 ergo
838 2164 1242 2248 principibus
1277 2164 1620 2228 commissa
1650 2163 1732 2226 sit
1762 2184 1913 2228 cura

415 2261 507 2324 rei
540 2262 840 2345 publicae,
866 2253 1270 2346 compescere
1304 2262 1542 2326 habent
1573 2263 1786 2326 hostes
1819 2262 1912 2325 in-

411 2360 684 2425 testinos
729 2371 920 2444 atquc
964 2371 1316 2426 extraneos.
1377 2363 1737 2426 Secundum·
1791 2371 1906 2441 cst,

408 2462 584 2542 justa
611 2481 827 2525 causa.
861 2462 1167 2538 Tertium,
1208 2469 1377 2526 recta
1410 2461 1788 2524 bellantium
1821 2463 1912 2546 in-

409 2562 614 2624 tentio
651 2579 664 2623 :
700 2562 854 2643 quia
883 2560 1156 2626 nocendi
1175 2561 1519 2644 cupiditaS,
1540 2561 1912 2625 vindicandi

407 2661 779 2738 crudelitaS,
796 2660 1220 2744 implacabilis
1251 2661 1518 2736 animuS,
1539 2660 1909 2723 dominandi

409 2761 641 2838 libido,
674 2761 1075 2843 repugnandi
1107 2761 1419 2836 atrocitaS,
1456 2759 1624 2840 juste
1650 2759 1912 2841 culpan-

409 2869 536 2922 tur.
571 2860 732 2924 Hinc
763 2860 933 2923 circa
964 2860 1135 2924 hunc
1175 2860 1386 2924 locum
1432 2859 1587 2923 dicit
1617 2859 1911 2948 Augusti-

409 2978 531 3021 nus
567 2977 584 3022 :
619 2959 756 3022 Non
796 2958 1094 3022 omnibus
1131 2959 1225 3022 fas
1258 2968 1356 3022 est
1394 2976 1700 3040 pugnare.
1734 2949 1910 3020 Justa

2022 1964 2287 2046 praefato
2338 1967 2526 2029 modo
2570 1973 2666 2028 est
2710 1964 2980 2041 licitum,
3024 1967 3113 2028 ita
3158 1975 3227 2029 ut
3270 1966 3507 2029 malum

2022 2063 2179 2126 illud
2211 2064 2392 2128 alteri
2433 2072 2708 2146 optetur,
2735 2064 2831 2127 vel
2868 2065 2934 2127 in
2966 2073 3279 2146 quantum
3313 2073 3411 2128 est
3450 2065 3507 2126 ei

2019 2163 2362 2245 expediens
2392 2163 2469 2225 ad
2490 2162 2794 2239 salutem,
2827 2163 2928 2226 vel
2972 2163 3038 2224 in
3069 2170 3381 2245 quantum
3415 2170 3511 2225 est

2020 2262 2261 2324 malum·
2287 2279 2521 2344 poenae3
2556 2261 2941 2342 quandoque
2970 2260 3161 2324 etiam
3198 2260 3370 2323 fiunt
3404 2261 3513 2323 hu·

2017 2359 2296 2442 jusmodi
2338 2359 2823 2422 maledictiones
2873 2379 2909 2422 a
2960 2359 3115 2421 viris
3157 2359 3349 2441 justis
3398 2378 3511 2442 per

2020 2460 2279 2523 modum
2312 2458 2699 2540 propheticae
2728 2457 3304 2540 praenuntiationis.

2097 2557 2522 2634 Postremo‚in
2554 2555 3061 2620 consideratione
3092 2556 3373 2619 historiae
3405 2558 3512 2620 hu-

2017 2657 2120 2738 jus
2150 2655 2416 2739 capituli
2444 2655 2781 2718 admiratio
2818 2655 3043 2732 oritur,
3078 2654 3249 2736 quod
3287 2655 3355 2716 in
3387 2655 3510 2719 isto

2017 2755 2299 2838 capitulo
2344 2773 2471 2817 non
2519 2752 2599 2816 fit
2640 2752 2883 2816 mentio
2928 2754 3007 2816 de
3053 2753 3405 2817 vastatione
3447 2763 3508 2816 ct

2018 2853 2429 2937 percussione
2458 2852 2636 2914 urbis
2678 2852 3017 2928 Bethaven,
3045 2870 3243 2933 quum
3276 2861 3340 2914 61
3369 2853 3507 2934 ejus

2017 2953 2426 3028 habitatoreS,
2478 2951 2637 3017 urbe
2687 2970 2799 3014 sua
2850 2958 3071 3032 aperta
3122 2949 3365 3028 relicta,
3418 2971 3510 3014 se-

404 3065 622 3120 autem
669 3056 837 3120 bella
868 3057 999 3120 dici
1045 3056 1274 3133 solent,
1322 3075 1466 3138 quae
1509 3055 1909 3118 ulciscuntur
1936 3055 1979 3118 C
2017 3051 2377 3136 quebantur
2410 3050 2580 3113 filios
2612 3049 2823 3127 lsrael,
2851 3048 3124 3111 insecuti
3156 3067 3302 3111 cum
3335 3049 3509 3112 habi-

406 3156 680 3238 injurias
709 3175 725 3219 :
761 3155 816 3218 si
845 3172 1003 3236 gens
1047 3164 1156 3219 aut
1185 3154 1408 3219 civitas
1440 3174 1584 3236 quae
1615 3153 1784 3218 bello
1812 3163 1909 3218 est

406 3255 801 3337 impetenda,
851 3255 1192 3318 emendare
1247 3252 1514 3335 negligit
1564 3272 1707 3335 quae
1755 3272 1792 3315 a
1841 3272 1908 3316 se

2019 3151 2326 3216 tatoribus
2368 3151 2482 3212 Hai
2518 3171 2530 3215 :
2580 3150 2704 3212 nisi
2760 3148 2923 3213 forte
2970 3167 3047 3212 ex
3085 3148 3507 3230 dispositione

2017 3252 2231 3329 uniuS,
2264 3250 2535 3313 alterum
2567 3251 2752 3313 detur
2784 3247 3083 3329 intelligi.

1455 3656 1458 3659 ’
1519 3680 2168 3769 ARTIGULUS
2244 3680 2393 3767 xv

1222 3958 1302 4003 m:
1353 3956 1539 4003 mnus
1592 3952 1868 4002 currum
1919 3954 2137 4000 OCTAVI
2190 3954 2375 4000 SENSU
2428 3954 2702 4000 misum.

544 4239 750 4300 IXIT
771 4237 1088 4297 Dominus
1128 4238 1218 4296 ad
1243 4240 1431 4297 Josue
1465 4257 1487 4295 .·
1524 4237 1621 4298 Ne
1652 4238 1899 4309 timeas,
1933 4233 1983 4294 D
2008 4236 2106 4317 gis
2151 4235 2431 4299 exercitu
2472 4244 2751 4318 opponat
2794 4254 2861 4299 se
2897 4233 3055 4300 aciei
3086 4236 3387 4301 vitiorum
3428 4256 3501 4305 ac

571 4356 776 4416 neque
821 4336 1154 4413 formidem
1211 4334 1312 4397 Sic
1361 4342 1425 4397 et
1473 4334 1762 4397 Christus
1832 4334 1899 4397 in

404 4433 756 4516 Evangelio
791 4454 805 4498 :
843 4432 1068 4515 Nolite,
1101 4432 1334 4515 inquit,
1369 4433 1593 4496 timere
1636 4452 1744 4497 eos
1789 4433 1901 4515 qui

403 4552 638 4616 corpus
669 4532 993 4608 occidunt,
1026 4532 1136 4595 sed
1177 4551 1325 4595 eum
1368 4532 1609 4610 timete,
1643 4532 1753 4613 qui
1787 4550 1900 4614 po-

401 4640 528 4695 test
555 4650 792 4715 corpus
832 4638 895 4693 et
937 4631 1219 4694 animam
1263 4633 1527 4713 perdere
1557 4631 1626 4694 in
1664 4631 1902 4712 gehen-

402 4750 575 4793 nam.
611 4729 900 4811 Denique
930 4730 1280 4812 unicuique
1299 4730 1582 4794 virtuoso
1613 4730 1894 4813 praelatO,

401 4849 522 4912 pro
553 4829 958 4893 subditorum
1002 4846 1262 4892 suorum
1311 4830 1495 4892 ruina
1537 4828 1786 4893 afflicto
1825 4849 1899 4893 ae

402 4928 614 5005 flenti,
636 4928 944 4992 Dominus
984 4935 1241 5010 praestat
1270 4927 1774 4991 consolationem
1807 4935 1897 4990 at-

399 5046 530 5109 que
579 5026 914 5103 fiduciam,
957 5027 1308 5089 admonens
1355 5046 1434 5090 ne
1485 5027 1898 5090 immoderate

400 5134 666 5208 propter
697 5125 1018 5207 praeterita
1050 5134 1364 5201 vereatur,
1403 5127 1512 5188 sed
1545 5143 1657 5208 spe
1689 5146 1801 5188 sua
1834 5126 1900 5188 in

401 5225 530 5289 Deo
565 5224 718 5301 fixa,
755 5223 1027 5287 viriliter
1056 5242 1124 5287 se
1154 5232 1435 5307 opponat
1464 5216 1902 5288 invisibilibus

400 5322 710 5400 inimicia,
724 5330 916 5403 atque
933 5340 1081 5384 cum
1115 5328 1245 5384 toto
1265 5321 1588 5385 commissi
1614 5321 1735 5384 sibi
1763 5340 1902 5403 gre-

2009 4336 2369 4398 daemonum
2388 4334 2588 4416 :quod
2610 4334 2793 4396 estin
2816 4334 3123 4417 oppidum
3148 4336 3256 4398 Hai
3289 4356 3503 4402 ascen-

2007 4434 2178 4510 dere,
2195 4432 2498 4515 quoniam
2530 4431 2642 4495 Hai
2674 4432 3128 4515 interpretatur
3156 4434 3501 4519 chaOS,per

2007 4532 2176 4614 quod
2208 4530 2769 4594 obtenebratorum
2812 4531 3155 4612 spirituum
3196 4534 3501 4615 maligno-

2006 4650 2149 4692 rum
2181 4628 2587 4710 congregatio
2620 4629 2988 4711 designatur
3019 4648 3129 4693 seu
3172 4631 3371 4695 locus,
3405 4634 3500 4696 Ad

2007 4747 2274 4811 quorum
2288 4720 2783 4791 'debellationem
2808 4728 3150 4810 plurimum
3173 4731 3342 4793 valet
3362 4752 3499 4796 con-

2007 4847 2148 4892 cors
2192 4827 2525 4903 connexio,
2560 4835 2980 4909 mutuumque
3020 4828 3400 4907 subsidium,
3436 4840 3500 4893 et

2006 4926 2323 5006 generalis
2355 4926 2659 4988 instantia
2680 4925 2847 4988 circa
2870 4925 3137 4989 virtutes
3168 4946 3496 4992 servorum

2008 5024 2645 5105 commilitonumque
2676 5024 2807 5100 Dei,
2842 5043 3041 5105 quum
3078 5025 3247 5088 dicat
3286 5026 3499 5089 Salva-

3696 1015 3724 1052 1,
3746 1005 3809 1045 16.

2009 5133 2108 5187 tor
2144 5144 2157 5188 :
2202 5124 2323 5185 Ubi
2364 5122 2607 5186 fuerint
2651 5123 2779 5184 duo
2811 5121 2910 5187 vel
2954 5130 3081 5185 tres
3126 5123 3191 5185 in
3239 5126 3497 5190 nomine
3578 5152 3745 5197 nante.

2009 5241 2152 5286 meo
2186 5220 2573 5303 congregati,
2616 5219 2704 5282 ibi
2738 5220 2805 5281 in
2834 5220 3046 5284 medio
3077 5240 3217 5284 sum
3250 5243 3491 5288 eorum.
3525 5218 3722 5267 '‘vm-²⁰·

3538 5289 3788 5339 Promxvui,

2009 5322 2085 5385 Et
2131 5340 2352 5384 rursus
2402 5327 2667 5382 testatur
2714 5317 3039 5400 Scriptura
3074 5338 3088 5381 :
3123 5320 3337 5387 Frater
3384 5325 3496 5407 qui
3528 5354 3593 5395 ¹9.
