4359 6250
947 521 1296 568 mantnano
1339 522 1400 568 IN
1443 523 1580 569 cAP.
1625 522 1732 568 xv1
1771 523 1930 570 unm
1969 525 2168 571 ‘remu
2209 525 2432 572 REGUH.
2478 547 2558 558 --
2598 530 2740 575 ART.
2787 529 2935 576 xxiv

3362 507 3483 576 693

387 699 512 754 tem
559 691 825 768 montiS,
872 689 940 753 in
989 709 1118 773 qua
1165 699 1298 754 erat
1349 691 1576 754 civitas
1623 692 1883 756 nomine
1911 692 1964 754 A
1992 695 2459 758 concordantiae
2480 706 2780 760 consonat
2800 698 2865 760 in
2888 698 3301 778 sequentibus
3327 697 3483 761 Scri-

379 789 675 866 Mareon;
711 790 865 853 emit
903 798 1116 852 autem
1162 809 1308 853 eum
1353 812 1395 851 a
1441 791 1580 854 viro
1624 791 1884 854 nomine

379 892 612 950 Somer
655 891 904 950 duobus
953 891 1214 951 talentis
1247 892 1505 966 arqenti
1523 914 1550 962 ,·
1577 900 1638 950 et
1679 892 1884 967 oedifi-

378 991 558 1050 eavit
603 1009 775 1058 eam,
818 988 882 1050 id
930 997 1046 1064 est,
1102 988 1168 1050 in
1217 987 1514 1052 aedificiis
1564 990 1881 1072 reparavit

379 1106 456 1150 ae
495 1086 882 1151 melioravit.
917 1090 1003 1149 Et
1033 1089 1284 1149 vocavit
1327 1109 1558 1150 nomen
1596 1090 1882 1150 civitatis

380 1207 584 1264 quam
631 1195 1070 1256 exstruoeerat,
1115 1187 1378 1248 nomine
1411 1189 1636 1248 Somer
1675 1189 1882 1248 domi-

377 1286 457 1345 ni
484 1285 745 1356 montisi,
777 1283 1277 1356 Samariam,.id
1317 1291 1433 1360 est,
1469 1302 1704 1347 nomen
1735 1284 1881 1348 urbi

379 1382 692 1464 imposuit
737 1401 816 1444 ex
865 1381 1126 1445 nomine
1173 1381 1320 1459 viri,
1375 1401 1411 1444 a
1458 1401 1588 1464 quo
1632 1391 1878 1464 partem

379 1480 619 1544 montis
651 1480 810 1544 emit
845 1498 860 1542 ε
892 1481 1006 1562 qui
1036 1481 1136 1544 vir
1165 1481 1374 1544 dictus
1417 1490 1514 1544 cst
1543 1480 1782 1558 Somer,
1819 1490 1882 1544 et

379 1586 518 1640 crat
545 1577 848 1641 dominus
877 1577 1114 1642 montis
1145 1577 1344 1642 illius.
1371 1578 1601 1661 Sicque
1629 1580 1880 1644 vocavit

377 1696 520 1740 eam
567 1677 934 1755 Samarcon,
968 1697 1006 1740 a
1057 1677 1276 1742 Somer
1323 1687 1388 1743 ct
1433 1678 1702 1769 Mareon,
1737 1698 1879 1761 quae

378 1775 594 1840 Graece
649 1777 1010 1859 appellatur
1059 1775 1340 1840 Samaria
1377 1801 1392 1853 3
1448 1785 1639 1860 atque
1689 1779 1755 1840 in
1805 1797 1880 1842 ea

1993 802 2212 874 ptura,
2265 812 2409 875 quae
2455 795 2611 857 dicit
2660 794 2872 877 ipsum
2920 795 3218 878 Josaphat
3266 794 3479 859 filium

1990 891 2114 953 Asa
2158 891 2476 973 incepisse
2516 912 2779 974 regnare
2822 902 3048 976 quarto
3091 913 3260 957 anno
3301 894 3481 976 regni

1991 989 2229 1054 Achab.
2266 990 2383 1054 Sed
2416 991 2471 1053 si
2504 992 2624 1055 ista
2655 993 2743 1056 ita
2767 1013 2835 1056 se
2861 992 3119 1071 hahent,
3154 1011 3283 1057 non
3316 993 3483 1060 vide-

1991 1097 2094 1150 tur
2125 1097 2294 1152 stare
2320 1091 2491 1170 quod
2514 1090 2823 1173 Josephus
2844 1091 2955 1169 ait,
2976 1092 3148 1173 quod
3178 1101 3482 1173 regnante

1987 1188 2288 1269 Josaphat
2338 1187 2480 1252 filio
2518 1189 2662 1267 Asa,
2695 1189 2891 1273 coepit
2928 1209 3195 1272 regnare
3232 1191 3477 1270 Achab;

1990 1287 2211 1368 sicque
2239 1287 2418 1368 juxta
2454 1287 2585 1369 jam
2630 1295 2796 1352 tacta
2833 1289 2955 1352 Asa
2996 1288 3221 1353 suisset
3253 1289 3482 1355 defun-

1989 1394 2151 1462 ctuS,
2186 1386 2445 1466 quando
2472 1386 2690 1450 Achab
2731 1406 2997 1470 regnare
3038 1407 3299 1452 exorsus
3328 1397 3425 1452 est
3461 1407 3476 1452 ε

1989 1484 2157 1565 quod
2191 1484 2391 1547 textui
2421 1484 2573 1549 huic
2603 1505 2731 1549 non
2761 1494 3088 1550 consonat.
3114 1487 3257 1550 Ideo
3279 1487 3480 1570 aliqui

1988 1582 2233 1660 dicunt,
2265 1582 2423 1648 vitio
2468 1584 2849 1667 scriptorum
2891 1585 2995 1648 hic
3024 1605 3165 1650 csse
3203 1594 3480 1650 erratum

1990 1681 2058 1743 in
2089 1701 2378 1760 numero,
2403 1691 2591 1764 prout
2621 1683 2686 1746 in
2721 1682 2857 1746 sine
2879 1685 3072 1767 hujus
3102 1684 3377 1764 articuli,
3400 1687 3482 1752 de

1988 1779 2109 1843 hoc
2139 1781 2395 1862 plenius
2426 1781 2655 1845 dicam.

379 1874 718 1938 constituit
745 1875 962 1938 sedem
995 1875 1280 1956 regni‚et
1307 1895 1384 1939 ex
1416 1884 1567 1940 tunc
1596 1875 1763 1939 facta
1783 1885 1882 1938 est
1915 1881 1962 1944 B
2069 1882 2155 1941 Et
2197 1881 2353 1957 fecit
2391 1883 2612 1942 Achab
2652 1882 2837 1958 filius
2875 1885 3072 1945 Amri
3109 1887 3359 1945 malum
3407 1885 3481 1946 in

381 1973 666 2036 Samaria
693 1974 1069 2057 metropolis
1092 1975 1287 2055 regni.
1311 1975 1633 2039 Interdum
1670 1983 1878 2038 tamen

382 2070 668 2134 Samaria
699 2081 796 2134 est
827 2091 1060 2136 nomen
1099 2073 1274 2136 illius
1305 2073 1674 2156 provinciae.

459 2174 642 2234 Fecit
671 2182 890 2233 autem
920 2175 1118 2235 Amri
1158 2177 1412 2234 malum
1442 2176 1516 2235 in
1545 2183 1879 2252 conspeetu

380 2272 680 2342 Domini,
705 2282 765 2332 et
795 2282 1096 2350 operatus
1114 2282 1205 2335 est
1233 2275 1529 2353 nequiter
1545 2292 1738 2351 super
1755 2295 1880 2335 om-

375 2391 490 2431 nes
520 2373 642 2450 qui
668 2372 947 2448 fuerunt
975 2381 1127 2432 ante
1168 2392 1336 2432 eum.
1369 2374 1880 2453 Ambulavitque

378 2473 452 2531 in
495 2472 682 2531 omni
727 2471 840 2530 via
878 2472 1211 2532 Jeroboam
1248 2473 1384 2549 ficii
1425 2473 1667 2542 Nabat,
1705 2482 1765 2534 et
1805 2474 1876 2534 in

366 2570 656 2646 peccatis
703 2569 872 2646 ejus,
920 2569 1153 2648 quibus
1193 2590 1462 2648 peceare
1501 2571 1740 2646 fecerat
1787 2574 1880 2632 Is-

373 2671 538 2739 rael,
582 2677 662 2728 ut
703 2669 1000 2729 irritaret
1029 2670 1386 2729 Dominum
1426 2672 1635 2730 Deum
1671 2672 1880 2731 Israel

375 2769 452 2828 in
481 2767 890 2828 vanitatibus
913 2768 1078 2827 suia.
1098 2768 1378 2847 Reliqua
1407 2777 1626 2828 autem
1653 2789 1880 2830 sermo-

373 2887 540 2928 num
559 2867 783 2936 Amri,
805 2875 866 2928 et
879 2869 1118 2946 proelia
1147 2867 1290 2944 ejus
1317 2887 1460 2947 quoe
1481 2869 1698 2944 gessit,
1716 2888 1878 2930 non-

373 2985 456 3024 ne
501 2967 640 3026 koee
683 2965 930 3042 scripta
977 2976 1131 3026 sunt
1178 2967 1253 3026 in
1304 2966 1467 3025 libro
1530 2967 1876 3028 Verborum

1989 1989 2323 2056 conspectu
2367 1982 2663 2051 Domini,
2699 2001 2892 2059 super
2930 2002 3145 2043 omnes
3185 2000 3360 2062 reges
3402 1983 3489 2044 Is·-

1991 2077 2120 2140 rael
2169 2080 2286 2158 qui
2331 2089 2484 2140 ante
2520 2101 2669 2141 eum
2716 2083 3013 2160 fuerunt.
3058 2084 3191 2144 Nec
3230 2084 3479 2160 suffecit

1988 2178 2072 2248 ei,
2107 2187 2179 2238 ut
2211 2180 2573 2238 ambularet
2600 2180 2674 2239 in
2699 2181 2975 2256 peccatis
2993 2182 3325 2240 Jeroboam
3344 2181 3479 2258 filii

1989 2277 2228 2339 Nabat.
2262 2277 2539 2354 Insuper
2568 2279 2765 2340 dua-it
2810 2298 3077 2339 umorem
3104 2280 3379 2350 Iezabel,
3410 2283 3481 2356 fi·-

1993 2376 2153 2435 liam
2196 2376 2475 2436 Echbaaz
2512 2378 2681 2454 reyis
2710 2378 3158 2438 Sidoniorum.
3192 2380 3281 2440 Et
3315 2379 3479 2438 abiit

1988 2483 2048 2534 et
2089 2474 2360 2535 servivit
2388 2478 2580 2546 Baal,
2612 2483 2673 2536 et
2710 2477 3012 2538 adoravit
3047 2497 3245 2548 eum,·
3282 2486 3342 2537 et
3362 2496 3479 2554 po·

1987 2573 2120 2632 suit
2149 2591 2338 2632 aram
2364 2576 2539 2634 Baal
2567 2575 2641 2634 in
2666 2578 2895 2651 templo
2913 2577 3108 2648 Baal,
3128 2578 3298 2655 quod
3326 2577 3479 2639 oedi-

1985 2675 2295 2747 ficaverat
2322 2673 2397 2732 in
2427 2674 2761 2744 Samaria,
2784 2682 2843 2733 et
2862 2667 3201 2751 plantavit
3234 2678 3474 2738 lucum.

1986 2771 2074 2830 Et
2116 2772 2380 2831 addidit
2417 2773 2638 2833 Achab
2687 2773 2762 2832 in
2810 2791 2994 2850 opere
3039 2792 3154 2834 suo
3200 2774 3479 2834 irritans

1987 2869 2345 2930 Dominum
2376 2874 2586 2932 Deum
2607 2873 2815 2932 Israel
2840 2891 3035 2949 super
3062 2890 3277 2933 omnes
3306 2891 3479 2948 reyes

1951 2971 2195 3030 ‘Israel
2229 2971 2349 3048 qui
2380 2970 2651 3047 fuerant
2683 2981 2833 3032 ante
2866 2991 3035 3033 eum.
3072 2971 3149 3034 Et
3186 2972 3351 3035 Deus
3390 2978 3480 3034 ta-

372 3065 636 3125 dierum
667 3083 890 3141 reyum
923 3065 1183 3126 Israel?
1212 3065 1663 3146 Dormivitque
1680 3068 1876 3127 Amri
1910 3066 1954 3131 C
1986 3085 2134 3130 men
2165 3067 2367 3131 multa
2396 3067 2717 3133 beneficia
2754 3089 2828 3133 ac
2873 3068 3231 3153 triumphos
3258 3069 3319 3133 ei
3362 3070 3480 3133 im-

373 3184 524 3223 cum
547 3164 854 3239 patribus
881 3165 1040 3234 suis,
1058 3174 1119 3225 et
1138 3167 1424 3241 sepultus
1443 3174 1533 3225 est
1553 3166 1622 3224 in
1649 3168 1876 3227 Sama-

373 3263 481 3323 ria
495 3284 524 3335 ,·
550 3264 977 3341 reynavitque
998 3264 1220 3324 Achab
1250 3264 1436 3339 filius
1463 3263 1602 3340 ejus
1627 3280 1749 3342 pro
1780 3284 1870 3325 eo,

454 3362 682 3423 Achab
711 3381 855 3421 vero
885 3363 1071 3440 filius
1099 3364 1320 3433 Amri,
1351 3364 1649 3439 regnavit
1684 3382 1876 3440 super

371 3464 586 3523 Israel
617 3480 793 3521 anno
816 3462 1134 3521 tricesimo
1163 3470 1382 3521 octavo
1411 3464 1546 3522 Asa
1578 3464 1747 3539 regis
1761 3465 1875 3523 Ju-

370 3563 484 3621 da.
519 3560 609 3620 Et
647 3560 950 3637 regnavit
980 3561 1199 3620 Achab
1235 3560 1420 3636 filius
1448 3560 1644 3621 Amri
1681 3579 1874 3638 super

369 3661 584 3721 Israel
628 3658 702 3718 in
733 3659 1048 3719 Samaria
1076 3658 1321 3735 viyinti
1361 3659 1606 3718 duobus
1651 3660 1868 3719 anni8.

373 3755 437 3819 Si
469 3764 542 3818 ut
571 3756 816 3819 dictum
837 3764 955 3833 est,
989 3755 1166 3818 Amri
1196 3765 1376 3838 pater
1404 3755 1620 3819 Achab
1650 3774 1875 3837 regna-

373 3856 468 3918 vit
497 3854 837 3918 duodecim
867 3854 1076 3931 annia,
1094 3863 1157 3917 et
1187 3872 1452 3935 regnare
1481 3854 1676 3937 coepit
1705 3873 1872 3918 anno

371 3953 701 4018 tricesimo
733 3953 944 4036 primo
975 3953 1156 4034 regni
1186 3954 1329 4031 Asa,
1355 3972 1505 4035 ergo
1536 3954 1753 4017 Achab
1784 3973 1874 4017 re-

371 4072 572 4137 gnare
603 4052 847 4135 incepit
873 4060 1018 4135 post
1046 4060 1314 4115 mortem
1337 4052 1460 4116 Asa
1487 4052 1738 4116 duobus
1758 4053 1875 4115 cir-

373 4154 538 4217 citer
584 4150 794 4229 annis,
828 4152 1134 4234 quoniam
1182 4152 1305 4214 Asa
1353 4153 1641 4232 regnavit
1687 4154 1873 4215 annis

1986 3166 2229 3249 pendit,
2269 3186 2383 3249 per
2412 3165 2721 3231 miracula
2759 3187 3015 3251 quoque
3060 3169 3384 3251 praeclara,
3416 3176 3481 3233 ct

1985 3285 2099 3348 per
2130 3266 2607 3329 sanctissimum
2639 3268 3015 3349 prophetam
3036 3266 3237 3330 Eliam
3271 3268 3479 3351 ipsum

1984 3363 2358 3441 admonuit3
2393 3384 2511 3428 nec
2542 3373 2754 3428 tamen
2787 3384 2855 3429 se
2886 3365 3272 3430 emendavit.

2062 3467 2149 3525 In
2178 3464 2403 3523 diebus
2432 3465 2573 3541 ejus
2598 3465 2955 3541 (edificavit
2974 3465 3129 3526 Hiel
3155 3468 3234 3525 de
3252 3468 3477 3527 Bethel

1982 3562 2260 3633 Iericho,
2294 3579 2425 3625 non
2456 3562 2794 3624 recordans
2824 3569 2934 3623 aut
2964 3580 3091 3625 non
3115 3563 3475 3644 ponderans

1985 3659 2501 3723 maledictionem
2540 3678 2731 3741 quam
2764 3659 2951 3724 Josue
2995 3659 3203 3723 fuerat
3251 3660 3477 3744 imp're-
3498 3689 3769 3741 meffl,

1986 3766 2161 3821 catus
2192 3756 2251 3821 ci
2291 3757 2402 3839 qui
2445 3756 2665 3821 urbem
2711 3757 2888 3819 illam
2919 3758 3357 3822 rcaedificaret.
3391 3762 3475 3821 In

1984 3860 2261 3919 Abiram
2282 3858 2717 3935 primoyenito
2738 3857 2762 3883 *
2790 3878 2906 3918 suo
2932 3859 3249 3935 fundavit
3277 3879 3421 3920 eam
3451 3880 3475 3920 .·
3500 3888 3765 3945 ·pr2·ma·tivo

1987 3954 2050 4017 id
2097 3962 2215 4032 est,
2251 3955 2317 4017 in
2357 3972 2613 4037 poenam
2652 3954 2857 4037 culpae
2896 3975 3047 4034 suae,
3083 3976 3211 4039 qua
3248 3956 3473 4021 urbem

1987 4054 2164 4119 illam
2197 4054 2392 4136 coepit
2422 4051 2835 4132 reaedificare‚
2860 4054 3074 4118 statim
3105 4055 3266 4119 obiit
3296 4055 3475 4119 filius

1987 4155 2127 4236 ejus
2156 4153 2368 4216 senior
2400 4151 2657 4216 nomine
2687 4152 2961 4233 Abiram,
2993 4155 3251 4236 quando
3277 4154 3480 4220 aediri-

372 4250 802 4333 quadraginta
832 4257 896 4312 et
925 4269 1079 4313 uno.
1113 4249 1207 4311 Ad
1240 4249 1358 4313 hoc
1393 4250 1456 4311 in
1491 4250 1874 4314 Scholastica
1907 4254 1955 4315 D
1982 4252 2303 4315 nationem
2331 4250 2505 4314 illam
2538 4249 2810 4333 incepit3
2843 4262 2902 4313 et
2932 4254 3007 4315 in
3036 4256 3247 4331 Seyub
3274 4257 3479 4316 novis-

371 4350 800 4432 respondetur
829 4348 1100 4411 historia
1123 4365 1138 4409 :
1162 4346 1422 4421 Quando
1445 4348 1770 4431 Scriptura
1789 4349 1876 4411 di-

369 4449 462 4513 cit
494 4448 709 4530 ipsum
740 4446 918 4510 Amri
949 4445 1273 4511 tricesimo
1303 4448 1511 4530 primo
1554 4448 1722 4511 anno
1753 4448 1877 4510 Asa

371 4547 545 4629 regis
603 4564 926 4626 regnasse,
987 4546 1472 4627 intelligendum
1533 4557 1648 4626 est,
1704 4550 1874 4629 quod

374 4656 532 4709 tunc
577 4645 752 4709 solus
787 4653 856 4708 et
906 4646 1094 4728 plene
1144 4665 1337 4728 super
1383 4648 1602 4711 decem
1645 4647 1870 4725 tribuS,

373 4753 628 4809 mortuo
647 4744 896 4807 scilicet
912 4745 1378 4828 Thebni,coepit
1400 4764 1671 4827 regnare.
1685 4746 1880 4821 Quan-

373 4847 462 4909 do
493 4852 705 4907 autem
728 4844 886 4907 dicit
916 4863 1064 4908 cum
1085 4862 1383 4924 regnasse
1410 4846 1747 4909 duodecim
1767 4865 1879 4908 an—

381 4942 508 5020 nis,
546 4951 702 5005 tunc
732 4950 1094 5006 numerata
1125 4942 1432 5007 vicesimo
1471 4944 1742 5027 septimo
1777 4964 1880 5007 an-

380 5060 469 5105 no
499 5041 644 5119 Asa,
693 5040 950 5123 quando
993 5041 1182 5104 Israel
1231 5041 1422 5122 elegit
1462 5042 1674 5124 ipsum
1704 5044 1878 5106 Amri

377 5142 454 5203 in
487 5158 700 5221 regem
739 5156 753 5201 :
785 5140 956 5222 quod
1000 5148 1250 5222 tempus
1279 5141 1641 5203 extenditur
1677 5161 1882 5225 usque

382 5239 468 5302 ad
499 5237 898 5301 tricesimum
929 5247 1224 5303 octavum
1254 5259 1491 5302 annum
1525 5240 1704 5321 regni
1733 5242 1878 5319 Asa,

383 5338 650 5420 quando
670 5336 889 5401 Achab
909 5338 1106 5421 coepit
1125 5357 1406 5421 regnare.
1421 5339 1719 5423 Denique,
1735 5340 1886 5405 huic

1983 4353 2146 4412 simo
2177 4349 2319 4413 filio
2347 4371 2462 4411 suo
2497 4353 2718 4428 posuit
2756 4362 2986 4431 portas
3022 4353 3163 4431 ejus
3193 4374 3216 4414 .·
3250 4352 3314 4415 id
3358 4362 3473 4439 est,

1985 4451 2143 4513 urbe
2190 4458 2573 4528 constructa,
2619 4452 2877 4532 quando
2915 4458 3128 4533 portas
3178 4452 3319 4534 ejus
3370 4472 3481 4535 ap·

1987 4550 2231 4631 pendit,
2265 4546 2424 4611 obiit
2450 4548 2670 4630 junior
2708 4548 2886 4611 filius
2924 4549 3087 4632 ejus.
3123 4550 3477 4633 Dicuntque

1987 4648 2212 4729 aliqui,
2250 4648 2420 4729 quod
2451 4646 2519 4709 in
2550 4648 2999 4728 prosecutione
3027 4648 3477 4712 aedificationis

1989 4746 2164 4809 urbis
2189 4746 2384 4824 illius,
2411 4745 2577 4809 inter
2597 4754 2863 4810 mortem
2887 4747 3155 4810 istorum
3176 4748 3470 4825 duorum,

1987 4845 2285 4910 obierunt
2316 4843 2673 4908 successive
2711 4845 2916 4908 etalii
2956 4843 3082 4908 filii
3112 4846 3290 4928 ejus;
3326 4854 3389 4910 et
3420 4847 3476 4909 si

1991 4945 2307 5028 ignoravit
2343 4942 2673 5027 praefatam
2718 4943 2921 5026 ipsius
2949 4944 3136 5009 Josue
3169 4944 3480 5029 impreca-

1990 5046 2252 5121 tionem,
2288 5062 2417 5107 non
2464 5051 2677 5107 tamen
2709 5042 2835 5105 fuit
2863 5062 2940 5107 ex
2980 5044 3091 5107 illa
3120 5043 3481 5127 ignorantia

1991 5151 2324 5207 excusatus
2347 5162 2383 5205 a
2405 5142 2607 5224 culpa,
2628 5142 2781 5224 quia
2802 5142 2965 5205 scire
2986 5143 3050 5205 id
3072 5143 3304 5206 debuit.
3321 5148 3483 5206 Juoe-

1994 5254 2060 5305 ta
2091 5243 2353 5302 verbum
2384 5244 2653 5304 Domini
2679 5244 2851 5321 quod
2879 5246 3126 5305 locutus
3153 5244 3375 5322 fuerat
3403 5248 3477 5309 in

1993 5360 2199 5404 manu
2226 5343 2415 5403 Josue
2442 5341 2578 5417 filii
2609 5342 2789 5403 Nun.
2814 5338 2932 5415 Qui
2963 5341 3091 5405 ait:
3116 5342 3479 5409 Maledictus
3550 5366 3743 5413 ticam.
