4359 6250
631 1979 876 2034 11Re9.xn.

619 2047 632 2084 t
660 2050 702 2086 ει
721 2057 812 2099 seq.

673 2375 836 2417 Sensus

625 2439 812 2482 moralis.

613 3062 628 3105 l
648 3063 766 3104 Pelr.
781 3077 819 3112 v,
834 3065 873 3105 8.

907 495 1023 559 722

1453 512 1797 560 marmano
1839 513 1900 558 IN
1943 511 2078 558 CAP.
2125 511 2235 556 xxl
2278 511 2433 556 LIBRI
2474 510 2672 556 'rr-:nm
2714 507 2939 557 amun.
2982 530 3063 541 —
3102 505 3243 556 Am.
3288 505 3437 556 XXXI

904 693 1001 747 est
1029 684 1221 747 simul
1255 693 1316 748 et
1345 685 1623 767 populus
1662 685 1824 764 eJuS‚
1860 681 2211 764 praesertim
2241 683 2395 763 quia
2424 679 2473 740 A
2500 701 2677 760 teque
2726 691 2799 740 ut
2846 681 3217 740 discinctus,
3250 680 3526 743 Durante
3570 678 3801 740 etenim
3848 676 3991 738 vita

904 782 1226 844 consensit
1256 782 1312 844 ei
1351 783 1416 844 in
1447 782 1737 857 crimine,
1773 789 1834 843 et
1875 799 1982 842 rex
2012 780 2078 841 in
2119 779 2392 842 subditis

903 879 1035 940 suis
1069 880 1331 960 punitus
1362 887 1479 940 est.
1514 880 1750 960 ltaque,
1779 896 1891 959 per
1923 877 2130 942 virum
2163 876 2276 959 qui
2302 875 2395 938 fu-

902 978 995 1056 git
1051 979 1129 1040 de
1182 978 1421 1059 praelio,
1478 977 1860 1058 intelligitur
1906 977 2194 1039 Benadad
2260 993 2389 1047 rex,

903 1093 1095 1155 quem
1125 1075 1289 1138 Deus
1322 1075 1497 1138 dedit
1538 1075 1604 1135 in
1636 1093 1862 1137 manus
1889 1074 2128 1137 Achab.
2161 1077 2395 1136 Rever-

901 1193 1011 1233 sus
1039 1184 1129 1234 est
1162 1177 1374 1251 igitur
1400 1195 1517 1234 rex
1547 1177 1754 1234 Israel
1782 1175 1854 1233 in
1885 1176 2146 1232 domum
2177 1193 2389 1242 suam,

900 1274 1136 1330 audire
1174 1283 1600 1344 contemnens,
1637 1271 1701 1332 id
1737 1279 1853 1345 est,
1892 1270 2393 1352 increpationem

903 1368 1088 1431 istam
1134 1388 1506 1452 aspernans,
1548 1381 1606 1430 ει
1649 1370 2057 1446 furibundus
2101 1371 2275 1429 venit
2320 1369 2393 1428 in

903 1470 1282 1528 Samariam
1313 1486 1336 1528 .·
1370 1468 1434 1529 in
1469 1486 1598 1549 quo
1638 1475 1813 1548 patet
1846 1467 1984 1548 ejus
2022 1465 2390 1537 obstinati0‚

904 1566 1420 1647 ingratitudoque
1451 1567 1754 1638 maxima;
1785 1566 1912 1628 imo
1944 1575 2006 1629 et
2037 1565 2230 1627 istum
2252 1566 2395 1627 Pro-

905 1666 1159 1746 phetam
1192 1666 1381 1746 jussit
1408 1665 1622 1728 claudi
1653 1673 1716 1727 et
1744 1665 2074 1740 custodiri,
2111 1673 2180 1726 ut
2210 1664 2395 1743 Magi-

906 1773 1035 1826 ster
1066 1763 1132 1824 in
1164 1763 1448 1826 historiis
1481 1764 1702 1843 tangit,
1728 1772 1788 1826 et
1820 1783 1895 1826 ex
1921 1762 2195 1845 Josepho
2226 1782 2395 1824 sum·

2504 786 2835 859 praesente,
2890 778 3075 839 durat
3125 785 3345 840 contra
3394 795 3509 838 nos
3557 773 3983 838 invisibilium

2504 876 3011 939 adversariorum
3062 875 3454 939 conflictus:
3501 881 3757 957 propter
3808 873 3986 954 quod

2504 976 2809 1038 debemus
2854 995 2991 1038 esse
3040 974 3481 1057 spiritualibus
3512 972 3701 1035 armis
3733 989 3990 1052 semper

2504 1073 2792 1136 accincti.
2847 1074 3186 1149 Postrem0,
3224 1072 3276 1134 si
3326 1080 3542 1134 nostra
3600 1067 3991 1150 negligentia

2506 1172 2788 1234 scandali
2848 1171 3159 1255 pravitate
3218 1169 3481 1254 perierit
3546 1169 3797 1251 aliquiS‚
3860 1167 3989 1229 erit

2504 1271 2717 1333 anima
2736 1279 2953 1334 nostra
2973 1289 3087 1353 pro
3110 1270 3283 1333 illius
3304 1269 3537 1346 anima,
3556 1268 3619 1330 id
3650 1277 3765 1342 est,
3790 1265 3985 1328 simul

2504 1389 2647 1431 cum
2690 1367 2803 1432 illo
2832 1369 3042 1451 perire
3070 1377 3369 1433 meretur.
3403 1367 3575 1431 Patet
3602 1366 3753 1429 item
3782 1383 3861 1427 ex
3890 1365 3990 1426 di-

2503 1468 2643 1544 ctiS,
2678 1469 2850 1550 quod
2882 1466 3043 1530 falsa
3071 1467 3429 1542 clementia,
3465 1465 3808 1549 praesertim
3840 1483 3987 1544 quae

2504 1567 2709 1646 vergit
2754 1567 2823 1629 in
2868 1567 3323 1630 detrimentum
3351 1566 3504 1630 boni
3534 1563 3891 1628 communis
3922 1571 3991 1623 et

2504 1665 2765 1746 derogat
2792 1665 2943 1747 juri,
2969 1666 3052 1728 sit
3080 1666 3448 1728 detestanda
3478 1664 3651 1727 omni
3680 1662 3879 1744 judici
3910 1679 3989 1723 ac

2506 1764 2787 1845 praelato.

907 1869 1087 1943 ptum
1129 1870 1245 1938 est,
1281 1861 1394 1943 qui
1439 1861 1726 1924 affirmat
1763 1863 1935 1943 quod
1979 1860 2395 1924 incarceravit
2430 1865 2477 1927 B
2586 1863 2713 1926 Hoc
2750 1881 3006 1945 quoque
3040 1864 3447 1943 tangendum,
3480 1862 3633 1945 quia
3670 1860 3839 1924 circa
3884 1879 3992 1922 ex·

905 1960 1303 2042 prophetam.
1329 1961 1564 2042 ltaque,
1591 1961 1756 2022 sicut
1788 1962 2030 2023 Nathan
2063 1959 2397 2042 proposuit

907 2059 1037 2138 regi
1089 2059 1285 2122 David
1321 2059 1684 2141 parabolam
1724 2078 1854 2140 qua
1893 2059 2151 2141 proprio
2193 2059 2394 2140 ipsius

902 2157 1144 2239 judicio
1195 2159 1406 2240 ipsum
1448 2159 1748 2236 convicit,
1794 2159 1883 2221 ita
1920 2159 2232 2242 Propheta
2278 2159 2396 2220 iste

907 2256 1105 2338 impio
1137 2256 1372 2319 Achab.

973 2355 1286 2416 Moraliter
1307 2356 1609 2418 docemur
1629 2375 1704 2418 ex
1727 2356 1848 2419 isto
1882 2356 2186 2438 capitulo,
2205 2374 2393 2437 quam

907 2451 1264 2533 periculosa
1310 2461 1372 2514 et
1421 2454 1651 2517 vitiosa
1700 2453 1783 2515 sit
1822 2455 2258 2536 praesumptio,
2303 2453 2397 2534 ja-

905 2551 1164 2626 ctantia,
1217 2551 1651 2633 securitasque
1713 2552 1988 2627 incauta,
2043 2551 2394 2635 praesertim

905 2648 1305 2730 blasphemia
1329 2667 1342 2710 :
1369 2659 1627 2730 propter
1649 2668 1790 2730 quae
1811 2651 1967 2712 vitia
1996 2651 2182 2712 multi
2204 2650 2395 2713 etiam

906 2746 1200 2810 fortiores
1233 2748 1522 2810 hostibus
1563 2748 1694 2810 suis
1730 2751 2175 2812 succumbunt.
2217 2751 2392 2826 Item,

903 2855 1214 2927 quantum
1259 2847 1695 2910 inobedientia
1735 2847 1819 2909 sit
1866 2848 2213 2929 displicens
2242 2849 2391 2924 De0,

903 2953 966 3006 et
996 2945 1166 3026 quod
1211 2945 1649 3008 inobedientes
1691 2946 2086 3028 perimantur
2115 2967 2152 3008 a
2181 2947 2397 3010 diabo-

2504 1962 2755 2024 ordium
2796 1961 3207 2045 expositionis
3250 1962 3442 2043 hujus
3472 1961 3730 2044 capituli
3762 1957 3991 2022 scribit

2505 2060 2663 2140 Lyra
2698 2077 2711 2120 ε
2747 2060 2973 2122 Divina
3010 2060 3433 2142 providentia,
3479 2067 3784 2141 quantum
3814 2057 3887 2119 in
3918 2076 3989 2118 se

2506 2157 2533 2218 f
2538 2158 2650 2233 uit,
2676 2157 2885 2240 ipsum
2916 2159 3130 2221 Achab
3150 2178 3187 2221 a
3206 2158 3450 2222 malitia
3471 2157 3805 2222 revocavit.
3825 2155 3989 2218 Con·

2504 2267 2599 2318 tra
2629 2258 2796 2338 quod
2822 2257 3019 2320 Rabbi
3048 2258 3277 2320 Paulus
3306 2257 3591 2320 affirmat
3624 2273 3639 2318 :
3672 2256 3733 2318 Si
3766 2255 3989 2318 divina

2504 2357 2927 2438 providentia,
2977 2366 3287 2438 quantum
3348 2356 3415 2418 in
3462 2375 3530 2419 se
3578 2355 3721 2427 fuit,
3774 2355 3987 2437 ipsum

2506 2455 2720 2517 Achab
2764 2475 2801 2516 a
2840 2456 3081 2518 malitia
3126 2463 3499 2532 revocasset,
3534 2453 3757 2516 fuisset
3802 2454 3989 2516 indu-

2506 2553 2609 2616 bie
2640 2563 2993 2631 revocatuS‚
3017 2553 3169 2636 quia
3196 2557 3297 2634 (ut
3320 2563 3530 2617 cantat
3560 2553 3863 2630 Ecclesia)
3892 2551 3989 2613 di-

2505 2653 2655 2715 vina
2698 2654 3098 2735 providentia
3135 2653 3201 2715 in
3250 2652 3347 2714 sui
3396 2651 3807 2734 dispositione
3856 2669 3985 2712 non

2508 2750 2771 2813 fallitur.
2799 2751 3245 2814 Verumtamen
3280 2741 3445 2813 istud
3490 2751 3741 2814 incaute
3778 2748 3987 2830 prola-

2504 2857 2637 2910 tum
2679 2859 2794 2925 est,
2826 2859 2890 2912 et
2918 2850 3242 2913 communi
3284 2851 3612 2912 doctorum
3656 2847 3985 2910 sententio

2502 2948 2919 3012 adversatur:
2967 2949 3271 3030 quoniam
3318 2949 3503 3022 DeuS,
3555 2955 3861 3029 quantum
3915 2946 3981 3007 in

907 3043 989 3118 lo,
1025 3044 1134 3126 qui
1169 3044 1344 3106 velut
1380 3044 1481 3106 leo
1517 3045 1772 3127 rugiens
1815 3046 2064 3122 circuit,
2101 3065 2393 3128 quaerens
2428 3053 2470 3114 C
2502 3067 2590 3125 se,
2626 3047 2876 3109 nullum
2906 3047 3211 3129 relinquit
3254 3067 3370 3110 nec
3414 3047 3617 3129 perire
3648 3044 3977 3127 permittit,

904 3160 1096 3223 quem
1155 3143 1429 3205 devoret.
1494 3144 1776 3225 insuper,
1829 3144 2179 3225 unicuique
2230 3164 2393 3209 vana

904 3240 1240 3303 securitate
1281 3242 1579 3318 resoluto,
1615 3252 2145 3325 praesumptuOSO,
2180 3244 2391 3307 incau-

2500 3146 2751 3210 dicente
2787 3148 3087 3229 Apostolo
3132 3166 3146 3209 :
3188 3146 3302 3221 Qui
3347 3147 3482 3210 vult
3520 3165 3742 3209 omnes
3780 3144 3981 3207 homi-

2500 3264 2610 3307 nes
2644 3246 2853 3309 salvos
2885 3246 3051 3323 fieri,
3078 3256 3141 3309 et
3168 3247 3247 3308 ad
3278 3244 3665 3327 agnitionem
3698 3242 3981 3305 veritatis

905 3346 988 3414 t0‚
1024 3339 1366 3401 dicendum
1408 3348 1505 3402 est
1540 3358 1553 3401 τ
1591 3344 1688 3403 Νε
1711 3345 2033 3420 ⁴qlorietur
2063 3345 2388 3404 accinctus
2496 3344 2736 3406 venire.

1939 3722 2590 3809 ARTICULUS
2665 3696 2950 3808 xx'xl

1031 3964 1342 4015 Exposmo
1385 3966 1658 4015 CAPITULI
1705 3969 1961 4016 vlcsssuu
2007 3970 2176 4016 mum
2221 3972 2234 4015 :
2282 3972 2430 4017 POST
2473 3972 2607 4017 HAEc
2651 3973 2853 4017 Atrum
2898 3972 3118 4030 VERBA,
3168 3972 3351 4016 vaA
3394 3970 3552 4016 ERAT
3594 3968 3860 4016 NAnoTu.

1043 4220 1474 4283 EClTATUR
1527 4222 1630 4284 hic
1685 4222 1906 4285 divina
1959 4221 2210 4303 justitia
2271 4224 2392 4285 cir·
2426 4224 2614 4300 Dpro
2658 4246 2733 4284 ca
2777 4226 3033 4285 vineam
3074 4226 3418 4285 meliorem.
3458 4227 3591 4285 Aut
3628 4226 3689 4285 si
3720 4245 3985 4284 commo-

1062 4338 1134 4381 ca
1167 4320 1731 4398 transgressionem
1765 4320 2132 4402 impiissimi
2154 4321 2386 4384 Achab.

901 4418 1056 4479 Post
1094 4420 1224 4478 lzoec
1267 4428 1482 4478 autem
1533 4421 1741 4491 verba,
1779 4420 1843 4479 id
1887 4428 1983 4481 est
2031 4428 2174 4500 post
2216 4430 2394 4501 gesta

905 4515 1292 4596 praescripta,
1319 4517 1668 4577 secundum
1699 4517 2080 4579 narrationis
2101 4518 2390 4581 ordinem

904 4613 1148 4689 saltem,
1185 4616 1374 4674 vinea
1405 4624 1545 4674 εναι
1578 4617 1828 4677 Naboth
1854 4618 2243 4688 Jezraelitoe,
2277 4619 2394 4695 qui

901 4722 1041 4774 erat
1072 4713 1144 4773 in
1163 4716 1432 4781 Jezraez,
1459 4712 1525 4773 id
1555 4720 1669 4787 est,
1692 4712 1828 4794 ipsc
1859 4712 2102 4775 Naboth
2135 4714 2202 4776 in
2236 4715 2393 4777 urbe

905 4810 1164 4873 nomine
1203 4809 1439 4873 Jezrael
1482 4810 1799 4887 habitanS,
1845 4811 2070 4873 habuit
2115 4812 2388 4887 vineam,

888 4904 1093 4984 juxta
1119 4909 1449 4985 palatium
1469 4911 1690 4969 Achab
1721 4912 1886 4983 reyis
1911 4912 2252 4975 Samarioe.
2280 4914 2395 4971 Lo·

903 5018 1087 5066 cutus
1124 5017 1212 5067 est
1249 5026 1394 5083 erqo
1425 5008 1645 5067 Achab
1688 5010 1774 5066 ad
1809 5008 2082 5078 Naboth,
2117 5011 2335 5068 dicens
2366 5030 2388 5071 .·

2500 4324 2651 4383 dius
2684 4325 2803 4382 tibi
2824 4334 3043 4400 putas,
3074 4326 3332 4400 ανρεηιί
3348 4324 3639 4400 pretium
3668 4334 3980 4403 quantum

2500 4424 2706 4495 diana
2750 4432 2841 4481 est
2886 4423 3069 4481 dabo,
3128 4423 3247 4481 Cui
3294 4424 3621 4499 respondit
3672 4422 3917 4482 Naboth
3958 4442 3983 4479 .·

2502 4518 2841 4595 Propitius
2876 4522 2960 4579 sit
3008 4521 3173 4579 mihi
3201 4522 3541 4591 Dominus,
3578 4541 3658 4579 ηε
3694 4522 3841 4579 dem
3882 4523 3985 4579 he-

2502 4618 2840 4677 reditatem
2864 4627 3134 4695 patrum
3164 4638 3449 4679 meorum
3482 4620 3620 4689 tibi,
3656 4618 3719 4679 id
3752 4626 3869 4693 est,
3904 4617 3985 4679 ab

2503 4713 2621 4777 hac
2653 4714 2841 4796 culpa
2880 4724 3221 4796 praeservet
3250 4734 3350 4778 me
3386 4732 3399 4777 :
3433 4716 3587 4797 quia
3624 4715 3763 4778 sine
3802 4716 3987 4777 ratio·

2504 4812 2702 4875 nabili
2761 4832 2953 4874 causa
3011 4832 3135 4875 non
3188 4822 3339 4875 sunt
3387 4812 3769 4876 hereditaria
3823 4814 3985 4877 bona

2502 4911 2855 4987 vendenda,
2889 4918 3078 4992 atque
3127 4911 3191 4973 in
3244 4910 3381 4991 lege
3426 4910 3551 4973 fuit
3594 4912 3983 4994 prohibitum

2506 5008 2661 5070 filiis
2706 5009 2893 5072 Israel
2934 5010 3209 5072 vendere
3252 5009 3685 5090 possessiones
3729 5030 3875 5073 suas
3916 5010 3982 5071 in

4014 3178 4197 3222 {Tinna
4226 3189 4247 3219 «t

903 5109 1032 5174 Da,
1066 5106 1127 5165 id
1173 5112 1268 5166 est
1312 5105 1538 5178 vende,
1575 5107 1743 5165 mihi
1784 5108 2040 5166 vineam
2083 5118 2291 5175 tuam,
2322 5119 2394 5169 ut

905 5202 1152 5278 faciam
1188 5204 1354 5262 milei
1387 5205 1641 5262 hortum
1679 5207 1953 5274 olerum,
1985 5207 2142 5283 quia
2175 5207 2394 5266 vicina

904 5308 992 5358 esc
1029 5309 1088 5360 ει
1129 5320 1323 5379 prope
1362 5304 1628 5360 domum
1673 5322 1902 5371 meam,
1935 5305 2222 5382 daboque
2277 5304 2393 5363 tibi

2504 5106 3003 5187 sempiternum;
3056 5109 3167 5170 sed
3226 5108 3431 5169 solum
3493 5127 3697 5190 usque
3742 5110 3822 5171 ad
3876 5128 3983 5170 an-
4052 5138 4229 5179 ram
4286 5164 4288 5191 ,

2504 5224 2656 5266 num
2686 5204 3013 5286 jubilaeum
3046 5214 3339 5287 poterant
3368 5206 3435 5267 in
3476 5206 3851 5270 necessitate
3880 5226 3981 5270 eas
4014 5204 4163 5306 {it-¹0·
4190 5200 4245 5236 ²³-

2502 5304 2890 5380 venundarc,
2927 5312 2998 5365 ut
3041 5303 3313 5366 habetur
3358 5304 3425 5365 in
3474 5304 3780 5377 Levitico.
3814 5305 3983 5367 Unde
