4359 6250
109 1951 161 1989 :o

1283 513 1631 562 amanum
1672 515 1734 561 m
1776 513 1911 560 cu.
1959 512 2020 558 ιν
2060 512 2261 560 iosus.
2304 533 2385 544 —
2428 514 2570 561 An‘r.
2618 515 2702 561 vn
3452 493 3532 556 25

438 695 576 750 erat
606 688 945 765 exercituS,
971 696 1034 750 et
1067 706 1147 750 ne
1177 687 1534 751 sacerdotes
1563 692 1941 766 cogerentur
1966 682 2018 746 A
2049 703 2241 766 super
2270 683 2471 768 ripam
2506 695 2567 748 et
2612 673 2843 749 terram
2896 686 3129 749 siccam
3180 683 3527 762 venissent,

441 787 636 850 nimis
669 788 777 850 diu
813 797 981 850 stare
1014 787 1080 849 in
1112 785 1314 850 fundo
1354 786 1666 849 Iordanis,
1702 790 1941 856 Quum—

437 909 564 968 que
614 889 992 949 transissent
1041 907 1274 958 omnes,
1320 895 1548 968 praeter
1599 885 1936 967 portitores

435 1005 632 1062 arcae,
687 988 997 1047 transivit
1043 996 1104 1046 et
1152 1005 1306 1047 arca
1356 986 1647 1056 Domini,
1699 983 1763 1045 id
1814 991 1930 1060 est,

437 1092 768 1165 portantes
802 1103 939 1148 eam
977 1085 1269 1147 exierunt
1302 1091 1446 1166 post
1477 1082 1638 1146 alios
1669 1101 1814 1146 cum
1843 1102 1934 1144 ar-

433 1201 510 1244 ca
539 1182 622 1245 de
654 1181 856 1245 fundo
885 1181 1198 1258 IordaniS‚
1234 1191 1304 1244 ut
1335 1181 1504 1244 infra
1535 1179 1788 1262 plenius
1841 1199 1934 1243 re-

433 1281 694 1344 citatur.
730 1283 1102 1344 Sacerdotes
1131 1301 1380 1361 quoque
1401 1283 1753 1358 peryebant
1783 1291 1934 1340 ante

429 1384 775 1457 populu-m.
801 1379 956 1442 Nam
989 1387 1326 1462 postquam
1361 1378 1650 1442 exierunt
1681 1378 1759 1440 de
1791 1376 1932 1439 fun-

435 1478 518 1542 do
547 1477 862 1556 IordaniS,
899 1478 1210 1561 populum
1251 1485 1731 1560 praecesserunt,
1766 1477 1933 1540 sicut

433 1585 496 1638 et
526 1585 676 1640 ante
708 1577 1040 1641 introitum
1073 1577 1138 1639 in
1180 1577 1541 1640 Iordanem.
1578 1578 1744 1638 Filii
1783 1596 1932 1656 quo-

433 1695 557 1753 que
585 1678 812 1737 Ruben
846 1686 906 1737 et
941 1679 1111 1746 Gad,
1141 1686 1202 1736 et
1233 1677 1522 1736 dimidia
1556 1676 1760 1735 tribus
1792 1677 1931 1734 Ma-

435 1795 642 1844 nasse,
693 1777 939 1835 armati
990 1775 1432 1852 proecedebanc
1478 1775 1650 1851 filios
1697 1777 1927 1844 Israel,

433 1982 539 2031 rat
567 1974 660 2031 eis
693 1975 969 2049 Moyses,
999 1979 1070 2033 ut
1101 1971 1168 2032 in
1202 1969 1807 2052 Numerishabetur.
1849 1975 1930 2032 Ec

431 2071 878 2148 quadr-affinia
915 2080 1364 2148 puynatorum
1409 2071 1624 2129 millia
1653 2091 1768 2148 per
1800 2081 1930 2132 tur-

429 2189 574 2228 mas
601 2178 662 2228 et
690 2189 922 2228 cuneos
955 2170 1330 2228 incedebant
1353 2188 1476 2244 per
1497 2173 1706 2246 plana
1739 2179 1930 2249 atque

428 2269 818 2344 campestria
851 2269 1032 2327 urbis
1059 2269 1334 2328 Iericho,
1369 2265 1504 2330 Non
1550 2275 1644 2330 est
1695 2266 1930 2329 intelli·

427 2366 734 2445 gendum,
769 2366 943 2447 quod
977 2363 1103 2427 filii
1133 2365 1356 2428 Ruben
1389 2375 1450 2429 et
1497 2365 1649 2442 Gad,
1683 2385 1758 2429 ac
1802 2386 1928 2430 me-

427 2464 535 2527 dia
585 2463 790 2526 tribus
834 2463 1116 2526 Manasse
1159 2482 1288 2527 non
1330 2463 1571 2527 fuerint
1609 2464 1735 2527 nisi
1778 2484 1929 2547 qua-

426 2562 726 2644 draginta
775 2561 980 2624 millia
1016 2579 1030 2624 :
1068 2561 1196 2624 imo
1239 2562 1360 2625 soli
1403 2561 1527 2624 filii
1578 2562 1821 2640 Rubcn,
1859 2565 1923 2626 in

111 2669 396 2748 ‘'bid-xxv·-
427 2660 714 2724 secunda
771 2661 1214 2724 numeratione
1270 2668 1453 2723 erant
1508 2662 1928 2742 quadraginta

425 2760 552 2822 tria
597 2759 802 2822 millia
845 2759 1235 2841 septingenti
1281 2760 1561 2839 triginta,
1597 2769 1666 2823 ut
1710 2761 1776 2823 in
1807 2761 1926 2824 Nu-

421 2859 622 2922 meris
674 2858 982 2922 vicesimo
1032 2867 1206 2922 sexto
1253 2858 1544 2922 habetur.
1581 2859 1688 2922 Est
1732 2860 1924 2940 igitur

419 2977 672 3034 sensuS,
708 2958 880 3038 quod
911 2957 992 3019 de
1021 2957 1309 3044 omnium
1355 2958 1610 3020 illorum
1657 2977 1921 3022 numero

2045 805 2312 844 reversoe
2359 795 2513 846 sunt
2552 807 2737 865 aquoe
2782 788 2851 847 in
2904 791 3159 847 alveum
3206 806 3426 855 suum,
3472 794 3532 844 et

2044 885 2333 959 fluebant
2379 887 2546 944 sicut
2586 895 2735 946 ante
2783 894 3263 955 consueverant,
3300 883 3363 945 id
3410 891 3528 960 est,

2042 982 2245 1046 moles
2290 982 2401 1045 illa
2448 1002 2753 1064 aquarum
2808 983 3003 1065 coepit
3032 983 3435 1059 descendere,
3470 990 3532 1045 et

2044 1098 2160 1161 per
2196 1080 2469 1142 fundum
2502 1101 2687 1144 suum
2720 1081 2992 1144 naturali
3025 1082 3213 1144 modo
3245 1082 3532 1143 decurre-

2043 1196 2130 1240 re.
2181 1182 2477 1258 Populus
2521 1190 2737 1240 autem
2786 1183 3075 1241 ascendit
3122 1184 3201 1240 de
3244 1182 3531 1240 ,Iordane

2038 1279 2289 1338 decima
2318 1280 2427 1338 die
2458 1281 2693 1339 mensis
2716 1281 2950 1356 primi,
2982 1278 3279 1342 videlicet
3327 1277 3528 1340 Martii

2041 1395 2154 1438 seu
2196 1374 2455 1457 Aprilis,
2490 1377 2602 1458 qui
2652 1385 2748 1440 est
2796 1377 3042 1458 primus
3088 1376 3330 1439 mensis
3378 1376 3528 1439 anni

2037 1474 2207 1557 apud
2237 1475 2549 1553 HebraeoS,
2570 1484 2641 1539 ut
2676 1476 2832 1538 alibi
2864 1476 3117 1559 plenius
3148 1476 3385 1538 dictum
3409 1485 3526 1539 est.

2040 1577 2124 1636 Et
2166 1577 2607 1636 castrametati
2651 1586 2803 1636 sunt
2844 1577 2917 1636 in
2965 1577 3283 1652 Galqalis,
3324 1574 3389 1636 id
3433 1583 3530 1637 cst

2039 1671 2106 1734 in
2149 1672 2287 1736 loco
2326 1673 2417 1735 sic
2457 1673 2627 1737 dicto
2664 1691 2677 1734 :
2722 1674 2832 1755 qui
2886 1683 3095 1737 tamen
3149 1673 3341 1755 paulo
3384 1681 3530 1756 post

2040 1773 2127 1835 ita
2168 1781 2429 1836 vocatus
2467 1781 2584 1851 est,
2622 1782 2693 1835 ut
2730 1773 2902 1836 infra
2939 1773 3207 1836 dicetur.
3244 1772 3334 1835 lbi
3375 1790 3528 1854 ergo

107 1885 400 1934 ‚vamum
433 1871 628 1934 etiam
658 1873 932 1934 Iordane
959 1873 1090 1953 jam
1124 1872 1410 1948 transito,
1433 1875 1601 1932 sicut
1621 1892 1930 1949 proecepe-
1963 1872 2010 1932 B
2038 1871 2327 1954 proximo
2370 1890 2633 1953 vespere
2677 1872 2957 1934 fixerunt
2998 1872 3267 1934 tentoria
3305 1882 3527 1933 contra

179 1955 229 1991 et
247 1963 354 2005 seq.

2035 1972 2411 2031 orientalem
2434 1976 2699 2048 plassam
2727 1974 2907 2032 urbis
2926 1972 3193 2032 Jericho.
3216 1971 3323 2031 Est
3354 1970 3523 2033 enim

2037 2068 2215 2132 locus
2266 2069 2375 2130 ille
2423 2069 2588 2132 inter
2630 2071 2880 2133 Iericho
2926 2078 2987 2132 ct
3028 2070 3388 2145 Iordanem,
3438 2068 3526 2132 di-

2036 2175 2209 2229 stans
2240 2187 2276 2230 a
2303 2167 2554 2230 Iericho
2585 2187 2699 2249 per
2729 2167 2932 2230 stadia
2962 2169 3203 2244 decem,
3240 2175 3303 2230 et
3338 2168 3527 2249 quin-

2034 2265 2340 2346 quaginta
2371 2264 2592 2328 stadiis
2616 2284 2653 2327 a
2680 2266 2974 2342 Iordane,
3003 2274 3070 2328 ut
3102 2265 3168 2329 in
3192 2265 3527 2329 Scholasti-

2033 2383 2107 2426 ca
2139 2363 2342 2426 fertur
2391 2364 2677 2427 historia.
2711 2365 2778 2426 In
2830 2366 3054 2428 eodem
3099 2384 3355 2446 quoque
3387 2365 3525 2428 loco

2034 2471 2385 2543 posuerunt
2434 2471 2583 2526 tunc
2628 2464 2963 2528 duodecim
3007 2463 3252 2546 lapides
3291 2468 3369 2529 de
3396 2465 3525 2526 Ior-

2032 2559 2197 2621 dane
2237 2557 2541 2621 sublatos
3254 2625 3259 2628 .

2111 2656 2259 2730 Quae
2281 2666 2636 2739 sequuntur
2657 2659 2723 2720 in
2747 2666 2940 2736 textu,
2957 2658 3330 2740 planissima
3350 2668 3519 2723 sunt.

2030 2756 2098 2817 In
2132 2755 2367 2837 quibus
2400 2757 2584 2819 docet
2617 2775 2731 2820 nos
2764 2756 3110 2840 Scriptura,
3155 2760 3326 2840 quod
3360 2760 3523 2822 Deus

2033 2852 2185 2917 fecit
2214 2854 2533 2917 mirabilia
2565 2855 2675 2917 illa
2708 2855 2771 2917 in
2801 2856 3072 2919 Iordane
3102 2866 3293 2938 atque
3317 2857 3382 2919 in
3403 2877 3527 2920 ma-

2031 2953 2083 3014 ri
2118 2953 2351 3031 Rubro,
2390 2973 2517 3017 non
2548 2954 2754 3017 solum
2798 2964 3058 3038 propter
3100 2955 3272 3019 filios
3307 2956 3516 3034 lsrael,

419 3063 515 3120 tot
547 3055 755 3119 millia
787 3063 1213 3139 pugnatorum
1236 3055 1584 3139 pergebant
1613 3077 1728 3141 per
1758 3077 1921 3120 cam·
1947 3053 1992 3116 C
2031 3052 2138 3116 sed
2174 3053 2325 3117 item
2358 3061 2428 3115 ut
2459 3052 2741 3117 universi
2776 3054 3162 3119 habitatores
3206 3065 3387 3120 terrae
3417 3058 3521 3119 ad-

417 3156 664 3238 pestria
706 3155 960 3218 Iericho
996 3155 1078 3217 ad
1121 3154 1562 3218 incutiendum
1599 3157 1920 3220 Ierichon-

417 3253 576 3317 tinis
607 3271 932 3336 pavorem.

498 3356 582 3414 In
617 3355 732 3413 illo
761 3354 872 3413 die
903 3354 1354 3430 magnificavit
1384 3356 1703 3415 Dominus
1730 3359 1918 3417 Josue

413 3472 636 3511 coram
675 3452 858 3511 omni
893 3454 1124 3522 Israel,
1169 3461 1240 3512 ut
1281 3453 1578 3513 timerent
1613 3474 1762 3515 eum
1797 3457 1917 3515 sic-

415 3560 492 3611 ut
518 3550 882 3610 timuerunt
903 3552 1168 3625 Moysen
1196 3553 1354 3611 dum
1389 3554 1604 3611 adhuc
1635 3554 1914 3615 viveret:

414 3647 483 3710 id
513 3653 632 3722 est,
668 3665 784 3728 per
813 3646 1136 3710 mirabilia
1171 3647 1281 3711 illa
1315 3647 1482 3711 facta
1517 3648 1581 3710 in
1616 3650 1908 3728 Iordane,

410 3746 594 3827 juxta
634 3744 1233 3825 praenuntiationem
1270 3746 1470 3827 ipsius
1506 3747 1714 3826 Iosuc,
1748 3750 1912 3811 Deus

412 3840 571 3904 feeit
605 3840 812 3922 ipsum
845 3840 1032 3904 Iosue
1053 3840 1492 3905 honorabilem
1529 3862 1602 3905 ac
1634 3852 1914 3908 metuen-

405 3940 590 4015 dum,
619 3946 920 4021 tanquam
958 3940 1064 4003 Dei
1093 3940 1368 4003 amicum
1395 3950 1458 4003 et
1487 3960 1739 4005 servum
1771 3944 1910 4024 ejus

404 4045 763 4120 potentem,
798 4046 1113 4119 quatenus
1163 4038 1284 4100 filii
1329 4039 1515 4102 lsrael
1547 4040 1606 4103 ei
1639 4060 1783 4103 cum
1835 4042 1911 4104 ri-

405 4136 548 4198 liali
602 4136 831 4199 timore
881 4136 1216 4200 obedirent
1269 4157 1282 4201 :
1339 4137 1580 4200 subditi
1633 4158 1908 4221 namque

2029 3152 2279 3217 discant
2338 3152 2751 3217 fortissimam
2812 3175 3069 3217 manum
3124 3155 3398 3235 Domini,
3454 3158 3516 3222 id

2029 3262 2126 3316 est
2165 3254 2695 3336 omnipotentiam
2731 3255 2864 3333 Dei,
2898 3274 2973 3319 ex
3018 3258 3518 3338 supernaturali-

2027 3353 2147 3415 bus
2178 3353 2319 3435 ejus
2351 3352 2718 3431 effectibuS,
2753 3363 2816 3417 et
2848 3354 3111 3417 timeant
3141 3376 3309 3419 eum.

2104 3452 2287 3514 quta
2308 3452 2705 3535 spiritualem
2729 3453 3238 3535 intelligentiam,
3259 3476 3373 3538 per
3396 3457 3513 3521 hoc
3585 3478 3748 3522 Sem,

2023 3551 2197 3631 quod
2233 3551 2421 3614 Iosue
2470 3560 2613 3633 post
2656 3552 2992 3615 transitum
3031 3554 3320 3617 Iordanis
3358 3575 3515 3638 prae-
3540 3542 3792 3597 ’l'ffi‘u‘flffi

2023 3648 2196 3730 cepit
2226 3650 2303 3711 de
2337 3648 2537 3712 fundo
2565 3650 2857 3713 Iordanis
2888 3652 3225 3715 duodecim
3269 3654 3511 3735 lapides

2023 3747 2185 3823 tolli,
2222 3756 2285 3809 et
2316 3746 2481 3810 inter
2515 3748 2688 3811 filios
2719 3749 2903 3811 lsrael
2947 3750 3263 3827 collocari,
3299 3752 3513 3833 prael'i-

2020 3845 2389 3925 gurabatur,
2422 3848 2591 3927 quod
2633 3855 2775 3929 post
2807 3848 3195 3931 Baptismum
3240 3851 3512 3914 debeant

2021 3942 2266 4025 praelati
2298 3952 2361 4005 et
2392 3944 2836 4027 praedicatores
2869 3945 3044 4010 verbi
3078 3947 3208 4023 Dei,
3237 3948 3510 4031 baptiza-

2020 4042 2100 4103 tis
2141 4061 2500 4125 proponere
2544 4045 2835 4127 exempla
2872 4056 2934 4110 et
2975 4048 3355 4111 documenta
3396 4046 3510 4109 fir-

2015 4141 2307 4204 missima
2349 4143 2683 4206 duodecim
2729 4144 3199 4227 Apostolorum,
3248 4166 3391 4228 quae
3440 4147 3505 4209 in

399 4233 648 4297 debent
678 4234 1074 4316 superiorem
1100 4254 1285 4298 suum
1319 4236 1558 4313 timore,
1585 4238 1787 4320 magis
1825 4247 1907 4301 ta·
1937 4234 1988 4296 D
2015 4239 2226 4303 medio
2257 4239 2678 4304 Ecclesiarum
2724 4251 2872 4304 sunt
2900 4247 3354 4308 conservanda.
3388 4246 3508 4307 Un-

397 4352 555 4395 men
610 4333 922 4412 diligere3
957 4334 1067 4396 sed
1121 4334 1314 4397 timor
1361 4332 1582 4397 filialis
1635 4336 1906 4400 includit

395 4431 844 4495 dilectionem.
868 4434 1185 4513 Dixitque
1218 4436 1307 4494 ad
1343 4454 1518 4503 eum,
1533 4443 1686 4516 puta
1704 4437 1782 4498 ad
1809 4436 1906 4499 Io-

397 4548 520 4593 sue
543 4551 558 4593 ε
583 4533 878 4607 Proecipe
905 4533 1340 4592 sacerdotibus
1367 4534 1486 4611 qui
1508 4544 1776 4611 portant
1802 4556 1904 4595 ar-

393 4650 546 4691 cam
574 4630 844 4706 foederis
863 4630 1156 4701 Domini,
1183 4640 1254 4691 ut
1283 4635 1636 4693 ascendant
1665 4636 1743 4692 de
1767 4637 1904 4694 Jor-

393 4730 602 4797 dane,
633 4725 701 4788 id
731 4734 849 4804 est,
884 4727 964 4789 de
996 4726 1136 4789 loco
1168 4743 1294 4810 quo
1327 4736 1519 4807 stant,
1555 4740 1903 4811 sequantur

393 4824 716 4907 populum
756 4824 888 4904 jam
937 4842 1264 4904 egressum
1315 4845 1518 4907 usquc
1568 4828 1646 4890 ad
1697 4829 1899 4911 ripam

391 4941 518 5005 per
556 4941 750 5003 quam
797 4921 979 5004 plebs
1026 4923 1316 4986 ascendit
1353 4942 1366 4985 :
1401 4944 1544 5005 quae
1595 4927 1733 5009 ripa
1777 4926 1900 4989 fuit

389 5020 588 5085 altior
619 5020 820 5083 fundo
849 5020 1163 5097 IordaniS,
1189 5021 1428 5086 idcirco
1461 5026 1777 5089 tendendo
1819 5028 1896 5089 ad

389 5140 561 5197 eam,
595 5120 1052 5184 ascendebant.
1089 5125 1424 5203 Quumque
1473 5130 1898 5188 ascendissent

379 5228 724 5299 portantes
770 5240 990 5280 arcam
1036 5221 1300 5297 foederis
1347 5226 1636 5296 Domini,
1683 5235 1741 5285 et
1783 5228 1899 5285 sic-

386 5338 538 5379 cam
597 5320 874 5379 humum
933 5322 1184 5379 calcare
1230 5322 1584 5397 caepissent,
1648 5321 1707 5383 id
1773 5330 1889 5399 est,

2014 4339 2092 4401 de
2143 4339 2211 4400 in
2259 4339 2519 4402 Actibus
2571 4340 2772 4403 fertur
2818 4342 3287 4424 Apostolorum,
3331 4346 3502 4427 quod

2012 4436 2243 4499 Paulus
2300 4445 2362 4500 et
2419 4438 2731 4501 Barnabas
2792 4440 3143 4504 docuerunt
3190 4441 3503 4506 Ecclesias

2011 4536 2299 4617 gentium
2350 4555 2603 4600 servare
2652 4547 2967 4621 praecepta
3015 4547 3078 4603 et
3130 4541 3501 4605 traditiones
3530 4564 3793 4615 Aenum.

2011 4634 2459 4716 Apostolorum
2510 4644 2572 4697 et
2623 4636 2970 4700 seniorum.
3026 4638 3185 4719 lpsis
3242 4659 3501 4723 quoque

2012 4733 2347 4795 duodecim
2382 4734 2700 4815 Apostolis
2738 4736 2929 4816 jussit
2967 4737 3277 4815 ChristuS,
3314 4748 3383 4801 ut
3422 4740 3500 4802 de

2007 4830 2278 4894 Iordane
2312 4830 2608 4894 tollerent
2637 4834 2971 4896 duodecim
3004 4834 3269 4917 lapideS‚
3291 4837 3356 4899 id
3378 4848 3495 4913 est,

2009 4931 2088 4992 de
2138 4928 2319 4992 libris
2370 4931 2706 4994 duodecim
2756 4932 3234 5015 Prophetarum,
3278 4937 3375 5000 vel
3420 4939 3499 5002 de

2009 5027 2298 5110 quinque
2350 5029 2531 5092 libris
2582 5030 2828 5114 MoysiS,
2879 5041 2941 5095 et
2991 5042 3264 5114 quatuor
3314 5035 3497 5098 libris

2007 5127 2461 5209 Prophetarum
2502 5129 2838 5208 maJorum,
2874 5150 2947 5192 ac
2987 5130 3191 5193 tribus
3223 5132 3500 5198 Salomo—

2009 5225 2108 5287 nis
2143 5226 2603 5303 voluminibuS,
2638 5228 3001 5309 acciperent
3038 5238 3183 5311 apta
3216 5232 3497 5296 testimo-

2007 5323 2114 5385 nia
2171 5343 2245 5387 ac
2305 5325 2625 5388 doctrinas
2685 5344 2801 5407 pro
2860 5327 3219 5391 eruditione
3270 5332 3490 5413 populi
