4359 6250
572 1146 722 1191 ludio.
741 1161 781 1197 u,
795 1150 835 1189 6.

573 2122 774 2173 nidmu
787 2126 842 2175 ,3.

861 448 941 510 66
1683 463 2033 509 suanum
2075 462 2136 507 ix
2180 460 2317 507 clu).
2366 459 2429 507 ιι
2470 458 2671 509 Josua.
2718 478 2797 487 —
2839 459 2980 505 aar.
3030 456 3137 503 xix

863 636 1124 712 delevit,
1155 646 1412 719 propter
1443 637 1610 718 quod
1645 637 1834 699 modo
1865 633 2233 698 attribuitur
2262 632 2357 693 Jo·
2385 630 2434 691 A
2464 630 2801 705 stium-um,
2824 646 3209 710 omnemque
3239 626 3659 689 Chananoeum
3693 629 3757 684 et
3782 620 3957 683 Sido-

866 755 1000 798 sue.
1035 735 1293 798 Constat
1323 744 1534 799 autem
1566 736 1737 818 quod
1770 735 1835 796 in
1869 734 2033 796 libro
2060 732 2353 794 Judicum

863 835 1154 916 quaedam
1185 835 1574 910 scribuntur,
1611 854 1753 916 quae
1791 834 2197 912 contigerunt
2237 829 2357 892 sub

861 934 1071 1010 Josuc,
1107 934 1401 1015 quamvis
1433 932 1595 994 liber
1629 932 1736 995 ille
1779 931 2043 1013 incipiat
2083 950 2120 992 a
2157 928 2356 1007 gestis

867 1040 1009 1113 post
1038 1040 1306 1095 mortem
1332 1031 1548 1113 ipsiuS,
1566 1051 1764 1112 quum
1789 1031 1854 1093 in
1873 1029 2166 1092 Judicum
2192 1028 2356 1091 libro

866 1130 1113 1193 dicatur
1149 1148 1162 1191 z
1198 1128 1445 1192 Dimisit
1489 1148 1638 1209 ergo
1676 1130 1862 1192 Josue
1905 1128 2233 1210 populum.
2271 1126 2359 1188 ld-

866 1229 1036 1291 cireo
1066 1230 1236 1311 quod
1277 1228 1403 1292 alio
1446 1228 1583 1292 loco
1611 1228 1902 1291 Judicum
1949 1233 2241 1289 narratur
2278 1226 2357 1287 de

867 1326 1336 1408 expugnatione
1389 1325 1661 1401 Hebron,
1716 1325 2126 1405 filiorumque
2187 1324 2355 1385 Enac

870 1424 1035 1487 facta
1080 1442 1192 1505 per
1229 1423 1441 1498 Caleb,
1479 1442 1604 1486 non
1650 1424 1901 1486 videtur
1946 1441 2205 1485 necesse
2243 1441 2358 1503 per

867 1522 1454 1604 recapitulationem
1506 1523 1814 1605 accipere,
1867 1520 2161 1603 quamvis
2222 1520 2358 1601 qui-

869 1622 1012 1683 dam
1046 1622 1165 1684 hoc
1196 1620 1434 1683 dicant.

953 1722 1132 1797 Cepit
1173 1738 1319 1796 erqo
1358 1723 1548 1781 Josue
1595 1740 1842 1779 omnem
1896 1730 2158 1788 terram,
2188 1721 2357 1779 sicut

2466 726 2643 789 nium
2666 735 2855 807 atque
2875 726 3170 789 Hevaeum
3204 724 3314 806 qui
3346 722 3672 786 habitabat
3693 718 3757 780 in
3782 736 3959 780 mon·

2469 834 2527 889 te
2576 825 2839 901 Libano,
2875 833 2995 887 etc.
3040 822 3365 897 Quomodo
3395 838 3546 899 ergo
3573 820 3758 881 Josue.
3786 816 3959 898 cepit

2466 944 2723 987 omnem
2758 932 2989 987 terram
3028 921 3185 983 filiis
3224 920 3411 982 lsrael
3459 916 3957 1000 repromissam?

2466 1024 2925 1105 Respondetur‚
2956 1022 3125 1103 quod
3168 1038 3423 1083 omnem
3458 1026 3688 1080 terram
3723 1014 3959 1079 dicitur

2466 1123 2713 1205 cepisse
2758 1142 2871 1204 per
2910 1119 3375 1202 synecdochen,
3412 1117 3512 1180 vel
3554 1112 3955 1198 dispositive,

2466 1240 2578 1284 seu
2610 1228 2869 1303 propter
2890 1219 3393 1299 magnitudinem
3428 1224 3609 1279 terrae
3640 1233 3831 1295 quam
3862 1231 3961 1275 ce-

2468 1320 2591 1402 pit3
2612 1320 2711 1382 vel
2731 1338 2985 1384 omnem
3007 1337 3200 1399 quam
3224 1315 3346 1377 filii
3371 1314 3556 1379 lsrael
3582 1312 3953 1385 inhabitare,

2466 1418 2905 1500 Occupat-eque.
2945 1424 3280 1500 poterant3
3318 1423 3423 1477 aut
3466 1431 3720 1477 omnem
3757 1429 3951 1494 quam

2467 1516 2885 1599 personaliter
2914 1517 2993 1579 ad
3025 1515 3406 1598 capiendum
3438 1511 3726 1576 accessit.
3762 1513 3954 1579 Quie-

2466 1620 2685 1697 vitque
2716 1626 2889 1677 terra
2918 1637 2957 1676 α
2984 1617 3237 1693 praeliis
3270 1622 3415 1695 post
3441 1629 3645 1674 annos
3676 1628 3804 1684 sex,
3818 1608 3957 1688 qui·

2467 1717 2585 1780 bus
2618 1716 2835 1798 praelia
2866 1714 3227 1794 viguerunt,
3253 1714 3341 1775 ita
3372 1712 3541 1793 quod
3573 1718 3791 1793 postea
3822 1726 3951 1769 non

872 1822 1116 1879 loeutus
1145 1830 1232 1878 est
1261 1822 1573 1879 Dominus
1598 1822 1686 1879 ad
1709 1822 1989 1895 Moysen.
2017 1818 2221 1899 Supra
2252 1818 2357 1880 lia·
2394 1817 2439 1877 B
2470 1815 2726 1878 fuerunt
2776 1814 2993 1897 praelia
3042 1821 3167 1874 tam
3216 1811 3581 1875 communia
3623 1816 3813 1890 atque
3860 1826 3956 1867 as-

868 1915 1076 1992 betur,
1129 1916 1300 1996 quod
1359 1916 1646 1979 civitates
1696 1916 2174 1978 philistinorum
2228 1934 2355 1977 non

869 2014 1149 2077 obtinuit
1175 2016 1361 2077 Josue
1387 2038 1400 2087 3
1437 2015 1546 2077 sed
1577 2023 1640 2077 et
1666 2015 1960 2078 Judicum
1991 2015 2176 2078 tertio
2211 2014 2359 2094 legi-

873 2122 995 2189 tur,
1031 2114 1136 2175 Hae
1167 2121 1313 2175 sunt
1347 2122 1565 2193 gentes
1595 2133 1754 2195 quas
1787 2114 2088 2177 Dominus
2133 2113 2359 2176 dereli-

869 2212 1029 2293 quit,
1067 2212 1130 2273 id
1171 2220 1266 2273 est
1313 2211 1468 2273 filiis
1514 2212 1701 2274 lsrael
1749 2231 1876 2276 non
1923 2212 2201 2288 tradidit,
2240 2230 2356 2274 nec

867 2310 1140 2391 subjecit
1185 2311 1248 2372 in
1297 2318 1426 2373 toto
1464 2331 1476 2374 :
1509 2311 1800 2391 Quinque
1845 2320 2128 2392 satrapas
2167 2310 2356 2373 Phili-

2466 1915 2669 1990 sidua,
2705 1914 2871 1977 sicut
2909 1920 3113 1975 antea.
3160 1911 3437 1973 Fuerunt
3473 1918 3684 1972 tamen
3730 1914 3953 1990 postea

2464 2014 2755 2094 quaedam
2814 2010 3223 2096 particularia
3282 2009 3452 2072 bella
3510 2008 3791 2073 tribuum
3840 2005 3956 2070 ali-

2465 2131 2733 2193 quarum
2764 2120 2985 2175 contra
3013 2110 3321 2191 quosdam
3342 2108 3864 2180 Chananaeorum,
3886 2112 3955 2166 ut

2464 2210 2635 2273 infra
2676 2212 2741 2272 in
2783 2210 2945 2274 libro
2996 2209 3115 2271 hoc
3156 2216 3214 2271 et
3253 2208 3319 2270 in
3362 2207 3578 2269 multis
3609 2206 3770 2270 locis
3802 2204 3951 2267 libri

2462 2309 2753 2372 Judicum
2790 2309 3108 2372 recitatur.

1948 2741 2596 2827 ARTICULUS
2667 2741 2870 2825 XIX

1484 3016 1561 3061 DE
1604 3016 1939 3062 Smm'rUAu
1984 3016 2439 3061 lNTELLlGENTlA
2484 3016 2667 3060 nulus
2710 3014 2983 3061 GAPtTULI
3027 3014 3333 3061 uelut-:cust

1009 3293 1576 3357 UEMADMODUM
1615 3294 1837 3356 recitat
1879 3293 2200 3374 Origenes,
2240 3295 2355 3356 has
2384 3293 2428 3356 C
2464 3313 2531 3356 se
2584 3293 2847 3376 spiritus
2899 3293 3297 3357 diversorum
3347 3294 3569 3375 utique
3617 3294 3947 3372 vitiorum,

1029 3393 1384 3474 Scripturas
1428 3412 1625 3475 quum
1667 3400 1813 3454 ante
1850 3392 2083 3455 Christi
2125 3393 2357 3455 adven-

867 3500 1000 3554 tum
1034 3493 1270 3571 legeret
1298 3491 1482 3554 Israel
1517 3492 1866 3554 secundum
1899 3511 2169 3568 carnem,
2191 3491 2352 3553 nihil

867 3591 932 3652 in
979 3590 1078 3652 his
1127 3590 1250 3651 nisi
1296 3589 1463 3652 bella
1504 3599 1566 3652 et
1605 3588 1990 3652 effusionem
2024 3591 2353 3670 sanguinis

867 3688 1260 3768 intelligebat
1295 3706 1309 3750 :
1348 3689 1514 3750 unde
1553 3688 1744 3751 etiam
1777 3689 1852 3750 ad
1887 3689 2148 3752 nimiam
2192 3689 2355 3752 fero-

863 3788 1118 3850 citatem
1151 3787 1383 3849 animae
1413 3805 1629 3849 eorum
1664 3787 2164 3864 maculabantur,
2192 3808 2354 3850 sem-

867 3905 1105 3967 perque
1134 3884 1324 3946 bellis
1354 3893 1418 3947 et
1447 3884 1870 3948 seditionibus
1903 3887 2347 3967 pascebantur.

864 3986 1202 4065 Postquam
1253 4001 1404 4046 vero
1463 3984 1799 4065 praesentia
1849 3985 2097 4047 Domini
2151 3985 2352 4048 nostri

861 4084 1008 4145 Jesu
1058 4080 1291 4144 Christi
1340 4081 1638 4143 humanis
1685 4083 1984 4145 cordibus
2030 4083 2349 4164 placidum

865 4180 1146 4244 scientiae
1190 4180 1404 4242 lumen
1449 4179 1706 4256 infudit,
1753 4181 1934 4262 sequi
1978 4201 2197 4263 pacem
2238 4200 2353 4244 nos

864 4282 1047 4344 decet
1091 4297 1166 4340 ex
1216 4278 1484 4341 lectione
1545 4279 1880 4341 bellorum.
1934 4280 2056 4342 Pax
2114 4281 2349 4343 etenim

866 4377 1148 4440 redditur
1175 4377 1426 4452 animae‚
1455 4377 1606 4439 dum
1638 4377 1852 4440 hostes
1883 4378 2043 4458 ejuS,
2079 4386 2233 4461 puta
2262 4379 2355 4440 vi-

2464 3393 2759 3474 spiritum
2814 3392 3276 3468 fornicationiS,
3312 3393 3605 3474 spiritum
3647 3393 3951 3472 avaritiae‚

2464 3490 2757 3572 spiritum
2792 3510 2970 3554 vanae
2998 3491 3238 3572 gloriae,
3263 3491 3555 3572 spiritum
3586 3492 3751 3572 gulae
3787 3511 3801 3554 :
3837 3495 3951 3574 qui

2462 3589 2850 3653 conveniunt
2870 3593 2957 3649 ad
2976 3611 3178 3668 aquas
3198 3593 3464 3662 Merum,
3483 3591 3560 3652 ad
3582 3610 3778 3672 aquas
3805 3611 3947 3655 con·

2462 3687 2871 3770 cupiscentiae
2901 3698 2962 3749 et
2995 3687 3459 3765 illecebrarum,
3479 3707 3621 3770 quae
3650 3690 3953 3753 amaritu-

2462 3786 2645 3848 dines
2689 3785 2927 3847 habent
2969 3805 3268 3862 annean,
3304 3794 3497 3866 atque
3532 3788 3611 3849 ad
3646 3795 3947 3851 aeteruam

2460 3885 2867 3948 acerbitatem
2902 3886 3280 3966 perducunt.
3298 3885 3743 3949 Verumtamen
3766 3887 3950 3950 labin

2464 3983 2914 4065 interpretatur
2956 4003 3179 4046 sensus
3224 4003 3337 4046 scu
3382 3985 3719 4065 prudentia
3770 4005 3783 4048 :
3840 4007 3952 4070 per

2462 4083 2631 4161 quod
2664 4101 2835 4144 nunc
2868 4081 3243 4161 intelligitur
3283 4082 3621 4146 immansio
3664 4103 3773 4146 seu
3816 4105 3952 4167 per-

2465 4180 2695 4244 tinacia
2727 4180 2969 4263 proprii
3006 4199 3250 4254 sensu5‚
3296 4199 3441 4262 quae
3484 4199 3747 4261 regnare
3791 4183 3950 4246 solet

2464 4277 2526 4338 in
2559 4277 2658 4340 his
2690 4277 2797 4357 qui
2830 4276 3043 4357 magni
3070 4285 3133 4340 et
3164 4277 3482 4358 sapientes
3516 4287 3663 4342 sunt
3702 4279 3766 4340 in
3807 4298 3951 4361 pro-

2462 4376 2620 4457 priis
2662 4375 2886 4438 oculis.
2924 4375 3011 4436 Ex
3061 4375 3182 4439 hoc
3234 4375 3391 4440 vitio
3440 4376 3569 4438 alia
3618 4378 3817 4440 multa
3862 4379 3951 4459 gi-

863 4477 952 4539 tia
999 4485 1061 4538 et
1112 4485 1389 4557 peccata,
1425 4475 1829 4557 expelluntur
1869 4476 1948 4538 ab
1980 4497 2074 4539 ea.
2111 4478 2347 4558 ltaque,
2384 4478 2432 4540 D
2460 4485 2765 4555 guuntur,
2819 4485 2881 4536 et
2938 4474 3199 4538 attrahit
3260 4474 3381 4536 sibi
3444 4475 3781 4540 immansio
3835 4477 3951 4540 ista

862 4574 1398 4657 quemadmodum
1432 4574 1633 4637 multo
1666 4574 1878 4656 plures
1913 4592 2089 4654 reges
2121 4595 2195 4638 ac
2230 4586 2353 4638 tur·

865 4693 982 4736 mae
1002 4673 1502 4736 Chananaeorum
1533 4680 1753 4734 contra
1787 4672 1959 4736 filios
1992 4674 2177 4736 lsrael
2212 4693 2355 4736 con-

863 4779 1286 4848 surrexerunt,
1322 4790 1517 4852 quum
1561 4770 1683 4852 ipsi
1725 4770 2018 4834 israelitae
2050 4771 2353 4833 vicissent

863 4871 1050 4932 simul
1082 4869 1370 4953 quinque
1403 4887 1577 4948 reges
1610 4869 1673 4930 in
1709 4868 1976 4950 praeliis;
2013 4869 2100 4930 sie
2133 4879 2351 4932 contra

861 4968 1323 5032 Christifidcles
1384 4967 1585 5029 multo
1647 4967 1861 5048 plures
1923 4967 2349 5029 invisibilium

862 5067 1138 5130 hostium
1190 5065 1512 5148 principes
1557 5073 1620 5126 et
1667 5073 1934 5127 catervae
1985 5065 2346 5144 insurgunt,

863 5167 1012 5228 dum
1043 5165 1304 5247 quidam
1337 5181 1554 5225 eorum
1586 5164 1666 5226 ab
1700 5163 1855 5244 ipsis
1891 5162 2148 5225 fuerunt
2194 5163 2352 5226 fide-

863 5264 1032 5326 libus
1065 5263 1217 5326 victi
1246 5288 1260 5339 ;
1295 5270 1358 5324 et
1392 5261 1656 5344 spiritus
1695 5260 2010 5344 superbiae
2045 5270 2229 5326 vocat
2269 5264 2349 5325 ad

2462 4573 2757 4655 capitalia
2804 4573 2958 4637 vitia
2999 4573 3182 4654 quasi
3232 4592 3429 4653 regeS.
3478 4575 3786 4637 Similiter
3839 4596 3951 4658 per

2460 4672 2631 4734 hunc
2691 4691 2945 4734 sensum
3009 4680 3215 4752 potest
3272 4670 3543 4753 intelligi
3606 4675 3949 4755 prudentia

2460 4771 2730 4834 carnalis
2780 4780 2840 4832 et
2890 4770 3233 4844 saeculariS,
3283 4771 3361 4833 de
3405 4790 3533 4852 qua
3575 4772 3939 4854 Apostolus,

2458 4869 2817 4942 Prudentia,
2867 4868 3097 4950 inquit,
3146 4868 3377 4944 carniS,
3428 4888 3597 4932 mors
3640 4879 3756 4932 est.
3803 4872 3943 4937 Haec
3974 4892 4181 4934 Romu„

2458 4967 2697 5049 quippe
2730 4967 3067 5048 prudentia
3099 4985 3225 5028 non
3267 4975 3360 5028 est
3402 4967 3741 5048 prudentia
3772 4990 3942 5048 vera,

2459 5066 2566 5127 sed
2598 5065 2885 5146 quaedam
2920 5065 3359 5147 versutia,qua
3388 5065 3587 5147 aliqui
3621 5067 3836 5148 vigent
3866 5071 3947 5132 ad

2456 5163 2921 5245 disponendum
2956 5163 3047 5224 sic
3083 5162 3246 5225 facta
3278 5183 3393 5226 sua
3418 5183 3492 5226 ac
3526 5166 3754 5244 media,
3772 5170 3944 5249 quod

2456 5261 2842 5324 desideratos
2888 5261 3108 5324 mundi
3153 5261 3447 5339 honores,
3482 5272 3592 5327 aut
3628 5266 3843 5328 carnis
3877 5267 3948 5330 il·

4190 4895 4225 4934 ,ὅ
