4359 6250
1187 506 1536 554 muniunto
1579 506 1640 551 IN
1682 506 1820 551 CAP.
1865 503 1971 550 VIII
2013 504 2286 551 mmmm.
2332 524 2411 534 —
2452 507 2595 553 ΛΒΤ.
2642 507 2721 553 XV

3378 492 3494 555 157

397 680 618 743 valent
647 689 713 743 et
741 680 972 744 fortius
1000 685 1675 762 pugnaverunt,quam
1709 674 1895 738 multi
1926 674 1977 735 A
2009 676 2248 736 idcirco
2288 681 2577 753 postulas
2626 687 2697 737 ut
2746 680 2967 738 demus
3020 681 3337 740 eoeeroitui
3388 689 3494 740 tuo

395 798 476 842 ex
509 777 756 841 familia
787 798 950 842 mea.
983 778 1096 841 Vel
1129 796 1355 840 sensus
1387 784 1503 853 est,
1537 775 1708 856 quod
1751 792 1898 855 pau-

394 897 489 941 cae
521 896 834 961 personae,
868 876 1168 941 videlicet
1199 876 1326 938 duo
1361 892 1538 953 reges
1580 872 1776 936 occisi
1816 871 1898 933 ab

395 976 747 1058 EphraitiS,
791 975 993 1057 magis
1042 982 1225 1038 erant
1274 973 1662 1056 reputandas,
1702 990 1894 1052 quam

395 1074 588 1137 multi
622 1075 916 1155 vulgares
964 1073 1161 1137 occisi
1201 1093 1239 1135 a
1278 1072 1515 1155 populo
1563 1069 1892 1133 GedeoniS.

393 1174 560 1237 Hinc
599 1174 898 1236 subditur
923 1179 1043 1237 :In
1075 1194 1310 1233 manus
1345 1180 1584 1231 vestras
1618 1170 1898 1230 tradidit

393 1274 724 1333 Dominus
747 1274 1081 1351 principes
1115 1272 1416 1341 Madian,
1460 1271 1617 1331 Oreb
1655 1278 1714 1328 et
1745 1268 1890 1329 Zeb.

397 1372 579 1438 Quid
611 1374 740 1431 tale
765 1372 982 1448 facere
1004 1370 1196 1448 potui
1226 1372 1418 1448 quale
1461 1387 1566 1427 vos
1605 1367 1848 1447 fecistis
1870 1368 1900 1425 ?

398 1472 590 1537 Quod
620 1490 826 1549 quum
855 1473 1104 1529 loeutus
1135 1476 1313 1536 esset,
1345 1467 1665 1544 requievit
1703 1466 1900 1542 spiri-

396 1576 527 1637 tus,
546 1567 610 1628 id
633 1576 730 1630 est
752 1566 1110 1648 indignatio
1133 1584 1245 1627 seu
1265 1564 1659 1641 animositas,
1679 1584 1901 1623 eorum

2001 793 2223 849 panes.
2265 774 2386 835 Ista
2433 774 2555 836 fuit
2594 775 2890 857 superba,
2926 775 3400 853 subsannativa,
3434 785 3497 839 et

2008 872 2299 951 negativa
2348 873 2699 955 responsio,
2752 881 3051 955 tanquam
3098 875 3366 938 dicant:
3404 875 3492 937 Tu

2009 969 2289 1052 loqueris
2319 971 2502 1052 quasi
2530 971 2661 1052 jam
2692 980 2902 1036 certus
2925 972 3012 1035 sis
3034 974 3113 1037 de
3145 974 3492 1056 triumphO,

2009 1077 2072 1131 et
2099 1068 2284 1149 quasi
2314 1069 2445 1149 jam
2476 1071 2721 1152 ceperis
2752 1090 2861 1134 eos
2892 1072 3005 1153 qui
3038 1072 3239 1135 multo
3280 1081 3499 1154 poten-

2011 1166 2203 1230 tiores
2236 1176 2293 1231 te
2324 1169 2645 1231 sunt.Viri
2678 1170 2783 1231 isti
2819 1171 3102 1234 nondum
3136 1170 3498 1253 percepisse

2009 1266 2328 1343 videntur,
2364 1269 2899 1347 quemadmodum
2942 1268 3194 1333 Gedeon
3243 1288 3499 1352 supera-

2007 1372 2189 1426 verat
2230 1364 2619 1428 MadianitaS.
2666 1369 2909 1436 Quibus
2952 1369 3065 1428 ille
3105 1370 3254 1429 ait:
3288 1372 3498 1437 Quum

2007 1483 2152 1540 erqo
2182 1466 2530 1525 tradiderit
2552 1468 2867 1527 Dominus
2889 1469 3080 1529 Zebee
3098 1477 3157 1527 et
3179 1470 3501 1529 Salmana

2009 1564 2082 1622 in
2111 1583 2344 1623 manus
2377 1584 2565 1637 meas,
2580 1574 2639 1625 et
2660 1586 2863 1644 quum
2882 1586 3173 1626 reversus
3192 1567 3379 1642 fuero
3410 1568 3502 1626 vi-

2008 1670 2144 1721 ctor
2173 1662 2245 1721 in
2266 1683 2451 1739 pace,
2480 1674 2805 1724 conteram
2834 1684 3056 1725 carnes
3086 1676 3325 1726 vestras
3354 1686 3503 1727 cum

2009 1762 2218 1836 spinis
2250 1762 2631 1840 tributisque
2655 1765 2889 1824 deserti
2909 1784 2931 1823 .·
2953 1764 3303 1826 secundum
3332 1765 3501 1845 quod

399 1878 564 1937 rem,
599 1867 666 1922 et
711 1859 778 1922 in
830 1861 952 1923 hoc
999 1859 1238 1922 detulit.
1278 1858 1393 1921 eis,
1439 1859 1669 1939 Sicque
1713 1860 1779 1921 in
1825 1876 1900 1922 eo
1933 1860 1981 1923 B
2013 1856 2182 1919 infra
2224 1856 2457 1938 legitur
2502 1858 2566 1920 id
2620 1859 2865 1923 fecisse.
2916 1861 3059 1923 Fuit
3103 1871 3316 1924 autem
3368 1863 3502 1925 haec
3568 1888 3702 1932 10.st
3722 1902 3791 1941 n,

398 1958 746 2040 impletum
785 1966 882 2022 est
920 1958 1093 2040 quod
1125 1958 1423 2020 Salomon
1464 1961 1847 2039 protestatur
1881 1976 1897 2020 :
2017 1955 2165 2018 urbs
2214 1956 2281 2018 in
2334 1965 2497 2019 terra
2545 1959 2987 2040 promissionis
3044 1979 3243 2043 prope
3296 1961 3507 2024 Jorda-
3530 1953 3597 1995 ⁴⁸·

193 2092 316 2128 mv,
353 2110 366 2123 .
401 2056 760 2139 Responsio
791 2056 1005 2120 mollis
1037 2055 1278 2135 frangit
1308 2056 1490 2118 iram.
1635 2132 1641 2139 ,
2016 2074 2187 2131 nem,
2217 2063 2281 2117 et
2310 2055 2695 2119 habitatores
2724 2058 2863 2138 ejus
2894 2058 3155 2122 fuerunt
3191 2060 3271 2123 de
3310 2079 3507 2143 popu-

488 2159 830 2237 Quumque
851 2157 1119 2217 venisset
1143 2157 1390 2216 Gedeon
1421 2159 1510 2216 ad
1525 2159 1904 2226 Iordanem,
2016 2154 2078 2217 lo
2097 2154 2322 2217 Israel:
2350 2154 2491 2218 idco
2510 2155 2763 2235 gravius
2796 2166 3241 2238 peccaverunt,
3260 2158 3509 2222 confra-

399 2256 621 2315 transi
628 2256 718 2315 vit
745 2276 896 2316 eum
923 2276 1074 2315 oum
1105 2255 1400 2315 trecentis
1441 2255 1559 2333 qui
1589 2264 1777 2315 erant
1806 2275 1899 2314 se-
2017 2253 2223 2315 tribus
2254 2252 2385 2315 suis
2416 2255 2771 2318 necessaria
2790 2255 3421 2339 alimenta'negando,
3447 2267 3510 2321 et

399 2372 595 2424 cum,·
611 2364 672 2413 et
684 2374 828 2432 prae.
849 2354 1260 2420 lassitudine,
1272 2351 1592 2429 fuqientes
1605 2352 1906 2433 persequi
2015 2351 2295 2415 Gedeoni
2354 2359 2480 2414 tam
2539 2353 2821 2418 irrisorie
2879 2357 3345 2438 respondendo.
3397 2358 3511 2420 De-

401 2470 542 2511 non
577 2461 904 2528 poterant.
943 2452 1261 2532 Dixitque
1303 2451 1556 2515 Gedeon
1603 2454 1690 2513 ad
1733 2453 1907 2511 viros
2020 2450 2239 2532 nique,
2274 2450 2427 2532 quia
2468 2450 2535 2513 in
2580 2452 2702 2515 isto
2744 2453 2945 2516 fertur
2982 2455 3286 2536 capitulo,
3338 2456 3509 2537 quod

2017 2549 2271 2613 Gedeon
2320 2551 2615 2613 transivit
2652 2552 2990 2616 Iordanem
3042 2562 3185 2636 post
3234 2555 3507 2636 primam

2019 2666 2325 2729 pugnam,
2378 2648 2635 2712 elicitur
2681 2651 2849 2731 quod
2901 2659 3087 2713 natus
3138 2651 3262 2714 tuit
3308 2672 3385 2715 ex
3433 2672 3509 2715 ea

394 1667 521 1743 qui
566 1667 894 1725 tumebant
937 1674 1164 1725 contra
1205 1684 1376 1735 eum,
1419 1670 1787 1745 reputantes
1833 1680 1900 1724 se

395 1780 476 1824 eo
523 1761 895 1825 nobiliores
944 1761 1320 1835 Quaerebant
1371 1779 1646 1842 namque
1695 1760 1898 1823 hono·-

402 2552 666 2621 Socotli,
701 2550 767 2612 id
799 2558 896 2613 est
925 2549 1006 2612 ad
1039 2550 1430 2614 habitatores
1461 2550 1639 2613 urbis
1681 2549 1774 2612 sic
1815 2549 1910 2612 di-

113 2670 370 2773 fagum.
401 2659 552 2725 ctae,
584 2648 764 2730 juxta
793 2668 989 2730 quam
1017 2648 1211 2712 Jacob
1255 2651 1556 2713 recedens
1595 2649 1678 2712 ab
1715 2650 1904 2725 Esau,

133 2735 172 2781 θ’,
245 2764 258 2773 .

401 2748 824 2811 tabernacula
854 2766 968 2810 sua
1000 2746 1655 2831 fixit,appellavitque
1675 2766 1908 2811 nomen
2019 2746 2229 2808 media
2254 2746 2721 2829 tribu-‚Manasse
2750 2767 2894 2830 quae
2921 2749 3379 2814 habitationem
3410 2770 3508 2814 ac-

402 2847 536 2911 loci
571 2846 746 2909 illius
778 2846 1032 2923 Socoth‚
1057 2846 1124 2909 id
1154 2855 1252 2909 est
1282 2846 1712 2924 tabernacula,
1739 2855 1810 2909 ut
1840 2846 1906 2908 in
2015 2845 2188 2928 cepit
2216 2844 2382 2908 ultra
2408 2844 2743 2909 Iordanem
2773 2865 2920 2908 cum
2947 2847 3240 2911 tribubus
3275 2868 3504 2914 novem
3533 2868 3793 2923 manna.

397 2946 638 3010 Genesi
670 2945 926 3026 legitur.
958 2949 1144 3017 Date,
1167 2949 1436 3020 obsecro,
1447 2966 1652 3024 panes
1666 2950 1908 3026 populo
2019 2944 2084 3007 in
2114 2952 2283 3006 terra
2313 2944 2780 3026 promissionis.

394 3047 523 3126 qui
555 3064 805 3107 mecum
834 3054 947 3116 est,
981 3046 1143 3126 quia
1181 3046 1369 3105 valde
1406 3048 1778 3126 defecerunt
1819 3043 1908 3107 fa·
1935 3042 1979 3105 G
2097 3046 2181 3105 Et
2211 3044 2365 3104 inde
2391 3046 2837 3114 conscendens,
2867 3047 3042 3107 venit
3070 3047 3144 3107 in
3174 3048 3500 3121 Phanuel,

393 3165 506 3208 me
537 3153 604 3208 et
635 3143 1032 3208 lassitudine.
1066 3144 1257 3208 Porro
1295 3143 1556 3208 nomine
1587 3144 1770 3227 panis
1800 3144 1907 3208 de-
2018 3141 2080 3204 id
2111 3151 2210 3206 est
2236 3142 2315 3205 ad
2344 3141 2653 3225 oppidum
2684 3142 2775 3205 sic
2805 3145 3305 3222 vocatum,circa
3332 3149 3502 3229 quod
3556 3162 3794 3214 comum,

394 3245 696 3324 signatur
735 3243 806 3304 in
858 3242 1202 3324 Scripturis
1255 3243 1646 3324 quicumque
1695 3243 1900 3306 cibus,
2017 3240 2374 3305 luctabatur
2400 3240 2611 3318 Jacob,
2638 3240 2716 3304 de
2737 3241 3185 3324 Mesopotamia
3212 3245 3497 3322 venienS,
3531 3227 3598 3276 ²⁴·
3622 3227 3687 3267 ³⁰·

143 4738 250 4781 Nm
253 4754 380 4792 11111

407 3346 490 3403 Ut
529 3343 856 3420 possimus
895 3343 1198 3421 persequi
1246 3345 1440 3403 Zebee
1481 3352 1542 3403 et
1585 3345 1904 3404 Salmana

393 3461 580 3520 reyes
611 3443 914 3503 Madian.
947 3440 1085 3502 Jam
1115 3439 1361 3502 dictum
1393 3448 1509 3517 est,
1539 3441 1712 3521 quod
1742 3440 1906 3504 Oreb

397 3549 466 3604 et
498 3539 628 3602 Zeb
658 3548 840 3603 erant
869 3557 1050 3620 reges
1081 3538 1326 3601 Madian
1353 3563 1368 3614 ;
1405 3558 1577 3602 nunc
1619 3558 1772 3603 vero
1801 3542 1908 3603 ad-

396 3639 651 3722 jicitur,
671 3638 844 3720 quod
875 3637 1076 3700 Zebee
1105 3646 1168 3700 et
1200 3637 1496 3700 Salmana
1522 3647 1708 3702 erant
1727 3658 1906 3720 reges

398 3735 1246 3810 Madianitarum.Quomodo
1268 3755 1419 3818 ergo
1441 3756 1632 3798 unum
1654 3745 1718 3801 et
1740 3737 1905 3800 idem

401 3855 680 3918 regnum
711 3834 938 3897 habuit
958 3834 1151 3897 simul
1173 3852 1351 3914 reges
1375 3842 1502 3896 tam
1526 3835 1792 3898 multos?
1813 3837 1907 3899 Ad

399 3935 582 4018 quod
615 3933 962 3996 dicendum
994 3933 1269 4009 videtur,
1305 3934 1477 4014 quod
1511 3933 1614 3995 isti
1651 3933 1909 3999 fuerunt

403 4032 617 4115 reguli
661 4040 726 4096 et
767 4030 1093 4114 principes
1136 4031 1572 4113 particulares,
1610 4032 1699 4095 ita
1735 4035 1906 4115 quod

402 4129 858 4213 unusquisque
915 4147 1136 4192 eorum
1198 4128 1360 4210 praes
1363 4129 1458 4191 uit
1505 4139 1693 4194 certae
1729 4132 1906 4213 -parti

2015 3359 2162 3402 cum
2193 3339 2442 3419 angelo,
2476 3347 2545 3401 ut
2584 3338 2651 3402 in
2694 3338 2921 3403 Genesi
2967 3341 3258 3406 habetur.
3295 3347 3383 3406 Et
3418 3348 3507 3404 to-

2015 3448 2202 3499 cutus
2230 3447 2319 3498 est
2348 3440 2435 3497 ad
2464 3439 2635 3497 viros
2666 3438 2789 3498 toci
2816 3440 3002 3499 itlius
3030 3439 3309 3504 Phanuel
3332 3443 3507 3502 simi·

2017 3535 2315 3607 tia,sicut
2343 3535 2423 3596 ad
2454 3535 2843 3599 habitatores
2866 3537 3094 3600 Socoth
3125 3540 3505 3621 postulando

2013 3634 2277 3698 cibaria.
2328 3635 2449 3696 Cui
2480 3638 2945 3712 responderunt
2972 3639 3139 3698 sicut
3168 3643 3507 3716 responde-

2015 3746 2168 3795 rant
2199 3736 2333 3794 viri
2366 3736 2613 3795 Socotk.
2648 3736 2839 3795 Dixit
2867 3739 2958 3795 eis
2988 3755 3011 3798 .·
3044 3741 3257 3806 Quum
3298 3760 3507 3800 rever-

2014 3855 2122 3894 sus
2149 3834 2337 3910 fuero
2369 3834 2574 3893 victor
2601 3834 2673 3893 in
2695 3853 2881 3910 pace,
2904 3837 3234 3898 destruam
3268 3842 3508 3900 turrim

2015 3935 2186 3993 hanc
2214 3930 2336 3992 :in
2382 3950 2510 4012 qua
2553 3938 2704 3993 tunc
2748 3940 2950 4010 erant,
2983 3934 3095 4014 qui
3139 3935 3198 3998 ei
3241 3937 3334 3999 sic
3379 3956 3503 4000 res—

2017 4032 2401 4113 ponderunt,
2450 4029 2699 4112 fuitque
2746 4031 2937 4092 turris
2981 4031 3091 4094 illa
3131 4033 3197 4095 in
3242 4035 3501 4101 civitate

2014 4129 2295 4192 Phanuel
2329 4128 2678 4192 nominata.

403 4229 694 4310 regionis
747 4228 954 4304 illius,
1007 4227 1172 4290 sicut
1233 4227 1297 4288 in
1351 4235 1518 4290 terra
1565 4227 1906 4292 philistiim
1935 4235 1986 4296 D
2098 4231 2289 4290 Zebee
2316 4212 2533 4288 autem
2560 4238 2620 4287 et
2655 4231 2976 4290 Salmana
3007 4233 3500 4311 requiescebant,

402 4336 594 4392 erant
635 4335 904 4408 satrapae
942 4325 1230 4406 quinque
1266 4345 1280 4389 ε
1317 4333 1380 4387 et
1421 4324 1584 4389 l'orte
1623 4326 1689 4389 hi
1732 4346 1906 4408 reges

405 4426 684 4502 Madian,
716 4424 1080 4487 habuerunt
1125 4442 1316 4506 super
1361 4442 1428 4486 se
1471 4443 1672 4488 unum
1714 4427 1907 4490 totius

408 4525 592 4606 regni
646 4524 748 4587 sui
796 4523 1160 4605 generalem
1209 4522 1760 4606 principalemque
1815 4545 1912 4589 re-

409 4645 586 4708 gem.
619 4623 774 4685 Nam
808 4630 871 4685 et
901 4621 968 4684 in
999 4621 1291 4684 Numeris
1323 4621 1622 4702 leguntur
1662 4623 1786 4685 filii
1829 4627 1914 4688 Is—

413 4722 546 4788 rael
599 4721 916 4786 occidisse
964 4721 1253 4802 quinque
1303 4739 1481 4802 reges
1530 4721 1797 4801 Madian,
1851 4734 1914 4788 et

413 4835 634 4888 tamen
666 4839 784 4903 pro
825 4829 978 4882 tunc
1018 4819 1200 4882 Balac
1241 4819 1363 4881 ruit
1393 4820 1771 4903 principalis
1805 4842 1914 4886 rex

413 4921 690 4997 Madian,
723 4918 1074 4982 secundum
1107 4919 1279 4999 quod
1313 4917 1380 4979 in
1423 4918 1656 4980 librum
1692 4920 1916 4984 Nume—

415 5037 638 5083 rorum
685 5015 909 5078 dicunt
959 5015 1372 5096 expositores,
1420 5017 1916 5093 Responderunt

403 5117 747 5195 principes
777 5117 1028 5182 Soooth,
1052 5113 1116 5176 id
1147 5122 1245 5177 est
1275 5122 1552 5177 rectores
1583 5122 1646 5177 et
1677 5116 1918 5198 superi-

405 5233 564 5278 ores
587 5212 766 5275 urbis
787 5211 964 5274 illius
986 5214 1324 5274 :Forsitan
1341 5217 1578 5288 palmae
1604 5233 1918 5276 manuum

415 5314 618 5376 Zebee
657 5321 718 5372 et
763 5314 1084 5373 Salmana
1127 5312 1201 5372 in
1247 5331 1448 5372 manu
1497 5321 1610 5372 tua
1649 5322 1826 5383 sunt,
1857 5321 1918 5373 et

2017 4327 2201 4410 quasi
2246 4326 2452 4389 securi
2496 4333 2559 4389 et
2588 4325 2748 4387 nihil
2786 4328 3181 4409 suspicantes
3214 4332 3499 4412 adversi,

2017 4447 2164 4488 cum
2210 4427 2391 4486 omni
2428 4427 2713 4484 exercitu
2754 4445 2895 4496 suo,
2944 4426 3189 4490 scilicet
3235 4431 3508 4511 quinde-

2019 4523 2488 4590 cim·millibus.
2522 4522 2699 4585 Unde
2732 4522 3142 4606 subjungitur
3176 4545 3190 4590 ε
3228 4533 3508 4599 Quinde—

2020 4627 2150 4685 cim
2175 4624 2355 4683 enim
2385 4622 2601 4682 millia
2630 4635 3076 4685 remanserant
3103 4647 3185 4684 ea:
3213 4633 3507 4693 omnibus

2025 4724 2260 4784 turmis
2287 4721 2706 4780 orientalium
2729 4725 3144 4796 populorum,
3168 4729 3345 4787 coesis
3372 4750 3512 4790 cen-

2026 4831 2161 4882 tum
2208 4820 2448 4896 viqinti
2489 4819 2779 4878 millibus
2824 4820 3227 4884 bellatorum.
3274 4827 3513 4888 Ascen-

2023 4923 2301 4999 densque
2348 4921 2597 4979 Gedeon
2640 4936 2759 4993 per
2804 4918 2981 4978 viam
3012 4939 3233 4982 eorum
3277 4927 3394 5002 qui
3438 4929 3511 4986 in

2027 5019 2459 5080 tabernacutis
2510 5017 2939 5077 morabantur
2986 5021 3075 5078 ad
3130 5023 3515 5086 orientalem

2015 5126 2277 5194 partem
2316 5117 2491 5178 Nobe
2526 5123 2586 5174 et
2632 5115 2896 5189 Jeqbaa,
2932 5119 3251 5192 percussit
3302 5131 3515 5182 castra

2025 5215 2331 5283 hostium,
2381 5221 2529 5289 etc.,
2564 5212 2629 5274 id
2676 5221 2771 5276 est
2819 5214 3107 5277 residuos
3148 5215 3516 5282 Madianita·

2027 5331 2192 5389 rum,
2228 5310 2473 5374 scilicet
2499 5310 2870 5392 quindecim
2902 5311 3107 5376 millia
3135 5313 3278 5377 ista.
3314 5319 3516 5396 Fuqe·
