4359 6250
77 978 206 1022 Dent.
222 983 330 1032 η’,7,

949 506 1296 552 ENARRATio
1340 505 1400 551 ΙΝ
1443 505 1578 550 ὓΑΡ.
1629 504 1711 548 vu
1753 503 1910 550 LIBRI
1953 505 2203 550 SECUNDl
2246 505 2469 552 REGUM.
2514 526 2595 536 —
2636 508 2777 553 ΛΒΤ.
2824 507 2911 554 xil

3353 488 3471 554 483

365 678 440 739 in
487 678 752 742 brachio
793 679 1064 754 excelse,
1099 687 1161 740 et
1198 696 1518 740 assumam
1561 694 1669 740 vos
1709 673 1870 735 mihi
1899 673 1951 735 A
1981 701 2134 740 vum
2167 689 2352 741 tuum
2384 682 2545 741 bona
2574 683 2726 742 liceo.
2763 683 2985 758 Incipe
3022 701 3167 757 erqo
3203 681 3467 762 implere

367 777 439 838 in
487 777 825 859 populum,
860 786 922 840 et
959 796 1068 840 ero
1109 785 1322 839 vester
1359 776 1544 838 DeuS.
1582 773 1866 854 Denique

363 876 452 938 de
485 876 606 938 hac
637 875 964 938 israelitici
997 873 1218 957 populi
1240 871 1872 948 electione-,claritate

363 983 436 1036 et
487 975 888 1050 excellentia,
937 974 1027 1036 ait
1073 973 1311 1055 Moyses
1361 990 1374 1034 :
1421 972 1556 1034 Non
1605 979 1702 1033 est
1747 968 1872 1032 alia

365 1074 552 1136 natio
585 1083 710 1136 tam
739 1072 1022 1156 grandiS,
1043 1091 1186 1153 quae
1215 1071 1444 1133 habeat
1463 1071 1616 1133 deos
1647 1087 1872 1150 appro-

361 1173 760 1254 pinquantes
809 1172 959 1248 sibi,
1000 1172 1168 1233 sicut
1216 1171 1377 1232 Deus
1428 1176 1642 1232 noster
1692 1168 1871 1229 adest

357 1271 620 1334 cunctis
666 1270 1218 1335 obsecrationibus
1269 1267 1525 1331 nostris.
1574 1266 1722 1340 Quae
1773 1274 1868 1328 est

355 1371 540 1432 enim
571 1369 698 1432 alia
725 1387 882 1449 gens
913 1368 1005 1431 sie
1037 1368 1294 1450 inclyta,
1331 1375 1400 1428 ut
1431 1365 1660 1428 habeat
1693 1364 1869 1427 caeri-

351 1468 616 1531 monias
643 1469 944 1550 justaque
971 1467 1236 1549 judicia,
1271 1474 1334 1528 et
1373 1464 1738 1527 universam
1779 1462 1867 1524 le-

349 1583 508 1646 gem
538 1586 730 1648 quam
762 1585 880 1647 ego
913 1583 1267 1648 proponam
1309 1563 1500 1626 hodie
1541 1571 1686 1625 ante
1717 1580 1867 1624 ocu-

354 1665 460 1728 los
491 1673 638 1728 tuos
659 1671 686 1726 *ἱ

444 1765 644 1826 Nune
671 1781 842 1840 erqo,
877 1763 1151 1823 Domine
1181 1763 1374 1831 DeuS,
1404 1761 1665 1819 verbum
1694 1759 1866 1837 quod

1978 797 2121 858 quae
2181 778 2554 860 promisisti,
2606 789 2665 840 et
2713 782 2971 840 benedic
3017 782 3244 840 domui
3291 783 3463 840 servi

1981 879 2101 948 tui,
2135 876 2200 939 id
2227 885 2345 952 est,
2381 877 2447 938 in
2481 876 2658 959 prole
2689 885 2879 959 atque
2909 877 3275 962 domesticis
3306 878 3465 940 meis

1978 992 2158 1054 auge,
2195 983 2259 1037 et
2295 994 2601 1038 conserva
2643 985 2891 1038 tuarum
2934 995 3199 1039 munera
3239 975 3469 1056 gratia-

1980 1092 2143 1150 rum,
2178 1085 2251 1134 ut
2279 1077 2365 1134 sit
2394 1077 2467 1134 in
2494 1077 2959 1153 sempiternum
2986 1095 3202 1136 eoram
3236 1085 3317 1144 te,
3347 1075 3467 1138 hoc

1977 1179 2094 1247 est,
2145 1172 2382 1252 Jugiter
2432 1172 2549 1233 tibi
2599 1173 2682 1235 sit
2722 1172 2975 1255 placita,
3025 1183 3089 1237 et
3138 1191 3349 1237 coram
3403 1182 3465 1236 te

1977 1289 2412 1350 permansura,
2448 1275 2602 1352 quia
2643 1283 2736 1342 tu,
2769 1274 3044 1334 Domine
3078 1277 3270 1341 Deus,
3304 1276 3467 1333 loeu-

1978 1378 2077 1428 tus
2105 1390 2168 1429 es
2202 1372 2373 1440 kaec,·
2410 1380 2469 1430 et
2514 1372 2945 1432 benedictione
2993 1381 3104 1432 tua
3148 1372 3467 1432 benedice-

1977 1476 2086 1527 tur
2113 1470 2342 1528 domus
2370 1470 2542 1528 servi
2572 1470 2672 1528 tui
2700 1471 2773 1530 in
2801 1471 3286 1546 sempiternum.

2050 1565 2355 1628 Praeterea
2400 1567 2597 1647 quaeri
2646 1575 2875 1648 potest,
2923 1587 3039 1629 cur
3084 1566 3279 1630 David
3334 1575 3461 1629 tam

1977 1663 2373 1726 ferventibus
2397 1665 2811 1746 repetitisque
2834 1665 3044 1729 verbis
3068 1665 3313 1747 rogavit
3336 1685 3469 1728 ver·

1975 1761 2054 1824 ba
2086 1761 2319 1824 divinae
2349 1763 2789 1844 promissionis
2822 1763 3092 1844 impleri,
3112 1782 3309 1845 quum
3333 1783 3467 1826 ver-

357 1867 618 1922 locutus
660 1882 723 1920 es
767 1880 961 1937 ειῳεν
1005 1879 1264 1918 servum
1316 1867 1528 1926 tuum,
1567 1865 1626 1916 et
1673 1875 1864 1931 super
1901 1857 1947 1918 B
1977 1860 2053 1922 ba
2086 1861 2194 1922 Dei
2225 1879 2403 1924 cassa
2432 1879 2573 1923 esse
2604 1879 2731 1923 non
2760 1870 3018 1942 queant,
3040 1880 3155 1925 nec
3190 1861 3365 1924 falsa.
3386 1861 3463 1922 Et

351 1963 634 2020 domum
660 1959 828 2035 ejuS,
859 1958 1098 2018 suscita
1130 1959 1203 2016 in
1232 1957 1720 2032 sempiternum,
1743 1952 1862 2014 hoc

353 2066 482 2134 est,
522 2065 831 2138 perpetuo
876 2054 1072 2136 imple
1117 2053 1448 2136 praefatam
1497 2051 1866 2133 promissio·

356 2173 538 2230 nem,
560 2155 723 2216 mihi
754 2173 828 2217 ac
857 2152 1212 2236 posteritati
1245 2171 1400 2214 meae
1431 2170 1468 2212 a
1499 2158 1560 2212 te
1591 2149 1859 2222 factam3

353 2264 418 2314 et
447 2256 566 2331 fac
591 2257 758 2314 sieut
790 2256 1038 2312 loeutus
1067 2271 1155 2320 eS,
1175 2261 1249 2310 ut
1280 2251 1738 2326 maynifi'eetur
1761 2268 1865 2308 no-

355 2373 512 2413 men
543 2363 732 2413 tuum
760 2371 962 2431 usque
984 2352 1054 2410 in
1073 2351 1566 2426 sempiternum,
1589 2347 1711 2409 hoc
1741 2353 1858 2422 est,

353 2452 438 2512 ad
491 2451 590 2512 tui
639 2450 846 2531 ipsius
891 2446 1313 2512 reverentiam
1355 2446 1455 2509 fac
1493 2446 1636 2522 hoc,
1672 2455 1864 2524 atque

351 2553 630 2611 dicatur
659 2570 682 2610 .·
713 2550 1032 2610 Dominus
1081 2549 1508 2616 exercituum,
1541 2547 1712 2606 Deus
1757 2565 1864 2604 su-

345 2669 474 2726 per
519 2652 752 2718 Israel,
796 2647 916 2709 hoc
965 2654 1082 2722 est,
1131 2646 1295 2707 Deus
1343 2643 1749 2724 omnipotens
1801 2649 1862 2703 et

353 2747 670 2810 Dominus
719 2745 1076 2809 coelestium
1126 2742 1477 2824 agminum,
1527 2741 1864 2820 dignanter

356 2845 718 2908 factusest
764 2845 926 2907 Deus
977 2841 1338 2905 israeliticae
1389 2840 1618 2921 plebiS,
1668 2856 1860 2920 super

355 2963 504 3007 eam
536 2942 800 3026 speciali
833 2939 1203 3024 provisione
1233 2939 1604 3020 respiciens.
1645 2940 1726 2998 Et
1754 2939 1862 2996 do-

1975 1959 2510 2040 respondendum,
2546 1960 2717 2040 quod
2748 1959 2943 2022 David
2984 1979 3110 2023 non
3149 1960 3465 2040 ignoravit

1973 2057 2428 2138 promissiones
2474 2057 2581 2119 Dei
2631 2056 2998 2138 frequenter
3042 2077 3181 2121 esse
3227 2058 3465 2121 intelli-

1971 2153 2209 2231 gendas
2272 2154 2391 2216 sub
2432 2155 2799 2218 conditione
2859 2154 3193 2238 implicita,
3246 2163 3465 2237 utpote

1971 2250 2097 2311 nisi
2127 2252 2417 2315 homines
2450 2254 2771 2334 peccando
2800 2253 3051 2316 obicem
3091 2262 3406 2334 ponerent
3440 2273 3455 2316 :

1971 2347 2113 2412 ideo
2135 2351 2418 2413 exoravit
2447 2369 2564 2432 pro
2593 2351 2816 2431 gratia,
2842 2370 2921 2414 ne
2945 2352 3042 2414 vel
3070 2352 3204 2433 ipse
3226 2351 3326 2415 vel
3360 2369 3467 2433 po-

1971 2447 2121 2508 steri
2165 2449 2265 2510 sui
2309 2449 2709 2512 obstaculum
2741 2458 3053 2532 ponerent
3095 2450 3454 2531 impletioni

1970 2545 2205 2610 divinae
2235 2547 2699 2628 promissionis
2734 2549 2997 2630 Insuper
3034 2549 3223 2611 scivit
3264 2549 3459 2612 Deum

1970 2644 2061 2707 sic
2114 2646 2315 2708 multa
2364 2646 2754 2727 promittere,
2806 2655 2876 2708 ut
2926 2655 3136 2710 tamen
3182 2646 3339 2710 velit
3389 2665 3463 2710 ea

1971 2761 2084 2825 per
2112 2745 2430 2807 orationes
2462 2754 2522 2807 et
2554 2764 2748 2827 opera
2775 2744 2944 2808 bona
2972 2745 3319 2827 promereri
3350 2765 3461 2809 seu

1969 2841 2267 2905 obtineri.
2292 2842 2553 2924 Propter
2582 2844 2755 2924 quod
2786 2843 2976 2906 etiam
3007 2843 3293 2906 Christus
3325 2863 3463 2927 pas-

1970 2940 2150 3003 sione
2181 2940 2459 3004 instante
2494 2941 2701 3004 oravit
2738 2961 2853 3023 pro
2892 2962 3008 3004 sua
3046 2941 3461 3023 glorificatio-

353 3063 510 3104 mus
549 3044 722 3102 servi
765 3043 864 3102 tui
901 3041 1122 3102 David
1150 3040 1276 3098 erit
1307 3039 1598 3098 stabilita
1641 3055 1856 3096 eoram
1894 3033 1938 3095 C
1971 3058 2071 3116 ne,
2123 3039 2343 3102 dicens
2400 3057 2413 3102 :
2466 3040 2669 3115 Pater,
2720 3039 2898 3103 venit
2943 3041 3120 3118 hora,
3172 3040 3461 3106 clarifica
3486 3071 3750 3121 Joanmvn,

351 3144 684 3204 Domino:
708 3141 831 3204 hoc
859 3148 978 3215 est,
1001 3138 1274 3213 soboleS,
1305 3136 1548 3199 familia
1578 3155 1690 3198 seu
1721 3154 1860 3197 suc·
1969 3137 2182 3200 filium
2227 3147 2427 3201 tuum.
2474 3139 2627 3202 Hinc
2667 3157 2922 3221 quoque
2965 3159 3077 3222 per
3114 3140 3449 3203 Jeremiam
3490 3138 3527 3177 ¹·

351 3242 568 3303 cessio
606 3259 748 3302 mea
785 3257 998 3303 coram
1031 3247 1092 3299 te
1126 3236 1400 3298 firmiter
1432 3233 1850 3316 permanebit,
1968 3235 2252 3317 loquitur
2282 3238 2444 3299 Deus
2481 3254 2495 3298 :
2530 3236 2753 3300 Subito
2786 3237 3010 3319 loquar
3046 3240 3127 3302 de
3168 3248 3355 3320 gente
3394 3248 3457 3302 et
3524 3270 3749 3321 J„‚‚v...,

349 3339 406 3401 si
447 3338 680 3401 feceris
711 3336 877 3401 sicut
907 3336 1156 3399 locutus
1188 3354 1278 3409 eS,
1303 3342 1366 3396 et
1395 3334 1559 3396 sicut
1591 3351 1703 3395 oro
1737 3332 1855 3393 im·
1966 3352 2185 3414 regno,
2233 3343 2303 3395 ut
2346 3333 2663 3397 aediiicem
2709 3343 2775 3397 et
2824 3335 3104 3417 plantem
3158 3336 3339 3399 illud.
3390 3337 3453 3399 Si
3487 3334 3528 3383 ⁹·
3552 3335 3618 3374 ¹⁰·

353 3436 547 3519 pleri.
587 3438 756 3505 Quia
791 3444 884 3505 tu,
917 3435 1192 3495 Domine
1225 3434 1654 3501 exercituum,
1691 3434 1855 3491 Deus

351 3538 594 3605 Israel,
625 3536 925 3595 revelasti
961 3533 1334 3592 auriculam
1372 3531 1543 3591 servi
1579 3532 1700 3600 tui,
1735 3529 1855 3591 hoc

351 3643 476 3710 est,
513 3632 776 3695 auribus
820 3630 980 3693 meis
1027 3648 1140 3711 per
1184 3628 1427 3691 Nathan
1477 3628 1852 3709 prophetam

351 3730 778 3807 denuntiasti,
802 3732 1021 3791 dicens
1053 3746 1076 3789 .·
1107 3731 1386 3790 Domum
1415 3729 1744 3804 aedificabo
1779 3729 1857 3787 ti-

353 3835 451 3902 bi,
483 3831 550 3893 id
591 3838 708 3905 est,
745 3844 1144 3891 successores
1177 3826 1244 3887 in
1278 3842 1471 3903 regno
1503 3842 1578 3887 ex
1613 3824 1856 3887 semine

355 3940 472 3993 tuo
499 3929 614 3992 tibi
649 3926 985 4011 praestabo,
1005 3926 1172 3987 sicut
1191 3924 1546 4005 expositum
1568 3931 1683 3985 est.
1701 3927 1857 3985 Pro-

345 4041 580 4107 pterea
622 4028 876 4088 invenit
910 4044 1133 4085 servus
1175 4034 1322 4083 tuus
1350 4043 1457 4083 eor
1484 4043 1701 4091 suum,
1735 4021 1854 4084 hoc

353 4137 478 4204 est,
502 4125 810 4189 fiduciam
840 4124 1026 4187 istam
1058 4120 1280 4185 orandi
1308 4120 1628 4201 concepit,
1649 4120 1857 4183 istam-

1970 3432 2188 3495 l'ecerit
2239 3432 2477 3494 malum
2538 3432 2603 3493 in
2654 3433 2859 3496 oculis
2908 3434 3090 3511 meiS,
3143 3435 3459 3516 poeniten-

1968 3530 2120 3593 tiam
2149 3549 2329 3611 agam
2360 3549 2551 3611 super
2580 3530 2747 3594 bono
2788 3532 2959 3612 quod
3000 3532 3249 3595 locutus
3282 3552 3450 3609 sum,

1966 3638 2035 3691 ut
2067 3627 2342 3691 facerem
2372 3628 2681 3709 ei.ltaque
2712 3630 2877 3691 sicut
2904 3632 3085 3711 juxta
3112 3650 3451 3695 commune

1965 3728 2205 3791 dictum
2238 3726 2635 3803 Sanctorum,
2665 3728 2956 3809 quaedam
2989 3737 3085 3790 est
3116 3730 3451 3811 prophetia

1967 3826 2563 3908 praedestinationiS,
2598 3845 2741 3907 quae
2772 3844 3021 3907 semper
3048 3827 3455 3890 certitudina-

1965 3925 2239 4005 literque
2271 3923 2607 4005 impletum
2641 3923 2769 3986 alia
2798 3932 2895 3987 est
2922 3926 3256 4007 prophetia
3285 3944 3455 3989 com-

1965 4022 2357 4099 minationis,
2393 4041 2535 4103 quae
2564 4022 2907 4103 aliquando
2940 4042 3067 4087 non
3099 4024 3399 4106 impletur
3432 4045 3447 4089 ε

1965 4121 2056 4184 sic
2076 4121 2367 4202 quaedam
2386 4120 2604 4183 divina
2622 4121 2977 4203 promissio,
2998 4130 3095 4185 est
3115 4123 3453 4204 promissio

351 4246 488 4309 que
507 4223 856 4289 voluntatis
887 4240 1016 4284 suae
1040 4219 1523 4301 dispositionem
1557 4219 1756 4281 sensit
1787 4219 1852 4279 in
1885 4220 1934 4281 D
1966 4218 2556 4301 praedestinationiS,
2577 4238 2721 4300 quae
2743 4220 3043 4301 impletur
3072 4222 3446 4299 certissime,

352 4342 446 4401 se,
485 4334 558 4385 ut
585 4331 800 4385 oraret
833 4330 890 4382 te
918 4321 1210 4380 oratione
1239 4320 1380 4378 hac.
1409 4315 1596 4389 Quasi
1628 4316 1796 4379 dicat
1835 4334 1848 4378 ε

351 4422 491 4485 Nisi
531 4431 642 4484 tua
684 4420 791 4502 pia
832 4416 1255 4501 promissione
1295 4422 1358 4478 et
1393 4415 1670 4495 gratiosa
1694 4433 1854 4497 prae-

353 4521 662 4587 ventione
711 4517 869 4581 mihi
923 4523 1094 4578 tanta
1142 4533 1215 4577 ac
1263 4512 1414 4575 talia
1472 4514 1850 4595 spopondis-

353 4640 458 4685 ses
501 4639 575 4683 ac
614 4616 1039 4701 praedixisseS,
1073 4630 1202 4676 non
1241 4630 1690 4695 praesumerem
1733 4613 1856 4675 ista

353 4738 566 4783 orare.

439 4821 642 4881 Nune
680 4834 850 4893 eryO,
881 4814 1157 4875 Domine
1200 4814 1392 4881 DeuS,
1438 4820 1508 4870 tu
1550 4830 1612 4871 es
1661 4815 1848 4883 Beue,

355 4918 474 5001 qui
515 4936 634 4980 nec
673 4912 954 4989 mentiri,
989 4930 1106 4974 nec
1152 4909 1372 4972 fallere
1418 4918 1617 4991 poteS,
1651 4929 1851 4991 quum

353 5019 444 5080 sis
475 5011 981 5079 substantialiter
1013 5030 1200 5073 verus
1225 5018 1290 5071 et
1311 5008 1564 5085 veritaS,
1583 5019 1642 5071 et
1665 5011 1850 5069 verba

355 5127 474 5177 tua
515 5124 712 5175 erunt
755 5133 930 5173 vera.
965 5114 1245 5171 Locutus
1286 5130 1350 5169 es
1386 5111 1564 5169 enim
1601 5112 1689 5169 ad
1729 5129 1862 5168 ser-

1963 4326 2027 4380 et
2056 4318 2349 4399 quaedam
2378 4317 2785 4394 conditioniS,
2820 4318 3005 4399 cujus
3047 4319 3335 4402 impletio
3374 4340 3451 4383 ex

1964 4416 2207 4479 meritis
2249 4417 2485 4497 pendet
2522 4435 2740 4479 eorum
2779 4418 3015 4497 quibus
3058 4418 3135 4480 fit
3176 4418 3348 4501 ipsa3
3385 4426 3449 4481 et

1963 4515 2030 4577 hi
2058 4514 2295 4596 quibus
2328 4514 2427 4589 fit,
2464 4514 2785 4577 interdum
2826 4534 2952 4579 non
2994 4516 3205 4580 sciunt
3242 4518 3447 4599 quali-

1964 4621 2059 4677 ter
2107 4613 2193 4673 sit
2238 4612 2654 4691 intelligenda
2700 4613 2919 4676 divina
2966 4616 3305 4695 promissio
3354 4616 3447 4679 eis

1967 4712 2152 4775 facta.
2174 4712 2249 4773 Et
2266 4711 2559 4791 quamvis
2589 4712 2914 4791 contingat
2946 4732 3071 4776 non
3106 4712 3249 4777 fieri
3278 4715 3450 4796 quod

1964 4812 2126 4874 Deus
2159 4810 2471 4892 promisit,
2493 4808 2695 4873 nihilo
2720 4810 2931 4872 minus
2953 4812 3147 4874 verba
3168 4812 3276 4875 Dei
3298 4822 3447 4876 sunt

1963 4930 2134 4988 vera,
2177 4911 2331 4992 quia
2377 4910 2728 4973 secundum
2775 4909 3191 4987 intellectum,
3240 4931 3369 4993 quo
3413 4932 3451 4974 a

1962 5011 2088 5073 Deo
2118 5010 2365 5092 prolata
2394 5017 2563 5085 sunt,
2597 5017 2660 5071 et
2698 5010 3047 5072 secundum
3078 5028 3268 5090 quem
3303 5030 3451 5074 vere

1962 5108 2335 5190 accipienda
2364 5116 2533 5185 sunt,
2569 5106 3004 5171 indubitanter
3034 5116 3185 5169 sunt
3216 5128 3384 5172 vera.
