4359 6250
893 497 971 559 22
1733 516 2082 563 mannum
2123 517 2187 562 m
2228 516 2365 562 car.
2410 515 2477 562 ιιι
2517 515 2719 562 Josuz.
2763 535 2844 546 —
2884 515 3026 561 Αιιτ.
3072 516 3136 561 vi

897 689 1029 764 ipse
1053 697 1112 748 et
1135 708 1349 748 omnes
1373 691 1509 765 filii
1531 691 1757 749 Israel.
1785 687 1977 750 Setim
2015 687 2385 769 interprete.-
2414 689 2461 749 A
2494 685 2653 748 mihi
2686 686 3029 764 ministrat,
3063 707 3167 751 me
3198 697 3523 770 sequatur.
3550 691 3633 750 Ec
3662 699 3873 750 cavete
3904 709 3982 750 ne

899 793 1001 847 tur
1042 785 1246 867 spina.
1282 787 1396 848 Per
1427 787 1596 867 quod
1629 804 1947 848 remorsus
1977 785 2384 849 conscientiae

895 893 958 948 et
1002 885 1302 948 vitiorum
1349 895 1660 968 punctura
1703 887 2055 965 signantur.
2098 885 2384 948 Christus

899 985 1113 1065 itaque
1158 984 1280 1046 sibi
1326 1003 1548 1049 omnes
1591 986 2124 1067 obtemperanteS,
2160 1004 2198 1046 a
2236 1003 2386 1047 con-

897 1083 1164 1145 scientia
1197 1102 1390 1164 prava
1421 1092 1482 1146 et
1514 1083 1814 1146 vitiorum
1847 1083 2279 1160 mordacitate,
2304 1083 2394 1146 ad'

897 1182 1276 1244 humilitatis
1321 1181 1696 1244 descensum
1743 1181 2139 1263 gratiamque
2181 1181 2386 1263 Bapti-

897 1281 1040 1357 smi,
1065 1299 1209 1361 quae
1239 1300 1352 1362 per
1380 1280 1713 1343 Iordanem
1748 1279 2217 1361 significantur,
2246 1299 2387 1362 per-

897 1378 1098 1442 duxit.
1135 1382 1221 1440 Et
1265 1383 1505 1440 morati
1555 1390 1706 1440 sunt
1751 1381 1845 1438 ibi
1884 1400 2004 1457 per
2053 1390 2175 1439 tres
2222 1382 2379 1440 dics.

897 1477 1122 1540 Docuit
1165 1477 1336 1540 enim
1371 1476 1674 1538 Dominus
1717 1477 1896 1539 Jcsus
1940 1477 2273 1541 universos
2317 1495 2386 1539 sc

896 1577 1292 1652 comitanteS,
1326 1575 1695 1639 contritioni
1727 1576 1956 1652 cordiS,
1992 1574 2385 1638 confessioni

896 1675 1048 1751 oriS,
1097 1683 1159 1738 et
1208 1674 1510 1756 operibus
1561 1673 2012 1737 satisfactionis
2065 1674 2379 1750 insistere,

895 1782 1086 1854 atque
1107 1773 1186 1836 de
1208 1781 1375 1836 stat-u
1409 1772 1852 1854 incipientium
1876 1773 1958 1835 ad
1989 1780 2225 1834 statum
2248 1791 2386 1854 pro-

2493 787 3026 866 appropinquetis
3055 791 3144 848 ad
3162 809 3385 849 arcam
3406 808 3429 846 .·
3462 788 3581 850 hoc
3612 787 3981 864 est,Christi

2495 885 2794 965 mysteria
2824 892 2885 947 et
2932 885 3609 968 incomprehensibilia
3652 886 3805 950 fidei
3851 905 3981 949 suae

2495 982 2879 1060 testimonia,
2894 985 3245 1065 praesertim
3277 985 3576 1048 deitatem
3609 983 3831 1067 ipsiuS,
3852 1003 3979 1048 non

2494 1081 2893 1162 praesumatis
2944 1083 3365 1146 irreverenter
3416 1084 3703 1162 scrutari,
3757 1092 3864 1145 aut
3912 1083 3979 1144 in

2496 1179 2613 1241 hac
2649 1179 2780 1241 vita
2810 1181 3352 1262 comprehendere
3383 1182 3570 1245 velle.
3606 1183 3756 1245 Nam
3790 1182 3844 1244 si
3878 1181 3983 1244 be-
4034 1201 4287 1243 Euam

2496 1277 2615 1340 stia
2639 1278 2915 1358 tetigerit
2946 1287 3251 1356 montem,
3287 1280 3557 1362 lapidari
3587 1280 3976 1363 praecipitur.
4010 1264 4286 1374 ffijffiff‘b'·
4334 1280 4336 1347 Ι

2494 1376 2613 1440 Oza
2655 1395 2912 1458 quoque
2956 1377 3067 1458 qui
3117 1379 3324 1458 tetigit
3366 1398 3599 1456 arcam,
3643 1398 3981 1461 percussus
4036 1399 4075 1442 ιι
4100 1400 4219 1452 [109.
4238 1413 4289 1438 τι-
4334 1377 4336 1385 ’

2494 1483 2612 1537 est.
2665 1475 2795 1537 lmo
2845 1475 3245 1539 Bethsamitae
3296 1478 3407 1558 qui
3468 1497 3605 1540 eam
3658 1478 3977 1554 viderunt,
4010 1465 4213 1579 δἰᾎῳ.
4236 1539 4289 1567 ,1,

2494 1573 2641 1635 caesi
2663 1581 2813 1635 sunt
2834 1573 3018 1657 plaga
3050 1593 3277 1655 magna
3308 1575 3823 1654 vehementer,ut
3854 1577 3982 1659 pri·
4013 1591 4083 1630 ιο.

2494 1691 2599 1734 mo
2631 1672 2797 1735 libro
2828 1673 3071 1752 Regum
3103 1674 3510 1752 describitur.
4336 1662 4338 1741 ff

2574 1773 2889 1850 Dixitque
2915 1775 3103 1832 Josue
3132 1777 3221 1833 ad
3242 1777 3557 1851 populum
3574 1775 3985 1851 :Sanctifica-

897 1872 1281 1948 ficientium,
1303 1872 1381 1933 de
1413 1879 1580 1933 statu
1611 1889 1868 1952 quoque
1899 1869 2381 1952 proficientium
2414 1875 2460 1936 B
2498 1872 2687 1930 mini.
2721 1870 2850 1932 Hoc
2898 1869 3189 1933 Christus
3239 1871 3542 1935 omnibus
3593 1872 3983 1954 praedicavit,

894 1972 972 2033 ad
1007 1978 1240 2032 statum
1271 1971 1613 2033 ascendere
1645 1968 2097 2051 perfectorum.

978 2071 1220 2140 Quibus
1268 2071 1561 2140 evolutis,
1618 2071 2020 2129 transierunt
2065 2088 2384 2144 praecones

891 2189 1009 2247 per
1037 2179 1394 2229 castrorum
1439 2169 1749 2238 medium,
1784 2177 1842 2227 ct
1872 2171 2154 2226 clamare
2196 2185 2385 2242 σωρε-

602 2279 866 2330 uacuus.
896 2265 1197 2328 runt.lsti
1229 2283 1552 2348 praecones
1586 2264 1844 2326 fuerunt
1864 2264 2199 2327 duodecim
2222 2264 2385 2345 Apo·

629 2379 739 2423 Luc.
761 2394 803 2432 x,
831 2385 867 2425 ι.
897 2364 1066 2440 stoli,
1101 2373 1164 2426 et
1194 2360 1596 2445 septuaginta
1626 2362 1924 2444 discipuli
1955 2382 1992 2424 a
2025 2361 2275 2425 Christo
2305 2362 2382 2423 ad

899 2462 1369 2546 praedicandum
1402 2462 1650 2538 directi,
1685 2461 1796 2542 qui
1831 2480 1943 2542 per
1974 2461 2246 2542 populos
2283 2461 2386 2522 Ju-

898 2563 1176 2625 daeorum
1207 2581 1279 2623 ac
1309 2561 1700 2641 Paganorum
1737 2567 2091 2640 pergenteS,
2117 2576 2387 2638 cvange-

899 2660 1192 2722 lizarunt.
1239 2661 1512 2727 Quando
1543 2658 1843 2716 vide-ritis
1873 2676 2094 2716 arcam
2123 2656 2385 2733 foederis

898 2759 1168 2819 Domini
1197 2758 1320 2818 Dei
1354 2757 1551 2815 vestri
1581 2765 1641 2815 ec
1679 2757 2031 2814 sacerdotes
2053 2764 2385 2831 portantes

898 2877 1066 2925 eam,
1114 2856 1500 2930 consuryitc,
1542 2863 1601 2913 et
1643 2854 1996 2932 sequimini
2029 2857 2387 2931 proeccden-

903 2965 1008 3015 tes,
1061 2953 1176 3015 Per
1234 2971 1444 3014 arcam
1508 2950 1767 3014 foederis
1815 2951 1950 3028 Dei,
2003 2950 2386 3032 intelligitur

2496 1969 2753 2048 quando
2786 1987 2898 2049 per
2930 1988 2997 2030 se
3028 1978 3091 2031 et
3124 1988 3270 2033 suos
3303 1970 3642 2052 Apostolos
3693 1970 3991 2032 invitavit

2498 2066 2790 2129 homines
2839 2067 2918 2129 ad
2987 2067 3084 2129 sui
3136 2067 3439 2151 Baptismi
3491 2069 3986 2152 susceptionem.

2500 2167 2652 2224 Pras
2681 2167 2857 2224 enim
2888 2167 3087 2242 faciet
3107 2168 3427 2228 Dominus
3454 2171 3625 2228 inter
3656 2188 3762 2228 vos
3792 2169 3991 2228 mira-

2498 2264 2681 2323 bilia.
2702 2262 2862 2324 Vere
2894 2263 3215 2326 mirabilia
3249 2263 3401 2327 fecit
3433 2266 3593 2328 Deus
3614 2265 3887 2328 Trinitas
3920 2266 3987 2327 in

2497 2361 2816 2422 universis
2847 2362 3275 2440 credentibuS,
3309 2365 3566 2445 quando
3611 2383 3723 2446 per
3753 2365 3988 2427 Christi

2496 2459 2887 2542 Baptismum
2921 2459 3193 2523 contulit
3221 2460 3314 2523 eis
3346 2461 3633 2524 omnium
3667 2462 3990 2526 remissio-

2498 2577 2641 2620 nem
2676 2558 3139 2639 peccaminum.
3175 2557 3350 2633 Quod
3392 2568 3454 2621 et
3494 2560 3855 2622 sublimiter
3898 2559 3991 2624 fe—

2496 2656 2605 2732 cit,
2633 2655 2888 2737 quando
2920 2665 3063 2738 post
3083 2657 3316 2719 Christi
3340 2658 3780 2722 ascensionem
3814 2659 3993 2721 misit

2497 2755 2658 2817 Deus
2688 2754 2867 2817 Pater
2908 2755 2975 2816 in
3008 2755 3191 2836 signo
3223 2756 3464 2819 visibili
3499 2757 3805 2839 Spiritum
3838 2759 3992 2821 San-

2496 2861 2669 2916 ctum
2702 2853 2768 2914 in
2804 2853 3176 2935 baptizatos,
3213 2859 3298 2918 Ec
3329 2859 3425 2916 ait
3470 2860 3557 2916 ad
3584 2860 3935 2918 sacerdotes
3966 2880 3988 2917 .·

2504 2954 2727 3012 Tollite
2746 2963 3066 3023 arcam,el
3088 2957 3433 3030 praecedite
3453 2955 3989 3032 populum.Chri-

605 3052 1260 3120 nom.v,1o.humanitas
1303 3049 1558 3129 Christi,
1595 3069 1708 3133 per
1748 3069 1940 3134 quam
1975 3051 2252 3113 mundus
2292 3069 2386 3112 re·
2419 3053 2462 3117 C
2497 3058 2630 3112 stus
2670 3051 2911 3133 quippe
2952 3051 3085 3112 suis
3124 3051 3314 3133 jussit
3356 3052 3711 3135 discipuliS,
3748 3061 3814 3116 ut
3855 3074 3986 3116 suae
4058 3079 4233 3122 uacet.
4250 3095 4289 3129 ι,

898 3151 1273 3215 conciliatus
1319 3159 1415 3214 est
1458 3151 1583 3213 Deo
1620 3168 1633 3212 :
1677 3169 1868 3232 quam
1917 3151 2272 3214 sacerdotes
2323 3158 2387 3213 et

897 3250 1340 3334 praedicatores
1372 3249 1438 3311 in
1470 3248 1770 3312 cordibus
1792 3248 1926 3310 suis
1949 3268 2060 3331 per
2092 3248 2291 3311 fidem
2323 3258 2387 3311 et

897 3348 1224 3411 caritatem
1258 3348 1746 3431 [portaverunt],
1783 3356 1975 3428 atque
2013 3366 2125 3428 per
2160 3347 2387 3430 praedi-

898 3446 1166 3510 cationis
1219 3445 1596 3527 obsequium
1651 3445 2022 3509 obtulerunt
2075 3445 2263 3526 longe
2313 3458 2387 3509 ac

900 3547 1023 3609 late
1053 3546 1131 3609 ad
1163 3545 1344 3623 alioS,
1381 3545 1546 3607 sicut
1575 3546 1654 3607 de
1683 3544 1874 3607 Paulo
1904 3544 2193 3626 apostolo
2228 3545 2389 3607 dixit

617 3666 788 3718 Actu,
807 3669 868 3709 15.
900 3645 1205 3721 Salvator,
1229 3644 1352 3707 Vas
1401 3643 1732 3707 electionis
1782 3643 1941 3705 mihi
1993 3651 2089 3705 est
2139 3643 2279 3719 istc,
2318 3652 2390 3705 ut

899 3752 1107 3827 portet
1137 3762 1369 3807 nomen
1401 3761 1613 3806 meum
1638 3759 1850 3804 coram
1872 3742 2131 3823 regibus
2152 3750 2217 3804 et
2237 3762 2389 3823 gen-

900 3842 1068 3905 tibus
1089 3852 1152 3905 et
1173 3841 1333 3904 filiis
1354 3839 1565 3903 lsrael.
1590 3841 2032 3921 Praeceperunt
2053 3859 2204 3921 ergo
2224 3842 2387 3923 Apo-

897 3941 1066 4017 stoli,
1112 3949 1180 4002 ut
1229 3940 1518 4019 vulgares
1567 3958 1640 4001 ac
1691 3938 1930 4001 subditi
1983 3938 2387 4001 imitarentur

894 4040 1247 4103 doctrinam
1285 4038 1730 4118 virtuososque
1768 4046 1946 4099 actus
1987 4040 2381 4100 sacerdotum

894 4148 957 4203 et
986 4137 1384 4220 superiorum
1419 4154 1700 4198 suorum.
1730 4138 1957 4217 Sit-que
1987 4138 2160 4197 inter
2193 4157 2297 4197 vos
2326 4148 2384 4197 ec

2498 3149 2909 3212 humanitatis
2932 3150 3252 3232 mysteria,
3278 3153 3708 3232 evangelicam
3740 3154 3989 3236 sapien·
4015 3144 4203 3197 '‘mim-

2497 3249 2649 3310 tiam
2692 3257 2755 3312 et
2793 3249 3001 3311 crucis
3041 3250 3347 3313 vexillum
3396 3251 3696 3315 omnibus
3744 3272 3990 3315 annun-

2498 3348 2752 3426 tiarent,
2787 3356 2849 3410 et
2892 3348 3062 3409 viam
3115 3349 3360 3427 salutiS,
3408 3351 3693 3415 docendo
3737 3371 3811 3415 ac
3842 3371 3991 3415 con-

2499 3446 2826 3522 versando,
2844 3447 2973 3509 imo
3004 3455 3066 3509 et
3097 3456 3365 3510 mortem
3400 3466 3513 3530 pro
3546 3447 3704 3512 fidei
3728 3450 3992 3514 veritate

2498 3543 2851 3608 fortissime
2902 3543 3298 3622 sustinendo,
3349 3556 3823 3614 monstrarent:
3877 3550 3989 3631 qui

2497 3650 2699 3706 totum
2731 3644 2850 3705 hoc
2884 3642 3263 3707 fidelissime
3294 3644 3746 3727 impleverunt.

2576 3743 2890 3821 Dioeicque
2920 3745 3238 3803 Dominus
3268 3748 3355 3804 ad
3381 3748 3570 3805 Josue
3601 3766 3623 3804 .·
3655 3749 3864 3807 Hodie
3896 3750 3992 3809 in-

2496 3843 2735 3917 cipiam
2768 3845 3059 3901 exaltare
3094 3852 3148 3902 te
3177 3862 3393 3902 coram
3423 3846 3605 3905 omni
3635 3844 3872 3927 populo
3902 3850 3993 3907 Is-

2495 3946 2652 4001 rael.
2690 3941 2852 4004 Deus
2883 3941 3063 4003 Pater
3104 3941 3185 4003 ab
3227 3942 3487 4005 exordio
3532 3943 3990 4009 incarnationis

2496 4048 2557 4100 et
2614 4039 2964 4102 nativitatis
3021 4039 3276 4116 Christi,
3339 4059 3486 4103 eum
3546 4042 3989 4125 multipliciter

2494 4138 2812 4215 exaltavit,
2849 4146 3039 4220 prout
3068 4138 3487 4219 Evangelistae
3518 4148 3849 4203 testantur.
3875 4142 3987 4205 Ve-

894 4260 1115 4300 arcam
1144 4238 1429 4314 spatium
1453 4237 1814 4295 cubicorum
1836 4239 2044 4296 duum
2071 4238 2380 4297 millium.
2411 4243 2461 4305 D
2496 4256 2633 4297 rum
2665 4245 2811 4318 post
2852 4237 3404 4315 resurrectionem,
3443 4238 3507 4299 in
3546 4238 3649 4302 die
3689 4240 3986 4304 Penteco—
4058 4270 4171 4313 Act.
4192 4284 4235 4316 ‚.‚
4256 4274 4291 4314 ς,

894 4338 1158 4399 Necesse
1203 4342 1298 4397 est
1341 4334 1536 4410 enim,
1579 4342 1649 4395 ut
1693 4334 1975 4397 universi
2025 4335 2380 4411 credentcS,

894 4435 1245 4519 pracsertim
1279 4432 1614 4495 inferiores
1648 4452 1720 4494 ac
1755 4432 1922 4509 laici,
1959 4432 2277 4494 fateantur
2316 4453 2383 4495 se

892 4556 929 4597 a
959 4532 1191 4596 Christi
1220 4532 1499 4594 hominis
1525 4530 1930 4612 perfectione,
1954 4539 2080 4593 tam
2106 4539 2384 4594 contem-

890 4632 1129 4717 plativa
1171 4650 1364 4713 quam
1407 4630 1636 4707 activa,
1679 4628 2102 4693 remotissime
2147 4631 2383 4695 distare

888 4740 1081 4814 atquc
1110 4728 1416 4804 deficere3
1455 4748 1568 4791 nec
1594 4729 1732 4808 ejus
1764 4728 2222 4791 incarnationis
2255 4749 2383 4812 my-

891 4830 1154 4893 sterium
1176 4835 1564 4911 praesumant
1585 4827 1913 4901 discutere,
1931 4836 2004 4889 ut
2026 4828 2246 4908 procul
2271 4847 2382 4909 per

891 4928 1199 4992 humilem
1253 4926 1448 4990 fidem
1509 4924 1866 5007 adspiciant
1924 4924 2266 5003 Christum,
2320 4935 2383 4989 et

893 5028 1060 5092 viam
1095 5026 1318 5089 salutis
1349 5032 1716 5105 agnoscant,
1755 5024 1832 5087 de
1865 5044 1994 5107 qua
2028 5024 2164 5106 ipse
2197 5033 2383 5087 testa-

623 5140 864 5189 Matm.v·..
895 5136 996 5189 tur
1024 5145 1037 5190 :
1063 5126 1249 5188 Arcta
1279 5132 1375 5187 est
1405 5123 1507 5186 via
1538 5142 1680 5204 quae
1712 5122 1885 5185 ducit
1913 5124 1993 5185 ad
2024 5124 2242 5186 vitam.
2268 5124 2376 5187 Et:

600 5206 672 5328 'J‘
693 5218 777 5255 ¹¹⁸⁹
798 5207 862 5249 ¹⁷·
893 5226 954 5289 Si
978 5224 1073 5287 vis
1095 5224 1331 5285 intrare
1350 5223 1427 5284 ad
1453 5222 1662 5297 vitam,
1679 5240 1861 5283 serva
1882 5224 2190 5285 mandata.
2206 5224 2383 5286 Item—

595 5298 860 5399 o;⁰1‘=⁸1’1⁸.n'2¹0if'
890 5344 1016 5406 que
1043 5341 1056 5385 :
1090 5322 1221 5403 Ego
1251 5341 1392 5384 sum
1425 5320 1549 5396 via,
1585 5320 1815 5383 veritas
1847 5329 1911 5383 et
1941 5320 2092 5383 vita.
2119 5322 2234 5385 Et:
2262 5322 2379 5396 Qui

2494 4344 2620 4396 stes
2650 4355 2795 4397 cum
2832 4335 3147 4416 praecipue
3179 4336 3497 4413 exaltavit,
3520 4326 3829 4402 mittendo
3852 4340 3987 4422 spi·
4012 4334 4055 4381 ³·
4076 4334 4115 4383 *ι
4138 4337 4185 4375 ⁶·

2493 4434 2685 4495 ritum
2748 4433 3044 4497 Sanctum
3106 4434 3170 4495 in
3232 4434 3437 4515 igneis
3497 4436 3735 4516 linguis
3794 4457 3985 4520 super

2492 4533 2849 4613 ApostolOS,
2876 4542 3248 4614 ceterosque
3279 4534 3652 4598 exsistentes
3683 4554 3827 4598 cum
3850 4536 3979 4599 eis:

2493 4650 2653 4713 quos
2682 4639 2746 4694 et
2776 4632 3065 4694 omnium
3101 4630 3463 4713 linguarum
3510 4652 3582 4695 ac
3631 4634 3985 4716 Scriptura-

2494 4749 2631 4793 rum
2686 4730 2977 4812 implevit
3018 4730 3264 4809 notitia,
3299 4731 3603 4813 omnique
3646 4733 3815 4796 dono
3848 4734 3985 4816 Spi-

2494 4830 2652 4890 ritus
2686 4828 2895 4891 Sancti
2927 4836 2989 4890 et
3020 4829 3553 4892 excellentissima
3582 4832 3785 4911 gratia
3820 4852 3834 4895 :
3870 4852 3985 4915 per

2492 4946 2653 5008 quos
2684 4936 2747 4989 et
2776 4929 2995 4991 eodem
3029 4927 3134 4990 die
3164 4927 3414 4990 diversa
3446 4930 3688 5010 peregit
3732 4949 3983 5012 magna-

2493 5026 2599 5101 lia,
2635 5026 2725 5087 ita
2773 5026 2939 5106 quod
2975 5026 3176 5087 multa
3219 5026 3425 5089 millia
3476 5026 3759 5091 filiorum
3792 5029 3977 5091 lsrael
4035 5050 4171 5097 ιῡῑιι.
4202 5057 4269 5095 u.

2492 5125 2801 5188 veraciter
2852 5134 3287 5203 cognoverunt
3336 5126 3530 5188 Deum
3588 5126 3785 5190 fuisse
3834 5148 3979 5189 cum

2488 5224 2658 5299 lesu,
2708 5223 2871 5285 sicut
2920 5222 3041 5284 fuit
3090 5243 3234 5285 cum
3290 5225 3516 5307 Moyse,
3566 5226 3693 5289 imo
3746 5226 3982 5290 incom-

2490 5321 2857 5403 parabiliter
2901 5323 3335 5386 excellentius.
3372 5324 3549 5387 Unde
3594 5332 3654 5388 et
3696 5325 3981 5389 credide-
