4359 6250
909 485 1026 548 324

1477 503 1825 551 ENARRATIO
1867 505 1929 548 IN
1971 505 2108 550 cat).
2155 503 2241 548 111
2284 502 2443 548 unm
2484 501 2657 547 Pium
2692 501 2918 547 REGUM.
2962 519 3043 530 --
3082 500 3225 547 Aur.
3272 499 3422 546 xxm

643 691 877 747 mevam,
909 675 1076 734 mihi
1105 693 1129 735 .·
1159 678 1609 756 Nequaquam,
1633 679 1742 736 sed
1767 696 1885 736 rea·
1916 677 2259 752 imperabit
2290 695 2396 735 no·
2416 671 2475 734 A
2500 691 2651 734 nem
2676 672 3115 754 etexemplum
3144 670 3471 754 peccandi,
3492 677 3553 732 et
3582 689 3777 752 poena
3796 669 3993 730 unius

615 757 682 799 19.

905 773 1000 832 bis
1029 793 1052 833 .·
1083 795 1287 853 quum
1316 777 1637 836 Dominus
1667 778 1838 836 Deus
1867 784 2068 834 vester
2099 783 2393 850 reynaret

905 873 979 930 in
1023 873 1218 944 vobis,
1251 872 1373 935 hoc
1419 881 1535 948 est,
1582 871 1988 935 immediatus
2031 890 2139 933 rex
2186 877 2395 933 vester

909 965 1054 1045 fuit,
1091 969 1178 1032 ita
1207 971 1378 1052 quod
1409 970 1529 1033 sub
1559 989 1634 1034 eo
1668 989 1796 1034 non
1835 969 2151 1032 habuistis
2192 967 2397 1032 homi-

908 1085 1053 1129 nem
1079 1069 1544 1149 praesidentcm,
1569 1069 1692 1132 nisi
1722 1068 1989 1149 judiceS.
2009 1067 2393 1130 Praecedenti

613 1173 731 1216 lbid-
749 1176 875 1226 zuss-
907 1165 1188 1248 capitulo
1217 1169 1442 1250 patuit,
1476 1168 1752 1251 qualiter
1781 1168 1939 1230 Naas
1968 1185 2075 1229 rex
2105 1185 2251 1230 cum
2284 1184 2395 1248 po-

660 2158 782 2203 Ibid.
805 2162 843 2202 1.

906 1263 1059 1345 pulo
1089 1284 1202 1327 suo
1233 1285 1270 1327 a
1301 1265 1486 1328 Saule
1519 1286 1666 1348 rege
1700 1274 1762 1328 et
1793 1265 2031 1347 populo
2071 1263 2260 1326 lsrael
2303 1263 2397 1325 vi-

903 1370 1041 1424 ctus
1072 1371 1188 1425 cst.
1208 1362 1530 1438 Quomodo
1561 1382 1710 1444 ergo
1742 1383 1914 1426 nunc
1943 1363 2196 1439 dicitur,
2224 1362 2393 1443 quod

903 1459 1029 1522 filii
1059 1461 1245 1524 Israel
1279 1462 1604 1543 petierunt
1636 1481 1871 1543 regem,
1899 1463 2188 1526 videntes
2220 1461 2392 1542 quod

899 1559 1058 1621 Naas
1089 1569 1312 1623 contra
1356 1580 1464 1624 eos
1504 1561 1703 1637 venit,
1738 1561 1922 1643 quasi
1965 1560 2191 1642 petitio
2225 1559 2393 1640 regis

901 1665 1116 1720 secuta
1140 1658 1224 1720 sit
1242 1659 1588 1722 adventum
1610 1660 1769 1722 Naas
1791 1668 2013 1722 contra
2042 1657 2391 1722 Israelitas2

898 1755 992 1818 Ad
1025 1755 1144 1819 boc
1174 1776 1249 1819 cx
1275 1757 1551 1838 Josepho
1582 1758 2022 1839 respondetur,
2041 1757 2214 1839 quod
2243 1765 2391 1818 ante

2503 770 2784 833 damnati
2818 771 3128 833 redundat
3158 771 3225 832 in
3256 769 3475 832 alium.
3509 768 3779 843 Quidam
3808 785 3991 849 expo-

2504 877 2665 931 nunt
2694 870 2784 932 sic
2812 886 2825 930 :
2859 869 2994 931 Erit
3022 887 3250 931 manus
3281 868 3388 932 Dei
3422 886 3612 949 super
3642 885 3781 943 VOS,
3802 875 3862 928 et
3894 885 3995 926 su-

2504 987 2619 1049 per
2655 975 2869 1049 patres
2913 976 3179 1043 vestrOS‚
3228 967 3294 1028 id
3342 975 3459 1042 est,
3503 967 3592 1028 ita
3636 963 3761 1028 erit
3802 981 3995 1046 super

2504 1084 2617 1129 vos
2661 1066 2730 1127 in
2770 1073 3115 1148 posterum,
3150 1065 3371 1146 sicque
3411 1063 3795 1147 puniemini,
3829 1063 3994 1125 sicut

2503 1163 2631 1245 jam
2671 1173 2819 1227 ante
2860 1163 3005 1240 suit,
3040 1172 3103 1226 et
3142 1164 3309 1228 sicut
3348 1163 3555 1246 puniti
3593 1161 3861 1226 fuerunt
3894 1179 3997 1242 pa-

2503 1270 2630 1324 tres
2662 1263 2857 1326 vestri
2890 1271 3409 1342 transgressores,

2580 1361 3055 1442 Consequenter
3086 1379 3200 1443 per
3230 1361 3611 1424 miraculum
3642 1359 3870 1443 probat
3892 1359 3995 1421 Sa·

2502 1459 2673 1522 muel
2705 1479 2961 1524 suorum
2996 1459 3328 1524 veritatem
3364 1460 3729 1524 verborum.
3764 1463 3893 1522 Sed
3932 1472 3993 1521 et

2502 1580 2681 1620 nunc
2707 1569 2891 1631 state,
2924 1570 2982 1620 et
3016 1562 3223 1620 videte
3250 1581 3385 1620 rem
3418 1562 3609 1620 istam
3642 1563 3993 1638 grandem,

2501 1680 2697 1738 quam
2735 1661 3037 1736 facturus
3074 1669 3163 1719 est
3191 1661 3512 1721 Dominus
3552 1661 3625 1719 in
3656 1669 3992 1737 conspectu

2500 1768 2724 1819 vestro,
2750 1759 3095 1837 Numquid
3128 1777 3259 1817 non
3296 1759 3509 1818 messis
3542 1760 3751 1818 tritici
3778 1769 3871 1819 est
3890 1762 3997 1818 lio-

899 1855 1266 1919 unctionem
1288 1856 1490 1918 Saulis
1512 1856 2015 1938 petitionemque
2035 1856 2216 1936 regis
2232 1855 2389 1917 Naas
2422 1861 2468 1921 B
2496 1858 2651 1916 die?
2679 1855 2799 1918 hoc
2830 1863 2946 1932 est,
2982 1855 3109 1918 imo
3138 1855 3268 1937 jam
3302 1863 3397 1918 est
3431 1864 3681 1937 tempus
3724 1856 3989 1920 triticeae

897 1953 1133 2017 multos
1167 1955 1435 2018 vastavit
1464 1973 1540 2016 ex
1572 1952 1730 2016 filiis
1762 1954 1950 2017 Israel
1984 1962 2158 2016 trans
2176 1954 2390 2018 Jorda-
2500 1954 2742 2016 messis.
2778 1956 3091 2016 Invocabo
3120 1955 3498 2024 Dominum,
3519 1964 3579 2015 et
3608 1956 3793 2016 dabit
3826 1977 3999 2015 voees

899 2071 1046 2113 nem
1085 2070 1099 2114 :
1135 2052 1304 2134 quod
1353 2051 1478 2115 suit
1525 2072 1650 2114 una
1691 2072 1904 2128 causa,
1941 2071 2015 2114 ex
2061 2071 2189 2134 qua
2232 2052 2389 2114 moti
2496 2063 2556 2113 et
2578 2050 2950 2129 pluvias,id
2979 2059 3096 2127 est,
3132 2051 3344 2114 subito
3376 2060 3441 2114 et
3470 2071 3662 2134 super
3696 2061 3992 2116 naturam

901 2158 1050 2212 sunt
1093 2158 1306 2233 petere
1353 2169 1585 2230 regem.
1631 2151 1866 2214 Deinde
1913 2160 2056 2233 post
2103 2171 2388 2213 mensem
2502 2149 2811 2213 tonabunt
2863 2149 3162 2226 tonitrua,
3208 2149 3663 2232 micabuntque
3709 2150 3991 2231 fulgura,

902 2247 1295 2312 inunctionis
1341 2249 1546 2312 Saulis
1589 2250 1767 2313 venit
1810 2250 1970 2312 Naas
2019 2269 2127 2311 rex
2169 2258 2391 2312 contra
2499 2257 2563 2310 et
2593 2249 2798 2311 imber
2828 2248 3123 2329 copiosus
3156 2248 3515 2326 descendet,
3541 2268 3743 2331 quum
3776 2259 3993 2314 tamen

896 2346 1102 2411 labes,
1153 2351 1346 2410 Nunc
1392 2369 1536 2426 erqo
1577 2359 1810 2427 proesto
1861 2359 1950 2408 est
1997 2370 2114 2408 rea·
2163 2359 2390 2418 vester,
2496 2347 2627 2427 jam
2668 2344 2753 2408 sit
2792 2365 2947 2408 aura
2986 2364 3231 2422 serena,
3268 2365 3385 2409 nec
3427 2348 3747 2412 naturales
3782 2368 3993 2412 causae

897 2468 1088 2527 quem
1115 2449 1392 2523 elegistis
1421 2458 1480 2508 et
1503 2449 1777 2526 petistis,
1812 2445 2134 2520 Quomodo
2167 2464 2388 2509 verum
2500 2452 2993 2527 praecesserunt3
3036 2455 3096 2505 et
3124 2447 3337 2506 scietis
3374 2457 3433 2506 et
3474 2449 3803 2518 videbitis,
3832 2451 3993 2527 quia

897 2553 994 2606 est
1043 2544 1207 2607 hoc?
1256 2543 1391 2608 Non
1445 2545 1617 2607 enim
1668 2544 1966 2609 videntur
2018 2543 2143 2606 filii
2201 2542 2388 2606 Israel
2492 2547 2747 2622 yrande
2767 2547 3019 2604 malum
3036 2545 3325 2620 feceritis
3357 2546 3529 2605 vobis
3556 2547 3627 2606 in
3656 2558 3993 2625 conspectu

897 2643 1164 2722 elegisse
1215 2643 1466 2707 Saulem
1521 2645 1586 2706 in
1635 2663 1873 2724 regem,
1923 2645 2033 2706 sed
2085 2643 2388 2706 Dominus
2500 2644 2791 2712 Domini,
2823 2652 3101 2720 petentes
3125 2662 3315 2720 super
3354 2664 3458 2704 vos
3490 2663 3721 2721 regem.
3756 2648 3999 2706 Eoecla-

897 2761 1043 2804 cum
1075 2743 1155 2804 ad
1185 2742 1304 2806 hoc
1336 2742 1527 2822 elegit
1555 2761 1629 2806 ac
1660 2742 2040 2822 designavit,
2078 2760 2203 2804 non
2240 2761 2393 2823 prae-
2500 2743 2731 2810 mavit,
2754 2740 2817 2802 id
2850 2749 2967 2817 est,
3000 2739 3318 2804 ferventer
3348 2741 3572 2819 oravit,
3604 2745 3879 2804 Samuel
3904 2747 3998 2805 ad

897 2841 1163 2903 cedente
1183 2840 1404 2923 populi
1423 2839 2389 2921 electione.Respondctur,quod
2500 2842 2880 2912 Dominum,
2914 2850 2973 2900 et
3000 2841 3180 2900 dedit
3210 2843 3529 2902 Dominus
3558 2861 3735 2902 voces
3762 2853 3823 2903 et
3844 2848 3997 2920 plu-

901 2937 1200 2999 dicuntur
1230 2957 1376 3000 eum
1407 2936 1695 3018 elegisse,
1721 2937 1842 3000 hoc
1873 2946 1969 2999 est
2002 2938 2391 3000 unanimiter
2501 2940 2643 2998 vias
2675 2941 2747 2998 in
2786 2942 2896 2998 die
2936 2941 3084 3008 itta,
3117 2938 3246 3002 imo
3288 2947 3351 3002 et
3384 2939 3786 3018 grandinem,
3822 2950 3893 3004 ut
3923 2942 3993 3004 in

899 3045 1261 3116 acceptasse
1309 3037 1376 3098 in
1421 3055 1633 3116 regem
1681 3035 1884 3116 magis
1930 3055 2122 3117 quam
2163 3036 2384 3099 alium.
2418 3042 2463 3105 C
2502 3036 2889 3100 Scholastica
2947 3044 3243 3098 narratur
3290 3037 3576 3100 historia.
3627 3041 3717 3100 Et
3770 3043 3995 3102 timuit

900 3137 1062 3196 Ecce
1088 3138 1267 3197 dedit
1297 3137 1468 3195 vobis
1507 3138 1824 3197 Dominus
1854 3155 2085 3212 reyem.

984 3236 1063 3294 Si
1095 3236 1441 3295 timueritis
1470 3235 1848 3305 Dominum,
1887 3232 2074 3295 filiali
2120 3243 2232 3296 aut
2274 3235 2391 3297 sal-

901 3340 1029 3395 tem
1062 3332 1293 3395 initiali
1325 3331 1574 3409 timore,
1600 3342 1660 3393 et
1689 3332 2044 3393 servieritis
2070 3336 2154 3404 ei,
2190 3344 2248 3394 et
2276 3356 2391 3394 au-

899 3433 1157 3492 dieritis
1187 3452 1394 3492 vocem
1424 3432 1584 3507 ejus,
1605 3440 1664 3491 et
1695 3450 1822 3491 non
1852 3436 2391 3509 exasperaveritis

900 3549 966 3591 os
1014 3531 1303 3600 Domini,
1349 3528 1414 3590 id
1465 3536 1580 3605 est,
1635 3528 2012 3609 sapientiam
2064 3529 2205 3609 ejus
2258 3550 2385 3594 non

902 3625 1397 3708 provocaveritis
1438 3626 1516 3688 ad
1552 3625 2056 3705 indignationem
2101 3636 2164 3688 et
2207 3628 2390 3692 ultim

903 3744 1048 3787 nem
1089 3725 1390 3787 adversus
1425 3742 1572 3799 vos;
1614 3726 1798 3783 eritis
1827 3734 1886 3783 et
1919 3745 2024 3784 vos
2051 3735 2110 3785 et
2139 3747 2258 3785 rex
2288 3749 2390 3787 ve-

898 3832 1051 3893 ster,
1079 3832 1401 3903 sequentes
1443 3824 1800 3884 Dominum
1839 3825 2047 3884 Deum
2079 3835 2388 3897 vestrum,

901 3920 1020 3983 hoc
1049 3928 1146 3982 est
1173 3921 1300 3983 Deo
1329 3919 1639 3983 veraciter
1667 3918 2084 3997 adhaerenteS,
2119 3922 2225 3985 cui
2260 3942 2387 3987 non

901 4018 1226 4081 adhaerent
1255 4017 1322 4079 in
1356 4018 1640 4093 veritate,
1665 4016 1791 4078 nisi
1824 4018 1936 4099 qui
1967 4018 2025 4080 ei
2057 4020 2386 4085 obediunt.

903 4118 982 4177 Si
1023 4127 1240 4177 autem
1275 4137 1404 4176 non
1448 4118 1794 4175 audieritis
1841 4136 2050 4177 vocem
2097 4122 2386 4193 Domini,

2500 3139 2709 3197 omnis
2732 3140 3015 3215 populus
3054 3138 3257 3197 nimis
3284 3140 3641 3199 Dominum
3668 3150 3731 3201 et
3759 3143 3996 3202 Samu-

2498 3238 2657 3294 elem
2706 3255 2728 3293 .·
2778 3234 3093 3316 siquidem
3150 3242 3411 3316 propter
3468 3244 3597 3297 tam
3654 3238 3996 3301 vehemen-

2502 3340 2651 3407 tem,
2688 3332 3155 3408 miraculosam,
3190 3331 3511 3397 insolitam
3554 3342 3993 3417 tempestatem

2502 3430 2762 3493 borrore
2792 3430 3079 3513 percussi
3110 3438 3281 3508 sunt,
3306 3432 3657 3513 praesertim
3688 3436 3849 3515 quia
3866 3438 3995 3499 cul-

2502 3528 2744 3611 pabiles
2776 3537 2975 3605 erant,
3008 3537 3071 3591 et
3107 3529 3253 3592 laedi
3282 3548 3395 3593 seu
3428 3531 3653 3612 perimi
3686 3532 3995 3599 formida-

2502 3626 2675 3690 bant.
2707 3631 2793 3690 Et
2823 3630 2999 3689 discit
3042 3631 3389 3689 universus
3422 3634 3708 3707 popu-lus
3746 3636 3837 3694 ad
3876 3638 3995 3697 Sa-

2502 3730 2773 3786 muelem
2796 3748 2818 3786 .·
2843 3731 2973 3789 Ora
2994 3746 3118 3803 pro
3144 3729 3347 3787 servis
3379 3731 3507 3789 tuis
3524 3732 3615 3789 ad
3634 3734 3991 3794 Dominum

2500 3827 2708 3886 Deum
2734 3836 2941 3897 tuum,
2964 3836 3034 3885 ut
3056 3844 3183 3885 non
3208 3828 3571 3887 moriamur
3598 3828 3719 3891 hac
3752 3838 3993 3913 tempe-

2503 3932 2684 3986 state.
2718 3926 3120 3986 Addidimus
3154 3926 3331 3985 enim
3367 3927 3687 3987 universis
3708 3934 3994 4007 peccatis

2501 4026 2736 4083 nostris
2766 4027 3044 4092 matum,
3064 4032 3137 4083 ut
3156 4033 3518 4099 petere-mus
3542 4028 3723 4087 nobis
3752 4050 3989 4107 reyem,

2504 4122 2565 4184 id
2618 4130 2735 4198 est,
2778 4121 3004 4184 ceteris
3044 4122 3319 4203 peccatis
3366 4124 3596 4185 nostris
3636 4125 3993 4207 adjecimus

901 4218 1011 4275 sed
1039 4216 1572 4291 exasperaveritis
1600 4236 1950 4275 sermonem
1977 4218 2139 4293 ejus,
2171 4218 2235 4279 id
2265 4230 2389 4298 est,
2424 4228 2475 4289 D
2504 4219 2729 4283 vitium
2752 4217 3256 4295 istud‚vidclicet
3280 4220 3443 4300 regis
3465 4222 3987 4303 postulationem.

903 4312 1157 4395 eloquia
1188 4322 1250 4375 et
1280 4320 1592 4394 praecepta
1623 4312 1732 4375 Dei
1775 4332 1986 4376 amare
2019 4334 2129 4377 seu
2167 4336 2393 4399 aspere

902 4410 1297 4493 acceperitiS,
1325 4430 1452 4475 non
1483 4411 1810 4474 caritative
1830 4430 1902 4474 ac
1933 4412 2235 4489 dulciter3
2264 4422 2393 4480 erit

903 4532 1138 4571 manus
1167 4512 1436 4572 Domini
1463 4531 1654 4587 super
1685 4530 1812 4582 vOS,
1849 4520 1908 4571 et
1947 4532 2137 4589 super
2171 4526 2392 4592 patres

903 4619 1135 4669 vestros
1164 4631 1188 4669 .·
1217 4609 1337 4671 hoc
1370 4617 1486 4685 est,
1514 4617 1640 4669 tam
1673 4626 1785 4671 vos
1816 4627 2007 4690 quam
2040 4619 2253 4692 patres
2284 4634 2389 4679 ve—

903 4707 1017 4770 stri
1048 4707 1159 4789 qui
1191 4726 1302 4771 vos
1332 4708 1410 4769 ad
1441 4706 1609 4769 mala
1639 4706 1972 4785 inducunt,
2001 4727 2113 4771 seu
2145 4730 2181 4771 a
2215 4712 2388 4776 vitiis

901 4824 1030 4869 non
1064 4805 1387 4869 refrenant
1409 4824 1523 4886 pro
1555 4823 1761 4887 posse,
1779 4804 2116 4869 incurretis
2139 4808 2387 4875 debitas

835 4904 840 4913 '
899 4922 1120 4987 poenas
1159 4904 1303 4979 Dei3
1343 4904 1467 4981 vel,
1504 4904 1704 4986 Super
1743 4912 1952 4986 patres
1992 4915 2237 4970 vestros
2281 4909 2388 4972 de—

899 5004 1150 5067 functos
1207 5004 1682 5079 condemnatoS,
1735 5022 2006 5084 quorum
2057 5006 2385 5073 damnatio

897 5121 1008 5164 seu
1042 5110 1425 5166 tormentum
1455 5102 1790 5180 augebitur
1819 5121 1896 5166 ex
1929 5102 2383 5185 iniquitatibus

852 5224 860 5231 ·
897 5208 960 5262 ct
998 5199 1637 5264 condemnationibus
1677 5202 1925 5277 vestrm,
1962 5203 2027 5263 in
2067 5212 2383 5285 quantum

899 5298 1307 5380 praebuerunt
1347 5306 1411 5360 et
1453 5298 1848 5379 reliquerunt
1889 5300 2070 5363 vobis
2109 5304 2385 5367 occasio-

2580 4320 2771 4380 Diaeit
2802 4328 3019 4379 autem
3048 4321 3319 4379 Samuel
3346 4322 3435 4378 ad
3456 4324 3779 4399 populum
3808 4345 3834 4383 .·
3864 4328 3993 4389 No-

2503 4420 2616 4477 lite
2648 4420 2871 4477 timere
2907 4415 3081 4498 quod
3124 4434 3295 4477 nunc
3340 4417 3703 4481 moriemini
3746 4440 3823 4484 ex
3869 4424 3993 4488 hac

2505 4523 2897 4597 tempestate,
2933 4533 3050 4576 nec
3095 4513 3372 4576 timeatis
3417 4514 3645 4579 timore
3686 4538 3765 4581 ex
3802 4520 3993 4583 disfi-

2500 4614 2717 4677 dentia
2752 4612 3133 4695 procedente
3162 4619 3270 4673 aut
3301 4613 3807 4695 desperationem
3846 4638 3993 4683 cau-

2500 4721 2700 4788 sante,
2736 4730 2853 4774 ncc
2897 4710 3033 4773 solo
3076 4709 3295 4774 servili
3338 4709 3586 4792 timore,
3628 4721 3693 4777 et
3730 4734 3991 4781 omnem

2497 4810 2829 4883 carnalem,
2846 4809 3229 4886 saecularem,
3244 4808 3675 4874 inordinatum
3694 4814 3991 4881 timorem

2496 4908 2777 4989 abjicite.
2826 4908 2928 4970 Sic
2969 4907 3331 4971 consolatus
3372 4918 3469 4972 est
3506 4909 3760 4976 Samuel
3807 4914 3985 4993 illos,

2497 5007 2797 5090 quoniam
2830 5006 2991 5069 vidit
3019 5007 3190 5087 quod
3219 5008 3630 5088 poeniterent,
3654 5020 3719 5074 et
3749 5013 3991 5078 inordi-

2496 5114 2641 5169 nate
2672 5105 2989 5167 timerent.
3028 5108 3141 5165 Vos
3168 5106 3411 5182 fecistis
3444 5109 3825 5173 universum
3854 5134 3991 5174 ma-

2496 5210 2631 5267 lum
2676 5208 2809 5265 lzoc.
2864 5208 3311 5265 Verumtamen
3362 5208 3560 5267 notite
3604 5213 3900 5271 recedere
3940 5234 3989 5275 α

2497 5316 2664 5382 teryo
2702 5306 2995 5374 Domini,
3037 5302 3103 5363 id
3146 5310 3263 5380 est,
3314 5322 3443 5367 non
3474 5307 3747 5372 'cessetis
3786 5309 3995 5377 Deum
