4359 6250
96 1977 229 2020 ludio.
240 1979 297 2025 1,ss
306 1979 341 2020 i.

112 3552 211 3597 laid.
226 3570 291 3607 ιιι,
303 3559 343 3599 ⁶.

116 4140 209 4183 Ibid-
220 4148 343 4195 mus,

143 5031 243 5077 md.
264 5038 325 5081 ¹⁰.

1105 509 1449 555 manuario
1492 509 1551 554 IN
1596 507 1731 554 CAP-
1779 506 1929 552 xvul
1969 506 2246 554 Jumcun.
2290 527 2371 536 —
2412 507 2555 554 ΛΒΤ.
2601 507 2753 553 xxxl

3353 489 3472 554 205

372 675 543 754 bem,
596 677 661 740 id
712 687 811 742 est
858 679 1256 744 mansionem
1308 682 1385 742 ad
1425 678 1865 742 habitandum.
1901 675 1952 739 Α
1979 681 2104 740 sim
2121 681 2185 738 ei
2212 682 2522 740 sacerdos.
2543 683 2955 756 Royaverunt
2974 689 3188 739 autem
3217 698 3365 739 eum
3397 687 3472 738 ut

384 777 591 855 Usque
628 781 719 836 ad
760 779 951 838 illum
994 781 1169 838 enim
1206 780 1381 840 diem
1426 781 1598 839 inter
1635 787 1870 838 ceteras

374 876 584 934 tribus
626 886 859 938 sortem
894 897 1025 938 non
1064 879 1329 955 accepit.
1363 877 1430 938 In
1471 877 1660 939 Josue
1708 875 1871 938 libro

254 998 339 1034 ω,
374 970 631 1052 legitur,
666 975 1205 1056 quemadmodum
1239 974 1395 1037 filiis
1430 976 1581 1050 Dan,
1618 974 1781 1036 sicut
1810 980 1872 1036 et

374 1069 521 1132 aliis
544 1071 842 1134 tribubus
871 1072 1082 1149 Israel,
1108 1073 1443 1154 assignatae
1473 1081 1623 1135 sunt
1653 1072 1870 1134 multae

374 1167 567 1231 urbes
605 1171 684 1232 ad
726 1170 1215 1234 inhabitandum
1256 1191 1369 1255 per
1409 1180 1666 1246 sortem,
1704 1170 1870 1232 inter

373 1285 538 1348 quas
584 1288 713 1332 una
755 1270 995 1332 ibidem
1039 1279 1303 1334 vocatur
1344 1270 1588 1346 Lesem‚
1623 1276 1693 1332 ut
1731 1268 1872 1350 qui-

374 1367 519 1428 dam
552 1377 882 1451 exponunt
914 1390 928 1434 ε
964 1371 1285 1451 quomodo
1314 1387 1464 1451 ergo
1502 1387 1671 1431 nunc
1712 1367 1872 1430 dici-

376 1473 504 1541 tur,
528 1468 701 1548 quod
725 1487 927 1550 usque
948 1469 1027 1530 ad
1048 1468 1208 1532 illud
1242 1478 1493 1551 tempus
1517 1468 1719 1530 tribus
1740 1469 1871 1530 Dan

374 1582 507 1627 non
540 1567 789 1649 accepit
818 1567 985 1630 inter
1016 1567 1173 1630 alias
1206 1567 1409 1630 tribus
1440 1569 1721 1631 sortem?
1755 1566 1870 1630 Re·

374 1665 749 1745 spondetur,
782 1667 955 1746 quod
998 1685 1112 1748 per
1152 1666 1591 1748 synecdochen
1632 1665 1867 1728 dicitur

374 1761 585 1836 istud3
622 1771 686 1825 et
716 1763 892 1840 item,
916 1765 1088 1846 quod
1122 1765 1405 1827 nondum
1435 1764 1869 1846 acquisierant

1978 782 2330 838 consuleret
2366 780 2746 849 Dominum,
2796 776 2856 839 id
2899 784 2995 838 est
3021 775 3365 839 oraculum
3409 784 3473 839 et

1982 895 2358 957 responsum
2389 895 2426 938 a
2454 875 2604 951 De0,
2638 875 2736 938 vel
2778 875 2990 956 potius
3028 894 3066 936 a
3103 876 3220 937 deo
3251 874 3470 938 Michae

1982 972 2165 1051 sals0‚
2186 994 2378 1056 quem
2409 974 2878 1036 adolescentem
2911 973 3092 1035 illum
3124 983 3186 1036 et
3205 973 3471 1036 Micham

1981 1072 2190 1134 colere
2219 1079 2707 1155 conspexerunt.
2734 1071 2963 1153 Sic-que
2996 1072 3116 1135 viri
3151 1071 3257 1134 isti
3287 1079 3472 1134 erant

1983 1170 2354 1247 idololatrae,
2397 1171 2500 1235 vel
2533 1172 2612 1233 ad
2664 1170 3090 1234 idololatriam
3138 1170 3347 1253 proni.
3386 1173 3471 1231 Et

1980 1270 2143 1328 scire
2172 1279 2428 1346 possent
2465 1289 2540 1332 ex
2584 1269 2695 1332 tali
2724 1269 3005 1345 oraculO,
3041 1291 3128 1330 an
3164 1287 3468 1346 prospero

1982 1368 2217 1428 itinere
2238 1378 2604 1445 peryerent,
2633 1379 2690 1429 et
2732 1389 2832 1428 res
2869 1369 3124 1428 liaberet
3152 1373 3465 1446 effectum.

1985 1467 2115 1534 Qui
2140 1469 2470 1543 respondit
2498 1469 2590 1526 eis
2621 1487 2642 1526 .·
2676 1471 2772 1528 Ite
2809 1487 2955 1526 cum
2977 1467 3222 1543 pace*,·
3255 1467 3472 1526 Domi-

1984 1583 2107 1624 nus
2126 1566 2388 1641 respicit
2406 1567 2586 1624 viam
2617 1575 2918 1634 vestra-m,
2951 1563 3014 1625 id
3043 1572 3138 1626 est
3161 1561 3469 1645 approbat

1983 1681 2094 1725 vos
2139 1663 2206 1725 in
2249 1663 2390 1740 hoc,
2416 1663 2588 1746 quod
2632 1663 3132 1726 ambulationem
3171 1663 3336 1724 hanc
3369 1681 3467 1724 as-

1982 1761 2368 1843 sumpsistis,
2386 1773 2471 1833 et,
2492 1781 2609 1844 pro
2643 1762 2705 1824 id
2727 1771 2844 1838 est,
2870 1764 2994 1823 iter
3023 1783 3146 1840 quo
3173 1762 3463 1840 peryitiS.

374 1859 781 1925 sufficientia
810 1863 949 1926 loca
980 1871 1043 1926 et
1072 1864 1311 1946 oppida
1344 1865 1423 1926 ad
1454 1864 1864 1927 manendum.
1901 1865 1946 1927 B
1982 1861 2151 1922 Istud
2191 1879 2566 1942 responsum
2610 1861 2785 1924 dedit
2827 1861 2919 1923 eis
2959 1861 3172 1923 statim
3210 1879 3288 1922 ex
3316 1878 3461 1942 pro-

374 1959 531 2021 Nam
566 1968 630 2023 et
660 1980 853 2043 supra
885 1960 1108 2038 fertur,
1142 1963 1317 2044 quod
1337 1962 1739 2026 Amorrhaeus
1769 1981 1866 2024 ar-

370 2058 575 2122 ctavit
624 2057 797 2122 filios
842 2060 973 2122 Dan
1014 2060 1080 2122 in
1128 2069 1366 2138 monte,
1404 2080 1519 2124 nec
1560 2061 1734 2125 dedit
1776 2061 1867 2123 eis

370 2155 588 2220 locum
620 2166 696 2220 ut
724 2158 805 2220 ad
845 2158 1135 2238 planiora
1174 2159 1653 2222 descenderent.
1687 2158 1874 2222 Deni-

366 2273 510 2335 que,
528 2255 828 2337 quamvis
864 2256 1155 2320 tribubus
1176 2257 1365 2319 Israel
1389 2257 1580 2321 simul
1606 2277 1719 2340 per
1740 2275 1873 2320 sor-

372 2353 534 2414 tium
566 2353 941 2417 missionem
980 2355 1201 2418 multae
1232 2356 1419 2418 urbes
1450 2357 1864 2437 assignaban-

368 2459 498 2526 tur,
533 2471 665 2515 non
703 2460 913 2516 tamen
944 2473 1091 2516 mox
1120 2455 1367 2536 adeptae
1406 2462 1555 2516 sunt
1586 2473 1714 2530 eaS,
1759 2454 1869 2517 sed

372 2550 687 2630 paulatim
718 2552 1083 2633 pugnando,

454 2651 783 2710 Miserunt
824 2670 973 2727 erqo
1014 2651 1149 2726 filii
1191 2653 1367 2719 Dan,
1394 2653 1623 2728 stirpis
1666 2661 1725 2712 et
1773 2652 1877 2727 fa-

1983 1959 2124 2041 prio
2171 1961 2400 2043 capite,
2455 1979 2536 2023 ne
2581 1979 2800 2024 eorum
2852 1959 3148 2042 precibus
3197 1958 3472 2041 amplius

1980 2059 2445 2123 molestaretur.
2471 2059 2584 2122 Vel
2613 2061 2864 2124 daemon
2897 2059 2957 2122 ei
2994 2058 3322 2140 respondit
3353 2077 3468 2140 per

1986 2156 2252 2220 idolum.

2064 2259 2308 2318 Euntes
2346 2258 2565 2337 itaque
2611 2259 2898 2337 quinque
2946 2258 3103 2327 viri,
3155 2265 3468 2317 venerunt

1982 2357 2161 2422 Lais,
2197 2355 2259 2416 id
2291 2363 2387 2416 est
2417 2355 2494 2418 ad
2535 2355 2758 2417 urbem
2800 2355 2892 2416 sic
2933 2354 3346 2431 nominatam,
3384 2355 3474 2414 vi-

1982 2457 2675 2533 deruntquepopulum
2704 2455 3099 2514 habitantem
3131 2457 3204 2515 in
3233 2475 3306 2514 ea
3336 2455 3474 2512 abs-

1983 2574 2105 2632 que
2136 2557 2270 2612 ullo
2304 2554 2550 2624 timore,
2569 2553 2780 2629 juxta
2812 2554 3340 2613 consuetudinem
3375 2553 3476 2612 Si-

1982 2652 2355 2721 doniorum,
2390 2671 2688 2712 securum
2716 2662 2776 2712 et
2816 2653 3131 2730 quietum,
3165 2653 3351 2712 nullo
3382 2652 3476 2710 eis

370 2747 584 2808 milite
624 2767 760 2808 suae
808 2749 1097 2827 quinque
1146 2747 1321 2808 vir'os
1367 2749 1751 2824 fortissimos
1798 2753 1878 2810 de
1976 2751 2242 2827 penitus
2272 2751 2622 2821 resistente,
2637 2769 3152 2830 maynarumque
3181 2769 3396 2826 opum,
3417 2759 3477 2811 ct

370 2848 597 2906 Saraa
636 2855 697 2906 et
733 2849 1024 2916 Esthaol‚
1058 2856 1131 2907 ut
1159 2850 1569 2924 explorarent
1611 2857 1877 2919 terram,

1980 2853 2212 2926 procul
2232 2870 2271 2909 a
2291 2849 2763 2928 sidonemque
2783 2869 2822 2909 a
2843 2851 3091 2910 cunctis
3111 2851 3478 2910 hominibus

373 2945 527 3021 etcss,
566 2943 632 3004 in
663 2963 793 3024 qua
828 2943 951 3006 sita
988 2953 1169 3006 erant
1207 2945 1443 3026 oppida
1481 2944 1575 3007 eis
1616 2965 1653 3008 a
1690 2946 1877 3010 Josue
1984 2957 2380 3026 separatum.
2407 2949 2796 3027 Reversique
2827 2951 2915 3008 ad
2943 2949 3187 3025 fratres
3223 2968 3368 3008 suos
3399 2949 3471 3008 in

372 3042 707 3125 deputata.
762 3045 889 3112 Qui
937 3063 1141 3124 quum
1181 3054 1514 3120 peryentes
1558 3046 1877 3106 venissent
1912 3050 1955 3113 C
1989 3049 2203 3107 Saraa
2252 3055 2312 3107 et
2353 3049 2647 3116 E'stltaol,
2687 3055 2746 3107 et
2793 3048 3267 3108 sciscitantibus
3315 3049 3478 3128 quid

374 3144 453 3204 in.
476 3154 759 3205 montem
778 3145 1126 3221 Ephraim,
1144 3155 1205 3205 et
1235 3146 1583 3207 intrassent
1611 3149 1876 3207 domum
1984 3148 2281 3222 eyissent,
2311 3149 2776 3223 responderunt
2806 3164 2829 3207 .·
2862 3148 3152 3224 Suryite,
3171 3156 3230 3207 et
3257 3168 3479 3209 eamus

377 3244 641 3313 Michoe,
674 3244 1129 3321 requieverunt
1160 3244 1275 3305 ibi.
1300 3242 1485 3306 Forte
1511 3242 1684 3306 enim
1708 3251 1879 3307 tene-
1988 3248 2075 3305 ad
2114 3264 2236 3305 eos.
2272 3246 2566 3306 Vidimus
2598 3248 2774 3307 enim
2813 3256 3050 3307 terram
3095 3248 3284 3306 valde
3322 3266 3478 3323 opu-

374 3340 489 3402 bat
516 3340 893 3423 hospitium.
928 3344 1017 3402 E't
1043 3352 1445 3418 aynoscentes
1485 3362 1695 3404 vocem
1725 3346 1877 3405 ado-
1988 3346 2228 3404 lentam
2257 3353 2318 3404 et
2349 3345 2623 3406 uberem.
2661 3345 2878 3405 Nolite
2905 3346 3247 3422 neyliyere,
3279 3347 3478 3407 nolite

374 3441 673 3500 lescentis
688 3440 953 3510 Levitoe,
968 3438 1121 3520 quia
1140 3458 1217 3501 ex
1237 3440 1425 3503 modo
1446 3458 1577 3504 suae
1597 3440 1873 3523 loquelae

373 3556 528 3599 eum
548 3544 885 3600 noverunt.
898 3536 1246 3619 Nempe(ut
1263 3538 1506 3601 dictum
1526 3541 1649 3619 est)
1663 3558 1877 3621 quam·

374 3634 477 3697 vis
512 3654 737 3698 omnes
765 3634 965 3698 Judaei
1000 3653 1129 3697 uno
1170 3634 1472 3699 idiomate
1518 3645 1869 3714 uterentur,

372 3733 540 3795 illud
563 3740 777 3795 tamen
796 3733 1223 3797 diversimode
1256 3734 1689 3815 proferebant,
1708 3736 1877 3799 sicut

376 3832 445 3894 in
494 3831 728 3895 ceteris
774 3830 936 3895 solet
986 3830 1131 3895 fieri
1184 3831 1448 3914 linguiS.
1504 3837 1875 3916 Utentesque

374 3933 573 3991 itlius
600 3932 981 4001 diversor-ic,
1014 3929 1077 3993 id
1117 3938 1213 3993 est
1247 3932 1437 3995 domo
1478 3951 1591 3995 seu
1624 3951 1874 3996 camera

376 4028 445 4090 in
494 4047 627 4111 qua
675 4028 1031 4092 necessaria
1076 4028 1329 4111 corpori
1378 4031 1758 4105 exercebam
1804 4032 1871 4093 in

375 4126 651 4209 praefata
671 4146 821 4193 vero
850 4127 1118 4191 aedicula
1148 4128 1429 4191 exercuit
1458 4148 1574 4192 sua
1601 4129 1821 4192 divina
1856 4154 1869 4205 ;

1985 3462 2245 3502 cessare.
2277 3443 2525 3502 Eamus
2554 3451 2613 3502 et
2635 3444 3080 3519 possideamus
3112 3464 3298 3515 eam,·
3326 3448 3476 3505 nul-

1986 3544 2087 3601 lus
2130 3540 2256 3601 erit
2293 3540 2492 3601 labor.
2529 3541 2930 3601 Intrabimus
2967 3543 3055 3602 ad
3097 3562 3352 3603 securos
3403 3545 3474 3603 in

1985 3640 2310 3715 reqionem
2350 3640 2758 3709 latissimam,
2786 3642 3119 3720 tradetque
3149 3641 3328 3701 nobis
3359 3643 3480 3702 Do-

1986 3740 2206 3797 minus
2257 3740 2486 3807 locum,
2530 3739 2602 3797 in
2635 3756 2759 3815 quo
2805 3740 3062 3799 nullius
3111 3741 3209 3799 rei
3241 3750 3331 3799 est
3371 3760 3480 3816 pe-

1985 3838 2220 3906 nuria,
2266 3856 2488 3897 eorum
2545 3856 2689 3915 quae
2739 3838 2958 3914 qiqnit
3014 3840 3282 3899 liumus.
3345 3838 3473 3902 Hoc

1987 3933 2394 4017 hyperbolice
2442 3933 2683 3996 dictum
2731 3943 2848 4012 est,
2895 3936 2973 3998 ad
3017 3935 3470 3999 insinuandum

1986 4032 2489 4113 magnitudinem
2519 4033 2863 4114 opulentiae
2895 4042 3076 4098 terrae
3105 4033 3302 4097 illius.
3325 4034 3481 4097 Mul-

1983 4139 2047 4194 ta
2093 4139 2305 4194 tamen
2352 4131 2700 4211 gignuntur
2746 4151 2824 4195 ex
2873 4142 3040 4196 terra
3090 4133 3370 4215 pretiosa
3409 4142 3474 4197 et

374 4229 701 4288 dixerunt
730 4230 819 4288 ad
845 4248 993 4288 eum
1025 4245 1049 4288 .·
1083 4229 1239 4297 Quis
1280 4238 1336 4288 te
1365 4228 1492 4289 huc
1529 4232 1814 4290 adduoeit
1845 4231 1876 4289 ἓ
1905 4232 1955 4295 D
1984 4230 2408 4307 medicinalia,
2442 4248 2588 4311 quae
2623 4230 2714 4292 ibi
2745 4248 2874 4294 non
2903 4240 3124 4307 erant3
3159 4232 3270 4297 sed
3301 4252 3477 4297 com-

374 4328 547 4407 quid
564 4327 673 4387 liic
690 4327 1085 4406 aqis?quam
1102 4328 1178 4386 ob
1205 4347 1471 4388 causam
1497 4329 1623 4387 liuc
1653 4330 1877 4389 venire

376 4426 650 4485 voluisti
680 4426 710 4484 ?
740 4424 955 4505 ltaque
979 4424 1101 4487 tria
1132 4424 1720 4505 interrogaverunt:
1748 4427 1878 4508 pri-

374 4542 583 4599 mum,
623 4542 662 4585 a
709 4542 839 4605 quo
886 4531 1053 4587 esset
1098 4524 1439 4601 adductus;
1491 4526 1868 4603 secundum,

374 4622 537 4703 quid
586 4629 803 4702 ageret
838 4621 965 4696 ihi;
1010 4622 1288 4699 tertium,
1314 4642 1443 4703 ncur
1486 4622 1641 4686 illuc
1684 4624 1878 4689 adve-

378 4720 573 4783 nerit.
610 4720 750 4802 Ipse
793 4738 942 4783 vero
994 4738 1121 4783 uon
1170 4720 1502 4802 respondit
1545 4721 1637 4784 eis
1677 4724 1878 4805 expli-

378 4819 529 4896 cite,
583 4827 898 4900 quantum
942 4838 1019 4881 ex
1061 4826 1231 4881 textu
1278 4819 1571 4896 habetur,
1618 4820 1747 4882 nisi
1797 4824 1875 4885 ad

379 4917 759 4993 secundum,
785 4916 939 4998 quia
987 4916 1320 4998 subjungit
1362 4935 1375 4978 :
1416 4920 1572 4979 Hoec
1614 4928 1674 4979 et
1717 4920 1877 4993 haec,

379 5017 687 5081 videlicet
712 5017 933 5079 decem
970 5024 1323 5097 argenteOS,
1360 5024 1730 5098 vestemque
1758 5020 1878 5081 du-

380 5116 617 5198 plicem
649 5124 713 5178 et
743 5114 941 5177 victui
973 5115 1353 5191 necessaria,
1378 5117 1687 5192 praestitit
1712 5120 1880 5180 milti

384 5218 663 5285 menas,
694 5222 767 5276 ut
804 5214 1189 5296 praecedenti
1230 5212 1434 5277 fertur
1477 5214 1783 5295 capitulo,
1817 5230 1877 5279 et

382 5336 482 5376 me
496 5298 788 5377 'mercede
814 5315 1153 5387 conduxit,
1174 5332 1287 5395 per
1306 5314 1473 5376 dona
1493 5312 1781 5395 prael'ata,
1804 5329 1877 5379 ut

1984 4329 2162 4392 muni
2185 4328 2383 4391 victui
2407 4329 2763 4391 necessaria
2781 4328 3194 4393 abundabant
3212 4330 3470 4395 ibidem.

2060 4429 2351 4505 Profecti
2395 4438 2548 4489 sunt
2577 4447 2724 4507 erqo
2761 4432 2844 4489 de
2889 4431 3264 4506 coqnatione
3313 4434 3466 4493 Dan

1983 4528 2267 4587 seoecenti
2286 4528 2420 4586 viri
2449 4528 2723 4587 accincti
2751 4529 2957 4589 armis
2977 4530 3241 4601 bellicis,
3261 4550 3476 4590 ascen-

1984 4628 2322 4703 dentesque
2353 4635 2730 4686 manserunt
2761 4628 2833 4685 in
2875 4628 3367 4701 Cariatkiarim,
3404 4627 3465 4689 id

1987 4732 2083 4787 est
2112 4723 2269 4787 urbe
2298 4723 2390 4786 sic
2420 4724 2609 4801 dicta,
2631 4727 2846 4793 Judoe,
2877 4724 2942 4785 id
2976 4733 3073 4787 est
3105 4725 3464 4808 pertinente

1987 4824 2065 4885 ad
2111 4823 2348 4885 tribum
2385 4823 2582 4899 Juda3
2630 4826 2750 4901 qui
2781 4827 2952 4883 locus
2980 4843 3060 4884 ex
3087 4844 3156 4884 eo
3198 4833 3474 4903 tempore

1986 4931 2346 4981 castrorum
2376 4924 2526 4981 Dan
2553 4941 2784 4980 nomen
2815 4923 3076 4998 accepit,
3114 4920 3175 4982 id
3209 4928 3328 4999 est,
3366 4923 3475 4985 de-

1990 5020 2137 5081 inde
2178 5026 2439 5082 vocatus
2486 5026 2605 5095 est,
2650 5026 2856 5081 castra
2905 5018 3058 5094 Dan,
3095 5019 3246 5099 quia
3287 5021 3477 5085 turba

1988 5138 2065 5181 ex
2095 5118 2266 5181 tribu
2297 5118 2429 5179 Dan
2472 5125 2638 5194 nata,
2675 5116 2763 5179 ibi
2798 5118 2877 5180 ad
2919 5126 3168 5200 tempus
3209 5138 3320 5181 seu
3361 5139 3477 5202 per

1988 5225 2239 5280 noctem
2279 5215 2547 5296 quievit,
2572 5225 2630 5275 et
2668 5226 2756 5277 est
2777 5226 2922 5294 post
2966 5227 3214 5294 teryum
3259 5221 3478 5280 Caria-

1990 5316 2285 5377 tkiarim.
2307 5313 2394 5374 Ex
2424 5331 2552 5394 quo
2573 5313 2846 5391 videtur,
2871 5314 3042 5395 quod
3074 5333 3201 5381 non
3234 5334 3478 5379 manse-

3527 1483 3752 1537 'inpete
