4359 6250
918 533 1269 581 munaum
1310 535 1373 580 IN
1416 535 1550 580 ΒΑΕ.
1598 531 1707 580 XIX
1751 530 1906 580 unm
1948 531 2115 580 mum
2161 531 2386 581 amun.
2431 555 2512 564 -
2553 532 2694 581 ΛΒΤ.
2743 531 2934 584 xxxvl

3347 513 3460 584 371

362 707 565 770 verba
597 709 1055 791 prophetarum
1098 710 1472 791 depromere
1510 715 1862 788 coeperunt.
1897 703 1949 766 A
1980 725 2194 770 veram
2225 708 2793 791 devotionemquae
2822 709 3146 772 caritatem
3178 717 3242 772 et
3269 709 3468 772 virtu-

364 809 559 875 Quod
587 827 793 887 quum
834 811 1219 870 nuntiatum
1249 817 1402 868 esset
1432 807 1652 876 Sauli,
1687 806 1867 866 misit

360 915 425 964 et
456 907 626 966 alios
654 909 919 969 nuntios
939 932 967 979 ,·
978 909 1530 984 prophetaverunt
1561 914 1779 964 autem
1808 913 1867 963 et

362 1003 525 1078 ipsi.
544 1006 632 1064 Et
652 1025 919 1066 rursum
952 1006 1131 1065 misit
1149 1007 1319 1066 Saul
1342 1005 1557 1064 tertios
1576 1003 1867 1069 vtuntios,

360 1102 490 1178 qui
518 1112 579 1162 et
610 1103 741 1180 ipsi
763 1106 1339 1180 prophetaverunt.

446 1201 541 1260 Et
582 1202 795 1262 iratus
828 1204 1181 1262 iracundia
1224 1201 1457 1266 vitiosa
1494 1203 1686 1269 Saul,
1731 1205 1867 1259 tan-

358 1313 565 1378 quam
596 1297 955 1361 obstinatus
996 1299 1062 1360 in
1103 1298 1435 1380 pravitate,
1470 1296 1583 1379 qui
1624 1297 1705 1358 de
1732 1311 1867 1373 gra-

360 1395 553 1458 tiosis
584 1395 933 1460 effectibus
965 1397 1239 1479 Spiritus
1272 1396 1507 1473 Sancti,
1544 1393 1863 1459 concessis

356 1494 499 1556 suis
546 1495 881 1572 ministriS,
920 1514 1046 1560 non
1090 1497 1223 1577 jam
1268 1495 1505 1576 gratias
1553 1494 1704 1576 egit,
1754 1491 1865 1554 sed

358 1592 847 1673 indignabatur,
881 1596 1047 1655 abiit
1088 1597 1287 1654 etiam
1332 1593 1562 1670 ipsein
1608 1589 1867 1673 propria

356 1711 663 1772 persona,
709 1701 779 1754 ut
821 1693 989 1755 male
1031 1700 1329 1755 tractaret
1365 1691 1579 1768 David,
1616 1694 1689 1751 in
1727 1693 1865 1751 Ra-

353 1793 617 1861 matha,
646 1801 706 1851 et
750 1794 927 1852 venit
958 1811 1159 1870 usque
1203 1794 1290 1851 ad
1332 1793 1679 1851 cisternam
1730 1809 1865 1848 ma-

1980 813 2103 867 tem
2136 805 2338 869 latriae
2381 807 2816 890 praesupponit
2849 815 2913 870 et
2952 807 3167 888 exigit,
3203 808 3352 888 quia
3391 827 3467 869 ex

1980 904 2108 965 illis
2139 906 2446 986 procedit.
2479 907 2575 968 An
2607 908 2818 988 potius
2862 906 3220 970 habuerunt
3247 926 3470 989 quam-

1975 1003 2121 1065 dam
2151 1004 2556 1068 devotionem
2579 1005 2900 1069 volatilem
2931 1013 2994 1069 et
3022 1005 3387 1082 informem,
3407 1014 3471 1070 ct

1976 1101 2349 1165 sensibilem
2393 1105 2733 1184 quemdam
2782 1103 3118 1180 fervorem,
3167 1105 3468 1185 quemad-

1977 1199 2234 1261 modum
2259 1200 2442 1263 multi
2469 1201 2538 1263 in
2559 1200 2932 1264 mortalibus
2962 1201 3134 1264 vitiis
3164 1201 3468 1264 exsisten-

1978 1303 2093 1373 teS,
2112 1308 2630 1380 compunguntur
2659 1307 2722 1362 et
2751 1298 3004 1382 plorant
3033 1301 3112 1363 ad
3146 1300 3364 1362 horam
3390 1318 3466 1362 ex

1978 1395 2509 1460 sermocinatione
2548 1404 2657 1458 aut
2693 1397 2967 1460 melodia
3010 1397 3316 1475 ecclesiae,
3351 1415 3464 1460 seu

1976 1492 2351 1556 devotorum
2388 1495 2804 1577 inspectione,
2839 1502 2948 1558 aut
2979 1515 3054 1558 ex
3084 1496 3240 1558 visis
3277 1496 3468 1558 mira-

1975 1591 2160 1668 culiS,
2195 1593 2307 1674 qui
2341 1601 2550 1656 tamen
2573 1613 2785 1657 veram
2819 1613 2946 1656 non
2979 1594 3468 1656 habenteontri-

1975 1689 2238 1768 tionem,
2282 1711 2398 1754 nec
2437 1692 2698 1774 plenum
2737 1693 3197 1755 emendationis
3238 1711 3467 1774 propo-

1976 1789 2192 1852 situm.
2227 1791 2305 1852 Et
2337 1792 2478 1853 talis
2522 1791 2798 1868 devotio,
2834 1799 2930 1854 est
2970 1792 3209 1855 donum
3247 1791 3466 1871 gratiae

343 1908 587 1965 ynam,
606 1911 751 1969 quae
778 1899 869 1950 est
901 1891 975 1950 in
1007 1892 1229 1958 Soc-he,
1259 1899 1319 1950 et
1340 1889 1773 1964 interroyavit
1803 1896 1863 1947 et
1900 1888 1946 1950 B
1971 1888 2166 1967 gratis
2199 1890 2380 1966 datae,
2406 1889 2658 1971 qualem
2691 1897 2752 1952 et
2781 1889 2978 1952 Judaei
3002 1908 3170 1971 saepe
3201 1889 3458 1966 habent,

350 1989 543 2047 ‹1th
564 2007 589 2049 .·
610 1991 693 2049 In
725 1995 849 2068 quo
884 1992 1013 2048 loco
1042 1997 1194 2049 sunt
1224 1990 1497 2049 Samuel
1524 1997 1583 2047 et
1604 1988 1865 2046 David?

352 2087 757 2166 Dictumque
783 2095 875 2147 est
903 2087 965 2145 ei
995 2107 1018 2145 .·
1049 2088 1211 2147 Eece
1241 2087 1315 2146 in
1348 2087 1592 2148 Naiotlz
1624 2087 1696 2144 in
1726 2087 1862 2145 Ra-

356 2187 591 2246 matha
620 2195 796 2246 sunt.
828 2187 916 2246 Et
947 2185 1112 2246 abiit
1142 2183 1215 2244 ih
1247 2185 1491 2245 Naiotlz
1520 2185 1593 2244 in
1622 2186 1865 2245 Rama-

356 2285 499 2344 tka.
534 2285 623 2344 Et
648 2284 869 2360 factus
895 2293 985 2343 est
1014 2285 1211 2343 etiam
1250 2302 1444 2359 super
1470 2303 1618 2342 eum
1648 2283 1864 2358 Spiri-

354 2391 465 2441 tus
503 2383 807 2451 Domini,
850 2391 910 2442 et
950 2383 1324 2442 ambulabat
1374 2382 1772 2457 inqrediens,
1801 2388 1860 2438 et

342 2481 783 2557 prophetabat
806 2500 1007 2558 usque
1033 2483 1194 2540 dum
1216 2481 1463 2539 veniret
1495 2481 1566 2539 in
1590 2479 1855 2540 Naiotlz.

353 2581 445 2639 Ec
496 2578 675 2642 velut
735 2597 955 2641 amens
1006 2576 1315 2652 effectuS,
1365 2579 1753 2654 eoespoliavit
1798 2597 1861 2636 se

348 2679 558 2738 etiam
590 2679 727 2754 ipse
755 2679 1149 2739 vestimentis
1180 2678 1344 2746 sui-3,
1374 2675 1613 2756 regalia
1654 2682 1717 2737 et
1757 2695 1863 2737 ex-

348 2775 597 2838 teriora
628 2775 1003 2838 indumenta
1033 2773 1342 2850 exuendo,
1370 2782 1432 2836 et
1465 2773 1731 2835 forsitan
1766 2773 1861 2835 in-

348 2874 615 2936 duendo
658 2873 958 2955 superius
1004 2872 1287 2954 aliquam
1332 2871 1565 2934 lineam
1617 2880 1858 2935 vestem

349 2971 751 3052 religiosam,
777 2972 943 3034 sicut
974 2979 1125 3033 tunc
1148 2970 1355 3032 induti
1379 2978 1559 3033 erant
1591 2969 1685 3030 illi
1716 2987 1861 3050 pro-

1974 2005 2045 2048 ac
2077 1986 2405 2050 Sarraceni
2450 1987 2517 2050 in
2561 1987 2790 2050 ritibus
2821 1987 2975 2050 suiS.
3019 1987 3231 2061 Qualis
3270 1988 3460 2050 etiam

1976 2083 2239 2148 forsitan
2275 2085 2399 2147 suit
2429 2105 2646 2148 eorum
2679 2085 3109 2168 compunctio,
3136 2086 3248 2168 qui
3281 2085 3460 2148 missi

1972 2183 2050 2244 ad
2097 2184 2767 2266 comprehendendum
2822 2184 3168 2260 Christum,
3221 2185 3459 2249 reversi

1971 2281 2049 2342 ad
2096 2280 2345 2344 Scribas
2381 2290 2444 2344 et
2480 2281 2846 2360 PharisaeOS,
2893 2281 3237 2346 dixerunt:
3285 2283 3457 2344 Nun·—
3513 2299 3748 2348 Joannsn,

1972 2381 2160 2460 quam
2208 2380 2298 2442 sic
2345 2380 2590 2443 locutus
2635 2389 2730 2443 est
2769 2381 2980 2458 homo,
3020 2381 3185 2443 sicut
3232 2381 3336 2444 hic
3376 2381 3461 2444 lo-
3487 2365 3556 2407 ⁴⁶·

1972 2477 2210 2559 quitur.
2254 2479 2330 2541 Et
2369 2479 2540 2541 istud
2571 2480 2922 2542 secundum
2954 2479 3207 2543 videtur
3238 2479 3460 2561 proba-

1971 2575 2187 2638 biliter
2227 2595 2412 2658 posse
2457 2577 2680 2640 teneri.
2713 2577 2890 2640 Unde
2933 2584 2996 2640 et
3034 2577 3328 2640 Rabanus
3372 2578 3460 2639 ait

1972 2674 2075 2738 hic
2112 2692 2127 2736 :
2161 2675 2294 2738 Non
2335 2684 2432 2738 est
2473 2676 2722 2752 mirum,
2753 2676 3076 2739 hominem
3114 2675 3458 2758 reprobum

1970 2773 2334 2837 transitorie
2355 2775 2748 2856 prophetare.
2769 2774 2846 2836 Et
2866 2781 2937 2836 ut
2958 2773 3133 2836 addit
3153 2774 3454 2850 IsidoruS,

1973 2872 2049 2934 de
2083 2871 2316 2934 talibus
2346 2873 2631 2935 dicturus
2662 2880 2760 2934 est
2776 2871 3078 2934 Dominus
3101 2889 3115 2934 ε
3135 2872 3334 2934 Amen
3367 2872 3461 2934 di-
3489 2885 3752 2937 nattam,

1970 2988 2045 3034 co
2076 2970 2282 3047 vobis,
2319 2970 2540 3034 Nescio
2571 2989 2704 3035 νος.
2737 2971 2948 3034 Nihilo
2981 2970 3192 3033 minus
3233 2988 3462 3050 magna
3492 2952 3558 2992 ¹²·

352 3070 593 3153 pheta»,
643 3089 790 3133 cum
837 3069 1075 3153 quibus
1116 3068 1349 3133 cecinit
1395 3069 1541 3132 De0.
1584 3068 1661 3130 Et
1707 3067 1861 3149 quia
1894 3067 1939 3133 C
1971 3068 2407 3133 misericordia
2436 3069 2545 3133 Dei
2579 3067 2726 3147 fuit,
2751 3069 2942 3152 hujus
2973 3069 3462 3152 qualiscumque

348 3169 459 3232 hic
506 3168 767 3245 dicitur,
802 3167 1197 3251 Exspoliavit
1236 3188 1304 3231 se
1344 3167 1536 3230 etiam
1573 3167 1731 3249 ipse,
1768 3165 1861 3229 vi-

345 3268 543 3331 detur
569 3268 746 3350 quod
788 3276 853 3331 et
884 3266 1136 3351 praefati
1173 3266 1385 3330 nuntii
1417 3286 1487 3329 se
1517 3265 1863 3331 conformi-

346 3376 447 3430 ter
494 3375 834 3431 exuerunt.
870 3370 955 3429 Εἰ
986 3368 1407 3446 prophetavit
1449 3387 1597 3427 eum
1638 3366 1861 3425 ceteris

348 3488 579 3528 coram
610 3470 940 3535 Samuele,
968 3476 1027 3526 et
1058 3467 1291 3527 cecinit
1323 3464 1540 3528 laudes
1573 3466 1697 3527 Deo
1733 3462 1863 3524 tota

350 3566 465 3625 die
498 3568 627 3626 illa
654 3574 715 3625 et
744 3574 922 3625 nocte
941 3568 1183 3636 nuduS,
1208 3563 1275 3625 id
1304 3571 1401 3626 est
1419 3582 1643 3645 parum
1673 3561 1864 3626 vesti-

356 3674 486 3741 tus,
544 3683 659 3727 seu
708 3663 915 3727 solitis
958 3663 1379 3727 exterioribus
1432 3662 1715 3727 vestibus
1763 3682 1865 3724 ca-

94 3774 325 3851 ganum.
357 3782 513 3826 rens
568 3781 583 3825 ε
632 3762 801 3826 sicut
850 3763 916 3824 in
965 3762 1309 3843 Evangelio
1370 3762 1601 3841 legitur
1646 3761 1865 3824 Petrus

98 3863 125 3879 ’·
362 3862 571 3925 fuisse
603 3862 815 3924 nudus
854 3862 1203 3943 piscando;
1237 3870 1301 3923 et
1343 3860 1711 3923 adolescens
1751 3859 1863 3941 qui

246 3984 325 4018 m,
356 3961 691 4024 Christum
722 3961 1253 4043 comprehensum
1284 3958 1688 4041 sequebatur,
1712 3958 1868 4021 ami-

358 4068 507 4122 ctus
537 4067 676 4122 erat
704 4058 973 4121 sindone
994 4077 1187 4140 super
1208 4058 1401 4119 nudo.
1429 4056 1530 4120 Sic
1560 4065 1621 4120 et
1640 4056 1864 4119 Michol

358 4157 531 4220 dixit
558 4157 641 4220 ad
670 4156 1109 4239 David,quum
1141 4164 1287 4218 ante
1308 4174 1520 4218 arcam
1550 4155 1860 4232 saltasset,

114 3966 241 4011 Nm.

94 4032 149 4077 ⁵¹.
166 4034 225 4075 52.

1969 3168 2327 3233 devotionis
2357 3168 2635 3233 collatio.

2048 3268 2232 3329 Juxta
2272 3268 2664 3349 allegoriam,
2709 3268 3244 3349 quemadmodum
3295 3267 3462 3331 Jerc-
3532 3284 3700 3359 seu-ug

1971 3366 2153 3443 miaS,
2190 3366 2275 3429 ita
2317 3374 2380 3429 et
2408 3366 2604 3428 David
2641 3366 2776 3429 suis
2814 3367 3089 3429 assiduis
3128 3376 3320 3449 atque
3352 3367 3463 3429 du·
3489 3347 3740 3402 'mmmm

1973 3464 2244 3527 rissimis
2288 3465 2838 3547 persecutionibus
2883 3465 3006 3529 sibi
3058 3486 3096 3529 a
3131 3465 3278 3530 Saul
3332 3465 3464 3529 illa-

1975 3563 2077 3641 tis,
2100 3563 2418 3627 Christum
2459 3572 2521 3626 et
2563 3564 2701 3645 ejus
2743 3565 3216 3646 persecutiones
3260 3564 3386 3628 sibi
3427 3585 3466 3627 a

1970 3662 2200 3725 Judaeis
2251 3660 2555 3738 inflictaS‚
2591 3663 2942 3743 praesertim
2992 3682 3029 3725 a
3061 3663 3463 3745 principibus

1975 3761 2396 3837 sacerdotum,
2442 3759 2902 3842 proefiguravit.
2944 3761 3022 3822 Et
3058 3762 3225 3825 sieut
3263 3761 3457 3826 David

1972 3858 2307 3922 abscondit
2345 3878 2434 3935 se,
2459 3859 2540 3921 de
2571 3859 2840 3922 consilio
2868 3860 3153 3923 Ionathae
3201 3859 3326 3922 sibi
3369 3860 3464 3921 di-

1975 3958 2200 4033 centiS,
2229 3959 2474 4027 Quaerit
2496 3967 2684 4034 pater
2713 3978 2892 4018 meus
2925 3960 3207 4021 occidere
3240 3968 3296 4019 te
3315 3982 3343 4030 ,·
3371 3958 3464 4021 sie

1974 4054 2262 4118 Christus
2290 4053 2686 4116 abscondens
2719 4072 2807 4131 se,
2834 4054 3029 4116 exivit
3060 4055 3138 4117 de
3169 4054 3407 4137 templo
3445 4073 3458 4117 ε
3503 4078 3757 4128 summm,

1975 4153 2077 4216 cui
2109 4161 2171 4216 et
2203 4152 2496 4215 nonnulli
2539 4152 2857 4229 dixerunt,
2893 4152 3065 4215 Vade
3103 4152 3277 4229 hine,
3312 4152 3464 4234 quia
3494 4144 3757 4255 {mmm-

360 4266 597 4321 exutus
648 4257 853 4337 regias
900 4264 1108 4319 vestes
1160 4263 1223 4318 et
1270 4255 1479 4337 ephod
1529 4255 1793 4316 indutus
1846 4251 1944 4315 :D
1974 4253 2249 4315 Herodes
2279 4250 2508 4334 quaerit
2536 4250 2824 4313 occidere
2847 4258 2927 4313 te.
2953 4251 3144 4314 Porro
3173 4252 3463 4315 obsessio

96 4360 329 4464 „lube-v·-
359 4356 567 4430 Quam
596 4354 913 4435 gloriosus
942 4353 1071 4417 fuit
1099 4373 1209 4417 rex
1238 4353 1425 4415 Israel
1456 4352 1645 4415 hodie
1674 4353 1868 4415 nuda-

141 4456 151 4466 '
362 4462 492 4532 tus»,
517 4454 707 4535 quasi
738 4452 793 4515 si
825 4452 1101 4517 nudetur
1130 4472 1296 4513 unus
1326 4452 1405 4514 de
1435 4451 1669 4514 scurris
1696 4456 1709 4512 t
1746 4455 1869 4514 Un-

98 4562 211 4621 tneq.
224 4570 329 4619 ms.
361 4558 443 4614 de
459 4563 527 4614 et
545 4554 753 4613 esm'vit
766 4554 1216 4631 proverbium:
1233 4552 1413 4614 Num
1432 4561 1491 4611 et
1511 4554 1677 4611 Saul
1698 4552 1869 4611 inter

354 4655 711 4730 prophetas
732 4654 763 4711 ἓ
780 4650 965 4733 quasi
984 4649 1358 4713 admirando
1384 4648 1621 4726 dicant,
1646 4648 1866 4712 Mirum

363 4760 463 4814 est
494 4749 826 4814 hominem
870 4748 1061 4813 talem
1094 4749 1187 4812 sic
1222 4747 1561 4810 assimilari
1596 4747 1868 4829 prophe-

366 4850 472 4912 tis.
498 4850 673 4911 Istud
704 4867 961 4930 quoque
980 4866 1175 4930 supra
1203 4847 1560 4929 expositum
1597 4846 1740 4909 fuit.
1760 4846 1867 4909 Po-

366 4958 493 5013 test
535 4958 750 5012 tamen
798 4948 901 5011 hie
956 4948 1160 5030 accipi
1199 4947 1382 5029 quasi
1439 4946 1725 5009 irrisorie
1774 4946 1869 5009 di-

364 5058 551 5113 ctum
590 5064 605 5109 ε
650 5055 951 5128 tanquam
995 5047 1233 5123 dicant,
1270 5046 1393 5107 Ista
1432 5045 1687 5110 devotio
1738 5064 1867 5109 non

366 5148 479 5210 diu
512 5146 797 5209 durabit.

446 5247 638 5310 Circa
678 5246 813 5309 haec
855 5244 1183 5327 quaeritur,
1217 5242 1495 5326 qualiter
1535 5244 1740 5307 faetus
1790 5243 1873 5305 sit

370 5344 439 5408 in
472 5344 617 5408 istis
647 5336 921 5427 Spiritus
951 5342 1086 5419 Dei,
1120 5361 1198 5405 an
1239 5341 1483 5406 scilicet
1514 5342 1874 5405 habuerunt

1974 4351 2170 4415 David
2195 4351 2260 4412 in
2289 4351 2478 4413 domo
2499 4368 2614 4411 sua
2634 4368 2671 4411 a
2699 4349 3081 4412 satellitibus
3105 4349 3274 4427 Saul,
3299 4350 3463 4431 quid

1974 4450 2146 4512 aliud
2186 4467 2380 4530 quam
2423 4447 2655 4511 Christi
2708 4447 2773 4509 in
2824 4447 3118 4530 sepulcro
3166 4448 3461 4512 collocati

1974 4547 2466 4611 custoditionem
2502 4545 2917 4627 praesignasse
2936 4545 3226 4608 videtur?
3248 4546 3324 4607 Et
3346 4546 3466 4610 sie-
3537 4560 3706 4603 uacet..

1976 4656 2047 4711 ut
2080 4646 2274 4710 David
2313 4645 2600 4722 dimisso,
2635 4644 2915 4726 positum
2955 4652 3050 4707 est
3092 4644 3160 4706 in
3202 4644 3343 4725 ejus
3379 4645 3466 4708 le-
3496 4637 3620 4675 '‘m''
3647 4626 3716 4666 ⁶⁶·

1975 4746 2146 4809 ctulo
2177 4743 2631 4817 simulacrum3
2675 4742 2767 4805 sic
2805 4741 3052 4804 Christo
3091 4759 3346 4821 egresso
3384 4742 3462 4807 de

1976 4850 2412 4919 monumento,
2446 4840 2753 4904 collocata
2780 4848 2928 4901 sunt
2966 4839 3032 4900 in
3065 4839 3207 4920 ejus
3238 4858 3465 4904 monu-

1977 4952 2192 5006 mento
2220 4940 2594 5003 linteamina
2613 4946 2804 5019 atque
2834 4937 3183 5000 sudarium.
3210 4938 3288 4999 At
3313 4958 3464 5003 vero
3509 4955 3671 4998 Joam.
3689 4965 3758 5004 xx,

1977 5062 2091 5125 per
2125 5040 2384 5104 nuntios
2422 5039 2651 5101 missos
2689 5038 2768 5099 ad
2811 5036 3007 5099 David
3052 5038 3462 5119 capiendum,
3495 5019 3537 5068 δ’
3557 5020 3598 5059 ⁷·

1978 5142 2091 5224 qui
2138 5148 2382 5202 mutato
2412 5136 2738 5220 proposito
2771 5135 3337 5218 prophetaverunt,
3385 5137 3470 5199 si-

1978 5239 2370 5322 gnificantur
2399 5236 2633 5299 Scribae
2663 5242 2726 5296 et
2759 5233 3079 5311 Pharisaei,
3113 5234 3224 5315 qui
3270 5253 3346 5297 ex
3377 5235 3471 5297 in-

1981 5338 2320 5421 stigatione
2368 5332 2752 5417 pontificum
2803 5331 3026 5395 directi
3081 5331 3340 5396 fuerunt
3389 5336 3469 5397 ad
