4359 6250
608 2865 713 2908 Lev.
739 2879 809 2916 vn,

548 2931 598 2971 12
616 2934 659 2972 et
676 2941 768 2983 seq.

850 497 969 560 254

1518 512 1865 560 ENARRAUO
1910 512 1971 556 IN
2014 510 2151 557 cn.
2199 511 2218 554 1
2260 509 2419 554 LIBRI
2461 509 2640 555 Pium.
2673 511 2895 557 amun.
2943 529 3024 540 —-
3063 510 3204 557 ΛΒΤ.
3250 512 3273 557 1

846 681 1546 764 est,supernaturaliter
1577 681 1751 743 dedit
1780 679 1837 742 ei
1860 680 2157 743 virtutem
2191 697 2334 742 con·
2361 675 2411 737 A
2441 677 2585 739 culo
2635 679 2712 740 ad
2764 679 3169 742 serviendum
3223 679 3484 743 ibidem.
3519 680 3702 742 Pueri
3753 681 3937 762 equi-

843 780 1146 863 cipiendi.
1181 783 1267 841 Et
1297 782 1545 856 factum
1579 789 1669 839 est
1696 789 1837 856 post
1876 781 2200 838 circulum
2236 779 2334 836 di-

840 901 1048 950 crum,
1102 879 1384 956 concepit
1432 881 1657 946 Anna,
1706 876 2003 940 videlicet
2056 874 2331 938 evolutis

839 977 1065 1040 diebus
1096 995 1226 1038 suae
1257 974 1814 1057 reditioniS‚quum
1842 981 2332 1053 cognosceretur

839 1095 878 1136 a
918 1094 1033 1138 suo
1082 1075 1332 1136 marito.
1378 1074 1489 1135 Vel
1542 1073 1777 1135 dicitur
1828 1081 1970 1154 post
2016 1072 2330 1134 circulum

837 1173 1083 1235 dierum
1116 1171 1507 1253 concepisse,
1541 1178 1854 1251 quantum
1890 1171 1968 1232 ad
2000 1169 2333 1232 animatio-

839 1291 983 1333 nem
1039 1270 1205 1334 setus
1248 1271 1313 1331 in
1356 1277 1555 1344 utero,
1592 1287 1736 1350 quae
1780 1267 1949 1330 facta
1991 1276 2107 1344 est,
2144 1274 2334 1328 mate-

839 1371 937 1433 ria
979 1371 1056 1432 ad
1101 1370 1220 1432 hoc
1265 1367 1417 1430 satis
1462 1375 1685 1451 parata
1730 1374 1793 1429 et
1838 1366 2216 1446 organizata,
2253 1366 2331 1426 ad

840 1470 1011 1550 quod
1062 1487 1363 1530 numerus
1409 1473 1618 1529 cortus
1663 1465 1909 1528 dierum
1958 1464 2328 1545 requiritur.

844 1570 929 1628 Εἰ
949 1568 1201 1644 peperit
1228 1567 1476 1644 filiam,
1512 1566 1883 1642 vocavitque
1923 1583 2153 1622 nomen
2193 1563 2334 1640 ejus

842 1668 1129 1736 Samuel,
1144 1663 1314 1745 quod
1340 1663 1805 1743 interpretatur,
1827 1661 2170 1742 postulatio
2193 1660 2328 1736 Dei,

844 1781 955 1824 seu
996 1761 1351 1843 postulatus
1389 1779 1426 1822 a
1455 1760 1580 1822 Deo
1614 1780 1627 1824 ε
1666 1759 1807 1821 ideo
1849 1758 2007 1821 ratio
2039 1759 2333 1822 nomina-

2438 774 2584 836 dem
2615 775 2784 838 circa
2817 775 3016 839 finem
3048 777 3311 840 secundi
3345 777 3496 840 anni
3527 777 3736 841 solent
3766 796 3936 840 amo-

2441 873 2572 934 veri
2605 893 2642 936 a
2675 874 2856 936 lacte.

2521 970 2613 1032 Ad
2646 972 2922 1053 primum
2957 973 3183 1035 horum
3219 973 3730 1054 respondendum
3764 974 3934 1037 vide-

2443 1076 2573 1145 tur,
2627 1070 2798 1151 quod
2855 1071 3076 1152 utique
3121 1074 3471 1134 secundum
3520 1091 3932 1135 communem

2443 1167 2644 1246 legem
2697 1168 2841 1230 fieri
2891 1169 3133 1245 debuit,
3184 1179 3374 1250 prout
3414 1169 3478 1232 in
3523 1170 3934 1252 praeallegato

2443 1264 2606 1328 libro
2657 1265 2924 1328 Levitici
2976 1267 3054 1328 de
3103 1267 3528 1349 purificandis
3589 1267 3930 1350 puerperis

2441 1363 2824 1426 continetur.
2859 1363 2977 1426 Sed
3009 1364 3315 1444 quoniam
3349 1364 3601 1428 Samuel
3645 1374 3780 1428 erat
3813 1366 3936 1428 Do-

2443 1460 2616 1524 mino
2649 1462 2739 1524 sic
2771 1460 3123 1543 promissus
3155 1470 3218 1524 et
3257 1463 3617 1544 deputatuS,
3654 1464 3826 1545 quod
3863 1464 3932 1525 in

2442 1559 2580 1639 ejus
2601 1558 2777 1621 cultu
2796 1559 3032 1639 jugiter
3053 1569 3462 1641 permaneret,
3478 1571 3740 1643 apparet
3758 1562 3934 1642 quod

2445 1665 2645 1718 mater
2668 1658 2806 1737 ejus
2828 1677 2904 1720 ex
2935 1658 3353 1740 inspiratione
3375 1667 3436 1721 et
3456 1659 3934 1740 dispensatione

2442 1753 2662 1817 divina
2705 1754 3093 1818 infantulum
3133 1755 3308 1818 domi
3356 1755 3652 1830 tenuerit,
3693 1775 3936 1837 quous-

842 1860 1030 1923 tionis
1062 1861 1253 1942 hujus
1284 1858 1716 1940 subjungitur,
1750 1879 1818 1917 eo
1849 1861 2018 1938 quod
2048 1879 2089 1918 a
2120 1860 2334 1918 Domi·
2363 1853 2408 1916 B
2441 1869 2565 1932 que
2585 1852 3024 1915 ablactaretur.
3041 1853 3128 1914 Ex
3152 1854 3372 1915 eadem
3394 1871 3651 1935 quoque
3685 1854 3934 1917 ratione

834 1981 918 2020 no
952 1963 1336 2037 postulasset
1381 1978 1554 2027 cam,
1580 1957 1645 2019 id
1688 1964 1803 2030 est,
1842 1956 2037 2018 Deum
2084 1963 2330 2018 orasset

833 2076 946 2139 pro
968 2075 1165 2139 puero
1198 2056 1316 2118 isto
1348 2055 1473 2117 sibi
1502 2053 2070 2135 supernaturaliter
2090 2054 2324 2116 dando.

913 2159 1220 2217 Ascendit
1248 2165 1467 2216 autem
1498 2155 1604 2213 vir
1630 2155 1770 2230 ejus
1806 2155 2084 2222 Elcana,
2113 2163 2173 2212 et
2201 2172 2330 2213 om-

832 2255 937 2314 nis
978 2257 1208 2314 domus
1245 2253 1409 2330 ejzw,
1444 2251 1506 2312 id
1549 2259 1645 2312 est
1687 2250 2043 2327 domestici,
2079 2249 2325 2312 scilicet

832 2349 1175 2412 Phenenna
1217 2366 1363 2410 cum
1409 2346 1631 2409 sobole
1674 2365 1809 2422 sua,
1844 2355 1917 2406 ut
1961 2349 2326 2406 immolaret

836 2449 1112 2508 hostiam
1154 2451 1477 2506 solennem
1508 2447 1783 2506 Domino
1818 2461 1933 2525 pro
1974 2443 2321 2523 gratiarum

835 2546 1101 2620 actione,
1131 2543 1237 2626 [et]
1262 2554 1477 2604 votum
1496 2563 1706 2612 suum,
1733 2541 1794 2603 id
1817 2549 1912 2602 est
1932 2540 2326 2604 sacrificium

836 2645 1007 2726 quod
1040 2645 1165 2706 Deo
1205 2642 1519 2725 promisit,
1558 2642 1612 2702 si
1646 2660 1914 2722 puerum
1948 2640 2071 2702 sibi
2109 2660 2328 2704 conce-

838 2744 1035 2818 deret,
1071 2762 1181 2804 seu
1221 2741 1611 2804 oblationem
1644 2739 1921 2802 votivam
1964 2739 2099 2802 sive
2140 2759 2330 2823 spon-

842 2851 1114 2916 taneam,
1148 2841 1226 2902 de
1257 2839 1491 2920 quibus
1534 2838 1758 2901 hostiis
1789 2838 2022 2900 dicitur
2054 2839 2119 2899 in
2153 2838 2332 2900 Levi-

842 2940 993 3003 tico.
1029 2942 1115 3002 Et
1146 2942 1345 3000 Anna
1376 2959 1505 2999 non
1537 2939 1821 2998 ascendit
1856 2937 1969 2998 illa
2005 2936 2143 3000 vice
2182 2956 2328 2999 cum

2441 1959 2686 2031 poterat
2735 1950 2989 2013 interim
3037 1971 3074 2013 a
3116 1951 3482 2015 visitatione
3525 1952 3930 2015 tabernaculi

2439 2047 2782 2111 abstinere.

2519 2147 2613 2208 Ad
2661 2147 2920 2210 tertium
2971 2147 3261 2228 Magister
3315 2146 3380 2210 in
3429 2147 3715 2212 historiis
3764 2150 3855 2212 ait
3908 2168 3924 2212 ε

2436 2242 2702 2317 Quidam
2751 2247 2978 2309 dicunt
3029 2255 3153 2309 tres
3205 2266 3344 2310 esse
3392 2247 3851 2312 ablactationes
3905 2269 3922 2313 ε

2440 2343 2732 2424 primam,
2779 2364 2816 2406 a
2859 2345 3020 2408 lactc
3063 2345 3384 2423 mamillae,
3429 2364 3572 2427 quae
3616 2346 3695 2408 rit
3735 2347 3927 2411 tertio

2438 2461 2644 2517 anno;
2680 2444 3047 2518 secundam,
3070 2463 3107 2505 a
3136 2444 3298 2506 lacte
3331 2443 3642 2522 infantiae,
3668 2465 3813 2526 quae
3846 2445 3935 2507 rit

2439 2540 2709 2623 septimo
2762 2559 2964 2613 anno;
3009 2541 3280 2617 tertiam,
3319 2561 3356 2604 a
3405 2541 3564 2605 lacte
3608 2543 3927 2625 pueritiae,

2438 2657 2580 2719 quae
2606 2637 2632 2698 s
2635 2639 2682 2698 it
2702 2638 3099 2702 duodecimo,
3117 2639 3348 2721 Sicque
3371 2649 3729 2704 removetur
3747 2661 3928 2724 puer,

2439 2736 2646 2818 prima
2675 2735 3100 2800 ablactatione
3133 2757 3170 2799 a
3208 2739 3368 2801 lacte
3401 2739 3688 2816 nutriciS,
3725 2740 3806 2802 ab
3841 2741 3933 2822 ip-

2441 2855 2510 2898 sa
2538 2836 2815 2910 nutrice3
2841 2837 3119 2899 secunda
3149 2836 3569 2900 ablactatione
3599 2848 3934 2902 amovetur

2442 2953 2479 2996 a
2507 2934 2890 3015 paedagogo;
2939 2935 3144 3010 tertia,
3181 2954 3218 2997 a
3249 2943 3476 3000 tutore.
3517 2936 3740 2999 Dicunt
3773 2953 3927 3018 ergo

841 3039 980 3105 viro
1010 3055 1126 3101 suo
1157 3038 1236 3099 ad
1265 3037 1525 3098 domum
1545 3035 1654 3097 Dei
1686 3035 1751 3097 in
1776 3035 2134 3098 Silo.Dz‘oeit
2154 3039 2331 3096 enim
2359 3043 2403 3106 C
2440 3032 2726 3114 quidam,
2761 3052 3030 3114 puerum
3062 3033 3418 3097 Samuelem
3459 3037 3800 3099 adduct-um
3843 3038 3924 3099 ad

842 3141 984 3199 viro
1032 3157 1145 3197 suo
1186 3157 1207 3195 .·
1245 3138 1391 3199 Non
1444 3138 1707 3205 vadam,
1740 3138 1937 3195 donec
1974 3137 2331 3195 ablactetur

840 3239 1094 3316 insana,
1136 3245 1194 3295 et
1240 3238 1477 3295 ducam
1522 3254 1670 3293 eum
1715 3234 1791 3295 ad
1842 3232 2325 3295 tabernaculum

842 3333 1115 3408 Domini,
1151 3342 1221 3393 ut
1260 3341 1571 3411 appareat
1601 3342 1750 3391 ante
1778 3341 2179 3409 conspectum
2210 3335 2332 3393 Do-

840 3435 1033 3505 mini,
1065 3431 1177 3514 qui
1210 3430 1275 3492 in
1307 3429 1714 3493 tabernaculo
1744 3429 2109 3510 specialiter
2141 3430 2323 3492 habi-

840 3540 973 3593 tare
1003 3530 1423 3605 asserebatur,
1458 3539 1515 3589 et
1548 3538 1808 3589 maneat
1846 3529 2234 3605 ibijuyiter,
2262 3529 2326 3590 id

840 3638 937 3691 est
966 3629 1138 3692 omni
1170 3637 1455 3710 tempore
1484 3634 1867 3708 opportuno.
1910 3629 1990 3687 Et
2018 3630 2115 3687 ait
2152 3631 2333 3689 Elea-

840 3750 928 3789 na
968 3731 1073 3789 vir
1108 3748 1264 3788 suus
1294 3748 1316 3785 .·
1347 3730 1480 3788 Fac
1519 3728 1690 3805 quod
1728 3726 1963 3784 bonu-m
2008 3727 2125 3785 tibi
2160 3728 2332 3785 vide-

843 3838 971 3899 tur,
1004 3836 1063 3887 et
1096 3846 1285 3887 mane
1313 3828 1511 3883 donec
1540 3826 1812 3883 ablactes
1848 3842 2037 3893 eum,·
2074 3844 2332 3901 precor-

840 3946 961 4004 que
1008 3935 1081 3985 ut
1131 3926 1395 4001 impleat
1431 3923 1749 3982 Dominus
1802 3923 2065 3982 verbum
2111 3942 2327 3984 suum.

839 4023 1164 4098 Quomodo
1211 4019 1624 4099 intelligenda
1671 4028 1820 4080 sunt
1870 4019 1990 4081 ista
2028 4023 2051 4081 2
2101 4019 2325 4084 Nonne

840 4122 1023 4184 Anna
1062 4120 1393 4183 tenebatur
1434 4119 1500 4180 in
1540 4117 1643 4179 die
1684 4117 2156 4199 purificationis
2197 4138 2328 4183 suae

2439 3134 2699 3196 domum
2730 3133 2840 3194 Dei
2873 3141 3017 3215 post
3036 3135 3380 3196 secundam
3410 3134 3924 3214 ablactationem,

2441 3239 2510 3292 ut
2530 3230 2758 3293 litteris
2789 3231 3391 3295 imbueretur.Unde
3424 3232 3488 3294 in
3511 3234 3930 3315 sequentibus

2440 3330 2691 3410 legitur,
2723 3330 2893 3410 quod
2926 3349 3040 3411 per
3069 3330 3355 3410 singulos
3395 3350 3594 3395 annos
3625 3332 3924 3396 mittebat

2439 3429 2496 3491 ei
2535 3437 2735 3491 mater
2767 3447 2882 3491 sua
2913 3428 3194 3491 tunicam
3227 3449 3510 3511 parvam.
3545 3432 3670 3494 Alii
3698 3432 3928 3497 dicunt

2439 3548 2586 3590 eum
2606 3528 2949 3591 adductum
2971 3536 3114 3610 post
3144 3529 3392 3591 tertiam
3414 3530 3920 3609 ablactationem,

2439 3628 2623 3707 quasi
2646 3627 2777 3709 jam
2809 3626 3112 3689 idoneum
3132 3628 3211 3691 ad
3243 3628 3928 3713 ministrandum,quia

2441 3732 2585 3789 mox
2614 3726 2908 3788 subditur
2937 3726 3230 3807 sequenti
3259 3728 3542 3809 capitulo
3579 3748 3594 3790 :
3628 3731 3789 3792 Puer
3819 3750 3928 3793 au-
3959 3756 4230 3813 inq-m.

2441 3834 2567 3887 tem
2615 3834 2752 3887 erat
2799 3823 3090 3887 minister
3139 3824 3203 3886 in
3247 3835 3594 3908 conspectu
3641 3828 3920 3892 Domini.

2439 3924 2582 3987 Haec
2613 3924 2680 3984 in
2711 3922 3027 3985 Historiis.

2520 4021 2644 4083 Alii
2673 4039 2822 4085 vero
2852 4020 3073 4083 dicunt
3098 4040 3111 4084 :
3139 4022 3378 4104 Duplex
3407 4030 3504 4085 est
3533 4023 3875 4088 ablactatio
3905 4046 3918 4090 :

2441 4141 2568 4183 una
2595 4130 2691 4183 est
2721 4120 3060 4183 abstractio
3090 4140 3127 4182 a
3157 4119 3318 4182 lacte
3347 4119 3640 4198 uberum,
3664 4142 3812 4205 quae
3849 4124 3930 4187 rit

569 4250 811 4303 [Μώμῳ
840 4238 1111 4303 puerum
1154 4237 1338 4281 suum
1384 4237 1528 4279 cum
1576 4215 2006 4279 oblationibus
2056 4237 2329 4299 praesen-
2362 4227 2410 4289 D
2442 4220 2611 4283 circa
2654 4217 3041 4301 principium
3083 4217 3250 4280 tertii
3292 4219 3467 4295 anni,
3505 4220 3604 4283 vel
3645 4222 3925 4285 circiter.

547 4321 589 4358 et
608 4326 701 4370 seq.

843 4329 975 4383 tare
1016 4326 1080 4381 et
1122 4316 1361 4380 offerre
1404 4316 1467 4377 in
1510 4317 1698 4378 domo
1743 4315 1875 4391 Dei,
1922 4314 2103 4395 juxta
2144 4320 2315 4398 quod

842 4417 1145 4482 Dominus
1174 4416 1483 4497 jusserat?
1506 4416 1767 4496 Insuper
1787 4416 2107 4495 quomodo
2143 4416 2328 4479 licuit

839 4516 1264 4581 devotissimae
1293 4514 1489 4576 Annae
1528 4512 1847 4575 abstinere
1885 4532 1922 4575 a
1964 4514 2326 4579 visitatione

840 4614 1231 4679 tabernaculi
1282 4612 1561 4689 Domini,
1616 4631 1818 4693 usque
1876 4614 1953 4675 ad
2007 4614 2323 4677 Samuelis

838 4714 1346 4789 ablactationem,
1389 4730 1591 4793 quum
1636 4718 1860 4773 ceterae
1906 4730 2131 4774 uxores
2177 4733 2322 4776 cum

838 4814 970 4878 suis
1020 4812 1264 4876 maritis
1309 4812 1385 4873 ad
1434 4810 1644 4871 minus
1690 4809 1755 4871 in
1796 4798 2033 4872 Pascha
2078 4814 2331 4875 accede-

838 4922 979 4977 rent
1006 4914 1267 4975 domum
1301 4910 1431 4986 Dei,
1476 4909 1641 4971 sicut
1675 4908 1807 4989 jam
1838 4908 2081 4971 dictum
2122 4920 2217 4973 est
2247 4913 2326 4975 de

836 5014 1178 5075 Phenenna
1219 5011 1491 5091 conjuge
1535 5007 1785 5070 Elcanae
1816 5012 1839 5069 2
1868 5008 2185 5089 Amplius,
2241 5009 2330 5071 in-

836 5110 1223 5175 conveniens
1271 5106 1470 5169 fuisse
1510 5105 1782 5183 videtur,
1818 5114 1889 5167 ut
1929 5105 2182 5169 Samuel
2232 5108 2328 5170 bi-

836 5230 1002 5285 muS,
1024 5209 1087 5271 id
1118 5216 1214 5270 est
1242 5208 1512 5269 duorum
1546 5223 1857 5267 annorum
1891 5205 2224 5283 exsistenS,
2247 5208 2330 5269 sit

837 5310 1089 5373 oblatus
1120 5308 1197 5370 ad
1238 5306 1624 5369 manendum
1655 5304 1891 5386 jugiter
1927 5304 1993 5367 in
2036 5306 2328 5369 taberna-

2441 4319 2581 4381 Alia
2608 4326 2703 4379 est
2732 4315 3091 4393 ablactatio,
3127 4318 3382 4397 quando
3423 4337 3582 4399 puer
3611 4320 3932 4383 abstrahi-—

2445 4426 2545 4479 tur
2583 4437 2620 4479 a
2658 4416 2819 4479 lacte
2864 4413 3174 4497 pueritiae,
3219 4416 3370 4478 dum
3414 4416 3661 4481 scilicet
3696 4419 3925 4501 incipit

2445 4515 2536 4577 uti
2565 4514 3012 4578 communibus
3043 4512 3227 4589 cibis,
3250 4515 3421 4594 quod
3456 4514 3534 4577 rit
3565 4516 3734 4580 circa
3760 4518 3932 4581 deci-

2443 4633 2618 4676 mum
2649 4632 2884 4676 annum
2911 4612 3022 4673 :de
3043 4630 3171 4693 qua
3199 4612 3623 4679 ablactatione
3641 4616 3931 4698 loquitur

2439 4716 2570 4796 jam
2601 4710 3266 4793 Scriptura‚quoniam
3297 4721 3444 4776 ante
3473 4714 3794 4778 decimum
3825 4736 3930 4779 an-

2443 4832 2596 4874 num
2641 4819 2750 4873 aut
2791 4810 3044 4873 circiter
3085 4810 3264 4892 pueri
3304 4830 3431 4874 non
3472 4822 3622 4875 sunt
3663 4814 3796 4896 apti
3837 4817 3918 4879 ad

2442 4911 2805 4974 faciendum
2840 4909 3097 4991 aliquod
3127 4908 3198 4973 of
3203 4908 3424 4973 ficium
3454 4911 3518 4972 in
3553 4913 3788 4995 templo
3817 4915 3930 4978 Do·

2441 5010 2622 5087 mini,
2649 5010 2758 5071 sed
2789 5017 3020 5070 extunc
3048 5017 3316 5090 possunt
3346 5009 3563 5090 aliqua
3593 5030 3788 5092 parva
3828 5014 3930 5076 of-

2445 5108 2596 5171 ficia
2632 5125 2947 5182 exercere,
2980 5106 3149 5169 sicut
3183 5107 3526 5170 accendere
3569 5108 3922 5191 lampades,

2441 5216 2504 5271 et
2535 5205 2838 5289 paulatim
2873 5203 3204 5267 assuefieri
3242 5206 3319 5267 ad
3361 5206 3624 5287 majora.
3659 5208 3930 5272 Verum-

2443 5315 2654 5370 tamen
2679 5303 2778 5365 his
2797 5301 3056 5365 obviare
3076 5302 3349 5381 videtur,
3362 5306 3534 5386 quod
3565 5306 3759 5387 paulo
3781 5318 3930 5389 post
