4359 6250
905 492 1254 540 ENARRATIO
1297 495 1358 540 IN
1401 495 1537 540 CAP-
1583 494 1710 540 xvu
1753 493 1910 540 unm
1951 493 2120 540 1²81)ss
2163 493 2387 540 REGUM.
2433 512 2514 523 —
2554 491 2695 538 ΛΒΤ.
2742 490 2941 538 1111ss
3348 470 3467 534 363
3552 535 3557 538 .

361 661 614 740 stianae,
639 663 705 725 in
737 662 1028 727 doctrina
1049 671 1111 726 et
1135 663 1378 726 unitate
1406 664 1742 728 militantis
1763 665 1872 728 Ec·
1900 661 1952 723 A
1981 683 2211 746 paneS,
2272 664 2333 726 id
2386 672 2481 727 est
2528 662 2801 728 solidum
2853 659 3065 724 cibum
3096 685 3111 736 3
3164 659 3465 742 perfectis

361 761 787 826 clesiae.Unde
805 763 994 826 isaias
1019 772 1077 827 et
1103 764 1390 828 Michaeas
1418 764 1875 846 praenuntiave-

117 871 176 914 ιι.
202 887 246 922 ιι,
277 877 328 922 2:
363 871 559 926 runt:
585 861 724 924 Erit
753 861 820 924 in
848 862 1214 926 novissimis
1235 863 1460 926 diebus
1485 872 1872 946 praeparatus

71 935 200 978 meh.
213 952 274 987 ιτ,
291 942 330 982 Ι.

361 977 558 1024 mons
597 960 826 1023 domus
857 961 1108 1025 Domini
1155 961 1220 1024 in
1259 963 1496 1026 vertice
1531 961 1868 1025 montium.

381 1062 718 1140 Vallisqne
733 1072 874 1122 erat
907 1064 1077 1122 inter
1095 1083 1216 1133 σος,
1241 1062 1361 1125 hoc
1390 1070 1484 1125 est
1517 1061 1868 1136 humilium,

358 1177 514 1238 quae
555 1158 726 1222 inter
766 1158 1002 1223 electos
1046 1169 1108 1223 et
1156 1160 1459 1242 reprobos
1503 1159 1754 1223 dividit.
1795 1163 1874 1222 E't

355 1276 656 1334 cyresszcs
684 1269 776 1320 esc
800 1261 904 1318 vir
929 1262 1196 1337 spurius
1223 1263 1302 1320 dc
1320 1263 1547 1321 castris
1577 1261 1874 1322 Philisci-

361 1377 621 1418 norum.
635 1356 752 1419 Per
769 1356 1018 1419 Goliath
1043 1358 1446 1440 capitaneum
1478 1358 1873 1440 blasphemo-

362 1474 512 1516 rum
563 1474 636 1518 ac
682 1455 963 1537 pugilem
1011 1456 1292 1519 hostium
1335 1457 1542 1540 plebis
1582 1456 1716 1528 Dei,
1758 1457 1870 1539 qui

359 1554 446 1616 ad
479 1553 810 1632 singulare
831 1563 1153 1619 certamen
1184 1557 1474 1620 evocavit
1501 1576 1874 1638 quemcum-

360 1671 500 1734 que
549 1654 630 1716 de
675 1653 889 1730 Israel,
925 1653 1306 1735 intelligitur
1354 1655 1652 1738 princeps
1702 1664 1871 1718 tene-

359 1752 654 1829 brarum,
691 1772 802 1816 seu
841 1753 1117 1835 quilibet
1147 1753 1585 1831 haeresiarcha,
1625 1763 1732 1817 aut
1764 1773 1870 1817 rex

1983 763 2310 826 formellas
2332 763 2523 839 casei,
2537 763 2656 825 hoc
2676 770 2773 825 est
2793 760 3303 842 evangelicorum
3325 779 3469 823 con-

1980 860 2270 924 siliorum
2324 860 2871 943 adimpletionem.
2925 858 3465 932 Quemadmodum

1981 960 2150 1022 enim
2184 979 2407 1024 caseus
2437 959 2693 1022 additur
2722 958 2897 1040 pani,
2935 967 2995 1020 et
3024 965 3280 1036 gustum
3315 957 3469 1020 facit

1981 1058 2317 1140 utriusque
2366 1077 2665 1132 suavem3
2708 1057 2800 1119 sic
2850 1054 3119 1119 consilia
3168 1057 3469 1136 superad-

1979 1157 2217 1218 duntur
2262 1157 2617 1239 praeceptiS,
2650 1163 2713 1218 et
2750 1154 3078 1218 amborum
3122 1153 3471 1216 exsecutio-

1980 1274 2126 1318 nem
2160 1264 2662 1337 contemperant.

2058 1354 2384 1431 Praeterea,
2434 1354 2598 1417 sicut
2647 1353 2794 1416 Saul
2846 1352 3139 1435 promisit
3187 1351 3468 1414 vincenti

1979 1452 2227 1514 Goliath
2250 1453 2399 1516 dare
2431 1453 2496 1514 in
2522 1452 2855 1532 conjugem
2889 1452 3210 1533 propriam
3240 1449 3464 1527 filiam,

1981 1551 2070 1614 sic
2110 1551 2360 1614 Christo
2403 1551 2628 1614 victori
2671 1549 2908 1614 diaboli
2951 1551 3333 1632 desponsata
3374 1557 3471 1612 est

1981 1650 2360 1713 universalis
2414 1649 2714 1726 Ecclesia,
2759 1668 2901 1730 quae
2950 1657 3047 1711 est
3096 1647 3235 1710 filia
3284 1647 3469 1728 Regis

1979 1748 2221 1824 aeterni,
2244 1747 2372 1811 imo
2404 1757 2465 1811 et
2494 1747 2795 1830 quaelibet
2825 1747 3037 1810 anima
3067 1747 3368 1810 virtuosa.
3394 1747 3471 1808 Et

361 1851 770 1934 perfidorum
805 1851 1320 1934 impugnantium
1349 1853 1694 1916 Ecclesiam
1719 1853 1864 1917 Dei:
1901 1848 1947 1908 B
1980 1847 2146 1909 sicut
2181 1847 2303 1930 ipsi
2338 1847 2536 1911 David
2581 1846 2821 1911 volenti
2862 1845 3212 1925 confligere
3250 1853 3470 1908 contra

359 1949 482 2032 qui
515 1969 742 2013 omnes
774 1969 812 2012 a
837 1950 1110 2026 Christo,
1134 1951 1324 2014 unico
1354 1958 1416 2012 et
1447 1950 1869 2014 invictissimo

361 2048 594 2130 pugile
624 2048 826 2110 Patris
857 2048 1101 2125 interni,
1141 2048 1507 2112 vincuntur.

449 2150 680 2210 David
723 2157 938 2208 autem
977 2157 1118 2208 erat
1157 2149 1496 2209 minima-5.
1533 2145 1636 2210 Sic
1667 2147 1872 2210 Domi·

365 2264 494 2308 nus
524 2264 602 2308 ac
624 2244 932 2320 Salvator,
955 2265 1101 2308 vere
1134 2245 1535 2308 humillimus
1559 2245 1682 2308 fuit
1705 2246 1870 2308 inter

147 2377 170 2404 u
201 2377 329 2412 ,nm
363 2363 524 2408 suos
569 2343 946 2425 discipulos,
978 2343 1216 2425 quibus
1262 2344 1512 2408 locutus
1558 2354 1654 2408 est
1689 2362 1702 2406 ε
1739 2343 1870 2425 Ego

365 2444 438 2506 in
471 2442 690 2505 medio
711 2451 992 2504 vestrum
1017 2462 1183 2518 sum,
1202 2443 1366 2506 sicut
1385 2443 1497 2524 qui
1529 2443 1866 2506 ministrat.

365 2544 568 2604 Dixit
589 2551 810 2602 autem
841 2543 980 2602 Isai
1007 2545 1096 2601 ad
1123 2543 1344 2602 David
1370 2545 1592 2620 filium
1621 2563 1814 2603 suum
1847 2565 1869 2603 .·

363 2643 614 2719 Accipe
645 2641 967 2718 fratribus
1001 2641 1130 2700 tuis
1156 2642 1309 2718 ephi
1329 2645 1626 2718 polenta’.
1647 2641 1871 2715 Quem-

363 2739 724 2802 admodum
753 2737 872 2800 Isai
905 2736 1082 2800 misit
1111 2737 1321 2800 filium
1355 2759 1539 2801 suum
1564 2740 1760 2803 David
1793 2742 1870 2803 ad

363 2837 775 2900 visitandum
799 2844 928 2899 tres
962 2835 1188 2899 fratres
1209 2856 1358 2899 suos
1389 2836 1453 2898 in
1481 2837 1701 2919 praelio
1723 2857 1872 2901 con-

363 2937 640 3008 stitutos
659 2935 752 2997 sic
774 2933 952 2997 Pater
971 2945 1244 2998 aeternus
1257 2934 1664 3015 Unigenitum
1687 2956 1870 2999 suum

1978 1945 2250 2022 Goliath‚
2266 1947 2423 2008 dure.
2446 1945 2695 2008 locutus
2714 1954 2810 2007 est
2834 1945 3047 2008 senior
3070 1943 3263 2006 frater
3294 1963 3466 2021 suus,

1981 2043 2072 2106 sic
2101 2044 2351 2108 Christo
2383 2044 2726 2107 durissime
2765 2043 3142 2125 loquebatur
3179 2042 3469 2124 superior

1980 2161 2126 2224 pars
2142 2142 2388 2207 Judaici
2416 2142 2653 2224 populi,
2676 2151 2894 2224 utpote
2924 2143 3296 2216 sacerdotes
3315 2140 3471 2204 Scri-

1980 2242 2098 2318 bae,
2123 2242 2417 2305 Pharisaei
2446 2259 2460 2303 :
2486 2242 2657 2323 quod
2688 2241 2974 2304 Christus
3007 2239 3470 2322 patientissime

1981 2341 2149 2404 tulit.
2184 2341 2445 2416 RursuS,
2479 2341 2647 2403 sicut
2690 2340 2882 2402 David
2928 2339 3176 2402 leonem
3216 2337 3371 2402 vicit
3408 2346 3471 2400 et

1981 2459 2227 2515 ursum,
2272 2439 2364 2501 sic
2404 2437 2601 2500 Filius
2642 2438 2750 2501 Dei
2791 2438 3085 2521 spiritum
3126 2436 3463 2520 superbia),

1978 2539 2092 2622 qui
2143 2547 2446 2620 tanquam
2500 2538 2597 2600 leo
2648 2538 2905 2618 rugiens
2948 2537 3264 2614 circumit,
3298 2555 3759 2619 quae-lPetr.v‚8.

1981 2658 2126 2703 rens
2157 2657 2350 2721 quem
2383 2638 2671 2712 devoret3
2705 2637 3001 2720 spiritum
3040 2655 3297 2719 quoque
3335 2655 3470 2699 car-

1983 2737 2288 2814 nalitatiS‚
2322 2736 2435 2820 qui
2468 2755 2581 2818 per
2614 2755 2831 2799 ursum
2868 2735 3266 2819 exprimitur.

2063 2841 2146 2900 Ec
2177 2839 2401 2898 induit
2432 2841 2599 2900 Saul
2628 2839 2850 2898 David
2880 2839 3271 2898 vestimentis
3308 2839 3467 2898 suis.

1981 2936 2134 2999 Nam
2185 2935 2461 3018 populus
2501 2935 2861 2998 Judaeorum
2907 2936 3111 2998 voluit
3154 2936 3471 2999 Christum

363 3034 554 3097 misit
583 3033 650 3095 in
681 3032 899 3096 saeculi
931 3033 1124 3114 hujus
1154 3053 1470 3115 campum,
1504 3035 1581 3096 ad
1613 3035 1874 3098 visitan-
1905 3033 1950 3098 C
1984 3034 2107 3097 sibi
2140 3033 2499 3098 assimilare
2522 3034 2586 3096 in
2608 3034 2742 3097 vita
2762 3043 2827 3098 et
2854 3034 3279 3099 observantiis
3308 3035 3477 3097 litte-

363 3136 529 3197 dum
558 3152 761 3213 genus
793 3133 1368 3215 humanum‚cujus
1399 3134 1744 3217 assumpsit
1775 3154 1875 3198 na-

363 3242 607 3309 turam,
651 3233 823 3314 quod
867 3232 1055 3295 bellis
1101 3232 1661 3313 periculosissimis
1705 3234 1876 3297 labo-

365 3331 582 3407 ravit3
635 3331 942 3413 misitque
986 3330 1355 3395 hominibus
1401 3350 1514 3413 per
1556 3332 1874 3395 Christum

364 3430 526 3513 ephi
550 3429 1110 3512 polentae,scilicet
1139 3449 1504 3493 mensuram
1539 3430 1730 3493 trium
1753 3450 1879 3494 mo·

363 3529 654 3605 diorum,
685 3529 806 3592 hoc
851 3537 946 3591 est
992 3528 1570 3611 superbeatissimae
1609 3530 1879 3592 Trinita-

365 3629 454 3690 tis
501 3626 702 3691 fidem
743 3636 806 3691 et
843 3627 1108 3705 cultum,
1141 3638 1202 3689 et
1231 3631 1444 3689 decem
1467 3648 1691 3706 panes,
1726 3638 1878 3711 puta

367 3726 784 3805 Decalogum.
822 3726 979 3789 Nam
1021 3726 1152 3789 fide
1180 3727 1516 3790 adorandae
1551 3727 1877 3790 Trinitatis

365 3834 432 3889 et
471 3824 906 3888 observantiis
947 3834 1410 3907 praeceptorum
1443 3826 1682 3908 optime
1727 3827 1878 3890 refi-

365 3924 635 3987 ciuntur
678 3922 928 3986 fideles.
967 3928 1050 3985 Ec
1087 3927 1300 3983 decem
1337 3924 1672 4000 formellas
1710 3928 1878 3985 casei

366 4024 624 4100 deferes
655 4024 746 4081 ad
777 4024 1137 4083 tribunum.
1165 4022 1280 4084 Per
1313 4022 1644 4084 tribunum
1677 4023 1878 4103 signi-

365 4121 664 4185 ficantur
695 4119 941 4201 praelati
967 4144 982 4193 ;
1023 4139 1137 4201 per
1167 4120 1385 4183 decem
1421 4129 1706 4184 recentes
1738 4141 1880 4204 par-

1984 3154 2070 3198 rae
2106 3152 2118 3195 :
2157 3136 2269 3197 sed
2298 3134 2465 3197 sicut
2500 3134 2690 3197 David
2723 3134 2959 3216 abjecit
2988 3154 3163 3205 arma
3194 3135 3477 3212 Saul‚sic

1989 3233 2290 3297 Dominus
2336 3233 2518 3296 Jesus
2568 3252 2821 3297 omnem
2882 3234 3106 3296 mundi
3154 3242 3473 3311 ornatum,

1984 3333 2241 3397 divitias
2263 3342 2327 3395 et
2352 3332 2648 3407 honoreS,
2668 3351 3036 3413 corpoream
3068 3341 3473 3409 armaturam,

1987 3432 2353 3495 saecularem
2388 3431 2759 3515 potentiam,
2780 3429 3255 3493 multitudinem
3281 3429 3480 3493 famu·

1987 3530 2232 3603 lorum;
2280 3531 2501 3613 sicque
2550 3530 2881 3613 expeditus
2932 3530 3013 3591 ab
3062 3529 3361 3593 omnibus
3406 3530 3482 3593 il-

1987 3629 2066 3691 lis
2099 3632 2251 3691 tulit
2283 3632 2589 3691 baculum
2619 3650 2805 3710 quem
2835 3649 3081 3707 semper
3114 3630 3377 3692 habebat
3408 3634 3481 3692 in

1986 3728 2307 3806 manibus,
2345 3728 2408 3791 id
2440 3737 2538 3792 est
2570 3736 2945 3811 potestatem
2984 3748 3165 3793 suam
3207 3730 3481 3809 regalem

1986 3836 2050 3890 et
2100 3827 2541 3891 auctoritatem
2593 3827 3057 3909 pontificalem,
3108 3828 3481 3893 salvativam

1985 3946 2060 3990 ac
2102 3925 2504 4007 judiciariam
2550 3934 2949 4007 potestatem,
2982 3947 3110 4009 qua
3142 3928 3483 4010 prostravit

1989 4025 2312 4088 diabolum
2329 4074 2342 4087 .
2366 4028 2579 4103 Elegit
2598 4044 2856 4108 quoque
2883 4029 3009 4087 sibi
3028 4029 3316 4106 quinque
3339 4029 3479 4087 lim-

1980 4125 2360 4201 pidissimos
2392 4126 2641 4201 lapides
2670 4128 2750 4185 de
2784 4136 3083 4193 torrente,
3116 4125 3178 4186 id
3216 4133 3313 4187 est
3346 4124 3485 4206 pul-

369 4238 622 4300 vosque
673 4236 919 4293 caseoe,
976 4217 1339 4299 spiritualia
1384 4219 1871 4298 oblectamenta,
1909 4222 1958 4284 D
1991 4220 2310 4284 cherrima
2374 4242 2445 4285 ac
2512 4222 2898 4286 solidissima
2962 4222 3349 4285 documenta
3408 4243 3482 4285 ex

369 4338 518 4399 quae
567 4317 638 4379 in
675 4316 1122 4381 observatione
1173 4316 1460 4398 Decalogi
1512 4318 1877 4381 sentiuntur

369 4437 410 4479 a
439 4416 604 4479 viris
644 4416 968 4498 perfectiS,
1003 4415 1225 4497 quales
1267 4436 1407 4481 esse
1439 4426 1689 4499 oportet
1719 4437 1878 4499 prae-

373 4516 560 4591 latos,
597 4514 713 4595 qui
755 4514 1130 4594 Decalogum
1170 4522 1345 4577 tanto
1385 4515 1726 4579 sublimius
1772 4517 1878 4578 de-

371 4614 530 4679 hent
565 4612 860 4694 implere,
887 4620 1128 4693 quanto
1159 4612 1223 4674 in
1257 4612 1466 4676 altiori
1498 4622 1646 4676 sunt
1674 4614 1874 4695 gradu

369 4722 436 4775 et
473 4709 733 4774 ordine.
767 4710 1032 4786 RursuS,
1066 4729 1180 4791 per
1222 4719 1348 4773 tres
1391 4710 1619 4775 fratres
1651 4712 1870 4789 David,

370 4818 502 4873 tres
533 4816 742 4871 status
775 4807 1068 4871 fidelium
1099 4806 1564 4890 exprimuntur,
1596 4819 1751 4891 puta
1781 4810 1876 4872 in-

369 4906 784 4990 cipientium,
809 4904 1312 4987 proficientium,
1331 4915 1394 4969 et
1423 4907 1869 4989 perfectorum,

371 5006 620 5089 quibus
669 5005 830 5067 Deus
870 5024 983 5087 per
1027 5005 1346 5067 Christum
1398 5008 1875 5088 proportionata

373 5105 552 5167 misit
585 5102 832 5166 cibaria
865 5121 878 5164 :
914 5103 1220 5184 quoniam
1264 5104 1722 5187 incipientibus
1758 5108 1875 5169 mi-

371 5202 456 5265 sit
507 5199 772 5283 polenta
820 5218 931 5261 seu
982 5200 1247 5281 pultem,
1300 5202 1420 5265 hoc
1470 5211 1566 5265 est
1619 5202 1871 5266 facilem

371 5298 872 5381 simplicemque
914 5297 1269 5362 doctrinam
1307 5324 1322 5375 3
1375 5300 1869 5382 proficientibus

1986 4320 2278 4402 quinque
2326 4320 2551 4403 Moysis
2601 4321 2807 4397 libris,
2856 4329 2918 4383 et
2966 4340 3042 4383 ex
3092 4321 3486 4384 abundantia

1987 4418 2318 4501 sapientiae
2347 4418 2585 4498 legaliS,
2601 4438 2745 4500 quae
2766 4422 2942 4481 misit
2962 4423 3031 4481 in
3048 4442 3280 4499 peram
3306 4440 3483 4485 suam

1979 4522 2401 4595 pastoralem,
2434 4518 2495 4579 id
2528 4526 2624 4581 est
2654 4518 2719 4580 in
2754 4536 2863 4581 cor
2892 4519 3028 4583 sive
3061 4520 3124 4581 in
3157 4538 3227 4585 os
3268 4539 3477 4596 suum,

1983 4627 2042 4677 ec
2072 4617 2293 4693 funda
2307 4617 2497 4692 jecit,
2532 4615 2594 4678 id
2626 4624 2745 4693 est,
2773 4636 2885 4698 per
2916 4637 3091 4680 suam
3128 4618 3483 4700 praedicati-

1984 4733 2172 4777 onem
2206 4715 2660 4777 documentum
2698 4714 2851 4779 fidei
2882 4716 3137 4797 sparsit,
3158 4726 3221 4779 et
3252 4736 3479 4797 praece-

1985 4819 2166 4893 ptum
2209 4810 2508 4892 perfectae
2546 4812 2829 4875 caritatis
2871 4811 3126 4887 effudit,
3160 4832 3273 4894 per
3310 4815 3475 4895 quod

1981 4909 2300 4972 diabolum
2320 4910 2862 4992 superavit,quem
2886 4909 3076 4973 etiam
3102 4910 3478 4992 vicit,quan·

1984 5009 2066 5072 do
2098 5007 2262 5070 dixit
2291 5009 2369 5070 ad
2401 5009 2643 5071 Patrem
2682 5024 2696 5069 τ
2736 5008 2797 5069 Si
2830 5026 2958 5070 non
2992 5016 3200 5089 potest
3239 5008 3343 5073 hic
3376 5030 3477 5074 ca·
3556 5038 3725 5081 must,

1984 5106 2072 5169 lix
2104 5106 2373 5168 transire
2404 5105 2527 5167 nisi
2560 5104 2773 5167 bibam
2811 5105 3015 5181 illum,
3038 5106 3154 5167 fiat
3182 5107 3475 5171 voluntas
3504 5116 3616 5151 m·-
3645 5104 3714 5144 ⁴²·

1985 5214 2112 5267 tua.
2149 5204 2406 5278 Iterum,
2440 5203 2729 5285 quinque
2762 5204 3196 5286 limpidissimi
3230 5205 3476 5287 lapides

1982 5321 2058 5365 ex
2100 5309 2383 5364 torrente
2422 5300 2631 5377 electi,
2666 5311 2937 5383 possunt
2975 5301 3247 5383 intelligi
3286 5303 3474 5385 quin-
