4359 6250
619 3061 784 3167 1ἓίροο.
795 3073 882 3112 xm,

644 3356 730 3401 1012
753 3370 777 3407 ι,
801 3358 866 3399 1⁶.

909 493 1026 560 706

1439 513 1786 559 manuue
1829 513 1890 558 m
1933 513 2071 558 cAP.
2117 509 2270 559 xvttt
2313 508 2471 555 unm
2510 509 2710 555 'remu
2751 509 2976 556 natiuit.
3020 529 3100 540 -—
3139 511 3282 556 ΛΒΤ.
3327 509 3475 556 xxvi

987 689 1322 765 Quumque
1331 687 1485 762 jam
1510 695 1756 764 tempus
1773 694 1926 745 esset
1959 695 2033 745 ut
2061 689 2399 761 offerretur
2425 678 2476 740 A
2508 681 2569 744 id
2602 689 2717 756 est,
2750 681 2877 745 cito
2920 689 3133 744 tantus
3178 680 3382 744 imber
3422 681 3786 755 descendet,
3820 679 3995 760 quod

906 785 1371 853 holocaustum,
1392 787 1690 844 accedens
1713 785 1896 844 Elias
1905 785 2245 860 propheta,
2267 783 2398 840 ait:

904 884 1204 952 Domine,
1239 885 1410 942 Deus
1449 883 1803 953 Abrabam,
1842 883 2030 942 Isaac
2066 890 2126 940 et
2164 882 2398 947 Israel,

906 983 1160 1040 ostende
1200 981 1414 1050 hodie,
1444 981 1602 1060 quia
1650 989 1722 1040 tu
1763 999 1825 1038 es
1866 982 2039 1040 Deus
2080 980 2313 1046 Israel,
2339 985 2399 1036 et

905 1097 1014 1154 eyo
1042 1098 1262 1139 servus
1291 1089 1461 1149 tuus,
1484 1087 1544 1138 et
1559 1079 1767 1155 juxta
1784 1086 2180 1156 proeceptum
2213 1085 2398 1136 tuum

905 1178 1034 1254 feci
1061 1179 1284 1238 omnia
1315 1180 1508 1238 verba
1548 1179 1702 1238 ltcec.
1737 1178 2013 1238 Eoeaudi
2042 1196 2161 1246 me,
2188 1175 2399 1235 Domi-

907 1295 1011 1346 ne,
1033 1277 1280 1336 eoeaudi
1313 1295 1425 1344 me,
1444 1285 1516 1336 ut
1545 1277 1752 1336 discat
1774 1279 2056 1353 populus
2076 1275 2216 1343 iste,
2240 1274 2400 1353 quia

910 1384 980 1434 tu
1009 1395 1072 1434 es
1103 1375 1420 1434 Dominus
1448 1377 1641 1444 Deus,
1670 1383 1730 1434 et
1770 1383 1839 1434 tu
1869 1373 2242 1433 convertisti
2271 1389 2402 1431 cor-

906 1475 995 1532 da
1026 1491 1247 1533 eorum
1277 1474 1537 1533 iterum.
1565 1473 1806 1532 Cecidit
1835 1481 2048 1532 autem
2081 1471 2257 1546 iynis
2285 1472 2401 1530 Do-

907 1572 1080 1630 mini
1118 1571 1195 1634 de
1243 1570 1408 1633 coelo
1451 1589 1658 1646 aei-en,
1699 1569 1991 1651 angelico
2039 1567 2400 1630 ministerio

910 1667 1000 1730 ibi
1049 1669 1394 1751 productus
1443 1677 1506 1733 et
1557 1670 1633 1733 ad
1685 1669 2042 1732 cadendum
2095 1668 2395 1730 deorsum

907 1777 1137 1845 motus,
1172 1787 1372 1850 quum
1412 1769 1580 1831 Elias
1623 1767 1894 1831 fudisset
1931 1767 2287 1830 orationem
2329 1765 2395 1826 in

2508 780 2749 842 ruendo
2797 781 3101 860 grandem
3152 779 3345 842 faciet
3388 797 3637 842 sonum.
3684 779 3995 839 Ascendit

2506 879 2727 940 Achab
2754 889 2822 940 ut
2850 883 3197 940 comederet
3216 889 3277 939 et
3296 881 3543 940 biberet.
3570 880 3759 938 Elias
3778 886 3995 936 autem

2505 978 2792 1037 ascendit
2834 979 2908 1038 in
2956 979 3256 1038 verticem
3290 978 3568 1039 Carmeli
3600 994 3624 1036 .·
3654 973 3769 1056 qui
3815 973 3995 1037 locus

2505 1075 2637 1155 jam
2666 1073 2791 1137 fuit
2821 1074 3258 1138 sanctificatus
3286 1094 3365 1138 ex
3394 1073 3874 1138 construetione
3904 1071 3993 1134 al-

2510 1174 2682 1248 tariS,
2718 1173 3041 1238 oblatione
3083 1173 3433 1238 holocausti
3466 1182 3529 1237 et
3572 1171 3840 1254 praefato
3882 1172 3995 1233 mi-

2508 1272 2761 1344 racu103
2794 1282 2854 1333 et
2878 1293 3125 1351 pronus
3154 1275 3227 1333 in
3252 1283 3491 1334 terram
3509 1275 3730 1350 posuit
3756 1272 3997 1346 fam‘em

2506 1391 2695 1432 suam
2726 1373 2897 1433 inter
2908 1393 3126 1448 ,qenua
3153 1392 3298 1441 sua,
3320 1379 3391 1433 ut
3419 1370 3510 1433 sic
3528 1371 3711 1432 vultu
3743 1370 3997 1450 depres-

2509 1489 2579 1532 so
2609 1469 2969 1552 clausisque
2996 1470 3222 1546 oculiS‚
3256 1468 3547 1533 devotius
3574 1477 3899 1542 exoraret3
3936 1477 3995 1526 et

2505 1571 2685 1630 dixit
2708 1573 2797 1630 ad
2812 1589 3117 1646 puerum,
3152 1569 3215 1631 id
3246 1577 3343 1632 est
3366 1568 3731 1631 ministrum
3760 1587 3955 1628 suum
3972 1587 3996 1624 .·

2510 1671 2795 1728 Ascende
2830 1678 2891 1728 et
2930 1671 3221 1745 prospice
3261 1678 3487 1729 contra
3530 1689 3728 1736 mare,
3764 1665 3830 1727 id
3873 1673 3990 1740 est,

2508 1785 2729 1828 versus
2758 1785 2932 1828 mare
2954 1766 3201 1845 (forsan
3223 1765 3772 1843 Mediterraneum)
3792 1764 3996 1844 dirige

909 1864 1118 1928 littera
1179 1866 1480 1948 positam,
1531 1877 1590 1928 et
1648 1869 1900 1928 voravit
1955 1869 2399 1927 holocaustum
2436 1861 2483 1924 B
2511 1865 2731 1928 oculos
2772 1872 2914 1927 tuos
2944 1865 3023 1926 ad
3065 1864 3412 1927 videndum
3456 1883 3535 1926 an
3578 1865 3657 1926 de
3696 1863 3857 1926 mari
3898 1883 4000 1926 as-

901 1975 965 2025 et
1011 1967 1192 2042 liqna
1234 1975 1293 2025 et
1343 1968 1616 2043 lapides,
1635 1969 1974 2043 pulverem
2018 1983 2292 2044 quoque,
2339 1971 2399 2021 et

908 2084 1146 2143 aquam
1184 2085 1327 2144 quoe
1362 2075 1502 2125 erat
1540 2067 1613 2124 in
1653 2067 2039 2142 aquoeductu
2081 2064 2399 2123 lambens:

906 2181 1098 2244 quam
1154 2161 1296 2225 ideo
1335 2161 1504 2224 Elias
1548 2161 1638 2225 ibi
1691 2160 1951 2237 infudit,
2001 2169 2070 2223 ut
2119 2179 2197 2223 ex
2245 2177 2399 2222 con·

909 2259 1272 2342 sumptione
1309 2259 1516 2341 majus
1559 2268 1727 2322 esset
1767 2259 2171 2322 miraculum.
2213 2261 2397 2327 Quod

907 2378 1111 2437 quum
1159 2361 1422 2419 vidisset
1463 2361 1674 2419 omnis
1703 2363 2008 2436 populus,
2041 2359 2275 2417 cecidit
2324 2359 2398 2416 in

905 2456 1143 2532 faciem
1190 2478 1399 2528 suam,
1449 2467 1508 2518 et
1555 2459 1652 2518 ait
1690 2478 1714 2516 .·
1752 2459 2072 2518 Dominus
2125 2457 2260 2532 ipse
2308 2465 2399 2514 est

906 2557 1094 2624 Deus,
1116 2557 1432 2616 Dominus
1463 2557 1596 2632 ipse
1623 2565 1712 2616 est
1730 2559 1927 2625 Deus,
1947 2555 2132 2636 cujus
2161 2552 2399 2617 virtute

907 2649 1227 2715 refrenata
1265 2653 1398 2734 jam
1447 2653 1572 2715 fuit
1611 2653 1896 2735 operatio
1927 2653 2070 2715 Baal
2113 2671 2223 2715 seu
2274 2652 2400 2714 dae-

905 2751 1114 2815 monis
1140 2769 1154 2815 :
1179 2753 1362 2834 eujus
1393 2759 1608 2816 tamen
1639 2760 1950 2833 potestate
1981 2760 2200 2834 posset
2228 2750 2395 2831 ignis

909 2847 1168 2912 formari
1201 2849 1268 2911 in
1299 2867 1444 2913 aere
1473 2856 1664 2931 atque
1687 2850 2092 2926 descendere,
2123 2850 2246 2912 Deo
2278 2848 2397 2912 hoc

905 2949 1354 3032 permittente:
1387 2949 1554 3012 sicut
1585 2949 1650 3010 in
1680 2948 2060 3031 Apocalypsi
2094 2947 2296 3011 fertur
2317 2949 2397 3010 de

2509 1963 2757 2038 cendat,
2800 1963 2901 2025 vel
2944 1964 3025 2026 de
3060 1981 3205 2025 aere
3246 1963 3588 2026 descendat
3624 1962 3841 2044 aliqua
3880 1981 3999 2023 nu-

2510 2062 2645 2125 bes,
2686 2061 2941 2124 Materia
2986 2062 3227 2144 quippe
3278 2061 3567 2139 nubium,
3606 2067 3761 2142 puta
3809 2079 3999 2143 vapo-

2510 2177 2608 2222 res
2646 2159 2853 2222 solent
2910 2159 3144 2223 elevari
3188 2178 3226 2221 a
3268 2159 3451 2235 mari,
3496 2168 3559 2222 et
3606 2177 3782 2222 mare
3832 2158 3994 2221 solet

2510 2256 2789 2320 nubibus
2828 2257 3086 2339 operiri,
3123 2258 3301 2338 Juxta
3339 2257 3497 2320 illud
3537 2257 3603 2319 in
3643 2257 3761 2320 Job
3794 2256 3994 2330 :Quis

2508 2356 2825 2419 conclusit
2861 2356 3041 2418 ostiis
3074 2375 3267 2433 mare,
3288 2374 3484 2436 quum
3534 2374 3837 2438 ponerem
3884 2374 3996 2416 nu-

2507 2453 2653 2517 bem
2684 2455 3133 2517 vestimentum
3165 2454 3346 2536 ejus't
3378 2457 3509 2523 Qui
3548 2475 3753 2535 quum
3790 2474 3995 2515 ascen·

2506 2555 2699 2613 disset
2737 2563 2797 2613 et
2826 2556 3287 2629 contemplatus
3328 2563 3507 2622 esset,
3536 2555 3633 2614 ait
3660 2571 3685 2613 .·
3714 2554 3863 2614 Non
3904 2562 3995 2612 est

2507 2654 2886 2732 quidquam,
2920 2651 2982 2713 id
3032 2659 3150 2728 est,
3186 2651 3348 2712 nihil
3378 2652 3459 2713 de
3490 2651 3659 2714 nube
3704 2659 3987 2734 apparet.

2508 2750 2725 2813 Voluit
2754 2760 2963 2814 autem
2990 2750 3159 2813 Elias
3184 2751 3347 2814 scire
3376 2769 3457 2813 an
3488 2751 3689 2814 oratio
3708 2770 3837 2833 qua
3860 2750 3994 2833 plu-

2508 2849 2677 2912 viam
2709 2849 3188 2931 deprecabatur,
3212 2858 3380 2912 esset
3410 2849 3657 2924 audita3
3694 2858 3757 2912 et
3776 2869 3995 2931 quam·

2509 2947 2606 3010 vis
2636 2947 2765 3029 jam
2806 2966 2881 3010 ex
2922 2948 3143 3013 divina
3185 2947 3571 3012 revelatione
3615 2958 3900 3024 noverat,
3933 2957 3992 3012 et

907 3045 1133 3122 bestia,
1167 3045 1410 3109 scilicet
1447 3046 1858 3122 Antichristo,
1893 3047 2066 3129 quod
2116 3044 2291 3122 fecit,
2332 3045 2394 3108 id
2432 3047 2477 3111 C
2510 3045 2801 3127 praedixit
2828 3046 3111 3129 pluviam
3144 3064 3291 3109 mox
3320 3045 3857 3122 futuram‚tamen
3880 3048 3993 3110 sci-

909 3153 1006 3207 est
1035 3144 1246 3221 faciet,
1271 3144 1451 3224 signa
1471 3164 1719 3226 magna,
1757 3146 1844 3207 ita
1873 3153 1945 3206 ut
1985 3145 2199 3225 ignem
2232 3144 2399 3207 faee-

909 3250 1006 3305 ret
1043 3242 1124 3306 de
1153 3243 1316 3307 coelo
1343 3243 1747 3307 descendere.
1773 3243 1926 3306 Nam
1963 3252 2024 3306 et
2055 3244 2174 3307 hoc
2207 3245 2397 3306 modo

910 3339 1076 3420 ignis
1097 3340 1443 3417 descendit,
1468 3342 1580 3423 qui
1611 3360 1763 3405 oves
1783 3349 1847 3404 et
1869 3360 2098 3424 pueros
2116 3340 2236 3405 Job
2255 3360 2399 3405 con·

909 3438 1203 3520 sumpsit.

909 3570 917 3574 -
1001 3538 1315 3617 Dioeitque
1363 3540 1546 3599 Elias
1595 3540 1683 3599 ad
1729 3558 1828 3598 eos
1857 3560 1880 3599 .·
1914 3540 2397 3617 Apprehendite

902 3636 1246 3713 prophetas
1281 3639 1479 3706 Baal,
1511 3645 1572 3696 et
1608 3656 1687 3697 ne
1727 3656 1897 3697 unus
1936 3640 2199 3717 quidem
2238 3642 2400 3716 effu-

900 3734 1046 3809 9iat
1083 3753 1165 3793 eoe
1201 3735 1312 3795 eis.
1359 3737 1526 3802 Quos
1563 3754 1766 3812 quum
1805 3738 2394 3811 apprehendissent,

909 3834 1105 3892 duxit
1130 3851 1230 3892 eos
1253 3834 1436 3894 Elias
1453 3835 1541 3893 ad
1568 3842 1908 3894 torrentem
1931 3835 2143 3905 Oison,
2164 3835 2245 3896 de
2269 3852 2399 3915 quo

2506 3145 2651 3207 ebat
2687 3146 2859 3227 quod
2899 3146 3062 3208 Deus
3094 3147 3479 3227 quandoque
3518 3145 3653 3209 vult
3694 3147 3846 3211 talia
3892 3150 3994 3211 de·

2505 3252 2796 3308 votorum
2836 3244 3231 3307 orationibus
3270 3242 3597 3327 impetrari
3634 3263 3649 3307 :
3690 3248 3989 3327 quemad-

2507 3342 2765 3403 modum
2814 3342 3099 3405 Christus
3148 3342 3353 3407 oravit
3400 3361 3516 3424 pro
3563 3344 3664 3406 sui
3704 3345 3991 3427 eorporis
4016 3362 4277 3406 ,νοω-,η

2505 3438 2998 3522 glorificatione,
3032 3449 3095 3504 et
3126 3459 3240 3523 pro
3269 3440 3717 3522 Apostolorum
3748 3443 3994 3507 consor-

2507 3538 2745 3601 tatioue
2774 3547 2967 3621 atque
2995 3538 3443 3627 illustratione,
3464 3548 3527 3602 et
3546 3540 3823 3623 Spiritus
3843 3542 3997 3605 San-

2507 3636 2593 3698 cti
2642 3636 2967 3714 missione,
3020 3637 3315 3718 quamvis
3364 3638 3656 3719 praedixit
3705 3650 3769 3703 et
3818 3641 3997 3704 novit

2508 3735 2863 3798 certissime
2906 3736 3123 3799 omnia
3153 3736 3263 3799 illa
3292 3754 3432 3799 esse
3474 3736 3713 3801 futura.
3746 3742 3828 3801 Et
3856 3760 4000 3800 rur-

2507 3853 2653 3893 sum
2680 3836 2777 3894 ait
2810 3836 2919 3894 itti
2946 3852 2969 3896 .·
3000 3838 3338 3897 Revertere
3387 3837 3464 3898 ad
3508 3836 3883 3915 videndum,
3919 3856 3997 3900 an

615 3943 880 3996 Judtc.v,2t.
910 3938 973 3992 et
1005 3929 1070 3990 in
1103 3929 1266 3994 libro
1293 3929 1586 3993 Judicum
1626 3930 1874 4012 legitur,
1911 3931 2180 3995 Torrens
2210 3932 2398 3996 Cison
2513 3931 2715 3993 nubes
2770 3940 3075 4013 appareat
3110 3949 3124 3993 ε
3180 3952 3331 3995 nam
3390 3953 3496 3996 aer
3552 3935 4000 3998 serenissimus

624 4238 720 4345 ’ξι
733 4251 881 4291 mxu,

663 4532 677 4575 Ι
693 4533 798 4588 neq.
813 4546 883 4587 xv,

619 4596 688 4639 8³.

911 4029 1100 4091 traxit
1127 4029 1434 4093 cadavera
1455 4048 1674 4093 eorum
1703 4048 1716 4091 :
1743 4040 1816 4092 ut
1838 4038 1900 4092 et
1929 4030 2195 4093 istorum
2226 4033 2402 4095 cada-

2510 4038 2666 4091 erat.
2709 4030 3065 4106 Revertere,
3110 4030 3398 4112 inquam,
3432 4042 3665 4110 septem
3712 4036 3961 4094 vicibus
3980 4056 4003 4094 .·

907 4146 1062 4190 vera
1095 4128 1161 4190 in
1197 4127 1380 4190 illum
1415 4128 1880 4209 projicerentur
1909 4136 2277 4193 torrentem.
2314 4132 2400 4194 De
2513 4127 2599 4189 ita
2628 4136 2700 4189 ut
2730 4136 2873 4209 post
2913 4129 3265 4210 quamlibet
3304 4130 3507 4194 vicem
3542 4132 3799 4194 nunties
3844 4132 4003 4194 mihi

911 4244 1039 4307 quo
1071 4234 1134 4287 et
1163 4225 1230 4287 in
1259 4224 1504 4289 Psalmo
1545 4225 1622 4287 fit
1662 4227 1924 4289 mentio.
1963 4231 2044 4290 E't
2075 4230 2401 4305 interfecit
2432 4229 2485 4291 D
2511 4225 2667 4306 quid
2708 4227 2965 4305 videriS‚
2999 4236 3063 4291 et
3107 4247 3222 4310 ego
3263 4229 3491 4292 iterum
3534 4230 3773 4311 septies
3820 4248 4003 4294 oran-

911 4342 1010 4381 eos
1039 4324 1156 4393 ibi,
1191 4321 1253 4383 id
1285 4329 1402 4398 est,
1437 4322 1671 4385 occidit
1699 4342 1806 4387 eos
1836 4323 1929 4386 ibi
1960 4325 2261 4388 manibus
2295 4345 2403 4407 po·
2512 4325 2615 4401 do,
2640 4324 2766 4387 nisi
2811 4326 3002 4389 citius
3046 4326 3231 4390 suero
3273 4328 3627 4405 exaudituS,
3652 4329 4001 4411 'impetrem

906 4420 1073 4500 -puli,
1099 4418 1200 4482 vel
1232 4429 1294 4483 et
1326 4422 1581 4503 propria
1611 4442 1804 4484 manu
1832 4424 2164 4504 quosdam,
2190 4444 2403 4505 quem·
2516 4424 2768 4486 veniam
2806 4425 3043 4508 populo
3084 4444 3199 4507 pro
3244 4427 3656 4489 universitate
3700 4426 3999 4491 vitiorum

913 4518 1256 4583 admodum
1285 4518 1534 4583 Samuel
1567 4538 1779 4599 regem
1804 4521 2074 4585 Amalec.
2097 4522 2225 4585 Hoc
2251 4522 2403 4585 fecit
2514 4541 2733 4586 eorum
2780 4524 2953 4604 (quae
2996 4523 3377 4587 universitas
3428 4525 3791 4607 septenario
3842 4527 4005 4589 dosi-

912 4615 1047 4679 zelo
1077 4616 1209 4692 Dei,
1243 4624 1306 4679 et
1351 4636 1431 4680 ne
1476 4617 1750 4700 amplius
1781 4619 2156 4681 seducerent
2201 4637 2401 4702 popu·

913 4713 1067 4791 lum,
1101 4722 1167 4777 et
1200 4715 1349 4796 quia
1381 4714 1671 4778 fecerunt
1713 4734 1826 4799 per
1859 4716 2201 4798 imperium
2228 4718 2399 4781 Jeza—

907 4810 1011 4873 bel
1060 4813 1400 4895 prophetas
1448 4812 1558 4876 Dei
1607 4814 1834 4877 occidi.
1877 4813 2094 4877 Achab
2139 4834 2400 4898 quoque

906 4908 996 4970 ita
1036 4908 1162 4973 fuit
1195 4910 1500 4973 attonitus
1545 4930 1621 4973 ex
1672 4911 1982 4975 miraculo
2026 4913 2200 4993 quod
2244 4932 2398 4977 con-

905 5007 1134 5088 spexit,
1167 5008 1338 5089 quod
1390 5026 1516 5071 non
1559 5009 1834 5071 audebat
1881 5010 2202 5087 resistere,
2245 5012 2397 5093 quia

907 5106 1184 5187 speravit
1210 5125 1324 5188 per
1354 5106 1557 5168 Eliam
1587 5106 1868 5189 pluviam
1901 5108 2262 5190 impetrare.

991 5207 1075 5265 Ec
1101 5206 1197 5265 ait
1225 5208 1414 5267 Elias
1454 5210 1542 5267 ad
1572 5210 1790 5268 Acltab
1819 5228 1842 5267 .·
1865 5211 2174 5279 Ascende,
2203 5230 2397 5269 come-

909 5304 990 5360 de
1017 5312 1076 5361 et
1107 5304 1262 5375 bibe,
1295 5306 1454 5382 quia
1491 5326 1684 5366 sonus
1727 5310 1948 5368 multae
1979 5309 2233 5383 pluviae
2278 5319 2393 5379 est,

2511 4624 2789 4701 gnatur),
2826 4620 2915 4683 ita
2947 4630 3016 4684 ut
3054 4622 3274 4703 pluvia
3304 4623 3397 4686 eis
3436 4624 3678 4686 diutius
3716 4643 3849 4688 non
3890 4644 3997 4688 ne-

2514 4727 2717 4799 getur.

2590 4819 2673 4878 In
2724 4819 2993 4893 septima
3037 4828 3255 4879 autem
3302 4820 3458 4891 vice,
3506 4840 3642 4879 ecce
3682 4822 3995 4883 nubecula

2502 4935 2716 4993 parva
2746 4919 2936 4995 quas-i
2956 4918 3297 4994 vestiyium
3326 4920 3635 4988 hominis,
3666 4918 3730 4980 id
3772 4928 3867 4983 est
3898 4938 3995 4982 ex·

2509 5032 2799 5076 crescens
2845 5014 2923 5075 ad
2972 5013 3251 5076 hominis
3296 5016 3739 5096 quantitatem,
3786 5036 3995 5079 ascen·

2507 5114 2694 5173 debat
2729 5115 2807 5171 de
2848 5115 3037 5183 mari,
3072 5132 3216 5194 quae
3253 5113 3445 5195 paulo
3495 5122 3637 5195 post
3685 5116 3887 5180 crevit
3930 5116 3991 5177 in

2508 5210 2746 5272 nubem
2793 5211 3119 5290 grandem.
3169 5214 3297 5281 Qui
3340 5215 3437 5273 ait
3480 5212 3777 5277 ministro
3830 5230 3989 5277 suo:

2500 5312 2795 5370 ‘Ascende
2849 5320 2909 5369 et
2962 5314 3071 5371 dic
3116 5312 3337 5372 Achab
3387 5332 3411 5370 .·
3456 5314 3667 5389 Junye
3730 5334 3993 5375 curru-m

4019 2273 4113 2315 soe
4128 2287 4281 2320 xum-rr,

4018 2339 4065 2387 8,
4088 2339 4135 2378 9.
