4359 6250
125 3879 150 3921 tt
161 3881 250 3936 Rey.
263 3897 302 3932 v,
313 3887 350 3926 4.

137 4576 196 4620 Pa.
209 4593 314 4623 um

1451 808 2453 933 ENARRATIO

477 1107 670 1230 IN
777 1110 1512 1235 PRIMUM
1619 1111 2321 1237 LIBRUM
2438 1116 3403 1241 MALACHIM

1751 1420 1866 1500 ID
1927 1422 2138 1503 EST

893 1682 1983 1849 TERTIUM
2153 1686 3001 1853 REGUM

1143 2043 1217 2093 IN
1275 2044 1414 2093 Hoc
1465 2044 1728 2094 AGITUR
1783 2044 1876 2093 DE
1929 2044 2169 2094 MORTE
2226 2046 2435 2096 REGIS
2490 2047 2731 2113 Dum,

440 2166 534 2215 DE
590 2166 1106 2233 SUCCESSIONE,
1165 2168 1521 2218 REGIMINE
1575 2169 1662 2218 ΕΤ
1713 2169 1959 2218 GESTIS
2013 2170 2407 2220 SALOMONIS
2460 2172 2551 2221 Ac
2607 2172 3059 2229 QUORUMDAM
3115 2173 3432 2224 ALIORUM

1455 2294 1709 2345 REGUM
1763 2295 1943 2346 JUDA
1997 2296 2084 2344 ET
2137 2296 2419 2347 JSRAEL.

1359 2838 2008 2925 ARTICULUS
2087 2840 2528 2926 PRIMUS

811 3104 1194 3151 EXPLANATIO
1238 3105 1586 3152 Ll'l'rssRALls
1629 3106 1902 3153 GAPITULI
1944 3106 2114 3154 emm
2157 3110 2171 3155 t
2218 3108 2294 3156 ΕΤ
2336 3109 2457 3156 REX
2497 3110 2687 3156 DAvm
2730 3110 3064 3158 SENUERAT.

461 3377 512 3440 N
542 3377 771 3459 primis
800 3376 1048 3440 duobus
1081 3377 1276 3459 hujus
1315 3378 1487 3441 tertii
1527 3376 1672 3440 libri
1714 3378 1880 3460 capi·
1907 3378 1957 3440 A
1988 3378 2141 3442 Joab
2173 3379 2351 3443 filius
2383 3400 2513 3444 suae
2554 3391 2926 3462 materterae,
2955 3385 3145 3447 etiam
3176 3386 3307 3466 jam
3340 3385 3476 3450 fue-

479 3475 632 3538 tulis
673 3476 880 3539 adhuc
908 3477 989 3539 de
1019 3475 1215 3541 David
1249 3484 1575 3554 tractatur,
1606 3476 1880 3558 qualiter

383 3575 634 3639 scilicet
662 3594 1094 3640 successorem
1123 3575 1303 3656 regni
1327 3575 1426 3638 sui
1454 3575 1880 3638 instituit.Un-

383 3677 464 3738 de
503 3673 796 3756 sequitur
832 3692 846 3736 t
881 3677 966 3736 Et
1005 3696 1122 3736 rem
1159 3678 1378 3737 David
1417 3686 1740 3744 senuerat,
1771 3679 1880 3736 Ῐια-

385 3777 692 3854 bebatque
713 3776 924 3836 (etatis
939 3775 1265 3851 plurimos
1283 3777 1442 3837 dies,
1461 3774 1610 3836 Erat
1637 3773 1880 3856 quippe

385 3871 644 3936 circiter
676 3871 1220 3954 septuagenarius,
1256 3873 1409 3954 quia
1447 3872 1707 3953 triginta
1745 3882 1880 3935 erat

383 3989 700 4034 annorum
750 3971 902 4033 dum
949 3970 1144 4052 coepit
1189 3989 1473 4051 regnare,
1509 3981 1573 4033 et
1611 3971 1881 4051 quadra-

381 4071 563 4150 ginta
593 4069 780 4132 annis
823 4068 1132 4150 regnavit,
1170 4078 1356 4152 prout
1396 4069 1462 4131 in
1504 4070 1781 4132 secundo
1809 4069 1880 4130 li-

385 4169 501 4231 bro
541 4168 834 4231 habetur.
871 4168 1072 4230 Tanta
1108 4177 1318 4232 autem
1359 4169 1608 4230 duratio
1640 4176 1882 4249 tempo-

383 4269 497 4343 riS,
535 4275 868 4351 reputatur
917 4275 1211 4330 senectus
1263 4267 1327 4328 in
1377 4267 1658 4343 homine,
1696 4267 1878 4347 cujus

386 4367 536 4429 vitae
575 4365 876 4447 periodus
909 4384 1112 4446 usque
1141 4367 1218 4428 ad
1252 4365 1651 4447 septuaginta
1677 4384 1878 4427 annos

385 4464 740 4527 secundum
775 4464 1128 4526 naturalem
1165 4482 1424 4527 cursum
1459 4463 1880 4526 communiter

1986 3466 2068 3539 rit
2099 3497 2293 3540 canus
2326 3487 2389 3542 et
2415 3481 2767 3560 grandaevae
2806 3483 3029 3560 aetatis,
3072 3495 3143 3548 ut
3181 3489 3468 3568 sequenti
3500 3510 3763 3566 11111e9.n‚n.

1987 3585 2158 3658 patet
2202 3579 2504 3660 capitulo.
2554 3580 2713 3656 Alia,
2761 3581 2914 3662 quia
2958 3603 3033 3645 ex
3074 3584 3321 3648 visione
3362 3606 3473 3648 an·
3512 3611 3765 3667 {tlte-qam.

1987 3674 2136 3754 geli,
2173 3675 2556 3757 praecedenti
2597 3676 2762 3740 libro
2802 3679 3081 3758 recitata,
3117 3679 3241 3743 fuit
3279 3682 3470 3745 vehe-
3502 3678 3565 3718 ¹⁷·

1987 3783 2235 3837 menter
2266 3776 2638 3856 perterritus
2673 3794 2686 3839 :
2724 3797 2798 3840 ex
2829 3796 2957 3858 qua
2986 3779 3309 3848 excessiva
3338 3798 3473 3862 per-

1987 3873 2316 3935 territione
2376 3873 2919 3954 infrigidationem
2979 3876 3266 3954 incurrit,
3328 3897 3471 3958 quae

1989 3971 2340 4053 permansit
2379 3971 2443 4033 in
2482 3991 2556 4034 eo
2589 3992 2792 4054 usque
2828 3973 2905 4034 ad
2947 3983 3237 4038 mortem.
3272 3975 3473 4038 Vehe-

1987 4090 2166 4132 mens
2219 4071 2457 4133 etenim
2508 4070 2696 4134 timor
2740 4071 2906 4154 parit
2949 4072 3169 4153 friguS‚
3214 4082 3473 4156 propter

1988 4171 2158 4250 quod
2192 4169 2605 4232 formidantes
2639 4179 2918 4233 tremunt
2948 4180 3009 4234 et
3043 4171 3303 4254 pallent.
3329 4173 3475 4234 Ter-

1989 4269 2094 4344 tia,
2116 4268 2269 4349 quia
2301 4267 2669 4349 frequenter
2702 4268 2823 4330 fuit
2855 4270 2921 4331 in
2951 4269 3210 4353 praeliiS‚
3237 4270 3303 4334 in
3335 4271 3476 4352 qui-

1988 4368 2108 4431 bus
2138 4367 2238 4447 (ut
2273 4366 2501 4447 fertur)
2535 4366 2656 4430 fuit
2686 4368 3031 4449 aliquando
3062 4370 3429 4433 vulneratus
3456 4388 3470 4433 :

1989 4467 2211 4548 sicque
2249 4485 2325 4528 cx
2368 4467 2694 4546 sanguinis
2736 4468 3133 4531 emanatione
3166 4469 3355 4531 citius
3385 4489 3476 4530 sc-

317 4596 354 4632 x.
385 4583 454 4626 se
475 4563 817 4626 extendere
837 4569 1057 4645 potest,
1076 4563 1253 4643 Juxta
1275 4563 1338 4625 id
1359 4563 1600 4640 Psalmi,
1619 4563 1758 4625 Dies
1779 4582 1882 4625 an·
1917 4561 1962 4622 B
1988 4564 2130 4627 nuit
2160 4573 2349 4646 atque
2380 4563 2697 4645 refriguit.
2716 4565 2888 4628 Hanc
2910 4586 3163 4629 causam
3194 4567 3475 4648 assignat

385 4681 617 4726 norum
649 4670 1013 4725 nostrorum
1047 4661 1114 4723 in
1147 4662 1304 4744 ipsis
1336 4663 1736 4743 septuaginta
1771 4681 1880 4724 an-

385 4762 478 4824 ni.
503 4761 958 4824 Verumtamen
1000 4779 1165 4822 unus
1205 4760 1334 4824 alio
1378 4761 1648 4824 celerius
1689 4780 1880 4825 senex

383 4860 678 4924 efficitur
714 4878 728 4921 ε
763 4859 934 4940 quod
971 4879 1047 4922 ex
1088 4859 1454 4923 diversitate
1499 4860 1882 4942 complexio-

385 4977 566 5036 num,
588 4957 1056 5034 infirmitatum,
1075 4958 1422 5034 laesionum,
1438 4956 1880 5040 fatigationum

385 5069 450 5122 et
491 5057 1004 5122 sollicitudinum
1045 5065 1252 5140 potest
1295 5059 1603 5121 accidere.
1649 5063 1885 5128 Quum-

383 5179 511 5240 que
539 5159 904 5235 operiretur
931 5158 1232 5226 vestibuS,
1252 5177 1382 5216 non
1413 5158 1886 5236 calefiebat.Cu-

383 5259 490 5339 jus
536 5255 630 5320 rei
671 5255 864 5318 varioe
909 5273 1115 5318 causae
1160 5255 1515 5319 traduntur.
1547 5256 1702 5332 Una,
1737 5256 1887 5337 quia

386 5357 468 5420 de
498 5353 875 5439 parentibus
906 5353 1169 5417 senibus
1207 5363 1394 5418 natus
1433 5364 1548 5432 est,
1583 5373 1782 5436 quum
1823 5362 1887 5417 et

1987 4665 2167 4746 Lyra,
2208 4663 2337 4725 imo
2376 4671 2440 4724 et
2470 4663 2669 4744 aliqui
2700 4671 2847 4726 ante
2885 4684 3053 4726 cum.

2066 4761 2299 4824 Contra
2318 4781 2509 4843 quam
2542 4760 2763 4824 scribit
2792 4761 2991 4825 Rabbi
3021 4762 3249 4825 Paulus
3276 4781 3289 4825 :
3315 4763 3477 4826 Nun-

1988 4880 2179 4942 quam
2238 4860 2469 4940 legitur
2518 4860 2714 4922 David
2768 4861 2833 4923 in
2886 4860 3057 4924 bello
3107 4863 3476 4925 vulneratus

1989 4959 2124 5022 sive
2167 4978 2529 5041 percussuS,
2573 4958 2670 5021 vel
2712 4959 2881 5040 quod
2928 4961 3255 5039 sanguinis
3294 4961 3480 5044 copia

1990 5059 2068 5121 dc
2101 5057 2241 5140 ipso
2274 5057 2601 5120 effluxerit
2636 5074 2649 5119 ε
2684 5059 2859 5139 quod
2890 5057 2943 5120 si
2975 5059 3329 5136 accidisset,
3351 5079 3479 5123 non

1991 5165 2086 5219 est
2124 5155 2475 5220 verisimile
2514 5157 2682 5236 quod
2724 5157 3047 5238 Scriptura
3086 5158 3203 5221 hoc
3250 5159 3483 5221 tacuis-

1991 5264 2107 5318 set.
2129 5255 2239 5317 His
2259 5255 2471 5319 verbis
2501 5254 2703 5317 Rabbi
2723 5255 2896 5317 Pauli
2930 5254 3180 5318 videtur
3210 5257 3482 5340 Scriptu-

1989 5373 2055 5417 ra
2075 5352 2305 5432 favere,
2322 5355 2471 5436 quia
2494 5353 2861 5434 frequenter
2879 5353 2967 5416 ait
2989 5355 3160 5435 quod
3186 5355 3483 5420 Dominus
