4359 6250
1353 512 1701 560 ENARRATlo
1744 515 1806 561 IN
1848 516 1984 562 cal»,
2033 516 2052 561 1
2091 516 2366 564 mmmm.
2416 538 2495 549 —
2535 520 2675 565 ΛΒΤ.
2725 520 2744 565 l

3476 504 3593 569 115

489 678 989 743 combusserunt
1044 682 1414 759 Jerusalem,
1473 683 1994 766 habitatoresque
2023 687 2074 747 A
2103 689 2269 751 vitas
2309 688 2421 751 illa
2462 690 2685 753 habuit
2723 691 3208 754 subterraneum
3253 692 3463 755 locum
3512 692 3592 753 ad

487 776 636 856 ejus
674 777 741 840 in
781 796 892 841 ore
929 779 1127 860 gladii
1158 790 1632 862 percusserunt.
1667 781 1992 855 Quomodo

488 893 647 955 ergo
680 875 803 938 filii
825 878 1158 957 Benjamin
1189 898 1360 941 nunc
1389 880 1691 942 dicuntur
1723 880 1994 944 habitas-

487 974 662 1036 sein
703 975 862 1039 urbe
891 976 1024 1053 illa,
1063 996 1180 1039 nec
1217 978 1533 1041 delevisse
1575 998 1684 1042 eos
1730 980 1841 1059 qui
1885 980 1992 1041 ha-

487 1071 789 1135 bitabant
836 1073 1132 1137 ibidem?
1173 1074 1266 1137 Ad
1312 1076 1434 1140 hoc
1483 1078 1547 1138 B.
1594 1078 1990 1159 Augustinus

487 1173 1050 1255 respondet‚quod
1079 1176 1222 1237 duae
1255 1175 1752 1251 tribuS,·scilicet
1784 1177 1990 1239 tribus

481 1268 651 1332 Juda
677 1278 744 1332 et
771 1272 1066 1353 cognatio
1095 1273 1223 1335 Ben
1225 1272 1450 1354 jamin,
1487 1274 1851 1337 habuerunt
1883 1296 1989 1337 ur-

483 1366 640 1430 bem
687 1369 1035 1433 Jerusalem
1086 1370 1212 1434 sibi
1263 1390 1694 1435 communem.
1740 1374 1825 1436 De
1870 1373 1990 1437 hoc

485 1466 735 1529 dictum
781 1477 879 1531 est
927 1469 1181 1550 plenius
1225 1488 1419 1551 super
1460 1471 1670 1546 Josue‚
1715 1472 1990 1552 qualiter

485 1565 700 1627 tribus
738 1566 898 1629 Juda
935 1567 1159 1630 habuit
1190 1568 1384 1632 urbes
1415 1568 1779 1651 dupliciter,
1820 1572 1990 1634 scili-

481 1672 593 1727 eet
633 1683 748 1746 per
787 1667 1268 1730 concessionem
1312 1676 1376 1730 et
1418 1668 1687 1731 sortium
1729 1669 1992 1732 divisio-

484 1782 684 1839 nem3
728 1762 926 1825 tribui
977 1783 1128 1829 vero
1171 1766 1503 1847 Benjamin
1549 1768 1852 1849 deputata
1893 1777 1990 1830 est

2101 788 2463 849 exeundum
2514 796 2703 868 atque
2761 789 3153 851 intrandum.
3210 792 3339 859 Qui
3386 810 3587 869 quum

2101 888 2469 947 ostendisset
2529 890 2619 945 eis
2680 896 2993 949 secretum
3054 888 3410 965 introitum,
3445 910 3594 967 per-

2102 993 2437 1043 cusserunt
2470 986 2691 1045 urbem
2726 987 2797 1045 in
2832 1004 2939 1044 ore
2963 987 3204 1062 qladii.
3244 988 3589 1047 Hominem

2102 1090 2321 1141 autem
2359 1084 2549 1141 illum
2586 1092 2645 1141 et
2682 1102 2933 1143 omnem
2971 1085 3413 1160 comunionem
3450 1084 3589 1161 ejus

2098 1180 2495 1239 dimiserunt
2516 1198 2538 1239 .·
2570 1188 2826 1262 propter
2856 1180 3366 1244 benevolentiam
3396 1188 3459 1243 et
3487 1180 3589 1244 be-

2100 1275 2516 1340 neficentiam
2558 1279 2697 1359 ejus
2738 1277 2806 1339 in
2850 1278 3046 1361 ipsoS,
3091 1279 3259 1343 sicut
3298 1288 3363 1341 et
3398 1279 3586 1342 Josue

2098 1393 2172 1437 ac
2204 1374 2329 1437 filii
2358 1375 2545 1438 Israel
2577 1376 2951 1458 eripuerunt
2982 1378 3197 1440 Rahab
3228 1386 3291 1441 et
3322 1377 3463 1458 ejus
3490 1396 3590 1440 co·

2099 1471 2467 1553 gnationcm
2512 1494 2550 1537 a
2595 1482 2821 1537 morte.
2872 1478 2998 1543 Qui
3043 1478 3373 1549 dimissam,
3427 1478 3590 1536 abiit

2099 1574 2172 1632 in
2210 1582 2448 1633 terram
2479 1575 2796 1644 Hettlzim,
2826 1584 2885 1634 et
2919 1576 3273 1652 (edificavit
3306 1576 3399 1634 ibi
3430 1576 3591 1634 civi-

2102 1680 2316 1731 tatem.
2356 1670 2658 1750 Cognatio
2699 1672 2840 1752 ojus
2878 1670 3166 1753 prosecta
3202 1681 3298 1734 est
3342 1690 3583 1748 secum,

2099 1775 2161 1831 et
2191 1767 2415 1831 habuit
2444 1788 2589 1833 eum
2623 1776 2694 1831 ut
2720 1768 3099 1852 principem,
3136 1770 3441 1853 quoniam
3472 1789 3587 1852 per

478 1861 840 1925 Jerusalem
887 1862 1094 1925 solum
1138 1882 1250 1945 per
1295 1872 1552 1941 sortem,
1588 1873 1652 1929 et
1692 1865 1780 1927 ita
1810 1866 1990 1929 habi-
2022 1867 2068 1928 B
2099 1886 2247 1929 cum
2292 1875 2631 1930 evaserunt
2678 1867 3031 1946 interitum,
3071 1878 3132 1932 et
3175 1888 3395 1932 eorum
3440 1869 3589 1931 sub-

482 1968 792 2023 taverunt
841 1960 908 2022 in
955 1980 1030 2024 ea
1077 1962 1442 2043 aliqualiter
1491 1972 1802 2045 reparata.
1857 1966 1980 2029 Nec

481 2058 780 2121 universi
817 2059 1156 2123 Chananaei
1207 2061 1600 2126 habitatores
1639 2062 1986 2127 Jerusalem

481 2157 756 2220 fuerunt
791 2158 986 2221 occisi
1037 2178 1074 2221 a
1126 2158 1284 2221 filiis
1324 2160 1506 2239 Juda,
1541 2160 1692 2242 quia
1734 2182 1849 2225 nec
1889 2162 1986 2225 illi

477 2256 606 2337 qui
652 2256 718 2317 in
765 2256 1074 2321 fortalitio
1115 2266 1319 2335 erant,
1355 2278 1472 2322 nec
1517 2260 1610 2322 illi
1653 2260 1764 2341 qui
1810 2260 1988 2342 fuge·

479 2362 658 2431 rant,
694 2374 810 2418 nec
849 2356 964 2437 qui
1007 2365 1292 2439 tempore
1327 2358 1784 2421 devastationis
1812 2359 1988 2422 Jeru-

480 2454 692 2515 salem
731 2461 910 2516 extra
947 2473 1086 2517 eam
1130 2455 1392 2517 fuerunt
1422 2480 1436 2529 ;
1471 2474 1588 2519 nec
1619 2474 1842 2520 omnes
1873 2458 1987 2521 hos

479 2552 704 2633 potuit
735 2552 938 2615 tribus
959 2553 1290 2634 Benjamin
1317 2573 1652 2635 superare:
1677 2564 1740 2618 ct
1774 2555 1988 2620 forsan

478 2669 570 2713 ex
621 2649 970 2733 cupiditate
1017 2652 1314 2734 permisit
1359 2653 1670 2733 quosdam
1729 2653 1986 2717 illorum

477 2749 733 2825 vivere,
768 2768 928 2830 quos
969 2750 1329 2831 potuissent
1373 2752 1708 2833 perimere,
1758 2753 1990 2817 facien·

477 2857 592 2911 tes
637 2846 704 2909 in
757 2848 878 2911 hoc
924 2857 1148 2911 contra
1188 2850 1299 2911 Dei
1351 2858 1763 2933 paeceptum,
1810 2860 1882 2914 ut
1920 2852 1986 2914 in

475 2946 894 3029 expositione
919 2948 1107 3011 Josue
1136 2947 1338 3027 magis
1369 2968 1741 3031 expressum
1771 2958 1888 3013 est.

2099 1964 2265 2028 sidio
2314 1965 2536 2028 urbem
2586 1967 2961 2029 construxit.
3022 1970 3396 2047 Vocavitque
3442 1986 3585 2028 eam

2097 2066 2371 2135 Luzam,
2395 2085 2538 2144 quae
2562 2066 2659 2125 ita
2687 2070 3065 2141 appellatur
3092 2087 3292 2146 usque
3316 2069 3389 2126 in
3413 2087 3583 2144 prce—

2095 2174 2333 2223 sentem
2360 2165 2555 2224 diem.

2175 2260 2650 2342 Consequenter
2680 2262 2747 2323 in
2784 2269 2957 2323 textu
2988 2260 3391 2338 describitur,
3426 2281 3587 2343 qua-

2099 2359 2245 2421 liter
2275 2359 2561 2440 quinque
2602 2358 2806 2421 tribus
2845 2360 3056 2435 Israel,
3092 2368 3247 2442 puta
3274 2360 3584 2438 Manasse‚

2099 2457 2422 2539 Ephraim,
2458 2458 2760 2535 Zabulon,
2795 2459 2950 2521 Aser
2978 2467 3045 2521 et
3064 2458 3425 2540 Nephthali,
3454 2478 3585 2522 non

2098 2556 2473 2618 deleverunt
2492 2574 2569 2618 ex
2599 2555 2868 2618 urbibus
2890 2556 3020 2617 suis
3042 2555 3451 2632 chananaeos,
3472 2556 3582 2619 'sed

2097 2652 2219 2715 sub
2262 2654 2499 2716 tributo
2530 2653 2960 2735 permiserunt
2988 2672 3097 2716 eos
3128 2653 3294 2716 inter
3324 2672 3391 2717 se
3420 2672 3588 2717 com-

2099 2751 2356 2830 morari,
2404 2760 2625 2816 contra
2667 2760 3055 2834 praeceptum
3097 2752 3206 2815 Dei
3252 2770 3267 2814 ε
3314 2752 3584 2835 ideoque

2098 2851 2290 2933 paulo
2331 2860 2475 2933 post
2512 2850 2874 2913 inciderunt
2912 2848 3196 2914 facinora
3234 2850 3458 2928 multa,
3492 2870 3588 2914 se-

2097 2948 2381 3011 cundum
2440 2947 2611 3029 quod
2660 2944 2968 3010 Dominus
3024 2947 3117 3010 eis
3174 2966 3288 3029 per
3334 2947 3585 3029 Moysen

571 3047 814 3105 Domus
857 3064 1107 3126 quoque
1134 3046 1383 3124 Joseph‚
1431 3045 1521 3106 Ex
1562 3045 1795 3128 Ioseph
1835 3056 1989 3110 ortae
2019 3045 2063 3108 C
2098 3044 2571 3130 praenuntiavit.
2624 3044 2856 3108 Textus
2905 3054 3117 3109 autem
3172 3054 3269 3108 est
3327 3045 3579 3129 planuS,

473 3152 554 3207 et
605 3151 986 3226 computatae
1036 3151 1186 3205 sunt
1235 3145 1376 3207 duae
1426 3144 1656 3221 tribuS‚
1690 3145 1988 3210 videlicet

471 3243 796 3325 Ephraim
835 3251 900 3307 et
935 3243 1237 3308 Manasse.
1288 3242 1520 3326 Sicque
1564 3263 1676 3326 per
1725 3246 1986 3309 domum

473 3361 607 3406 seu
640 3340 950 3404 familiam
978 3340 1233 3424 Joseph‚
1267 3349 1478 3423 potest
1507 3342 1782 3423 intelligi
1814 3351 1986 3406 utra-

471 3459 618 3523 que
649 3439 877 3518 tribuS,
911 3439 1012 3503 vel
1044 3439 1248 3502 tribus
1277 3439 1582 3523 Ephraim
1629 3461 1772 3523 quae
1812 3443 1988 3525 prin-

469 3538 761 3622 cipalior
791 3537 936 3604 fuit.
970 3539 1188 3620 ltaque
1220 3539 1471 3617 domm,
1508 3540 1570 3601 id
1611 3548 1707 3603 est
1746 3540 1873 3603 filii
1913 3561 1986 3605 ac

471 3636 731 3722 posteri
749 3636 1005 3718 Joseph‚
1022 3642 1447 3699 ascenderunt
1477 3640 1550 3699 in
1581 3642 1829 3710 Betkel,
1843 3659 1984 3722 quae

473 3736 618 3799 fuit
648 3736 803 3798 urbs
829 3735 956 3797 alia
985 3754 1024 3797 a
1049 3735 1422 3814 Jerusalem,
1462 3755 1605 3818 quae
1645 3737 1836 3800 etiam
1878 3757 1987 3820 ap-

471 3833 728 3918 pellata
768 3841 866 3896 est
905 3833 1148 3910 Bethel,
1182 3834 1476 3915 quamvis
1516 3844 1579 3897 et
1619 3835 1740 3897 ista
1767 3836 1982 3899 Betbel

469 3931 620 3996 alio
664 3932 929 3995 nomine
971 3939 1194 3994 vocata
1233 3931 1316 3994 sit
1356 3931 1540 4010 Luza,
1577 3935 1988 4015 quemadmo-

469 4033 646 4095 dum
677 4039 742 4094 εἰ
769 4030 1141 4093 Jerusalem.
1183 4033 1460 4111 Fuitque
1495 4035 1809 4093 Dominus
1838 4055 1986 4094 cum

467 4131 603 4191 eis,
631 4132 806 4190 Nam
827 4149 1032 4208 quum
1063 4130 1420 4190 obsiderent
1451 4132 1670 4192 urbem
1691 4152 1833 4210 quoe
1844 4133 1988 4208 pri-

2097 3153 2288 3226 atque
2318 3145 2387 3206 in
2417 3143 2583 3207 libro
2610 3144 2797 3208 Josue
2829 3163 2943 3226 pro
2975 3163 3207 3226 magna
3235 3154 3415 3227 parte
3436 3165 3588 3228 prae-

2096 3243 2351 3306 habitus
2393 3251 2583 3323 atque
2622 3242 2969 3324 exposituS,
3002 3241 3092 3305 ita
3131 3243 3309 3324 quod·
3328 3243 3457 3307 ista
3486 3244 3581 3306 di-

2095 3349 2329 3404 cuntur
2371 3340 2472 3403 vel
2517 3341 2623 3402 hic
2665 3357 2777 3422 per
2820 3339 3434 3422 recapitulationem,
3477 3343 3579 3407 vel

2095 3439 2187 3502 ibi
2210 3458 2325 3522 per
2344 3439 2889 3521 anticipationem.
2910 3441 3333 3519 Arctavitque
3350 3443 3577 3502 Amor-.-

2093 3542 2309 3600 rhoeus
2348 3539 2521 3616 filios
2549 3541 2698 3599 Dan
2739 3540 2811 3598 in
2852 3547 3084 3608 monte,
3114 3557 3229 3599 nec
3266 3540 3447 3600 dedit
3488 3542 3582 3600 eis

2096 3641 2305 3698 locum
2334 3645 2407 3697 ut
2436 3639 2524 3698 ad
2544 3637 2855 3714 planiora
2883 3638 3329 3696 descenderent
3348 3658 3377 3708 ,⁰
3405 3637 3589 3698 habi-

2098 3739 2385 3815 tavitque
2413 3737 2486 3794 in
2516 3744 2725 3794 monte
2755 3736 2987 3804 Ηανεε,
3009 3737 3179 3811 quod
3207 3735 3589 3812 interpreta-

2097 3844 2205 3895 tur
2228 3834 2472 3895 testatio
2484 3835 2525 3902 *,
2550 3835 2623 3892 in
2643 3833 2883 3892 Aialon
2910 3841 2970 3892 et
3000 3832 3285 3893 Salebim
3306 3851 3328 3892 .·
3360 3831 3426 3894 id
3456 3843 3581 3912 est,

2095 3930 2444 3994 Amorrhaei
2473 3930 2566 3993 sic
2598 3928 3028 4005 invaluerunt,
3065 3930 3237 4011 quod
3279 3947 3407 3993 non
3443 3950 3589 4013 per-

2094 4030 2410 4092 miserunt
2467 4027 2770 4091 Dannitas
2830 4028 2906 4089 ad
2965 4027 3350 4109 campestria
3406 4049 3587 4092 suam

2095 4127 2555 4190 habitationem
2604 4123 2996 4202 diffundere,
3042 4126 3153 4188 sed
3200 4125 3269 4188 in
3320 4126 3588 4190 urbibus

467 4247 566 4290 us
615 4231 804 4289 Luza
865 4229 1238 4296 vocabatur,
1291 4229 1602 4289 viderunt
1660 4230 1987 4290 hominem.
2017 4229 2066 4290 D
2096 4227 2231 4289 suis
2262 4225 2328 4289 in
2361 4224 2517 4289 locis
2559 4222 2941 4286 sublimibus
2982 4224 3437 4307 compulerunt
3479 4243 3589 4289 eos

465 4328 924 4404 &redientem
969 4328 1050 4385 de
1095 4327 1386 4396 civitate,
1415 4328 1853 4407 dim-eruntque
1900 4330 1988 4388 ad

463 4445 636 4486 eum
666 4443 690 4485 .·
731 4427 1004 4488 Ostende
1052 4427 1232 4485 nobis
1281 4427 1626 4486 introitum
1673 4427 1984 4498 civitati-3,

465 4533 540 4585 et
568 4523 890 4600 faciemus
921 4531 1127 4583 tecum
1159 4524 1701 4586 misericordiam.
1724 4523 1786 4586 Si
1818 4523 1988 4588 vide-

467 4629 640 4685 runt
671 4620 882 4684 virum
908 4619 1094 4682 illum
1124 4628 1458 4683 exeuntem
1481 4622 1561 4684 de
1581 4621 1816 4699 Bethel,
1836 4641 1988 4704 qua-

467 4739 554 4783 re
590 4737 719 4781 non
749 4719 1321 4782 consideraverunt
1352 4737 1480 4800 qua
1520 4718 1625 4781 via
1664 4728 1774 4782 aut
1804 4729 1987 4802 porta

467 4817 774 4882 exierat?
805 4816 1266 4899 Respondetur,
1302 4818 1474 4899 quod
1504 4818 1806 4882 viderunt
1837 4837 1984 4882 eum

467 4915 856 4979 venientem
888 4916 968 4977 de
997 4916 1177 4992 urbe,
1213 4933 1339 4978 non
1376 4923 1584 4978 tamen
1617 4916 1827 4979 locum
1860 4936 1986 4999 quo

467 5013 645 5078 exiit
681 5031 694 5074 :
731 5013 864 5075 imo
893 5011 1192 5076 viderunt
1221 5013 1391 5094 quod
1435 5032 1562 5077 non
1603 5014 1842 5077 exierat
1875 5035 1988 5097 per

467 5111 774 5192 aliquam
825 5110 1004 5173 urbis
1047 5110 1369 5192 publicam
1416 5121 1688 5193 portam.
1729 5113 1816 5174 Ex
1861 5133 1987 5194 quo

467 5209 930 5290 conjecerunt,
965 5209 1138 5290 quod
1181 5228 1296 5291 per
1338 5210 1662 5274 occultum
1697 5229 1986 5290 egressus

475 5309 707 5374 fuerat
749 5307 985 5370 locum.
1028 5306 1400 5390 Dicuntque·
1425 5309 1649 5391 aliqui,
1684 5311 1857 5392 quod
1905 5310 1990 5374 ci-

2097 4343 2355 4388 manere
2407 4340 2420 4385 :
2475 4323 2646 4404 quod
2693 4323 2980 4386 Dannitae
3030 4322 3164 4404 pati
3215 4331 3589 4386 meruerunt

2097 4443 2211 4506 per
2254 4442 2368 4485 sua
2417 4429 2696 4504 peccata.
2732 4425 2817 4484 Ec
2846 4431 3203 4504 ayqravata
3234 4431 3323 4482 est
3354 4443 3589 4483 manus

2095 4527 2321 4583 domus
2338 4523 2588 4598 Joseph‚
2605 4522 2941 4599 factusque
2970 4529 3059 4580 est
3086 4521 3150 4579 ei
3182 4521 3585 4580 tributarius,

2097 4621 2225 4684 Hoc
2264 4627 2471 4701 potest
2511 4617 2765 4700 exponi,
2800 4616 2901 4680 vel
2945 4618 3117 4700 quod
3158 4616 3403 4680 familia
3444 4625 3589 4680 nata

2098 4737 2174 4780 ex
2219 4718 2452 4800 Joseph
2502 4725 2860 4797 aggravata,
2898 4716 2961 4778 id
3006 4723 3102 4777 est
3143 4734 3451 4797 oppressa
3492 4723 3587 4778 est

2097 4817 2177 4879 ab
2205 4816 2609 4892 AmorrbaeiS,
2646 4815 2732 4877 ita
2773 4814 2944 4895 quod
2984 4814 3241 4876 tandem
3281 4812 3452 4876 facta
3490 4821 3588 4876 est

2095 4914 2431 4978 tributaria
2468 4914 2599 4976 illis
2640 4911 3022 4976 adversariis
3067 4911 3239 4986 suis3
3276 4910 3377 4974 vel
3409 4912 3585 4992 quod

2095 5033 2323 5076 manus
2363 5033 2473 5076 seu
2518 5019 2795 5094 potestas
2839 5009 3125 5073 filiorum
3174 5008 3429 5091 Joseph‚
3480 5027 3588 5090 ag-

2093 5120 2357 5194 gravata
2382 5119 2479 5174 est
2507 5129 2698 5192 super
2728 5109 3149 5186 AmorrbaeOS,
3183 5116 3249 5171 et
3280 5107 3435 5172 fecit
3476 5127 3586 5172 eos

2097 5210 2222 5274 sibi
2250 5209 2621 5273 tributarios
2648 5227 2661 5270 :
2687 5208 2859 5290 quod
2890 5206 3093 5286 magis
3123 5225 3345 5271 verum
3376 5206 3589 5270 existi-

2098 5328 2224 5387 m0‚
2260 5309 2412 5391 quia
2458 5317 2523 5372 et
2571 5307 2691 5371 hoc
2733 5308 2813 5370 de
2854 5305 2999 5369 aliis
3046 5305 3347 5370 tribubus
3397 5307 3587 5369 Israel

3640 3853 3661 3874 ⁶
3686 3855 3877 3896 tentoeeeo
