4359 6250
987 523 1335 570 manuario
1378 524 1441 569 IN
1483 523 1622 568 GAP.
1668 522 1712 567 11
1754 522 1912 587 [glum
1954 521 2208 568 secuml!
2248 521 2474 568 amun.
2520 539 2600 550 ⁸—
2640 521 2782 566 ΛΒΤ.
2829 520 2890 566 lv

3355 501 3474 565 443

364 688 891 773 triumphaturos
938 693 1002 756 in
1045 693 1240 758 bello.
1283 693 1415 768 Quo
1459 691 1699 770 audito,
1749 690 1876 755 for·
1904 690 1955 752 A
1983 692 2155 773 quod
2196 691 2410 754 Abner
2457 690 2881 754 circumduxit
2930 689 3140 772 ipsum
3190 688 3471 753 lsboseth

362 786 630 853 tissime
662 800 1131 872 pugnaverunt,
1158 799 1349 873 atque
1380 791 1871 874 praevaluerunt.

363 885 745 950 Secundum
778 889 979 952 Rabbi
1009 890 1269 952 Paulum
1304 888 1369 951 in
1401 888 1661 952 Hebraeo
1689 888 1877 951 habe-

364 993 482 1048 tur
520 1005 533 1048 :
572 986 669 1048 An
715 987 995 1068 ignoraS‚
1027 989 1350 1071 quomodo
1392 1007 1606 1051 amara
1646 987 1768 1050 erit
1808 987 1873 1048 in

364 1083 669 1148 ultimis?
700 1094 773 1150 ut
798 1087 882 1150 sit
912 1106 1175 1151 sensus:
1201 1085 1499 1160 Quamvis
1521 1087 1877 1150 amaritudo

369 1201 497 1246 seu
540 1184 726 1248 dolor
770 1186 1158 1268 proveniens
1202 1205 1279 1248 ex
1319 1185 1420 1247 his
1457 1203 1603 1267 quae
1630 1184 1878 1248 contin-

364 1282 633 1362 guntin
664 1283 859 1362 bello,
886 1303 1015 1347 non
1048 1283 1358 1347 sentiatur
1388 1283 1528 1366 ipso
1558 1282 1729 1346 bello
1759 1282 1878 1345 fer-

366 1388 594 1458 vente,
631 1380 701 1443 in
740 1381 988 1445 ultimis
1028 1390 1240 1447 tamen
1272 1392 1559 1447 cessante
1597 1382 1752 1446 belli
1780 1402 1879 1446 ar-

368 1479 559 1558 dore,
593 1478 889 1544 doloroso
918 1490 982 1544 et
1010 1501 1225 1546 amare
1256 1481 1526 1546 sentitur
1564 1501 1641 1544 ex
1671 1491 1878 1562 strage

366 1585 435 1640 et
470 1579 863 1642 detrimento
893 1598 1035 1662 quae
1076 1581 1283 1644 solent
1318 1581 1384 1643 in
1416 1580 1604 1645 bellis
1634 1580 1879 1644 contin-

1986 808 2099 871 per
2147 797 2374 852 castra.
2427 792 2636 852 Porro
2681 789 2840 850 Joab
2885 809 3198 858 reversa-5,
3250 789 3473 848 omisso

1983 890 2227 959 Almer,
2273 889 2682 965 conyreyavit
2725 907 2976 948 omnem
3016 890 3360 964 populum,
3407 885 3472 948 id

1984 994 2081 1050 est
2108 994 2312 1049 totum
2344 986 2691 1050 exercitum
2723 1004 2932 1062 suum,
2966 994 3035 1047 ut
3073 985 3283 1062 sciret,
3318 993 3475 1065 quot

1984 1085 2179 1149 occisi
2213 1095 2428 1149 essent
2456 1086 2535 1148 de
2567 1084 2721 1148 suis,
2743 1088 2826 1148 Ει
2855 1086 3208 1162 defuerunt
3225 1087 3305 1146 de
3322 1103 3475 1161 pue-

1986 1186 2081 1245 ris
2103 1187 2324 1247 David
2353 1185 2468 1268 qui
2506 1182 2766 1246 fuerunt
2795 1202 2940 1246 eum
2968 1167 3143 1260 Joab,
3177 1187 3388 1244 decem
3413 1192 3476 1243 et

1984 1304 2210 1346 novem
2242 1286 2376 1345 viri
2406 1305 2428 1344 .·
2458 1301 2586 1366 quo
2625 1291 2894 1360 constat,
2937 1283 3108 1364 quod
3147 1281 3330 1365 pueri
3375 1300 3476 1345 ac-

1986 1382 2316 1466 cipiuntur
2364 1383 2470 1446 hic
2508 1401 2623 1465 pro
2672 1381 2828 1446 viris
2863 1405 2878 1456 ς
2929 1392 3184 1460 emo-epto
3221 1383 3471 1451 Asaele,

1988 1481 2099 1564 qui
2122 1490 2258 1544 erat
2277 1480 2620 1544 vicesimus
2650 1478 3029 1556 occisorum,
3055 1486 3117 1542 et
3137 1478 3310 1542 solus
3331 1477 3474 1560 plus

1990 1580 2502 1663 computabatur,
2526 1597 2715 1660 quam
2747 1597 2970 1641 omnes
3002 1597 3116 1640 seu
3148 1577 3334 1640 multi
3363 1576 3474 1639 alii

366 1693 552 1755 gere.
600 1681 931 1759 Usquequo
968 1699 1101 1740 non
1148 1681 1316 1740 dicis
1340 1685 1583 1759 populo
1633 1691 1765 1750 tue,
1806 1690 1877 1740 ut
1987 1677 2334 1742 interfecti.
2388 1680 2581 1742 Servi
2629 1688 2846 1740 autem
2892 1680 3115 1739 David
3151 1696 3474 1755 percusse-

366 1777 640 1837 omittat
662 1781 965 1856 persequi
982 1780 1224 1855 fratres
1251 1781 1441 1839 suos?
1469 1779 1623 1841 Nam
1655 1797 1877 1841 omnes
1984 1788 2143 1840 runt
2179 1781 2259 1838 de
2295 1779 2674 1856 Benjamin,
2717 1787 2776 1837 et
2811 1779 2891 1836 de
2930 1778 3094 1836 viris
3133 1777 3251 1856 qui
3287 1786 3474 1836 erant

366 1894 604 1937 sumus
639 1876 719 1938 de
763 1875 1008 1939 semine
1044 1875 1258 1952 Jacob,
1293 1883 1357 1939 et
1399 1875 1683 1957 ejusdem
1716 1876 1875 1958 legis
1913 1875 1960 1938 B
1985 1897 2129 1938 cum
2170 1879 2415 1946 Abner,
2466 1885 2766 1936 trecentos
2804 1876 3146 1951 seoeayinta
3184 1891 3207 1935 .·
3250 1875 3369 1954 qui
3415 1884 3475 1934 et

366 1974 680 2050 cultoreS,
729 1973 873 2036 ideo
922 1973 1199 2039 invicem
1250 1974 1694 2037 misericordes
1738 1993 1877 2038 esse
1984 1977 2231 2036 mortui
2271 1984 2445 2036 sunt.
2480 1979 2938 2054 Tuleruntque,
2975 1971 3128 2035 Joab
3171 1979 3234 2034 et
3278 1970 3476 2034 frater

367 2071 711 2135 debemus,
740 2075 825 2134 Ec
855 2074 954 2134 ait
981 2075 1139 2134 Joab
1175 2093 1198 2133 .·
1231 2075 1405 2135 Vivit
1443 2075 1785 2144 Dominus,
1818 2075 1877 2133 si

370 2175 633 2230 locum-5
660 2170 895 2248 fuisses
922 2191 1139 2240 mane,
1169 2170 1233 2232 id
1264 2179 1360 2233 est
1390 2179 1637 2234 mature
1672 2179 1735 2234 et
1764 2171 1875 2233 diu

366 2277 527 2331 ante
571 2268 737 2331 hanc
784 2269 1029 2345 horam,
1078 2289 1301 2352 pacem
1351 2271 1648 2352 petendO,
1683 2290 1875 2330 reces-

365 2370 559 2428 sisset
594 2371 879 2446 populus
913 2388 1298 2447 persequens
1342 2369 1615 2445 fratrem
1656 2389 1873 2440 suum,

368 2466 499 2529 hoc
532 2473 652 2542 est,
669 2466 985 2530 exercitus
1017 2485 1267 2530 mecum
1291 2467 1702 2545 exsistcnS,et
1732 2468 1877 2532 huc-

368 2583 585 2646 usque
606 2583 1000 2646 persequens
1030 2565 1341 2647 populum
1374 2573 1575 2644 tuum,
1612 2565 1873 2630 fratrem

369 2681 593 2740 suum,
620 2664 932 2727 sumendo
964 2663 1287 2743 singulare
1320 2683 1436 2746 pro
1466 2664 1721 2747 plurali,
1743 2666 1870 2748 jam

368 2761 489 2824 diu
528 2768 843 2825 cessasset
866 2780 980 2826 vos
1010 2761 1288 2844 insequi.

452 2862 767 2923 Insonuit
812 2881 959 2939 erqo
1003 2863 1159 2922 Joab
1204 2863 1479 2922 buccina
1527 2880 1643 2944 pro
1692 2861 1873 2943 signo

368 2959 755 3023 cessationis
786 2979 825 3022 a
856 2959 1299 3041 persecutione
1320 2979 1393 3022 ac
1424 2961 1664 3042 praelio,
1684 2971 1743 3022 et
1761 2972 1874 3022 ste-

1984 2073 2145 2154 ejuS,
2182 2077 2401 2143 Asael,
2434 2072 2556 2136 hoc
2585 2079 2682 2134 est
2715 2090 2947 2153 corpus
2979 2069 3240 2132 Asaelis.
3268 2073 3353 2134 Ec
3384 2091 3474 2130 se-

1976 2175 2306 2253 pelierunt
2331 2192 2478 2231 eum
2503 2173 2576 2230 in
2599 2175 2888 2249 sepulcro
2913 2170 3126 2246 patris
3153 2170 3261 2230 sui
3289 2168 3475 2230 mari-

1983 2271 2031 2334 ti
2064 2270 2320 2346 Sarviae,
2349 2272 2420 2331 in
2451 2273 2840 2332 Bethlehem.
2863 2272 2946 2330 Ec
2976 2269 3474 2329 ambulaverunt

1986 2381 2115 2432 tota
2154 2380 2332 2430 nocte
2359 2371 2516 2431 Joab
2553 2378 2612 2429 et
2653 2369 2788 2428 viri
2817 2369 2934 2446 qui
2971 2376 3158 2427 erant
3194 2387 3342 2428 cum
3378 2386 3471 2429 e0.

1984 2474 2069 2533 E't
2098 2471 2171 2530 in
2204 2471 2339 2546 ipso
2369 2472 2737 2545 crepusculo
2771 2476 3205 2545 pervenerunt
3245 2469 3314 2527 in
3351 2469 3476 2528 He-

1984 2571 2140 2628 bron
2172 2567 2251 2629 ad
2283 2566 2500 2642 David,
2518 2573 2855 2648 postquam
2888 2563 3476 2646 sepelieruntAsae-

1984 2667 2132 2743 lem,
2168 2666 2269 2729 vel
2315 2665 2527 2747 potius
2568 2672 2790 2746 postea
2819 2663 3238 2745 [sepelierunt
3274 2664 3468 2746 eum]‚

1982 2764 2277 2847 quamvis
2313 2763 2606 2846 sepelitio
2639 2763 2749 2826 illa
2779 2772 2926 2826 ante
2957 2771 3270 2825 narretur.

2092 2864 2400 2926 Praeterea
2447 2863 2936 2938 advertendum,
2990 2861 3161 2943 quod
3212 2859 3476 2943 praefata

1982 2979 2198 3044 pugna
2238 2961 2405 3024 inter
2444 2979 2659 3024 servos
2689 2959 2882 3023 David
2916 2968 2978 3022 et
3007 2959 3313 3036 lsboseth,
3349 2959 3475 3021 fuit

370 3062 454 3120 tic
495 3061 711 3120 omnis
742 3061 1085 3132 ewroica-r,
1108 3079 1225 3120 nec
1244 3061 1567 3137 persecuti
1594 3070 1747 3121 sunt
1774 3063 1874 3120 ul·
1909 3057 1952 3120 C
1977 3061 2149 3143 Justa
2193 3080 2270 3124 ex
2315 3067 2494 3144 parte
2537 3059 2754 3139 David,
2791 3057 2894 3121 cui
2939 3057 3081 3141 jure
3122 3058 3343 3122 divino
3378 3077 3475 3121 re-

372 3170 479 3221 tra
523 3162 758 3230 Israel,
787 3180 990 3240 neque
1034 3161 1243 3220 iniere
1278 3170 1620 3222 certamen.
1656 3162 1874 3221 Alme)-

368 3268 597 3320 aucem
616 3268 677 3318 et
708 3260 845 3318 viri
872 3259 1015 3335 ejus
1036 3260 1336 3319 abierunt
1348 3278 1471 3336 per
1488 3262 1873 3337 campestria

372 3358 596 3426 Moab,
628 3365 759 3417 tota
800 3366 977 3417 nocte
1016 3358 1161 3428 illa,
1194 3367 1255 3417 et
1300 3359 1703 3418 transierunt
1732 3361 1874 3418 Jor-

368 3458 641 3523 danem,
674 3465 738 3515 et
784 3458 1060 3515 lustrata
1097 3457 1280 3515 omni
1308 3458 1656 3526 Bethoron,
1697 3476 1873 3517 vene-

368 3562 537 3614 runt
560 3556 651 3613 ad
676 3563 893 3615 castra
913 3571 937 3615 .·
968 3552 1047 3615 de
1077 3552 1313 3634 quibus
1343 3554 1719 3636 praedictum
1750 3563 1865 3632 est,

1980 3179 2177 3242 gnum
2210 3159 2560 3224 debebatur
2595 3176 2610 3221 ε
2649 3160 2887 3224 idcirco
2919 3167 2982 3221 et
3011 3158 3347 3223 duodecim
3377 3158 3475 3239 ju-

1982 3259 2312 3341 veneS,qui
2336 3260 2415 3322 de
2435 3258 2715 3322 exercitu
2731 3258 2943 3320 Abner
2957 3264 3474 3321 concertaverunt

1982 3367 2204 3421 contra
2244 3358 2578 3421 duodecim
2611 3358 2878 3439 juvenes
2908 3358 3084 3433 soah,
3121 3355 3473 3437 periculose

1982 3456 2190 3537 egisse
2206 3456 2520 3533 videntur,
2532 3456 2656 3518 nisi
2680 3456 2893 3519 forsan
2914 3474 3028 3537 per
3050 3453 3471 3535 ignorantiam

1982 3562 2090 3617 aut
2117 3554 2470 3636 jussionem
2504 3554 2602 3616 sui
2635 3554 2948 3636 principis
2979 3561 3378 3617 excusentur.

1512 3930 2159 4072 ARTICULUS
2235 3985 2352 4068 1v

1034 4260 1119 4304 DE
1174 4259 1481 4305 MYs‘rlco
1539 4259 1757 4306 muns
1813 4259 2149 4305 CAPITULI
2206 4259 2510 4307 SECUNDI
2567 4260 2811 4307 SENSU.

513 4537 710 4601 Avln
748 4536 873 4600 fuit
901 4537 1135 4601 Christi
1170 4538 1380 4619 figura
1413 4558 1427 4603 :
1463 4546 1527 4601 et
1560 4539 1726 4602 sicut
1755 4540 1869 4602 Da·
1903 4538 1954 4600 1)
1982 4539 2182 4603 lecta:
2211 4558 2369 4621 quas
2402 4540 2521 4605 etsi
2553 4542 2837 4604 nondum
2870 4550 3014 4604 actu
3045 4551 3466 4618 converterat,

534 4636 666 4713 vid,
694 4645 1001 4717 regnante
1023 4635 1229 4715 Saule,
1256 4637 1433 4701 exsul
1457 4638 1581 4701 fuit
1600 4639 1679 4701 de
1702 4646 1871 4702 terra

371 4734 552 4811 suda,
589 4735 682 4797 sic
711 4734 999 4798 Christus
1030 4734 1229 4797 Filius
1271 4736 1380 4798 Dei
1424 4744 1703 4800 remotus
1745 4736 1871 4800 fuit

371 4842 437 4896 et
474 4834 727 4897 alienus
766 4854 804 4897 a
831 4832 1135 4897 cordibus
1174 4833 1530 4913 hominum,
1566 4846 1868 4916 regnante

376 4930 441 4993 in
480 4932 575 4995 eis
610 4931 892 4996 diabolo.
927 4932 1171 5009 Postea,
1205 4932 1493 4995 Christus
1527 4952 1639 5015 per
1671 4934 1870 4997 incar-

378 5029 655 5092 nationis
688 5030 1066 5112 mysterium
1095 5030 1382 5093 ascendit
1407 5032 1473 5093 in
1504 5051 1695 5094 unam
1722 5032 1870 5095 civi-

378 5134 573 5189 tatum
605 5125 769 5190 Juda
797 5146 941 5189 cum
984 5128 1233 5191 duabus
1274 5128 1578 5192 uxoribus
1608 5130 1763 5207 suis,
1801 5132 1865 5194 id

376 5235 469 5288 est
509 5226 710 5309 [cum]
751 5226 1035 5289 Ecclesia
1068 5246 1145 5289 ex
1172 5226 1496 5292 Iudaismo
1534 5246 1861 5307 conversa,

377 5322 658 5406 itemque
707 5342 855 5387 cum
899 5323 1183 5387 Ecclesia
1224 5344 1300 5389 ex
1342 5325 1701 5405 gentilitate
1742 5327 1866 5391 col-

1982 4647 2194 4702 tamen
2233 4658 2347 4721 per
2385 4640 2946 4722 praecognitionem
2989 4648 3051 4703 et
3091 4640 3469 4703 electionem

1980 4737 2260 4819 portavit
2308 4756 2414 4801 eas
2467 4738 2532 4799 in
2583 4745 2796 4799 mente
2848 4756 2981 4799 sua.
3031 4740 3470 4817 Veneruntque

1982 4838 2116 4897 viri
2142 4840 2342 4907 luda,
2376 4846 2436 4897 et
2469 4846 2807 4897 unoeerunt
2836 4836 2932 4895 ibi
2957 4838 3200 4897 David.
3233 4835 3346 4898 Per
3379 4835 3471 4901 vi-

1981 4952 2084 4997 ros
2114 4934 2294 5011 Juda,
2321 4932 2770 5014 intelliguntur
2797 4932 2983 4996 electi
3016 4952 3090 4995 ex
3120 4932 3466 5011 Judaismo,

1979 5031 2090 5113 qui
2122 5029 2401 5095 confessi
2433 5039 2582 5092 sunt
2599 5030 2943 5107 Christum,
2969 5037 3033 5093 ct
3061 5029 3470 5093 crediderunt

1980 5129 2045 5193 in
2088 5150 2234 5193 eum
2273 5149 2286 5194 :
2332 5148 2524 5211 quem
2565 5137 2628 5191 et
2681 5148 2872 5211 super
2912 5148 2978 5191 se
3023 5137 3365 5205 unxerunt,
3405 5129 3468 5191 id

1977 5237 2093 5305 est,
2130 5228 2547 5310 spiritualiter
2591 5246 2730 5291 esse
2769 5236 3030 5289 unctum
3065 5246 3102 5290 a
3133 5228 3258 5292 Deo
3291 5228 3470 5290 Patre

1976 5325 2248 5411 professi
2286 5334 2454 5389 sunt.
2491 5327 2603 5390 Vel
2641 5326 3061 5409 spiritualiter
3091 5344 3240 5389 eum
3278 5344 3470 5391 unxe-
