4359 6250
521 1663 672 1706 Εωοά.

460 1742 588 1779 xxxn,
627 1729 704 1776 282

459 1791 598 1834 Num.
641 1804 726 1840 xvi,

765 471 842 536 30

1600 495 1948 542 Enannarlo
1990 496 2052 542 IN
2093 497 2233 543 cAP.
2278 497 2315 542 V
2355 497 2556 544 Josue,
2602 519 2683 528 —
2722 500 2865 546 ΛΒΤ.
2914 501 3017 546 vul

759 678 893 737 sue,
931 659 1110 728 fusus
1143 663 1228 725 sit
1258 665 1516 746 sanguis
1549 665 1976 744 Hebraeorum,
2015 685 2141 730 non
2186 667 2253 728 in
2284 666 2335 728 A
2368 667 2711 732 festivitate
2743 669 3045 752 paschali,
3084 678 3152 731 ut
3182 669 3247 731 in
3280 666 3496 730 Exodo
3529 663 3737 726 fertur
3761 689 3775 739 ;
3798 672 3861 722 et

755 758 1172 840 opprobrium
1204 780 1449 839 eorum,
1470 764 1578 825 sed
1613 763 1677 825 in
1711 764 2042 840 honorem,
2080 765 2147 826 in
2179 785 2254 828 ca

754 856 1036 920 ablatum
1061 867 1155 920 est
1186 861 1601 942 opprobrium
1639 861 1798 924 illud
1829 863 2102 944 AEgypti.
2132 864 2253 925 lsta

753 955 1067 1036 expositio
1087 957 1340 1020 videtur
1364 959 1578 1040 inepta
1600 968 1662 1021 ct
1685 958 1858 1036 ficta,
1874 979 1990 1024 nec
2011 961 2091 1023 ad
2113 981 2254 1044 pro-

755 1053 1032 1135 positum
1068 1056 1416 1136 pertinens.
1438 1057 1591 1119 Nam
1614 1059 1761 1120 dato
1783 1061 1952 1139 quod
1975 1059 2249 1141 AEgyptii

752 1152 1056 1234 astrologi
1087 1154 1399 1217 dixissent
1429 1155 1706 1219 Hebraeis
1737 1156 1930 1219 verba
1960 1157 2247 1239 praesata,

755 1259 966 1313 tamen
1009 1251 1104 1314 illi
1145 1253 1390 1316 Hebraei
1421 1254 1550 1335 jam
1585 1255 1651 1317 in
1693 1254 2044 1318 solitudine
2077 1256 2253 1319 obie-

756 1357 945 1424 runt3
981 1359 1044 1413 et
1075 1351 1436 1415 circumcisi
1489 1354 1609 1415 sub
1655 1353 1866 1431 Josue,
1912 1354 1978 1416 in
2031 1355 2253 1417 solitu—

755 1446 928 1526 dine,
968 1466 1095 1511 non
1130 1449 1195 1511 in
1227 1451 1516 1532 AEgypto,
1555 1460 1702 1513 sunt
1735 1453 1889 1529 nati,
1925 1453 2090 1516 sicut
2117 1454 2249 1534 jam

758 1547 983 1627 patuit.
1029 1547 1314 1630 Denique
1356 1549 1558 1611 multa
1600 1550 1806 1612 millia
1844 1551 2248 1614 Hebraeorum

755 1643 834 1707 (16
855 1645 1121 1728 AEgypto
1152 1663 1572 1725 egressorum,
1591 1648 1826 1728 gladio,
1847 1648 1994 1728 igne
2015 1657 2078 1712 et
2105 1650 2250 1712 aliis

756 1743 962 1805 modis
1003 1743 1067 1806 in
1113 1745 1367 1807 deserto
1412 1745 1622 1809 occisa
1669 1755 1818 1808 sunt
1855 1765 1868 1809 ε
1915 1747 2135 1829 sicque
2181 1748 2249 1809 in

2358 771 2686 842 polentam
2716 769 3001 844 ejusdem
3041 769 3228 828 armi.
3266 763 3629 828 Secundum
3652 759 3862 839 Magi-

2364 871 2567 924 strum
2600 863 2664 925 in
2699 863 3003 940 historiiS,
3040 863 3296 946 polenta
3336 869 3431 923 est
3462 876 3663 941 grana
3695 861 3863 918 tosta

2362 968 2427 1022 et
2456 962 2751 1024 manibus
2783 960 3133 1024 confricata
3161 961 3241 1022 ad
3274 959 3535 1022 modum
3566 957 3606 1036 †
3635 970 3864 1034 grano-

2364 1058 2524 1140 phili
2576 1059 2707 1140 pilo
2762 1060 2909 1136 tusi,
2958 1068 3021 1122 et
3072 1058 3309 1121 dicitur
3361 1056 3623 1139 polenta
3671 1048 3861 1133 quasi

2362 1156 2624 1238 pilenta.
2647 1157 2859 1238 Aliqui
2896 1167 3104 1220 tamen
3138 1157 3383 1232 dicunt,
3406 1154 3733 1236 polentam
3766 1167 3865 1211 es-

2361 1274 2429 1317 se
2461 1255 2669 1337 pultes
2699 1256 2779 1318 de
2813 1254 3019 1318 farina
3051 1254 3507 1337 purgatissima
3541 1250 3769 1324 166165,
3798 1255 3865 1309 61

2362 1352 2595 1416 (11616111
2625 1353 2945 1436 polentam
2975 1352 3159 1435 quasi
3193 1352 3571 1434 pollentam,
3600 1368 3639 1412 a
3674 1343 3862 1429 polli-

2362 1470 2464 1528 ne,
2490 1452 2659 1532 quod
2691 1459 2785 1514 est
2819 1450 3269 1533 purgatissima
3304 1448 3533 1513 farina.
3560 1446 3757 1508 Porro
3792 1442 3863 1504 in

2362 1549 2741 1613 solennitate
2773 1549 3053 1633 paschali
3097 1549 3298 1612 fiebat
3336 1547 3577 1612 oblatio
3610 1545 3690 1607 de
3722 1560 3865 1624 gra-

2361 1648 2463 1710 nis
2496 1649 2677 1713 novis
2700 1649 2779 1714 de
2804 1647 3133 1730 manipulo
3164 1647 3465 1710 excussis.
3484 1645 3866 1724 Defecitque

2361 1769 2632 1818 manna,
2664 1748 2726 1809 id
2758 1755 2876 1823 est,
2915 1747 3080 1809 ultra
3120 1765 3248 1810 non
3290 1745 3480 1828 pluit,
3507 1752 3864 1821 postquam

461 1857 528 1905 ³2,
555 1857 624 1904 ³⁵.
649 1857 724 1906 4⁹³
758 1840 886 1903 illis
910 1839 1138 1905 fuisset
1160 1843 1579 1925 opprobrium
1601 1845 1852 1927 AEgypti
1887 1845 2245 1927 impletum.
2285 1827 2767 1908 B'conwderunc
2806 1849 2885 1906 de
2922 1847 3225 1923 frugibus
3266 1855 3453 1905 terrce
3496 1842 3805 1905 Chanaan
3844 1853 3861 1896 :

459 1933 557 1971 xxv,
580 1923 621 1962 9.

473 4515 627 4559 Exod.
644 4529 670 4556 x

447 4581 517 4629 28,
537 4582 605 4623 37.

464 4703 716 4753 Num.1x,⁴·,

433 5293 650 5347 Est-oetan,
660 5294 720 5339 1⁵.

755 1939 1066 2022 Amplius,
1084 1942 1232 2004 dato
1264 1943 1434 2022 quod
1465 1942 1739 2024 AEgyptii
1773 1943 1884 2006 illa
1914 1945 2244 2020 dixissent,

753 2057 880 2102 non
923 2047 1134 2102 tamen
1175 2038 1432 2103 illorum
1475 2039 1749 2105 intentio
1791 2041 1917 2105 fuit
1959 2042 2132 2124 loqui
2168 2043 2249 2106 de

749 2137 860 2199 tali
893 2147 1242 2219 spontanea
1273 2137 1605 2220 sanguinis
1637 2139 1961 2203 effusione
1987 2141 2115 2204 cito
2145 2160 2249 2203 cu-

750 2235 962 2312 rabili,
996 2237 1107 2299 sed
1138 2238 1219 2299 (16
1248 2235 1572 2302 effusione
1605 2238 1936 2319 sanguinis
1969 2238 2140 2302 letali
2171 2258 2245 2301 66

748 2333 1029 2397 ν10161116
1065 2353 1078 2396 :
1115 2335 1337 2417 sicque
1378 2335 1537 2397 illud
1579 2338 2000 2419 opprobrium
2033 2336 2243 2400 abstu-

747 2431 925 2494 lisset
954 2433 1120 2496 Deus
1149 2453 1186 2494 a
1219 2433 1377 2495 filiis
1409 2433 1620 2511 lsrael,
1648 2435 2099 2516 praeservando
2135 2454 2242 2498 605

745 2529 827 2592 ab
857 2531 1034 2593 omni
1065 2531 1327 2594 laesione
1357 2540 1420 2593 et
1451 2531 1899 2595 trucidatione.

847 2630 1272 2707 Vocatumque
1309 2639 1399 2689 est
1443 2649 1674 2690 nomen
1717 2631 1838 2690 loci
1877 2631 2063 2690 illius
2098 2633 2249 2692 Gal-

739 2731 924 2802 yala,
957 2747 1160 2805 usque
1203 2728 1278 2786 in
1313 2737 1696 2804 pra-sentem
1727 2730 1925 2788 die-m.
1960 2726 2240 2808 Galgala,

746 2825 1099 2887 secundum
1121 2824 1599 2904 Hieronymum,
1617 2823 2088 2906 interpretatur,
2111 2845 2248 2888 san-

745 2922 832 2985 cti
865 2921 1191 2997 revelati0‚
1227 2929 1292 2984 et
1321 2921 1670 2984 secundum
1704 2921 1867 2984 alios
1905 2923 2241 3002 quosdam,

2358 1943 2510 2024 quia
2534 1942 2698 2005 ultra
2720 1961 2847 2006 non
2874 1942 3289 2024 indiguerunt
3310 1959 3549 2003 manna
3580 1946 3653 2000 ut
3685 1943 3859 2010 61116,

2358 2041 2465 2104 sed
2488 2040 2899 2104 abundabant
2922 2039 3236 2104 fructibus
3271 2049 3455 2104 terrae
3488 2035 3863 2120 promissae.

2440 2143 2653 2208 Quum
2692 2150 2909 2200 autem
2946 2150 3099 2200 esset
3135 2141 3326 2200 Josue
3367 2140 3441 2198 in
3482 2155 3641 2213 aqro
3674 2133 3867 2194 urbis

2354 2240 2629 2308 Iericho,
2646 2237 2725 2298 ad
2746 2236 3207 2319 explorandum
3231 2243 3294 2298 et
3315 2232 3869 2299 considerandum

2356 2335 2630 2416 qualiter
2660 2337 2813 2400 urbs
2844 2336 2955 2400 illa
2983 2337 3195 2418 aptius
3216 2342 3584 2416 caperetur3
3612 2330 3871 2392 levavit

2356 2437 2590 2506 oculos,
2620 2445 2680 2494 et
2711 2435 2880 2494 vidit
2912 2436 3153 2505 virum,
3192 2433 3254 2495 id
3300 2440 3399 2495 est
3440 2429 3747 2509 angelum
3798 2426 3871 2488 in

2360 2529 2567 2593 forma
2598 2539 2662 2594 et
2690 2531 2903 2613 specie
2932 2531 3079 2607 viri,
3112 2541 3389 2592 stantem
3419 2538 3649 2590 contra
3680 2547 3769 2599 se,
3804 2525 3871 2587 id

2358 2635 2457 2690 est
2486 2647 2561 2691 ex
2591 2629 2885 2711 opposito
2924 2629 3045 2706 sui,
3080 2637 3391 2710 quantum
3426 2628 3507 2690 ad
3540 2626 3770 2701 situm,
3806 2633 3875 2686 et

2356 2729 2778 2804 evayinatum
2825 2737 3137 2788 tenentem
3170 2729 3505 2803 yladium,
3556 2733 3875 2805 tanquam

2358 2831 2648 2905 paratum
2689 2826 2766 2887 ad
2810 2824 3246 2887 auxiliandum
3278 2823 3587 2886 Hebraeis.
3626 2825 3877 2884 Perre-

2356 2923 2586 3001 oeitque
2624 2925 2710 2982 ad
2751 2944 2921 2994 eum,
2953 2933 3012 2983 et
3052 2925 3149 2983 ait
3189 2942 3211 2981 .·
3246 2924 3479 2983 Noster
3507 2942 3596 2992 es,
3632 2941 3725 2980 an
3757 2921 3879 2979 ad-

748 3021 1032 3083 libcrtaS.
1067 3018 1158 3082 Ibi
1190 3019 1364 3081 enim
1397 3017 1805 3082 manifestata
1843 3027 1943 3082 est
1971 3029 2035 3082 et
2065 3030 2248 3084 aucta
2283 3025 2328 3089 C
2360 3022 2816 3091 versariorum,
2853 3021 2914 3082 id
2946 3027 3065 3097 est,
3102 3018 3315 3082 fautor
3358 3026 3424 3082 et
3467 3018 3725 3098 collega
3759 3035 3881 3080 no-

747 3118 1154 3182 Hebraeorum
1197 3116 1455 3181 libertas
1505 3137 1544 3180 a
1583 3117 1892 3180 servitute
1931 3117 2247 3201 AEgyptio-

745 3238 890 3279 rum
922 3236 994 3281 ac
1026 3215 1355 3291 vitiorum,
1393 3222 1456 3277 et
1486 3215 1834 3278 illuminati
1867 3224 2020 3277 sunt
2051 3216 2142 3279 ibi
2172 3238 2245 3282 ac

745 3314 1160 3379 sanctificati.
1199 3316 1708 3393 Manseruntque
1749 3317 1886 3392 filii
1928 3317 2134 3376 Israel
2174 3320 2247 3377 in

747 3416 1072 3491 Galqalis,
1104 3413 1168 3474 id
1213 3419 1312 3474 est
1359 3411 1424 3473 in
1472 3411 1612 3474 loco
1657 3411 1944 3493 praefato.
1987 3412 2243 3493 Galgala

742 3522 960 3576 autem
1020 3510 1406 3592 quandoque
1466 3509 2008 3573 indeclinabiliter
2057 3512 2249 3574 sumi-

745 3622 873 3687 tur,
909 3609 1232 3672 interdum
1264 3606 1647 3670 declinatur.
1685 3606 1776 3668 lbi
1817 3625 1968 3687 ergo
2001 3627 2249 3672 manse-

744 3716 900 3772 runt
921 3726 1126 3789 usque
1156 3706 1235 3767 ad
1265 3704 1790 3767 circumcisorum
1823 3705 2243 3769 curationem.

747 3810 832 3869 Εἰ
864 3811 1160 3887 fecerunt
1183 3806 1413 3873 Please,
1439 3802 1502 3863 id
1537 3810 1633 3863 est
1663 3802 2112 3865 solennitatem
2147 3823 2251 3885 pa-

744 3902 1056 3977 schalem,
1081 3899 1417 3963 offerendo
1448 3907 1511 3961 ct
1541 3899 1984 3962 manducando
2014 3919 2249 3980 agnum

744 3999 1120 4084 paschalem
1166 3995 1384 4059 debito
1430 3996 1579 4071 ritu,
1615 3998 2102 4073 quartadecima
2141 4000 2251 4057 die

744 4099 991 4161 mensis
1024 4096 1265 4173 primi,
1297 4091 1540 4154 scilicet
1591 4090 1816 4167 Martii,
1853 4112 1964 4154 seu
2015 4092 2250 4175 Aprilis

2358 3125 2511 3193 ster,
2575 3137 2655 3180 an
2714 3117 3212 3182 Chananaeorum
3248 3121 3272 3181 2
3330 3116 3589 3180 Putavit
3648 3126 3877 3180 autem

2355 3215 2544 3277 Josue
2582 3217 2751 3296 quod
2790 3216 2981 3280 homo
3026 3225 3214 3279 esset.
3260 3216 3384 3279 Nec
3425 3215 3707 3296 angelus
3750 3214 3881 3277 iste

2358 3312 2653 3394 apparuit
2684 3313 2749 3373 in
2783 3321 2910 3375 tam
2950 3313 3223 3376 terribili
3266 3314 3505 3396 specie,
3543 3313 3719 3376 sicut
3758 3331 3881 3394 ap—

2361 3409 2574 3491 paruit
2602 3410 2844 3472 Danieli
2874 3412 3140 3493 angelus
3170 3410 3303 3487 Dei,
3341 3430 3417 3473 ex
3450 3412 3644 3492 cujus
3673 3411 3881 3473 visio-

2363 3526 2443 3569 ne
2465 3507 2681 3570 Daniel
2716 3508 2837 3570 l’uit
2868 3517 2993 3571 tam
3015 3510 3431 3572 vehementer
3453 3510 3874 3592 perterritus

2362 3607 2493 3673 Qui
2520 3609 2846 3681 respondit
2876 3630 2898 3666 .·
2926 3612 3376 3687 Nequaquam.
3396 3607 3577 3681 Quod
3599 3610 3881 3690 quidam

2362 3702 2455 3765 sic
2487 3703 2804 3783 glossant:
2832 3705 3091 3787 Supple,
3113 3706 3261 3768 Sum
3288 3706 3725 3770 adversarius.
3744 3708 3879 3770 Alii

2362 3818 2516 3863 vero
2566 3812 2937 3882 exponunt:
2974 3804 3410 3885 Nequaquam,
3459 3805 3527 3868 id
3580 3815 3705 3883 est,
3754 3826 3887 3871 nec

2362 3906 2571 3963 vester
2614 3919 2778 3977 sum,
2816 3919 2931 3963 nec
2975 3902 3514 3980 adversariorum,
3558 3905 3755 3984 quasi
3798 3906 3885 3969 dc

2363 4004 2590 4057 natura
2622 4006 2845 4059 vestrae
2876 3998 3111 4079 speciei
3142 3999 3461 4063 exsistens
3499 4019 3514 4063 z
3550 4002 3746 4083 quasi
3780 4004 3887 4066 di-

2362 4101 2487 4169 cat,
2542 4093 2674 4157 Non
2735 4115 2875 4157 sum
2928 4095 3141 4159 homo.
3187 4101 3318 4158 Sed
3366 4120 3511 4159 sum
3562 4104 3885 4179 princeps

745 4195 1108 4261 secundum
1159 4190 1492 4271 quosdam,
1535 4187 1649 4268 qui
1701 4188 1940 4250 mensis
1989 4198 2085 4251 est
2128 4192 2251 4272 pri-
2285 4201 2333 4261 D
2361 4192 2678 4251 exercitus
2718 4196 3006 4265 Domini,
3042 4194 3107 4255 id
3157 4203 3278 4271 est,
3316 4196 3619 4277 angelica
3666 4199 3886 4263 virtus

745 4313 897 4357 mus
942 4288 1184 4351 mensis
1228 4286 1381 4348 anni
1426 4284 1779 4347 secundum
1825 4285 2141 4363 HebraeOS,
2176 4292 2249 4349 in

743 4389 1216 4467 campestribus
1243 4385 1498 4444 ,Iericho
1532 4403 1555 4442 .·
1589 4381 1757 4444 sicut
1796 4380 2086 4445 fecerunt
2121 4386 2250 4465 pri-

673 4527 715 4566 u,
747 4508 859 4552 mo
900 4486 1101 4548 Phase
1147 4483 1213 4544 in
1257 4481 1547 4561 AEgypto,
1596 4496 1853 4557 egressu
1899 4498 2118 4544 eorum
2160 4483 2251 4545 in-

749 4593 966 4651 stante
996 4582 1166 4645 circa
1193 4580 1512 4652 Ramesse‚
1539 4585 1610 4638 ut.
1644 4576 1710 4636 in
1743 4576 1952 4638 Exodo
1985 4577 2244 4659 legitur3

749 4680 1040 4748 secundo
1099 4678 1178 4739 ad
1243 4676 1486 4737 radices
1545 4672 1783 4735 montis
1833 4672 2026 4751 Sinai,
2081 4692 2249 4740 anno

749 4779 1040 4846 secundo
1081 4772 1468 4855 egressionis
1501 4790 1578 4833 ex
1609 4772 1900 4851 AEgypto‚
1935 4781 2005 4833 ut
2036 4773 2101 4834 in
2133 4774 2251 4837 Nu—

749 4877 952 4943 meris
985 4873 1380 4936 habetur.Et
1400 4872 1811 4929 comederunt
1840 4872 1918 4927 de
1946 4872 2250 4948 fraqibus

751 4990 946 5039 terrae
975 4972 1297 5045 Chanaan,
1330 4970 1436 5027 dete
1466 4970 1692 5035 altero,
1737 4976 1797 5025 et
1840 4986 2102 5042 azymos
2134 4989 2251 5045 pa-

749 5096 886 5145 nea,
923 5070 989 5132 id
1033 5076 1129 5132 est
1164 5084 1363 5149 panes
1405 5082 1533 5125 non
1579 5061 2012 5139 16111161116105,
2041 5065 2251 5129 confe-

749 5181 890 5235 ctos
921 5188 998 5231 ex
1031 5164 1352 5228 fructibus
1385 5168 1566 5223 terrae
1600 5158 2076 5240 promissionis:
2102 5180 2249 5224 nam

749 5268 992 5331 talibus
1029 5262 1308 5346 panibus
1355 5257 1732 5321 tenebantur
1770 5257 1940 5320 vesci
1984 5258 2251 5321 durante

2362 4306 2527 4362 sum,
2563 4296 2625 4349 et
2654 4288 2733 4350 (16
2762 4288 2956 4352 choro
2986 4309 3059 4353 ac
3090 4292 3319 4355 ordine
3348 4293 3881 4376 Principatuum‚

2363 4383 2709 4467 praesidens
2770 4385 2883 4449 toti
2946 4388 3186 4469 populo
3240 4389 3691 4471 Hebraeorum,
3760 4395 3885 4475 qui

2362 4500 2537 4545 nunc
2586 4500 2697 4563 per
2740 4483 2997 4545 modum
3044 4485 3365 4549 exercitus
3396 4489 3705 4553 ordinate
3742 4494 3891 4557 col-

2362 4580 2564 4641 lectus
2613 4588 2707 4641 est
2756 4580 2877 4641 sub
2927 4589 2989 4642 te
3034 4583 3330 4665 principe
3376 4605 3495 4649 suo
3550 4591 3884 4667 terrestri,

2360 4675 2472 4757 qui
2505 4676 2785 4755 ejusdem
2818 4696 2885 4738 65
2918 4679 3154 4759 speciei
3186 4699 3335 4743 cum
3368 4682 3573 4759 eiS‚et
3605 4696 3892 4750 vocatur

2359 4773 2672 4836 exercitus
2703 4773 2812 4835 Dei
2838 4792 2851 4834 :
2892 4783 3023 4836 tum
3055 4777 3209 4857 quia
3240 4798 3357 4859 per
3386 4780 3785 4847 electionem
3822 4795 3894 4849 et

2360 4870 2627 4950 gratiam
2678 4871 3037 4951 specialiter
3088 4876 3458 4955 pertinebat
3509 4880 3593 4941 ad
3646 4882 3888 4962 Deum,

2362 4976 2498 5029 tum
2530 4967 2679 5047 quia
2708 4967 2945 5030 electus
2980 4970 3103 5031 fuit
3132 4990 3170 5032 a
3202 4972 3330 5035 Deo
3372 4975 3452 5036 ad
3497 4996 3895 5059 expugnan-

2362 5066 2516 5127 dum
2546 5064 2939 5128 adversarios
2978 5067 3088 5130 Dei
3120 5070 3521 5137 Chananaeos
3555 5096 3633 5139 ac
3665 5078 3843 5142 alios
3873 5105 3893 5156 3

2362 5173 2421 5223 et
2470 5182 2648 5221 nunc
2697 5165 2900 5224 venio.
2959 5168 3202 5229 Cecidit
3247 5173 3446 5231 Josue
3486 5194 3755 5251 pronus
3810 5182 3895 5239 in

2364 5270 2619 5328 terram,
2670 5261 2970 5340 quoniam
3026 5263 3305 5327 advertit
3355 5271 3534 5349 quod
3599 5276 3897 5355 angelus

3920 1557 4039 1600 Ler-
4072 1568 4229 1599 xxm.

3898 1615 3969 1652 ¹⁰.

3926 1753 4203 1796 Exod.xv1

3898 1821 3971 1860 ³5.

3946 3432 4081 3475 Dan.
4102 3445 4149 3478 x.
4174 3433 4223 3474 6.

3912 3496 3957 3544 8,
3980 3498 4029 3536 9.
