4359 6250
629 1965 647 1985 ⁶
659 1966 764 2008 ntia·
777 1966 879 2009 etri·

613 2034 790 2071 aearum

614 2857 648 2900 11
662 2857 770 2901 Par.
785 2870 834 2907 ιν,
843 2860 876 2901 3.

659 3947 780 3993 Jbid.
801 3954 842 3995 ⁴.

657 5131 778 5174 laid.
800 5135 840 5174 6.

907 486 1026 550 634

1509 505 1856 552 manuario
1897 506 1958 551 m
2003 506 2138 551 CAP.
2186 504 2271 550 vu
2312 504 2469 551 LIBRI
2510 504 2709 550 'remu
2748 504 2974 551 amun.
3018 524 3099 535 —
3138 505 3279 550 ΛΒΤ.
3325 504 3389 550 xl

905 674 1328 738 cuml'erentia
1373 675 1496 738 ruit
1543 675 1804 755 triginta
1845 675 2228 752 cubitorum,
2264 676 2391 738 imo
2422 674 2473 736 A
2500 684 2774 755 quatuor
2802 674 3169 754 digitorum.
3204 676 3357 737 Nam
3386 676 3485 753 (ut
3516 675 3745 755 fertur)
3776 674 3841 736 in
3870 675 3979 736 He-

904 782 969 835 ct
1011 773 1175 836 ultra
1215 775 1360 857 plus
1400 794 1594 856 quam
1634 776 1870 849 cubiti;
1909 776 2018 837 sed
2061 775 2218 838 illud
2260 793 2393 837 mo-

903 872 1116 935 dicum
1146 872 1471 955 Scriptura
1501 892 1628 937 non
1660 873 1981 955 exprimit,
2001 874 2154 956 quia
2181 873 2247 936 in
2282 894 2393 935 nu—

903 970 1127 1047 meris,
1183 972 1501 1033 mensuris
1559 981 1750 1054 atque
1809 971 2204 1055 temporibus
2262 990 2391 1035 non

901 1077 1227 1149 computat
1260 1070 1428 1151 ipsas
1461 1070 1786 1133 minutias,

987 1171 1068 1229 Ec
1087 1173 1420 1246 sculptura
1439 1173 1654 1231 subter
1679 1173 1948 1243 labium,
1971 1172 2287 1231 circuibat
2319 1173 2394 1229 il·

906 1269 1024 1325 lud
1049 1269 1260 1327 decem
1291 1270 1524 1328 cubitis
1552 1271 1836 1330 ambiens
1866 1290 2064 1330 mare.
2091 1269 2245 1331 Nam
2266 1287 2395 1329 ma-

905 1384 972 1427 re
1005 1363 1164 1426 illud
1196 1365 1499 1446 paulatim
1534 1365 1727 1429 fiebat
1765 1366 2046 1429 strictius
2077 1365 2270 1442 infra,
2306 1366 2393 1429 ita

901 1463 1072 1541 quod
1112 1462 1280 1525 circa
1322 1462 1592 1526 fundum
1633 1464 1856 1526 habuit
1893 1463 2141 1527 cubitos
2169 1465 2391 1527 decem

906 1560 968 1621 in
991 1578 1145 1643 gyro
1181 1579 1196 1623 ε
1229 1570 1290 1624 et
1323 1562 1434 1639 ibi,
1463 1563 1814 1626 secundum
1845 1564 2265 1645 quorumdam
2299 1582 2393 1626 ex-

904 1660 1307 1741 positionem,
1355 1661 1681 1744 sculptura
1730 1663 1998 1726 ambivit
2044 1680 2252 1737 mare-3
2289 1662 2389 1726 vel

904 1758 958 1819 si
1010 1759 1338 1840 sculptura
1386 1760 1506 1822 fuit
1553 1761 1729 1842 juxta
1778 1761 2041 1837 labium,
2095 1762 2393 1824 circuivit

2501 773 2671 836 braeo
2701 774 2988 850 habetur,
3008 773 3286 848 Quatuor
3301 774 3647 855 digitorum
3668 782 3803 837 erat
3830 774 3981 856 spis-

2502 872 2734 935 situdo.
2769 874 2975 954 Atque
3018 873 3083 935 in
3128 873 3675 955 Paralipomenon,
3712 872 3981 935 Vastitas
4006 888 4269 931 urana.

2500 972 2640 1052 ejus
2672 970 2944 1034 habebat
2960 990 3321 1034 mensuram
3344 971 3562 1053 palmi.
3586 973 3985 1051 Euhiumque

2500 1072 2662 1148 eju-3,
2690 1070 2989 1133 videlicet
3020 1070 3181 1133 aenei
3208 1070 3401 1132 maris
3432 1089 3542 1134 seu
3574 1070 3820 1145 luteris,
3856 1080 3987 1131 erat

2501 1172 2692 1249 quasi
2721 1172 2967 1229 labium
2997 1171 3241 1241 calicis,
3258 1180 3317 1231 et
3347 1171 3581 1247 folium
3608 1171 3892 1248 repandi
3912 1170 3989 1228 li-

2502 1269 2603 1329 lii.
2623 1267 2886 1329 Labium
2922 1267 3080 1329 illud
3110 1275 3511 1349 comparatur
3541 1267 3713 1330 labio
3744 1266 3985 1343 caliciS,

2503 1366 2569 1428 in
2620 1375 2931 1447 quantum
2974 1367 3315 1428 rotundum
3342 1390 3357 1440 ς
3408 1376 3471 1427 et
3516 1365 3673 1429 folio
3723 1365 3987 1447 repandi

2502 1464 2646 1541 lilii,
2672 1465 2977 1546 quoniam
3009 1464 3209 1526 instar
3238 1463 3359 1526 lilii
3390 1464 3513 1526 fuit
3536 1466 3891 1546 repandum
3912 1465 3991 1526 si-

2502 1584 2580 1627 ve
2600 1582 2939 1627 recurvum
2964 1564 3354 1626 extrinsecus
3382 1580 3397 1624 :
3436 1564 3791 1645 repandum
3816 1563 3989 1626 enim

2501 1672 2565 1725 et
2594 1681 2952 1738 recurvum,
2987 1662 3157 1725 idem
3178 1661 3571 1743 significant.
3596 1665 3743 1723 Duo
3772 1664 3991 1723 millia

2503 1764 2672 1823 batos
2702 1764 3014 1838 capiebat,
3049 1761 3113 1822 id
3157 1770 3253 1823 est
3300 1760 3421 1823 tria
3454 1760 3659 1823 millia
3696 1768 3993 1823 metreta-

905 1876 1080 1920 mare
1109 1876 1237 1921 non
1271 1859 1568 1936 totaliter,
1593 1860 1699 1922 sed
1732 1879 1846 1942 per
1874 1859 2122 1923 cubitos
2153 1862 2389 1923 decem.
2429 1857 2474 1920 B
2504 1879 2666 1921 rum.
2700 1859 2875 1921 Unde
2908 1859 2973 1921 in
3016 1858 3397 1939 quibusdam
3439 1858 3623 1921 libris
3664 1860 3989 1940 adjectum

903 1960 1049 2018 Duo
1068 1959 1325 2017 ordines
1342 1962 1821 2035 sculpturarum
1841 1961 2335 2021 historiatarum
2348 1962 2388 2029 *,

904 2054 1024 2118 hoc
1067 2064 1163 2119 est
1209 2056 1505 2119 historias
1548 2058 1854 2137 quasdam
1897 2057 2388 2133 continentium,

901 2166 1087 2216 erant
1113 2156 1362 2231 fusile-3,
1390 2156 1452 2217 id
1483 2164 1576 2217 est
1611 2154 1769 2219 fusae
1796 2175 1808 2217 :
1835 2156 1987 2237 quia
2020 2156 2245 2219 litterae
2268 2155 2394 2219 illae

903 2272 1115 2329 aencae,
1144 2254 1208 2315 in
1237 2252 1484 2316 duobus
1516 2253 1848 2315 ordinibus
1879 2253 2236 2317 circuibant
2263 2272 2394 2315 ma-

907 2371 974 2414 re
1025 2352 1089 2413 in
1141 2362 1320 2434 parte
1369 2353 1507 2434 ejus
1555 2351 1820 2433 praefata
1865 2372 1939 2415 ac
1988 2351 2152 2414 fusa.
2204 2352 2393 2415 Porro

905 2450 1166 2531 quidam
1209 2450 1452 2513 Hebraei
1484 2450 1672 2513 aliam
1719 2450 1955 2513 habent
1995 2451 2394 2531 imaginatio-

907 2568 1052 2611 nem
1085 2550 1162 2612 de
1195 2549 1400 2613 forma
1429 2550 1587 2613 aenei
1621 2549 1836 2625 mariS,
1866 2558 1934 2611 ut
1963 2550 2185 2613 recitat
2215 2550 2388 2632 Lyra,

906 2649 1016 2711 sed
1051 2668 1174 2711 non
1209 2648 1460 2711 videtur
1490 2650 1865 2711 curandum.
1903 2652 1984 2711 Et
2003 2652 2261 2710 stabant
2288 2670 2395 2709 su-

897 2768 1020 2827 per
1044 2751 1380 2809 duodecim
1403 2750 1601 2819 boves,
1627 2748 1738 2829 qui
1771 2756 1953 2810 erant
1971 2748 2155 2825 aenei,
2180 2750 2311 2812 imo
2330 2758 2395 2813 ct

908 2846 1153 2923 fusilcS,
1198 2855 1268 2909 ut
1303 2834 1592 2910 'secundo
1633 2846 2156 2929 Paralipomenon
2208 2848 2393 2912 habe-

909 2955 1028 3008 tur.
1065 2950 1129 3009 Ε
1149 2949 1381 3027 quibus
1416 2956 1539 3007 tres
1571 2948 1992 3023 respiciebant
2025 2950 2112 3006 ad
2147 2949 2394 3027 aquilo-

2502 1967 2617 2035 est,
2656 1961 2785 2019 tria
2818 1960 3033 2018 millia
3064 1968 3358 2019 metreta-5
3377 1958 3591 2039 :quod
3624 1966 3839 2021 tamen
3864 1976 3987 2021 non

2500 2066 2597 2121 est
2638 2058 2717 2119 de
2762 2065 2957 2132 textu,
2992 2076 3109 2119 nec
3152 2057 3217 2117 in
3249 2056 3508 2120 Hebraeo
3548 2055 3845 2131 habetur,
3880 2058 3989 2119 sed

2502 2155 2581 2219 ab
2603 2156 2820 2237 aliquo
2839 2156 3197 2237 expositore
3220 2154 3343 2217 fuit
3363 2154 3569 2237 primo
3593 2173 3707 2236 per
3728 2155 3987 2217 modum

2501 2255 2725 2336 glossae
2774 2254 3160 2337 appositum.
3207 2254 3393 2315 Batus
3440 2263 3653 2316 autem
3702 2254 3988 2317 continet

2502 2362 2829 2417 metretam
2864 2372 3007 2415 eum
3042 2353 3256 2416 media
3288 2370 3301 2413 :
3336 2360 3558 2434 estque
3595 2352 3785 2415 batus
3816 2372 3991 2415 men—

2502 2471 2649 2515 sura
2695 2452 2887 2513 trium
2934 2451 3314 2527 modiorum,
3362 2460 3434 2513 ut
3472 2450 3672 2533 aliqui
3724 2452 3987 2525 dicunt;

2502 2552 2614 2613 sed
2664 2550 2922 2633 proprie
2970 2559 3069 2613 est
3114 2568 3413 2612 mensura
3462 2549 3883 2631 liquidorum,
3928 2558 3990 2613 et

2502 2659 2597 2713 est
2626 2649 2888 2731 aequalis
2920 2648 3285 2731 capacitatis
3306 2667 3449 2711 cum
3482 2647 3655 2729 ephi,
3678 2667 3826 2730 quae
3850 2668 3992 2731 pro-

2503 2750 2641 2833 prie
2672 2758 2766 2811 est
2812 2767 3111 2811 mensura
3148 2747 3497 2810 aridorum.
3528 2747 3723 2810 Porro
3766 2766 3990 2811 secun-

2502 2849 2651 2911 dum
2676 2847 3003 2923 Isidorum‚
3018 2846 3203 2909 batus
3222 2846 3506 2909 continet
3523 2845 3995 2928 quinquaginta

2504 2947 2829 3009 sextarios.
2866 2946 3102 3009 Tamen
3138 2945 3219 3008 de
3262 2944 3615 3027 quantitate
3662 2962 3993 3008 mensura-

905 3067 1076 3117 nem,
1107 3057 1165 3107 et
1198 3056 1321 3107 tres
1348 3048 1436 3106 ad
1465 3047 1876 3115 occidente-m,
1905 3055 1964 3105 et
1998 3056 2120 3106 tres
2149 3051 2237 3107 ad
2268 3068 2394 3108 me·
2428 3044 2471 3107 C
2502 3065 2643 3108 rum
2694 3044 2783 3107 nil
2830 3055 3071 3108 certum
3122 3044 3285 3106 scire
3324 3043 3628 3120 valemuS,
3681 3044 3988 3127 quoniam

905 3149 1164 3217 ridiem,
1193 3156 1253 3206 et
1286 3156 1408 3206 tres
1436 3147 1524 3204 ad
1553 3147 1877 3206 orientem.
1905 3144 2082 3208 Unde
2113 3145 2389 3225 elicitur,

904 3246 1074 3328 quod
1143 3263 1362 3306 versus
1429 3242 1784 3325 quamlibet
1849 3244 2071 3306 mundi
2138 3245 2389 3327 plagam

905 3343 1122 3407 situati
1152 3343 1391 3425 pariter
1422 3350 1602 3405 erant
1635 3342 1825 3406 boves
1859 3352 2006 3420 treS,
2035 3344 2245 3426 capita
2278 3365 2390 3407 sua

903 3444 980 3506 ad
1025 3442 1310 3506 eamdem
1357 3441 1580 3504 mundi
1629 3441 1880 3524 plagam
1922 3450 2262 3506 vertenteS.
2303 3446 2390 3505 Et

903 3563 1082 3604 mare
1118 3563 1310 3619 super
1345 3562 1445 3601 eos
1485 3551 1622 3600 erat
1663 3563 1684 3600 .·
1725 3561 2000 3619 quorum
2031 3545 2389 3619 posteriora

903 3643 1208 3702 universa
1231 3642 1618 3700 intrinsecus
1641 3641 2014 3710 latitabant,
2046 3640 2109 3702 id
2141 3648 2237 3702 est
2268 3642 2388 3703 sub

905 3740 1086 3816 mari,
1120 3739 1206 3800 ita
1239 3739 1410 3820 quod
1449 3757 1572 3801 non
1619 3739 2080 3820 prominebant,
2122 3759 2237 3803 nec
2284 3759 2390 3822 ap-

901 3838 1231 3922 parebant.
1252 3837 1428 3900 Unde
1450 3837 1515 3897 in
1532 3836 2053 3918 Paralipomenon
2078 3839 2383 3920 scriptum

900 3936 1404 4002 estzPosteriora
1431 3935 1621 3997 boum
1655 3935 2237 4004 erantintrinsecus
2270 3939 2387 4000 sub

899 4035 1082 4098 mari.

985 4136 1356 4194 Grossitudo
1395 4144 1611 4194 autem
1651 4135 1898 4206 luceria,
1927 4133 2047 4197 hoc
2087 4141 2184 4197 est
2226 4135 2385 4198 aenei

2504 3144 2765 3208 nomina
2792 3152 2857 3208 et
2900 3143 3311 3208 continentiae
3342 3161 3789 3206 mensurarum
3822 3143 3989 3225 apud

2500 3244 2785 3306 diversos
2830 3242 3273 3325 multipliciter
3302 3241 3627 3304 variantur
3670 3250 3737 3304 et
3764 3241 3991 3304 distin-

2542 3350 2801 3406 nuntur.

2499 3359 2540 3422 g
2580 3439 2879 3522 Sequitur
2917 3440 2996 3502 de
3035 3439 3293 3502 basibus
3334 3438 3605 3500 luterum
3648 3438 3891 3515 decem,
3926 3447 3989 3501 ct

2462 3541 2579 3602 .de
2622 3539 2781 3622 ipsis
2824 3540 3043 3602 decem
3088 3537 3422 3612 lutei-ihm,
3457 3537 3569 3618 qui
3610 3546 3793 3600 erant
3836 3537 3986 3600 facti

2498 3639 2577 3701 ad
2618 3638 2813 3700 alium
2856 3656 3043 3699 usum
3072 3655 3265 3718 quam
3298 3654 3473 3698 mare
3504 3633 3866 3717 praefatum.
3910 3639 3987 3697 Et

2496 3739 2652 3815 fecit
2680 3739 2889 3796 decem
2924 3738 3095 3796 bases
3122 3755 3357 3804 aeneae,
3388 3734 3450 3796 id
3492 3741 3587 3796 est
3626 3753 3751 3797 aere
3783 3733 3981 3807 l'uSaS,

2496 3837 2674 3917 juxta
2702 3853 3039 3897 numerum
3068 3834 3285 3896 decem
3318 3833 3613 3909 luterum,
3640 3833 3721 3895 de
3748 3832 3987 3914 quibus
4014 3862 4129 3890 vers-
4152 3853 4213 3890 ae.

2498 3933 2597 3998 ini¹
2601 3953 2667 3996 ra
2697 3933 2980 4009 habetur,
2998 3951 3267 4013 quorum
3298 3931 3568 4013 quilibet
3596 3931 3821 3994 habuit
3851 3949 3987 4013 pro-

2500 4033 2699 4114 priam
2737 4031 2961 4107 basim,
2996 4049 3189 4112 super
3226 4049 3419 4112 quam
3462 4028 3669 4106 stetit3
3704 4040 3986 4108 quatuor

2496 4132 2857 4191 cubitorum
2889 4132 3068 4206 Zonyi
3073 4131 3321 4190 tudinis
3342 4131 3513 4190 bases
3531 4129 3849 4206 singula-3,
3864 4128 3983 4192 hoc

897 4233 1092 4295 maris
1119 4249 1132 4294 ε
1157 4232 1330 4313 quod
1362 4231 1596 4294 dicitur
1616 4231 2002 4312 luter,quasi
2034 4232 2199 4296 latus
2230 4242 2383 4309 uter,
2418 4232 2468 4293 D
2497 4238 2612 4306 est,
2648 4229 2953 4310 quaelibet
2981 4228 3155 4291 basis
3189 4226 3352 4290 facta
3383 4226 3507 4289 fuit
3537 4227 3738 4289 instar
3762 4246 3986 4310 corpo-

895 4331 1200 4413 quoniam
1247 4330 1514 4392 multam
1554 4330 1622 4391 in
1671 4350 1740 4392 se
1773 4330 2090 4394 continuit
2127 4351 2382 4412 aquam.

896 4430 1009 4493 Vel
1041 4429 1204 4492 luter
1233 4448 1269 4491 a
1301 4429 1555 4505 luendo,
1591 4437 1779 4512 prout
1822 4429 1996 4492 luere
2041 4449 2168 4493 uno
2200 4432 2387 4494 modo

895 4529 1188 4609 designat
1215 4527 1476 4590 abluere
1511 4545 1524 4589 ε
1559 4527 1713 4610 quia
1743 4526 1810 4588 in
1841 4546 2006 4609 aqua
2038 4527 2146 4591 illa
2177 4529 2389 4592 ablue-

895 4627 1129 4690 bantur
1169 4646 1396 4689 manus
1437 4627 1758 4708 pedesque
1801 4627 2221 4704 sacerdotum,
2259 4646 2388 4691 non

897 4727 1067 4808 quod
1119 4745 1348 4807 aquam
1402 4725 1806 4802 introierunt,
1846 4725 1956 4789 sed
2007 4727 2178 4808 quod
2224 4746 2389 4808 aqua

897 4824 1266 4887 trahebatur
1297 4842 1373 4886 ex
1417 4824 1598 4899 mari,
1634 4825 2168 4904 quemadmodum
2202 4825 2267 4888 in
2303 4826 2389 4888 la-

897 4922 1159 4986 vatoriis
1200 4921 1622 5002 quorumdam
1664 4921 2122 4984 claustralium.
2158 4925 2389 5006 Sicque

900 5020 1383 5101 intelligendum
1431 5028 1526 5082 est
1571 5019 1728 5082 illud
1779 5021 2042 5084 secundi
2074 5021 2389 5104 Paralipo-

901 5137 1157 5196 menon,
1185 5119 1552 5182 Sacerdotes
1585 5119 1958 5182 lavabantur
1981 5121 2043 5181 in
2077 5121 2392 5183 mari.lta-

899 5236 1027 5298 que
1066 5217 1447 5298 grossitudo,
1483 5216 1545 5279 id
1587 5225 1683 5278 est
1729 5217 2097 5300 spissitudo,
2140 5218 2386 5296 luteriS,

903 5317 1108 5376 trium
1139 5317 1490 5377 unciarum
1527 5326 1692 5386 erat,
1727 5315 1848 5379 hoc
1884 5324 1979 5379 est
2022 5317 2245 5397 palmi,
2278 5335 2391 5380 seu

2498 4329 2587 4390 ris
2616 4326 2933 4408 quadrati,
2955 4326 3200 4390 habens
3223 4327 3289 4388 in
3311 4325 3711 4405 longitudine
3736 4325 3985 4388 cubitos

2497 4435 2791 4508 quatuor,
2812 4437 2872 4487 et
2892 4436 3175 4504 quatuor
3193 4427 3556 4485 cubitorum
3578 4427 3987 4491 latitudinis,

2498 4535 2561 4588 et
2592 4534 2716 4588 tres
2756 4525 2823 4586 in
2864 4523 3223 4600 altitudine,
3260 4523 3425 4586 sicut
3462 4521 3895 4604 subjungitur,
3930 4535 3989 4584 et

2500 4627 2705 4685 trium
2761 4625 3123 4684 cubitorum
3183 4623 3580 4682 altitudinis.
3637 4624 3721 4683 E't
3776 4625 3989 4700 ipsum

2497 4744 2655 4802 opus
2686 4725 2964 4792 basium,
2993 4724 3361 4782 interrasile
3388 4731 3549 4793 erat,
3584 4721 3647 4783 id
3678 4730 3776 4784 est.
3808 4721 3991 4784 inter·

2498 4821 2807 4906 polatum,
2855 4840 2966 4884 seu
3016 4821 3082 4882 in
3134 4838 3261 4882 una
3310 4839 3425 4881 sua
3474 4829 3655 4902 parte
3698 4819 3987 4901 planum,

2498 4930 2690 5004 atque
2734 4920 2801 4982 in
2844 4919 2972 4982 alia
3013 4918 3357 5000 sculptum,
3392 4927 3455 4981 et
3496 4918 3617 4981 hoc
3656 4918 3810 4982 hinc
3843 4917 3993 4982 inde

2498 5039 2611 5104 per
2665 5019 2804 5083 loca
2854 5017 3127 5080 diversa.
3182 5016 3410 5098 Sicque
3459 5015 3633 5079 basis
3682 5015 3989 5097 quaslibet

2503 5119 2625 5181 fuit
2669 5116 3070 5192 interrasilis·‚
3106 5116 3287 5197 quasi
3333 5134 3473 5178 rasa
3512 5115 3677 5178 inter
3710 5116 3997 5197 sculptu-

2500 5237 2601 5280 ras
2633 5218 2697 5279 in
2730 5217 2863 5279 suis
2896 5213 3544 5296 lat.erihuS,quoniam
3578 5213 3745 5276 inter
3776 5214 3993 5296 plures

2500 5316 2861 5398 sculpturas
2882 5321 3257 5378 manserunt
3279 5312 3511 5395 aliqnae
3530 5320 3743 5395 partes
3764 5313 3989 5396 plante.
