<?xml version="1.0" encoding="UTF-8"?>
<!DOCTYPE html PUBLIC "-//W3C//DTD XHTML 1.0 Transitional//EN"
    "http://www.w3.org/TR/xhtml1/DTD/xhtml1-transitional.dtd">
<html xmlns="http://www.w3.org/1999/xhtml" xml:lang="en" lang="en">
 <head>
  <title>
</title>
<meta http-equiv="Content-Type" content="text/html;charset=utf-8" />
  <meta name='ocr-system' content='tesseract 3.04.00' />
  <meta name='ocr-capabilities' content='ocr_page ocr_carea ocr_par ocr_line ocrx_word'/>
</head>
<body>
  <div class='ocr_page' id='page_1' title='image "./doctorisecstati02denigoog_0421.png"; bbox 0 0 4359 6250; ppageno 0'>
   <div class='ocr_carea' id='block_1_1' title="bbox 638 959 785 1002">
    <p class='ocr_par' dir='ltr' id='par_1_1' title="bbox 638 959 785 1002">
     <span class='ocr_line' id='line_1_1' title="bbox 638 959 785 1002; baseline -0.014 0"><span class='ocrx_word' id='word_1_1' title='bbox 638 959 745 1002; x_wconf 82' lang='lat' dir='ltr'><strong>Lev.</strong></span> <span class='ocrx_word' id='word_1_2' title='bbox 762 973 785 1000; x_wconf 83' lang='lat' dir='ltr'>x</span> 
     </span>
    </p>
   </div>
   <div class='ocr_carea' id='block_1_2' title="bbox 632 5019 816 5063">
    <p class='ocr_par' dir='ltr' id='par_1_2' title="bbox 632 5019 816 5063">
     <span class='ocr_line' id='line_1_2' title="bbox 632 5019 816 5063; baseline 0 -1"><span class='ocrx_word' id='word_1_3' title='bbox 632 5019 751 5063; x_wconf 68' lang='lat' dir='ltr'><strong>laid.</strong></span> <span class='ocrx_word' id='word_1_4' title='bbox 767 5034 816 5062; x_wconf 85' lang='lat' dir='ltr'><strong>xx</strong></span> 
     </span>
    </p>
   </div>
   <div class='ocr_carea' id='block_1_3' title="bbox 895 457 1013 519">
    <p class='ocr_par' dir='ltr' id='par_1_3' title="bbox 895 457 1013 519">
     <span class='ocr_line' id='line_1_3' title="bbox 895 457 1013 519; baseline 0 0"><span class='ocrx_word' id='word_1_5' title='bbox 895 457 1013 519; x_wconf 83' lang='lat'><strong>378</strong></span> 
     </span>
    </p>
   </div>
   <div class='ocr_carea' id='block_1_4' title="bbox 1414 479 3458 532">
    <p class='ocr_par' dir='ltr' id='par_1_4' title="bbox 1414 479 3458 532">
     <span class='ocr_line' id='line_1_4' title="bbox 1414 479 3458 532; baseline 0.002 -5"><span class='ocrx_word' id='word_1_6' title='bbox 1414 479 1763 528; x_wconf 64' lang='lat' dir='ltr'><strong>mumulo</strong></span> <span class='ocrx_word' id='word_1_7' title='bbox 1804 483 1862 526; x_wconf 69' lang='lat' dir='ltr'><strong>lx</strong></span> <span class='ocrx_word' id='word_1_8' title='bbox 1906 483 2043 528; x_wconf 68' lang='grc' dir='ltr'><strong>ω.</strong></span> <span class='ocrx_word' id='word_1_9' title='bbox 2089 483 2198 528; x_wconf 76' lang='lat' dir='ltr'><strong>XXI</strong></span> <span class='ocrx_word' id='word_1_10' title='bbox 2240 483 2396 529; x_wconf 73' lang='lat' dir='ltr'><strong>unm</strong></span> <span class='ocrx_word' id='word_1_11' title='bbox 2435 484 2606 530; x_wconf 68' lang='lat' dir='ltr'><strong>minu</strong></span> <span class='ocrx_word' id='word_1_12' title='bbox 2647 485 2868 530; x_wconf 68' lang='lat' dir='ltr'><strong>amun.</strong></span> <span class='ocrx_word' id='word_1_13' title='bbox 2911 504 2992 514; x_wconf 90' lang='lat'>—</span> <span class='ocrx_word' id='word_1_14' title='bbox 3033 487 3176 532; x_wconf 67' lang='grc' dir='ltr'><strong>ΛΒΤ.</strong></span> <span class='ocrx_word' id='word_1_15' title='bbox 3223 486 3458 532; x_wconf 75' lang='lat' dir='ltr'>XXXVIII</span> 
     </span>
    </p>
   </div>
   <div class='ocr_carea' id='block_1_5' title="bbox 896 645 3978 738">
    <p class='ocr_par' dir='ltr' id='par_1_5' title="bbox 896 645 3978 738">
     <span class='ocr_line' id='line_1_5' title="bbox 896 645 3978 738; baseline 0.003 -30"><span class='ocrx_word' id='word_1_16' title='bbox 896 645 1021 708; x_wconf 86' lang='lat' dir='ltr'><strong>nisi</strong></span> <span class='ocrx_word' id='word_1_17' title='bbox 1062 667 1267 729; x_wconf 85' lang='lat' dir='ltr'><strong>usque</strong></span> <span class='ocrx_word' id='word_1_18' title='bbox 1302 651 1381 712; x_wconf 88' lang='lat' dir='ltr'><strong>ad</strong></span> <span class='ocrx_word' id='word_1_19' title='bbox 1419 669 1769 732; x_wconf 80' lang='lat' dir='ltr'><strong>vesperam.</strong></span> <span class='ocrx_word' id='word_1_20' title='bbox 1804 652 1929 716; x_wconf 89' lang='lat' dir='ltr'><strong>Nec</strong></span> <span class='ocrx_word' id='word_1_21' title='bbox 1958 661 2092 716; x_wconf 90' lang='lat' dir='ltr'><strong>erat</strong></span> <span class='ocrx_word' id='word_1_22' title='bbox 2130 671 2382 735; x_wconf 90' lang='lat' dir='ltr'><strong>semper</strong></span> <span class='ocrx_word' id='word_1_23' title='bbox 2411 651 2462 716; x_wconf 83' lang='lat' dir='ltr'>A</span> <span class='ocrx_word' id='word_1_24' title='bbox 2491 652 2600 715; x_wconf 89' lang='lat' dir='ltr'><strong>ubi</strong></span> <span class='ocrx_word' id='word_1_25' title='bbox 2633 661 2696 716; x_wconf 88' lang='lat' dir='ltr'><strong>et</strong></span> <span class='ocrx_word' id='word_1_26' title='bbox 2723 655 3088 737; x_wconf 78' lang='lat' dir='ltr'><strong>apparebat,</strong></span> <span class='ocrx_word' id='word_1_27' title='bbox 3113 665 3178 718; x_wconf 92' lang='lat' dir='ltr'><strong>et</strong></span> <span class='ocrx_word' id='word_1_28' title='bbox 3196 656 3372 718; x_wconf 81' lang='lat' dir='ltr'><strong>dedit</strong></span> <span class='ocrx_word' id='word_1_29' title='bbox 3400 674 3726 738; x_wconf 88' lang='lat' dir='ltr'><strong>responsa,</strong></span> <span class='ocrx_word' id='word_1_30' title='bbox 3744 675 3818 720; x_wconf 86' lang='lat' dir='ltr'><strong>ae</strong></span> <span class='ocrx_word' id='word_1_31' title='bbox 3835 675 3978 737; x_wconf 82' lang='lat' dir='ltr'><strong>gra-</strong></span> 
     </span>
    </p>
   </div>
   <div class='ocr_carea' id='block_1_6' title="bbox 893 749 2384 926">
    <p class='ocr_par' dir='ltr' id='par_1_6' title="bbox 893 749 2384 926">
     <span class='ocr_line' id='line_1_6' title="bbox 895 749 2384 833; baseline 0.005 -26"><span class='ocrx_word' id='word_1_32' title='bbox 895 755 1247 827; x_wconf 87' lang='lat' dir='ltr'><strong>peccatum,</strong></span> <span class='ocrx_word' id='word_1_33' title='bbox 1282 750 1390 811; x_wconf 92' lang='lat' dir='ltr'><strong>sed</strong></span> <span class='ocrx_word' id='word_1_34' title='bbox 1432 749 1798 814; x_wconf 88' lang='lat' dir='ltr'><strong>inhabilitas</strong></span> <span class='ocrx_word' id='word_1_35' title='bbox 1838 754 2127 833; x_wconf 81' lang='lat' dir='ltr'><strong>quaedam</strong></span> <span class='ocrx_word' id='word_1_36' title='bbox 2166 753 2246 815; x_wconf 88' lang='lat' dir='ltr'><strong>ad</strong></span> <span class='ocrx_word' id='word_1_37' title='bbox 2287 753 2384 814; x_wconf 90' lang='lat' dir='ltr'><strong>in-</strong></span> 
     </span>
     <span class='ocr_line' id='line_1_7' title="bbox 893 843 2384 926; baseline 0.005 -22"><span class='ocrx_word' id='word_1_38' title='bbox 893 843 1311 922; x_wconf 85' lang='lat' dir='ltr'><strong>grediendum</strong></span> <span class='ocrx_word' id='word_1_39' title='bbox 1362 847 1571 909; x_wconf 90' lang='lat' dir='ltr'><strong>locum</strong></span> <span class='ocrx_word' id='word_1_40' title='bbox 1620 848 1829 911; x_wconf 91' lang='lat' dir='ltr'><strong>cultus</strong></span> <span class='ocrx_word' id='word_1_41' title='bbox 1873 849 2099 926; x_wconf 89' lang='lat' dir='ltr'><strong>divini,</strong></span> <span class='ocrx_word' id='word_1_42' title='bbox 2142 869 2254 912; x_wconf 92' lang='lat' dir='ltr'><strong>seu</strong></span> <span class='ocrx_word' id='word_1_43' title='bbox 2303 850 2384 912; x_wconf 86' lang='lat' dir='ltr'><strong>ad</strong></span> 
     </span>
    </p>
   </div>
   <div class='ocr_carea' id='block_1_7' title="bbox 818 943 2383 1030">
    <p class='ocr_par' dir='ltr' id='par_1_7' title="bbox 818 943 2383 1030">
     <span class='ocr_line' id='line_1_8' title="bbox 818 943 2383 1030; baseline 0.006 -29"><span class='ocrx_word' id='word_1_44' title='bbox 818 973 857 1002; x_wconf 83' lang='lat' dir='ltr'><strong>n.</strong></span> <span class='ocrx_word' id='word_1_45' title='bbox 894 943 1406 1006; x_wconf 89' lang='lat' dir='ltr'><strong>manducandum</strong></span> <span class='ocrx_word' id='word_1_46' title='bbox 1437 946 1515 1007; x_wconf 89' lang='lat' dir='ltr'><strong>dc</strong></span> <span class='ocrx_word' id='word_1_47' title='bbox 1546 945 1911 1022; x_wconf 79' lang='lat' dir='ltr'><strong>immolatiS,</strong></span> <span class='ocrx_word' id='word_1_48' title='bbox 1948 957 2017 1010; x_wconf 89' lang='lat' dir='ltr'><strong>ut</strong></span> <span class='ocrx_word' id='word_1_49' title='bbox 2048 968 2240 1030; x_wconf 91' lang='lat' dir='ltr'><strong>super</strong></span> <span class='ocrx_word' id='word_1_50' title='bbox 2270 949 2383 1010; x_wconf 89' lang='lat' dir='ltr'><strong>Le-</strong></span> 
     </span>
    </p>
   </div>
   <div class='ocr_carea' id='block_1_8' title="bbox 893 1041 2384 1822">
    <p class='ocr_par' dir='ltr' id='par_1_8' title="bbox 893 1041 2384 1822">
     <span class='ocr_line' id='line_1_9' title="bbox 894 1041 2381 1126; baseline 0.004 -22"><span class='ocrx_word' id='word_1_51' title='bbox 894 1041 1160 1105; x_wconf 82' lang='lat' dir='ltr'><strong>viticum</strong></span> <span class='ocrx_word' id='word_1_52' title='bbox 1190 1041 1428 1106; x_wconf 78' lang='lat' dir='ltr'><strong>diffuse</strong></span> <span class='ocrx_word' id='word_1_53' title='bbox 1458 1063 1824 1125; x_wconf 89' lang='lat' dir='ltr'><strong>expressum</strong></span> <span class='ocrx_word' id='word_1_54' title='bbox 1856 1054 1971 1109; x_wconf 87' lang='lat' dir='ltr'><strong>est.</strong></span> <span class='ocrx_word' id='word_1_55' title='bbox 1994 1050 2081 1108; x_wconf 77' lang='lat' dir='ltr'><strong>Et</strong></span> <span class='ocrx_word' id='word_1_56' title='bbox 2109 1049 2381 1126; x_wconf 74' lang='lat' dir='ltr'><strong>fuerunt</strong></span> 
     </span>
     <span class='ocr_line' id='line_1_10' title="bbox 893 1144 2384 1229; baseline 0.005 -28"><span class='ocrx_word' id='word_1_57' title='bbox 893 1162 1047 1202; x_wconf 78' lang='lat' dir='ltr'><strong>vasa</strong></span> <span class='ocrx_word' id='word_1_58' title='bbox 1074 1163 1433 1219; x_wconf 81' lang='lat' dir='ltr'><strong>puerorum</strong></span> <span class='ocrx_word' id='word_1_59' title='bbox 1462 1155 1710 1215; x_wconf 79' lang='lat' dir='ltr'><strong>sancta,</strong></span> <span class='ocrx_word' id='word_1_60' title='bbox 1737 1144 1798 1206; x_wconf 86' lang='lat' dir='ltr'><strong>id</strong></span> <span class='ocrx_word' id='word_1_61' title='bbox 1832 1153 1949 1221; x_wconf 82' lang='lat' dir='ltr'><strong>est,</strong></span> <span class='ocrx_word' id='word_1_62' title='bbox 1984 1165 2250 1229; x_wconf 82' lang='lat' dir='ltr'><strong>corpora</strong></span> <span class='ocrx_word' id='word_1_63' title='bbox 2278 1166 2384 1209; x_wconf 83' lang='lat' dir='ltr'><strong>eo-</strong></span> 
     </span>
     <span class='ocr_line' id='line_1_11' title="bbox 894 1242 2382 1321; baseline 0.006 -20"><span class='ocrx_word' id='word_1_64' title='bbox 894 1259 1033 1302; x_wconf 90' lang='lat' dir='ltr'><strong>rum</strong></span> <span class='ocrx_word' id='word_1_65' title='bbox 1066 1242 1471 1306; x_wconf 84' lang='lat' dir='ltr'><strong>immaculata</strong></span> <span class='ocrx_word' id='word_1_66' title='bbox 1502 1265 1537 1308; x_wconf 90' lang='lat' dir='ltr'><strong>a</strong></span> <span class='ocrx_word' id='word_1_67' title='bbox 1566 1247 1761 1321; x_wconf 87' lang='lat' dir='ltr'><strong>coitu,</strong></span> <span class='ocrx_word' id='word_1_68' title='bbox 1798 1246 1895 1308; x_wconf 87' lang='lat' dir='ltr'><strong>vel</strong></span> <span class='ocrx_word' id='word_1_69' title='bbox 1938 1248 2128 1309; x_wconf 89' lang='lat' dir='ltr'><strong>corda</strong></span> <span class='ocrx_word' id='word_1_70' title='bbox 2158 1265 2382 1310; x_wconf 90' lang='lat' dir='ltr'><strong>eorum</strong></span> 
     </span>
     <span class='ocr_line' id='line_1_12' title="bbox 895 1343 2382 1427; baseline 0.006 -27"><span class='ocrx_word' id='word_1_71' title='bbox 895 1359 932 1401; x_wconf 90' lang='lat' dir='ltr'><strong>a</strong></span> <span class='ocrx_word' id='word_1_72' title='bbox 960 1343 1459 1422; x_wconf 76' lang='lat' dir='ltr'><strong>transgressione</strong></span> <span class='ocrx_word' id='word_1_73' title='bbox 1492 1345 1877 1427; x_wconf 88' lang='lat' dir='ltr'><strong>impediente</strong></span> <span class='ocrx_word' id='word_1_74' title='bbox 1908 1345 1973 1406; x_wconf 91' lang='lat' dir='ltr'><strong>in</strong></span> <span class='ocrx_word' id='word_1_75' title='bbox 2006 1347 2382 1409; x_wconf 82' lang='lat' dir='ltr'><strong>necessitate</strong></span> 
     </span>
     <span class='ocr_line' id='line_1_13' title="bbox 893 1443 2382 1524; baseline 0.004 -24"><span class='ocrx_word' id='word_1_76' title='bbox 893 1457 1073 1501; x_wconf 82' lang='lat' dir='ltr'><strong>esum</strong></span> <span class='ocrx_word' id='word_1_77' title='bbox 1104 1459 1342 1521; x_wconf 91' lang='lat' dir='ltr'><strong>panum</strong></span> <span class='ocrx_word' id='word_1_78' title='bbox 1372 1443 1661 1506; x_wconf 91' lang='lat' dir='ltr'><strong>istorum.</strong></span> <span class='ocrx_word' id='word_1_79' title='bbox 1698 1448 1904 1506; x_wconf 83' lang='lat' dir='ltr'><strong>Porro</strong></span> <span class='ocrx_word' id='word_1_80' title='bbox 1944 1447 2051 1505; x_wconf 81' lang='lat' dir='ltr'><strong>via</strong></span> <span class='ocrx_word' id='word_1_81' title='bbox 2092 1447 2225 1506; x_wconf 72' lang='lat' dir='ltr'><strong>lzaec</strong></span> <span class='ocrx_word' id='word_1_82' title='bbox 2249 1449 2382 1524; x_wconf 81' lang='lat' dir='ltr'><strong>pol-</strong></span> 
     </span>
     <span class='ocr_line' id='line_1_14' title="bbox 897 1539 2375 1624; baseline 0.006 -26"><span class='ocrx_word' id='word_1_83' title='bbox 897 1542 1039 1599; x_wconf 82' lang='lat' dir='ltr'><strong>luta</strong></span> <span class='ocrx_word' id='word_1_84' title='bbox 1082 1549 1195 1610; x_wconf 79' lang='lat' dir='ltr'><strong>est,</strong></span> <span class='ocrx_word' id='word_1_85' title='bbox 1228 1539 1291 1602; x_wconf 93' lang='lat' dir='ltr'><strong>id</strong></span> <span class='ocrx_word' id='word_1_86' title='bbox 1330 1550 1447 1619; x_wconf 88' lang='lat' dir='ltr'><strong>est,</strong></span> <span class='ocrx_word' id='word_1_87' title='bbox 1478 1542 1544 1604; x_wconf 94' lang='lat' dir='ltr'><strong>in</strong></span> <span class='ocrx_word' id='word_1_88' title='bbox 1582 1543 1687 1605; x_wconf 87' lang='lat' dir='ltr'><strong>via</strong></span> <span class='ocrx_word' id='word_1_89' title='bbox 1728 1562 1855 1624; x_wconf 89' lang='lat' dir='ltr'><strong>qua</strong></span> <span class='ocrx_word' id='word_1_90' title='bbox 1894 1543 2188 1608; x_wconf 81' lang='lat' dir='ltr'><strong>venimus</strong></span> <span class='ocrx_word' id='word_1_91' title='bbox 2228 1543 2375 1621; x_wconf 88' lang='lat' dir='ltr'><strong>huc,</strong></span> 
     </span>
     <span class='ocr_line' id='line_1_15' title="bbox 894 1635 2383 1720; baseline 0.003 -21"><span class='ocrx_word' id='word_1_92' title='bbox 894 1635 1139 1717; x_wconf 90' lang='lat' dir='ltr'><strong>aliquid</strong></span> <span class='ocrx_word' id='word_1_93' title='bbox 1171 1639 1374 1720; x_wconf 83' lang='lat' dir='ltr'><strong>culpae</strong></span> <span class='ocrx_word' id='word_1_94' title='bbox 1404 1640 1812 1717; x_wconf 80' lang='lat' dir='ltr'><strong>incurrimuS,</strong></span> <span class='ocrx_word' id='word_1_95' title='bbox 1842 1645 1953 1701; x_wconf 76' lang='lat' dir='ltr'><strong>sed</strong></span> <span class='ocrx_word' id='word_1_96' title='bbox 1979 1653 2039 1703; x_wconf 74' lang='lat' dir='ltr'><strong>et</strong></span> <span class='ocrx_word' id='word_1_97' title='bbox 2066 1644 2211 1719; x_wconf 81' lang='lat' dir='ltr'><strong>ipsa</strong></span> <span class='ocrx_word' id='word_1_98' title='bbox 2237 1664 2383 1704; x_wconf 76' lang='lat' dir='ltr'><strong>san-</strong></span> 
     </span>
     <span class='ocr_line' id='line_1_16' title="bbox 897 1739 2384 1822; baseline 0.007 -28"><span class='ocrx_word' id='word_1_99' title='bbox 897 1739 1291 1814; x_wconf 74' lang='lat' dir='ltr'><strong>ctz&#39;ficabitur</strong></span> <span class='ocrx_word' id='word_1_100' title='bbox 1320 1741 1393 1799; x_wconf 76' lang='lat' dir='ltr'><strong>in</strong></span> <span class='ocrx_word' id='word_1_101' title='bbox 1428 1743 1621 1812; x_wconf 76' lang='grc' dir='ltr'><strong>υαείε,</strong></span> <span class='ocrx_word' id='word_1_102' title='bbox 1654 1741 1716 1802; x_wconf 91' lang='lat' dir='ltr'><strong>id</strong></span> <span class='ocrx_word' id='word_1_103' title='bbox 1758 1749 1875 1817; x_wconf 86' lang='lat' dir='ltr'><strong>cst,</strong></span> <span class='ocrx_word' id='word_1_104' title='bbox 1912 1760 2023 1822; x_wconf 91' lang='lat' dir='ltr'><strong>per</strong></span> <span class='ocrx_word' id='word_1_105' title='bbox 2052 1742 2384 1805; x_wconf 87' lang='lat' dir='ltr'><strong>contritio-</strong></span> 
     </span>
    </p>
   </div>
   <div class='ocr_carea' id='block_1_9' title="bbox 897 1835 4299 1925">
    <p class='ocr_par' dir='ltr' id='par_1_9' title="bbox 897 1835 4299 1925">
     <span class='ocr_line' id='line_1_17' title="bbox 897 1835 4299 1925; baseline 0.002 -29"><span class='ocrx_word' id='word_1_106' title='bbox 897 1853 1043 1898; x_wconf 88' lang='lat' dir='ltr'><strong>nem</strong></span> <span class='ocrx_word' id='word_1_107' title='bbox 1092 1845 1157 1898; x_wconf 89' lang='lat' dir='ltr'><strong>et</strong></span> <span class='ocrx_word' id='word_1_108' title='bbox 1196 1837 1653 1901; x_wconf 81' lang='lat' dir='ltr'><strong>continentiam</strong></span> <span class='ocrx_word' id='word_1_109' title='bbox 1706 1858 2070 1921; x_wconf 88' lang='lat' dir='ltr'><strong>puerorum,</strong></span> <span class='ocrx_word' id='word_1_110' title='bbox 2126 1841 2381 1904; x_wconf 89' lang='lat' dir='ltr'><strong>tolletur</strong></span> <span class='ocrx_word' id='word_1_111' title='bbox 2417 1837 2462 1900; x_wconf 84' lang='lat' dir='ltr'>B</span> <span class='ocrx_word' id='word_1_112' title='bbox 2495 1849 2595 1903; x_wconf 91' lang='lat' dir='ltr'><strong>tur</strong></span> <span class='ocrx_word' id='word_1_113' title='bbox 2630 1861 2643 1905; x_wconf 91' lang='lat'>:</span> <span class='ocrx_word' id='word_1_114' title='bbox 2680 1841 2756 1904; x_wconf 86' lang='lat' dir='ltr'><strong>Et</strong></span> <span class='ocrx_word' id='word_1_115' title='bbox 2785 1842 3062 1904; x_wconf 90' lang='lat' dir='ltr'><strong>comedit</strong></span> <span class='ocrx_word' id='word_1_116' title='bbox 3090 1843 3249 1925; x_wconf 89' lang='lat' dir='ltr'><strong>ipse,</strong></span> <span class='ocrx_word' id='word_1_117' title='bbox 3285 1851 3346 1906; x_wconf 90' lang='lat' dir='ltr'><strong>et</strong></span> <span class='ocrx_word' id='word_1_118' title='bbox 3369 1843 3480 1924; x_wconf 91' lang='lat' dir='ltr'><strong>qui</strong></span> <span class='ocrx_word' id='word_1_119' title='bbox 3501 1860 3744 1906; x_wconf 87' lang='lat' dir='ltr'><strong>eumeo</strong></span> <span class='ocrx_word' id='word_1_120' title='bbox 3771 1850 3974 1904; x_wconf 87' lang='lat' dir='ltr'><strong>erant.</strong></span> <span class='ocrx_word' id='word_1_121' title='bbox 4030 1861 4248 1904; x_wconf 55' lang='lat' dir='ltr'><strong>uanam,</strong></span> <span class='ocrx_word' id='word_1_122' title='bbox 4298 1835 4299 1868; x_wconf 61' lang='lat'>³</span> 
     </span>
    </p>
   </div>
   <div class='ocr_carea' id='block_1_10' title="bbox 896 1933 2382 2312">
    <p class='ocr_par' dir='ltr' id='par_1_10' title="bbox 896 1933 2382 2312">
     <span class='ocr_line' id='line_1_18' title="bbox 901 1933 2378 2021; baseline 0.005 -27"><span class='ocrx_word' id='word_1_123' title='bbox 901 1933 1270 2015; x_wconf 88' lang='lat' dir='ltr'><strong>hujusmodi</strong></span> <span class='ocrx_word' id='word_1_124' title='bbox 1292 1937 1503 2019; x_wconf 87' lang='lat' dir='ltr'><strong>culpa.</strong></span> <span class='ocrx_word' id='word_1_125' title='bbox 1530 1937 1665 2014; x_wconf 91' lang='lat' dir='ltr'><strong>Vel,</strong></span> <span class='ocrx_word' id='word_1_126' title='bbox 1686 1939 1802 2000; x_wconf 84' lang='lat' dir='ltr'><strong>Via</strong></span> <span class='ocrx_word' id='word_1_127' title='bbox 1834 1938 1967 2002; x_wconf 82' lang='lat' dir='ltr'><strong>haec</strong></span> <span class='ocrx_word' id='word_1_128' title='bbox 1988 1939 2234 2021; x_wconf 88' lang='lat' dir='ltr'><strong>polluta</strong></span> <span class='ocrx_word' id='word_1_129' title='bbox 2261 1949 2378 2017; x_wconf 90' lang='lat' dir='ltr'><strong>est,</strong></span> 
     </span>
     <span class='ocr_line' id='line_1_19' title="bbox 904 2033 2382 2117; baseline 0.005 -22"><span class='ocrx_word' id='word_1_130' title='bbox 904 2033 969 2096; x_wconf 85' lang='lat' dir='ltr'><strong>id</strong></span> <span class='ocrx_word' id='word_1_131' title='bbox 1013 2042 1131 2111; x_wconf 90' lang='lat' dir='ltr'><strong>est,</strong></span> <span class='ocrx_word' id='word_1_132' title='bbox 1166 2055 1535 2117; x_wconf 81' lang='lat' dir='ltr'><strong>progressus</strong></span> <span class='ocrx_word' id='word_1_133' title='bbox 1578 2037 1699 2099; x_wconf 89' lang='lat' dir='ltr'><strong>iste</strong></span> <span class='ocrx_word' id='word_1_134' title='bbox 1742 2038 2040 2101; x_wconf 85' lang='lat' dir='ltr'><strong>veniendi</strong></span> <span class='ocrx_word' id='word_1_135' title='bbox 2084 2040 2162 2102; x_wconf 87' lang='lat' dir='ltr'><strong>ad</strong></span> <span class='ocrx_word' id='word_1_136' title='bbox 2203 2059 2382 2102; x_wconf 84' lang='lat' dir='ltr'><strong>esum</strong></span> 
     </span>
     <span class='ocr_line' id='line_1_20' title="bbox 896 2137 2380 2216; baseline 0.005 -21"><span class='ocrx_word' id='word_1_137' title='bbox 896 2153 1133 2216; x_wconf 87' lang='lat' dir='ltr'><strong>panum</strong></span> <span class='ocrx_word' id='word_1_138' title='bbox 1165 2143 1551 2214; x_wconf 83' lang='lat' dir='ltr'><strong>sanctorum,</strong></span> <span class='ocrx_word' id='word_1_139' title='bbox 1596 2141 1691 2199; x_wconf 86' lang='lat' dir='ltr'><strong>est</strong></span> <span class='ocrx_word' id='word_1_140' title='bbox 1732 2137 1993 2200; x_wconf 91' lang='lat' dir='ltr'><strong>illicitus</strong></span> <span class='ocrx_word' id='word_1_141' title='bbox 2032 2140 2380 2202; x_wconf 88' lang='lat' dir='ltr'><strong>secundum</strong></span> 
     </span>
     <span class='ocr_line' id='line_1_21' title="bbox 899 2232 2382 2312; baseline 0.003 -17"><span class='ocrx_word' id='word_1_142' title='bbox 899 2232 1105 2312; x_wconf 79' lang='lat' dir='ltr'><strong>legem</strong></span> <span class='ocrx_word' id='word_1_143' title='bbox 1136 2251 1583 2310; x_wconf 79' lang='lat' dir='ltr'><strong>communem3</strong></span> <span class='ocrx_word' id='word_1_144' title='bbox 1632 2238 1743 2300; x_wconf 90' lang='lat' dir='ltr'><strong>sed</strong></span> <span class='ocrx_word' id='word_1_145' title='bbox 1774 2236 2284 2302; x_wconf 72' lang='lat' dir='ltr'><strong>sanctificabitur</strong></span> <span class='ocrx_word' id='word_1_146' title='bbox 2316 2238 2382 2300; x_wconf 91' lang='lat' dir='ltr'><strong>in</strong></span> 
     </span>
    </p>
   </div>
   <div class='ocr_carea' id='block_1_11' title="bbox 2490 751 3982 1136">
    <p class='ocr_par' dir='ltr' id='par_1_11' title="bbox 2490 751 3982 1136">
     <span class='ocr_line' id='line_1_22' title="bbox 2491 751 3982 834; baseline 0.001 -22"><span class='ocrx_word' id='word_1_147' title='bbox 2491 751 2650 814; x_wconf 87' lang='lat' dir='ltr'><strong>tiose</strong></span> <span class='ocrx_word' id='word_1_148' title='bbox 2679 753 3059 834; x_wconf 85' lang='lat' dir='ltr'><strong>operabatur</strong></span> <span class='ocrx_word' id='word_1_149' title='bbox 3085 779 3099 828; x_wconf 91' lang='grc'>;</span> <span class='ocrx_word' id='word_1_150' title='bbox 3138 765 3210 815; x_wconf 80' lang='lat' dir='ltr'><strong>ut</strong></span> <span class='ocrx_word' id='word_1_151' title='bbox 3231 765 3630 832; x_wconf 70' lang='lat' dir='ltr'><strong>ponerentur</strong></span> <span class='ocrx_word' id='word_1_152' title='bbox 3650 775 3853 832; x_wconf 76' lang='lat' dir='ltr'><strong>panes</strong></span> <span class='ocrx_word' id='word_1_153' title='bbox 3877 777 3982 816; x_wconf 81' lang='lat' dir='ltr'><strong>ea-</strong></span> 
     </span>
     <span class='ocr_line' id='line_1_23' title="bbox 2495 851 3977 935; baseline 0.005 -25"><span class='ocrx_word' id='word_1_154' title='bbox 2495 853 2632 913; x_wconf 77' lang='lat' dir='ltr'><em>lidi.</em></span> <span class='ocrx_word' id='word_1_155' title='bbox 2648 851 2736 913; x_wconf 88' lang='lat' dir='ltr'><strong>Ex</strong></span> <span class='ocrx_word' id='word_1_156' title='bbox 2756 852 2876 916; x_wconf 88' lang='lat' dir='ltr'><strong>hoc</strong></span> <span class='ocrx_word' id='word_1_157' title='bbox 2895 854 3153 935; x_wconf 86' lang='lat' dir='ltr'><strong>quidam</strong></span> <span class='ocrx_word' id='word_1_158' title='bbox 3177 855 3585 930; x_wconf 88' lang='lat' dir='ltr'><strong>concludunt,</strong></span> <span class='ocrx_word' id='word_1_159' title='bbox 3603 855 3772 935; x_wconf 91' lang='lat' dir='ltr'><strong>quod</strong></span> <span class='ocrx_word' id='word_1_160' title='bbox 3805 853 3977 918; x_wconf 86' lang='lat' dir='ltr'><strong>istud</strong></span> 
     </span>
     <span class='ocr_line' id='line_1_24' title="bbox 2490 953 3978 1036; baseline -0.001 -21"><span class='ocrx_word' id='word_1_161' title='bbox 2490 953 2900 1032; x_wconf 81' lang='lat' dir='ltr'><strong>contingebat</strong></span> <span class='ocrx_word' id='word_1_162' title='bbox 2941 954 3009 1015; x_wconf 93' lang='lat' dir='ltr'><strong>in</strong></span> <span class='ocrx_word' id='word_1_163' title='bbox 3049 954 3336 1030; x_wconf 90' lang='lat' dir='ltr'><strong>sabbato,</strong></span> <span class='ocrx_word' id='word_1_164' title='bbox 3371 955 3522 1036; x_wconf 89' lang='lat' dir='ltr'><strong>quia</strong></span> <span class='ocrx_word' id='word_1_165' title='bbox 3563 955 3628 1016; x_wconf 92' lang='lat' dir='ltr'><strong>in</strong></span> <span class='ocrx_word' id='word_1_166' title='bbox 3660 973 3736 1018; x_wconf 90' lang='lat' dir='ltr'><strong>eo</strong></span> <span class='ocrx_word' id='word_1_167' title='bbox 3775 953 3978 1016; x_wconf 81' lang='lat' dir='ltr'><strong>fiebat</strong></span> 
     </span>
     <span class='ocr_line' id='line_1_25' title="bbox 2491 1053 3978 1136; baseline 0.001 -23"><span class='ocrx_word' id='word_1_168' title='bbox 2491 1053 2625 1115; x_wconf 81' lang='lat' dir='ltr'><strong>haec</strong></span> <span class='ocrx_word' id='word_1_169' title='bbox 2667 1053 3002 1115; x_wconf 86' lang='lat' dir='ltr'><strong>alternatio</strong></span> <span class='ocrx_word' id='word_1_170' title='bbox 3041 1073 3150 1116; x_wconf 92' lang='lat' dir='ltr'><strong>seu</strong></span> <span class='ocrx_word' id='word_1_171' title='bbox 3191 1054 3572 1135; x_wconf 83' lang='lat' dir='ltr'><strong>permutatio</strong></span> <span class='ocrx_word' id='word_1_172' title='bbox 3611 1073 3871 1136; x_wconf 87' lang='lat' dir='ltr'><strong>panum,</strong></span> <span class='ocrx_word' id='word_1_173' title='bbox 3903 1063 3978 1116; x_wconf 89' lang='lat' dir='ltr'><strong>ut</strong></span> 
     </span>
    </p>
   </div>
   <div class='ocr_carea' id='block_1_12' title="bbox 4035 1073 4250 1118">
    <p class='ocr_par' dir='ltr' id='par_1_12' title="bbox 4035 1073 4299 1140">
     <span class='ocr_line' id='line_1_26' title="bbox 4035 1073 4250 1118; baseline -0.015 -2"><span class='ocrx_word' id='word_1_174' title='bbox 4035 1073 4138 1116; x_wconf 57' lang='lat' dir='ltr'><strong>laet.</strong></span> <span class='ocrx_word' id='word_1_175' title='bbox 4153 1087 4250 1118; x_wconf 64' lang='lat' dir='ltr'><strong>mr.</strong></span> 
     </span>
    </p>
   </div>
   <div class='ocr_carea' id='block_1_13' title="bbox 2490 1139 4046 1216">
    <p class='ocr_par' dir='ltr' id='par_1_13' title="bbox 2490 1139 4046 1216">
     <span class='ocr_line' id='line_1_27' title="bbox 2490 1139 4046 1216; baseline 0.001 -3"><span class='ocrx_word' id='word_1_176' title='bbox 2490 1151 2730 1214; x_wconf 90' lang='lat' dir='ltr'><strong>dictum</strong></span> <span class='ocrx_word' id='word_1_177' title='bbox 2755 1160 2872 1214; x_wconf 90' lang='lat' dir='ltr'><strong>est.</strong></span> <span class='ocrx_word' id='word_1_178' title='bbox 2897 1151 3076 1214; x_wconf 90' lang='lat' dir='ltr'><strong>Circa</strong></span> <span class='ocrx_word' id='word_1_179' title='bbox 3106 1152 3238 1215; x_wconf 82' lang='lat' dir='ltr'><strong>haec</strong></span> <span class='ocrx_word' id='word_1_180' title='bbox 3263 1153 3329 1214; x_wconf 89' lang='lat' dir='ltr'><strong>in</strong></span> <span class='ocrx_word' id='word_1_181' title='bbox 3361 1152 3750 1216; x_wconf 83' lang='lat' dir='ltr'><strong>Scholastica</strong></span> <span class='ocrx_word' id='word_1_182' title='bbox 3777 1153 3976 1216; x_wconf 88' lang='lat' dir='ltr'><strong>histo·</strong></span> <span class='ocrx_word' id='word_1_183' title='bbox 4004 1139 4046 1179; x_wconf 79' lang='lat'><strong>⁸·</strong></span> 
     </span>
    </p>
   </div>
   <div class='ocr_carea' id='block_1_14' title="bbox 2489 1250 3991 1827">
    <p class='ocr_par' dir='ltr' id='par_1_14' title="bbox 2489 1250 3991 1827">
     <span class='ocr_line' id='line_1_28' title="bbox 2491 1250 3980 1315; baseline 0.002 -4"><span class='ocrx_word' id='word_1_184' title='bbox 2491 1251 2586 1312; x_wconf 89' lang='lat' dir='ltr'><strong>ria</strong></span> <span class='ocrx_word' id='word_1_185' title='bbox 2607 1251 2844 1313; x_wconf 87' lang='lat' dir='ltr'><strong>dicitur</strong></span> <span class='ocrx_word' id='word_1_186' title='bbox 2876 1267 2890 1312; x_wconf 76' lang='grc' dir='ltr'><strong>ε</strong></span> <span class='ocrx_word' id='word_1_187' title='bbox 2928 1251 3170 1314; x_wconf 81' lang='lat' dir='ltr'><strong>Hebraei</strong></span> <span class='ocrx_word' id='word_1_188' title='bbox 3202 1254 3458 1315; x_wconf 89' lang='lat' dir='ltr'><strong>tradunt</strong></span> <span class='ocrx_word' id='word_1_189' title='bbox 3485 1250 3682 1314; x_wconf 77' lang='lat' dir='ltr'><strong>David</strong></span> <span class='ocrx_word' id='word_1_190' title='bbox 3714 1269 3844 1314; x_wconf 85' lang='lat' dir='ltr'><strong>non</strong></span> <span class='ocrx_word' id='word_1_191' title='bbox 3869 1271 3980 1314; x_wconf 82' lang='lat' dir='ltr'><strong>eo-</strong></span> 
     </span>
     <span class='ocr_line' id='line_1_29' title="bbox 2489 1349 3980 1432; baseline 0.001 -21"><span class='ocrx_word' id='word_1_192' title='bbox 2489 1349 2764 1412; x_wconf 86' lang='lat' dir='ltr'><strong>medisse</strong></span> <span class='ocrx_word' id='word_1_193' title='bbox 2804 1369 3032 1431; x_wconf 88' lang='lat' dir='ltr'><strong>panem</strong></span> <span class='ocrx_word' id='word_1_194' title='bbox 3081 1351 3558 1432; x_wconf 78' lang='lat' dir='ltr'><strong>propositioni5‚</strong></span> <span class='ocrx_word' id='word_1_195' title='bbox 3601 1369 3719 1413; x_wconf 89' lang='lat' dir='ltr'><strong>nec</strong></span> <span class='ocrx_word' id='word_1_196' title='bbox 3757 1359 3980 1432; x_wconf 82' lang='lat' dir='ltr'><strong>aperte</strong></span> 
     </span>
     <span class='ocr_line' id='line_1_30' title="bbox 2491 1447 3980 1529; baseline 0.002 -20"><span class='ocrx_word' id='word_1_197' title='bbox 2491 1447 2594 1510; x_wconf 89' lang='lat' dir='ltr'><strong>hic</strong></span> <span class='ocrx_word' id='word_1_198' title='bbox 2627 1447 2857 1526; x_wconf 79' lang='lat' dir='ltr'><strong>legitur</strong></span> <span class='ocrx_word' id='word_1_199' title='bbox 2886 1449 3058 1529; x_wconf 92' lang='lat' dir='ltr'><strong>quod</strong></span> <span class='ocrx_word' id='word_1_200' title='bbox 3091 1449 3455 1512; x_wconf 87' lang='lat' dir='ltr'><strong>comederit.</strong></span> <span class='ocrx_word' id='word_1_201' title='bbox 3495 1449 3636 1512; x_wconf 78' lang='lat' dir='ltr'><strong>Haec</strong></span> <span class='ocrx_word' id='word_1_202' title='bbox 3665 1448 3780 1510; x_wconf 91' lang='lat' dir='ltr'><strong>ibi.</strong></span> <span class='ocrx_word' id='word_1_203' title='bbox 3817 1447 3980 1522; x_wconf 84' lang='lat' dir='ltr'><strong>Quo-</strong></span> 
     </span>
     <span class='ocr_line' id='line_1_31' title="bbox 2490 1546 3991 1628; baseline 0.001 -19"><span class='ocrx_word' id='word_1_204' title='bbox 2490 1546 2660 1609; x_wconf 86' lang='lat' dir='ltr'><strong>circa</strong></span> <span class='ocrx_word' id='word_1_205' title='bbox 2703 1547 2868 1624; x_wconf 89' lang='lat' dir='ltr'><strong>dico,</strong></span> <span class='ocrx_word' id='word_1_206' title='bbox 2901 1548 3072 1628; x_wconf 91' lang='lat' dir='ltr'><strong>quod</strong></span> <span class='ocrx_word' id='word_1_207' title='bbox 3117 1547 3552 1610; x_wconf 86' lang='lat' dir='ltr'><strong>indubitanter</strong></span> <span class='ocrx_word' id='word_1_208' title='bbox 3594 1548 3744 1610; x_wconf 88' lang='lat' dir='ltr'><strong>inde</strong></span> <span class='ocrx_word' id='word_1_209' title='bbox 3773 1566 3991 1610; x_wconf 54' lang='lat' dir='ltr'><strong>come.</strong></span> 
     </span>
     <span class='ocr_line' id='line_1_32' title="bbox 2490 1644 3976 1726; baseline 0.001 -21"><span class='ocrx_word' id='word_1_210' title='bbox 2490 1644 2604 1720; x_wconf 91' lang='lat' dir='ltr'><strong>dit,</strong></span> <span class='ocrx_word' id='word_1_211' title='bbox 2629 1663 2744 1707; x_wconf 86' lang='lat' dir='ltr'><strong>nec</strong></span> <span class='ocrx_word' id='word_1_212' title='bbox 2773 1645 3050 1707; x_wconf 62' lang='lat' dir='ltr'><strong>Hebraeis</strong></span> <span class='ocrx_word' id='word_1_213' title='bbox 3080 1645 3210 1707; x_wconf 93' lang='lat' dir='ltr'><strong>illis</strong></span> <span class='ocrx_word' id='word_1_214' title='bbox 3235 1646 3618 1709; x_wconf 89' lang='lat' dir='ltr'><strong>credendum</strong></span> <span class='ocrx_word' id='word_1_215' title='bbox 3639 1655 3760 1720; x_wconf 85' lang='lat' dir='ltr'><strong>est,</strong></span> <span class='ocrx_word' id='word_1_216' title='bbox 3775 1665 3976 1726; x_wconf 88' lang='lat' dir='ltr'><strong>quum</strong></span> 
     </span>
     <span class='ocr_line' id='line_1_33' title="bbox 2491 1742 3988 1827; baseline 0 -23"><span class='ocrx_word' id='word_1_217' title='bbox 2491 1742 2736 1804; x_wconf 84' lang='lat' dir='ltr'><strong>Veritas</strong></span> <span class='ocrx_word' id='word_1_218' title='bbox 2783 1763 3029 1806; x_wconf 90' lang='lat' dir='ltr'><strong>summa</strong></span> <span class='ocrx_word' id='word_1_219' title='bbox 3072 1745 3240 1827; x_wconf 91' lang='lat' dir='ltr'><strong>apud</strong></span> <span class='ocrx_word' id='word_1_220' title='bbox 3273 1744 3628 1807; x_wconf 80' lang='lat' dir='ltr'><strong>Matthaeum</strong></span> <span class='ocrx_word' id='word_1_221' title='bbox 3667 1752 3988 1825; x_wconf 46' lang='lat' dir='ltr'><strong>protecte&lt;</strong></span> 
     </span>
    </p>
   </div>
   <div class='ocr_carea' id='block_1_15' title="bbox 2571 1927 4051 2020">
    <p class='ocr_par' dir='ltr' id='par_1_15' title="bbox 2571 1927 4051 2020">
     <span class='ocr_line' id='line_1_34' title="bbox 2571 1927 4051 2020; baseline 0.003 -21"><span class='ocrx_word' id='word_1_222' title='bbox 2571 1942 2734 2000; x_wconf 74' lang='grc' dir='ltr'><em>Εναι</em></span> <span class='ocrx_word' id='word_1_223' title='bbox 2783 1950 3000 2000; x_wconf 72' lang='lat' dir='ltr'><strong>autem</strong></span> <span class='ocrx_word' id='word_1_224' title='bbox 3052 1943 3157 2002; x_wconf 67' lang='lat' dir='ltr'><strong>ver</strong></span> <span class='ocrx_word' id='word_1_225' title='bbox 3206 1943 3477 2020; x_wconf 80' lang='lat' dir='ltr'><strong>quidam</strong></span> <span class='ocrx_word' id='word_1_226' title='bbox 3517 1943 3609 2000; x_wconf 75' lang='lat' dir='ltr'><strong>ibi</strong></span> <span class='ocrx_word' id='word_1_227' title='bbox 3651 1943 3732 2000; x_wconf 73' lang='lat' dir='ltr'><strong>de</strong></span> <span class='ocrx_word' id='word_1_228' title='bbox 3777 1927 4051 2004; x_wconf 56' lang='lat' dir='ltr'><strong>servans*-</strong></span> 
     </span>
    </p>
   </div>
   <div class='ocr_carea' id='block_1_16' title="bbox 2491 2040 3986 2319">
    <p class='ocr_par' dir='ltr' id='par_1_16' title="bbox 2491 2040 3986 2319">
     <span class='ocr_line' id='line_1_35' title="bbox 2492 2040 3986 2101; baseline 0 -1"><span class='ocrx_word' id='word_1_229' title='bbox 2492 2041 2661 2100; x_wconf 81' lang='lat' dir='ltr'><strong>Saul</strong></span> <span class='ocrx_word' id='word_1_230' title='bbox 2691 2040 2764 2098; x_wconf 78' lang='lat' dir='ltr'><strong>in.</strong></span> <span class='ocrx_word' id='word_1_231' title='bbox 2795 2041 2903 2098; x_wconf 80' lang='lat' dir='ltr'><strong>die</strong></span> <span class='ocrx_word' id='word_1_232' title='bbox 2933 2041 3053 2099; x_wconf 79' lang='lat' dir='ltr'><strong>illa</strong></span> <span class='ocrx_word' id='word_1_233' title='bbox 3086 2042 3266 2101; x_wconf 76' lang='lat' dir='ltr'><strong>intus</strong></span> <span class='ocrx_word' id='word_1_234' title='bbox 3297 2042 3370 2100; x_wconf 77' lang='lat' dir='ltr'><strong>in</strong></span> <span class='ocrx_word' id='word_1_235' title='bbox 3419 2042 3828 2100; x_wconf 77' lang='lat' dir='ltr'><strong>tabernaculo</strong></span> <span class='ocrx_word' id='word_1_236' title='bbox 3855 2043 3986 2100; x_wconf 61' lang='lat' dir='ltr'><strong>Dae</strong></span> 
     </span>
     <span class='ocr_line' id='line_1_36' title="bbox 2491 2136 3986 2213; baseline 0.001 -15"><span class='ocrx_word' id='word_1_237' title='bbox 2491 2140 2626 2198; x_wconf 75' lang='lat' dir='ltr'><strong>min</strong></span> <span class='ocrx_word' id='word_1_238' title='bbox 2640 2140 2682 2197; x_wconf 77' lang='lat' dir='ltr'><strong>i.</strong></span> <span class='ocrx_word' id='word_1_239' title='bbox 2700 2136 3206 2201; x_wconf 90' lang='lat' dir='ltr'><strong>Tabernaculum</strong></span> <span class='ocrx_word' id='word_1_240' title='bbox 3227 2137 3476 2201; x_wconf 89' lang='lat' dir='ltr'><strong>Domini</strong></span> <span class='ocrx_word' id='word_1_241' title='bbox 3497 2137 3618 2200; x_wconf 91' lang='lat' dir='ltr'><strong>hoc</strong></span> <span class='ocrx_word' id='word_1_242' title='bbox 3640 2137 3800 2213; x_wconf 75' lang='lat' dir='ltr'><strong>loce,</strong></span> <span class='ocrx_word' id='word_1_243' title='bbox 3815 2137 3986 2200; x_wconf 83' lang='lat' dir='ltr'><strong>sicut</strong></span> 
     </span>
     <span class='ocr_line' id='line_1_37' title="bbox 2492 2235 3986 2319; baseline 0.001 -23"><span class='ocrx_word' id='word_1_244' title='bbox 2492 2243 2554 2296; x_wconf 92' lang='lat' dir='ltr'><strong>et</strong></span> <span class='ocrx_word' id='word_1_245' title='bbox 2585 2235 2738 2297; x_wconf 91' lang='lat' dir='ltr'><strong>alibi</strong></span> <span class='ocrx_word' id='word_1_246' title='bbox 2775 2255 2963 2317; x_wconf 87' lang='lat' dir='ltr'><strong>saepe,</strong></span> <span class='ocrx_word' id='word_1_247' title='bbox 2997 2237 3309 2318; x_wconf 84' lang='lat' dir='ltr'><strong>accipitur</strong></span> <span class='ocrx_word' id='word_1_248' title='bbox 3349 2255 3464 2319; x_wconf 90' lang='lat' dir='ltr'><strong>pro</strong></span> <span class='ocrx_word' id='word_1_249' title='bbox 3503 2236 3664 2299; x_wconf 90' lang='lat' dir='ltr'><strong>atrio</strong></span> <span class='ocrx_word' id='word_1_250' title='bbox 3693 2236 3986 2298; x_wconf 84' lang='lat' dir='ltr'><strong>taberna·</strong></span> 
     </span>
    </p>
   </div>
   <div class='ocr_carea' id='block_1_17' title="bbox 4298 83 4300 1056">
    <p class='ocr_par' dir='ltr' id='par_1_17' title="bbox 4298 83 4300 1056">
     <span class='ocr_line' id='line_1_38' title="bbox 4298 83 4300 1056; baseline 0 0"><span class='ocrx_word' id='word_1_251' title='bbox 4298 83 4300 1056; x_wconf 95' lang='lat' dir='ltr'><strong> </strong></span> 
     </span>
    </p>
   </div>
   <div class='ocr_carea' id='block_1_18' title="bbox 894 2330 2386 2906">
    <p class='ocr_par' dir='ltr' id='par_1_18' title="bbox 894 2330 2386 2906">
     <span class='ocr_line' id='line_1_39' title="bbox 895 2330 2386 2416; baseline 0.003 -23"><span class='ocrx_word' id='word_1_252' title='bbox 895 2330 1087 2407; x_wconf 76' lang='lat' dir='ltr'><strong>vasiS,</strong></span> <span class='ocrx_word' id='word_1_253' title='bbox 1123 2331 1274 2412; x_wconf 88' lang='lat' dir='ltr'><strong>quia</strong></span> <span class='ocrx_word' id='word_1_254' title='bbox 1314 2351 1427 2415; x_wconf 89' lang='lat' dir='ltr'><strong>per</strong></span> <span class='ocrx_word' id='word_1_255' title='bbox 1457 2335 1897 2398; x_wconf 86' lang='lat' dir='ltr'><strong>necessitatem</strong></span> <span class='ocrx_word' id='word_1_256' title='bbox 1930 2353 2270 2416; x_wconf 89' lang='lat' dir='ltr'><strong>puerorum</strong></span> <span class='ocrx_word' id='word_1_257' title='bbox 2305 2333 2386 2397; x_wconf 86' lang='lat' dir='ltr'><strong>fit</strong></span> 
     </span>
     <span class='ocr_line' id='line_1_40' title="bbox 896 2428 2386 2515; baseline 0.005 -25"><span class='ocrx_word' id='word_1_258' title='bbox 896 2428 1112 2492; x_wconf 91' lang='lat' dir='ltr'><strong>licitus</strong></span> <span class='ocrx_word' id='word_1_259' title='bbox 1145 2429 1211 2491; x_wconf 91' lang='lat' dir='ltr'><strong>in</strong></span> <span class='ocrx_word' id='word_1_260' title='bbox 1244 2431 1527 2513; x_wconf 91' lang='lat' dir='ltr'><strong>speciali.</strong></span> <span class='ocrx_word' id='word_1_261' title='bbox 1552 2432 1817 2496; x_wconf 77' lang='lat' dir='ltr'><strong>Videtur</strong></span> <span class='ocrx_word' id='word_1_262' title='bbox 1836 2451 2094 2515; x_wconf 90' lang='lat' dir='ltr'><strong>quoque</strong></span> <span class='ocrx_word' id='word_1_263' title='bbox 2123 2433 2216 2496; x_wconf 90' lang='lat' dir='ltr'><strong>sic</strong></span> <span class='ocrx_word' id='word_1_264' title='bbox 2247 2453 2386 2515; x_wconf 91' lang='lat' dir='ltr'><strong>pos-</strong></span> 
     </span>
     <span class='ocr_line' id='line_1_41' title="bbox 896 2528 2382 2614; baseline 0.003 -24"><span class='ocrx_word' id='word_1_265' title='bbox 896 2547 965 2591; x_wconf 87' lang='lat' dir='ltr'><strong>se</strong></span> <span class='ocrx_word' id='word_1_266' title='bbox 995 2528 1226 2610; x_wconf 83' lang='lat' dir='ltr'><strong>exponi</strong></span> <span class='ocrx_word' id='word_1_267' title='bbox 1266 2550 1280 2593; x_wconf 89' lang='lat'>:</span> <span class='ocrx_word' id='word_1_268' title='bbox 1322 2530 1439 2592; x_wconf 86' lang='lat' dir='ltr'><strong>Via</strong></span> <span class='ocrx_word' id='word_1_269' title='bbox 1468 2531 1603 2594; x_wconf 83' lang='lat' dir='ltr'><strong>haec</strong></span> <span class='ocrx_word' id='word_1_270' title='bbox 1634 2531 1878 2614; x_wconf 90' lang='lat' dir='ltr'><strong>polluta</strong></span> <span class='ocrx_word' id='word_1_271' title='bbox 1906 2540 2021 2608; x_wconf 89' lang='lat' dir='ltr'><strong>est,</strong></span> <span class='ocrx_word' id='word_1_272' title='bbox 2062 2532 2217 2614; x_wconf 89' lang='lat' dir='ltr'><strong>quia</strong></span> <span class='ocrx_word' id='word_1_273' title='bbox 2253 2534 2382 2614; x_wconf 69' lang='lat' dir='ltr'><strong>¹iam</strong></span> 
     </span>
     <span class='ocr_line' id='line_1_42' title="bbox 894 2627 2386 2712; baseline 0.004 -24"><span class='ocrx_word' id='word_1_274' title='bbox 894 2627 1027 2688; x_wconf 82' lang='lat' dir='ltr'><strong>dixi</strong></span> <span class='ocrx_word' id='word_1_275' title='bbox 1068 2628 1287 2709; x_wconf 89' lang='lat' dir='ltr'><strong>aliqua</strong></span> <span class='ocrx_word' id='word_1_276' title='bbox 1324 2647 1452 2692; x_wconf 92' lang='lat' dir='ltr'><strong>non</strong></span> <span class='ocrx_word' id='word_1_277' title='bbox 1483 2649 1655 2707; x_wconf 86' lang='lat' dir='ltr'><strong>vera,</strong></span> <span class='ocrx_word' id='word_1_278' title='bbox 1688 2638 1753 2692; x_wconf 88' lang='lat' dir='ltr'><strong>et</strong></span> <span class='ocrx_word' id='word_1_279' title='bbox 1782 2649 1859 2692; x_wconf 82' lang='lat' dir='ltr'><strong>ex</strong></span> <span class='ocrx_word' id='word_1_280' title='bbox 1891 2630 1992 2692; x_wconf 89' lang='lat' dir='ltr'><strong>his</strong></span> <span class='ocrx_word' id='word_1_281' title='bbox 2030 2651 2175 2712; x_wconf 80' lang='lat' dir='ltr'><strong>quae</strong></span> <span class='ocrx_word' id='word_1_282' title='bbox 2214 2651 2386 2694; x_wconf 91' lang='lat' dir='ltr'><strong>nunc</strong></span> 
     </span>
     <span class='ocr_line' id='line_1_43' title="bbox 894 2728 2381 2811; baseline 0.003 -23"><span class='ocrx_word' id='word_1_283' title='bbox 894 2736 1171 2807; x_wconf 82' lang='lat' dir='ltr'><strong>aguntur</strong></span> <span class='ocrx_word' id='word_1_284' title='bbox 1202 2728 1367 2790; x_wconf 90' lang='lat' dir='ltr'><strong>inter</strong></span> <span class='ocrx_word' id='word_1_285' title='bbox 1398 2747 1536 2804; x_wconf 79' lang='grc' dir='ltr'><strong>ηοε,</strong></span> <span class='ocrx_word' id='word_1_286' title='bbox 1554 2729 1843 2792; x_wconf 88' lang='lat' dir='ltr'><strong>imminet</strong></span> <span class='ocrx_word' id='word_1_287' title='bbox 1868 2729 1983 2791; x_wconf 87' lang='lat' dir='ltr'><strong>tibi</strong></span> <span class='ocrx_word' id='word_1_288' title='bbox 2007 2730 2381 2811; x_wconf 88' lang='lat' dir='ltr'><strong>periculum,</strong></span> 
     </span>
     <span class='ocr_line' id='line_1_44' title="bbox 897 2826 2384 2906; baseline 0.001 -18"><span class='ocrx_word' id='word_1_289' title='bbox 897 2845 935 2888; x_wconf 93' lang='lat' dir='ltr'><strong>o</strong></span> <span class='ocrx_word' id='word_1_290' title='bbox 965 2827 1288 2902; x_wconf 82' lang='lat' dir='ltr'><strong>sacerdos3</strong></span> <span class='ocrx_word' id='word_1_291' title='bbox 1315 2826 1826 2891; x_wconf 82' lang='lat' dir='ltr'><strong>sanctificabitur</strong></span> <span class='ocrx_word' id='word_1_292' title='bbox 1856 2837 2067 2892; x_wconf 87' lang='lat' dir='ltr'><strong>tamen</strong></span> <span class='ocrx_word' id='word_1_293' title='bbox 2104 2829 2166 2891; x_wconf 91' lang='lat' dir='ltr'><strong>in</strong></span> <span class='ocrx_word' id='word_1_294' title='bbox 2190 2829 2384 2906; x_wconf 83' lang='lat' dir='ltr'><strong>vasis,</strong></span> 
     </span>
    </p>
   </div>
   <div class='ocr_carea' id='block_1_19' title="bbox 2493 2333 4299 2910">
    <p class='ocr_par' dir='ltr' id='par_1_19' title="bbox 2493 2333 4299 2910">
     <span class='ocr_line' id='line_1_45' title="bbox 2493 2333 4299 2416; baseline 0.004 -20"><span class='ocrx_word' id='word_1_295' title='bbox 2493 2333 2644 2409; x_wconf 92' lang='lat' dir='ltr'><strong>culi,</strong></span> <span class='ocrx_word' id='word_1_296' title='bbox 2678 2334 2744 2395; x_wconf 92' lang='lat' dir='ltr'><strong>in</strong></span> <span class='ocrx_word' id='word_1_297' title='bbox 2789 2353 2917 2416; x_wconf 91' lang='lat' dir='ltr'><strong>quo</strong></span> <span class='ocrx_word' id='word_1_298' title='bbox 2966 2336 3126 2398; x_wconf 90' lang='lat' dir='ltr'><strong>atrio</strong></span> <span class='ocrx_word' id='word_1_299' title='bbox 3165 2342 3301 2397; x_wconf 89' lang='lat' dir='ltr'><strong>erat</strong></span> <span class='ocrx_word' id='word_1_300' title='bbox 3343 2335 3540 2397; x_wconf 86' lang='lat' dir='ltr'><strong>altare</strong></span> <span class='ocrx_word' id='word_1_301' title='bbox 3581 2335 3985 2398; x_wconf 77' lang='lat' dir='ltr'><strong>holocausto-</strong></span> <span class='ocrx_word' id='word_1_302' title='bbox 4045 2356 4248 2402; x_wconf 61' lang='grc' dir='ltr'><strong>ειαωι,</strong></span> <span class='ocrx_word' id='word_1_303' title='bbox 4298 2393 4299 2404; x_wconf 67' lang='grc'>,</span> 
     </span>
     <span class='ocr_line' id='line_1_46' title="bbox 2493 2423 4299 2515; baseline 0.002 -21"><span class='ocrx_word' id='word_1_304' title='bbox 2493 2453 2632 2494; x_wconf 90' lang='lat' dir='ltr'><strong>rum</strong></span> <span class='ocrx_word' id='word_1_305' title='bbox 2685 2451 2698 2495; x_wconf 73' lang='grc' dir='ltr'><strong>ε</strong></span> <span class='ocrx_word' id='word_1_306' title='bbox 2749 2442 2812 2495; x_wconf 89' lang='lat' dir='ltr'><strong>et</strong></span> <span class='ocrx_word' id='word_1_307' title='bbox 2860 2433 3020 2496; x_wconf 91' lang='lat' dir='ltr'><strong>illud</strong></span> <span class='ocrx_word' id='word_1_308' title='bbox 3073 2435 3320 2513; x_wconf 85' lang='lat' dir='ltr'><strong>ingredi</strong></span> <span class='ocrx_word' id='word_1_309' title='bbox 3371 2442 3660 2515; x_wconf 88' lang='lat' dir='ltr'><strong>poterant</strong></span> <span class='ocrx_word' id='word_1_310' title='bbox 3713 2433 3860 2496; x_wconf 87' lang='lat' dir='ltr'><strong>laici</strong></span> <span class='ocrx_word' id='word_1_311' title='bbox 3899 2434 3984 2496; x_wconf 84' lang='lat' dir='ltr'><strong>ad</strong></span> <span class='ocrx_word' id='word_1_312' title='bbox 4013 2423 4080 2464; x_wconf 69' lang='lat'><strong>²⁷·</strong></span> <span class='ocrx_word' id='word_1_313' title='bbox 4298 2423 4299 2438; x_wconf 47' lang='lat'>¹</span> 
     </span>
     <span class='ocr_line' id='line_1_47' title="bbox 2493 2531 3988 2614; baseline -0.001 -19"><span class='ocrx_word' id='word_1_314' title='bbox 2493 2531 2900 2595; x_wconf 80' lang='lat' dir='ltr'><strong>offerendum</strong></span> <span class='ocrx_word' id='word_1_315' title='bbox 2951 2541 3142 2614; x_wconf 87' lang='lat' dir='ltr'><strong>atque</strong></span> <span class='ocrx_word' id='word_1_316' title='bbox 3189 2533 3540 2607; x_wconf 84' lang='lat' dir='ltr'><strong>orandum3</strong></span> <span class='ocrx_word' id='word_1_317' title='bbox 3593 2551 3720 2595; x_wconf 93' lang='lat' dir='ltr'><strong>non</strong></span> <span class='ocrx_word' id='word_1_318' title='bbox 3767 2541 3988 2594; x_wconf 83' lang='lat' dir='ltr'><strong>autem</strong></span> 
     </span>
     <span class='ocr_line' id='line_1_48' title="bbox 2495 2630 4299 2714; baseline -0.003 -22"><span class='ocrx_word' id='word_1_319' title='bbox 2495 2630 2976 2693; x_wconf 89' lang='lat' dir='ltr'><strong>tabernaculum</strong></span> <span class='ocrx_word' id='word_1_320' title='bbox 3009 2632 3240 2714; x_wconf 91' lang='lat' dir='ltr'><strong>ipsum,</strong></span> <span class='ocrx_word' id='word_1_321' title='bbox 3277 2631 3345 2693; x_wconf 90' lang='lat' dir='ltr'><strong>in</strong></span> <span class='ocrx_word' id='word_1_322' title='bbox 3375 2631 3547 2712; x_wconf 92' lang='lat' dir='ltr'><strong>quod</strong></span> <span class='ocrx_word' id='word_1_323' title='bbox 3585 2630 3740 2694; x_wconf 87' lang='lat' dir='ltr'><strong>solis</strong></span> <span class='ocrx_word' id='word_1_324' title='bbox 3779 2650 3986 2693; x_wconf 84' lang='lat' dir='ltr'><strong>sacer·</strong></span> <span class='ocrx_word' id='word_1_325' title='bbox 4039 2652 4248 2694; x_wconf 45' lang='lat' dir='ltr'><strong>isa-sm.</strong></span> <span class='ocrx_word' id='word_1_326' title='bbox 4298 2665 4299 2686; x_wconf 53' lang='lat'><em>÷</em></span> 
     </span>
     <span class='ocr_line' id='line_1_49' title="bbox 2493 2729 4082 2820; baseline -0.001 -28"><span class='ocrx_word' id='word_1_327' title='bbox 2493 2730 2749 2792; x_wconf 89' lang='lat' dir='ltr'><strong>dotibus</strong></span> <span class='ocrx_word' id='word_1_328' title='bbox 2793 2729 3048 2810; x_wconf 90' lang='lat' dir='ltr'><strong>patebat</strong></span> <span class='ocrx_word' id='word_1_329' title='bbox 3089 2730 3433 2809; x_wconf 77' lang='lat' dir='ltr'><strong>ingressus.</strong></span> <span class='ocrx_word' id='word_1_330' title='bbox 3469 2731 3556 2790; x_wconf 78' lang='grc' dir='ltr'><strong>Ει</strong></span> <span class='ocrx_word' id='word_1_331' title='bbox 3585 2750 3812 2790; x_wconf 78' lang='lat' dir='ltr'><strong>nomen</strong></span> <span class='ocrx_word' id='word_1_332' title='bbox 3841 2731 3986 2804; x_wconf 59' lang='lat' dir='ltr'><strong>effus</strong></span> <span class='ocrx_word' id='word_1_333' title='bbox 4015 2781 4082 2820; x_wconf 36' lang='grc' dir='ltr'><strong>ὓ,</strong></span> 
     </span>
     <span class='ocr_line' id='line_1_50' title="bbox 2493 2826 4299 2910; baseline -0.002 -20"><span class='ocrx_word' id='word_1_334' title='bbox 2493 2833 2664 2906; x_wconf 74' lang='lat' dir='ltr'><strong>Doey</strong></span> <span class='ocrx_word' id='word_1_335' title='bbox 2697 2832 3026 2890; x_wconf 75' lang='lat' dir='ltr'><strong>Idumoeus</strong></span> <span class='ocrx_word' id='word_1_336' title='bbox 3057 2849 3079 2888; x_wconf 92' lang='lat'><strong>.·</strong></span> <span class='ocrx_word' id='word_1_337' title='bbox 3109 2829 3221 2909; x_wconf 90' lang='lat' dir='ltr'><strong>qui</strong></span> <span class='ocrx_word' id='word_1_338' title='bbox 3255 2827 3378 2890; x_wconf 85' lang='lat' dir='ltr'><strong>suit</strong></span> <span class='ocrx_word' id='word_1_339' title='bbox 3412 2829 3512 2906; x_wconf 87' lang='lat' dir='ltr'><strong>(ut</strong></span> <span class='ocrx_word' id='word_1_340' title='bbox 3557 2826 3790 2909; x_wconf 84' lang='lat' dir='ltr'><strong>fertur)</strong></span> <span class='ocrx_word' id='word_1_341' title='bbox 3824 2847 3990 2910; x_wconf 86' lang='lat' dir='ltr'><strong>puer</strong></span> <span class='ocrx_word' id='word_1_342' title='bbox 4039 2850 4246 2904; x_wconf 55' lang='grc' dir='ltr'><strong>ιηομιι.</strong></span> <span class='ocrx_word' id='word_1_343' title='bbox 4297 2853 4299 2886; x_wconf 66' lang='lat'>2</span> 
     </span>
    </p>
   </div>
   <div class='ocr_carea' id='block_1_20' title="bbox 4298 1547 4299 2392">
    <p class='ocr_par' dir='ltr' id='par_1_20' title="bbox 4298 1547 4299 2392">
     <span class='ocr_line' id='line_1_51' title="bbox 4298 1547 4299 2392; baseline 0 0"><span class='ocrx_word' id='word_1_344' title='bbox 4298 1547 4299 2392; x_wconf 95' lang='lat' dir='ltr'><strong> </strong></span> 
     </span>
    </p>
   </div>
   <div class='ocr_carea' id='block_1_21' title="bbox 4017 2717 4299 2764">
    <p class='ocr_par' dir='ltr' id='par_1_21' title="bbox 4017 2717 4299 2764">
     <span class='ocr_line' id='line_1_52' title="bbox 4017 2717 4299 2764; baseline -0.011 -7"><span class='ocrx_word' id='word_1_345' title='bbox 4017 2720 4080 2764; x_wconf 75' lang='lat'><strong>193</strong></span> <span class='ocrx_word' id='word_1_346' title='bbox 4093 2717 4248 2760; x_wconf 56' lang='lat' dir='ltr'><strong>mugi,</strong></span> <span class='ocrx_word' id='word_1_347' title='bbox 4298 2721 4299 2748; x_wconf 61' lang='grc' dir='ltr'>ἰ</span> 
     </span>
    </p>
   </div>
   <div class='ocr_carea' id='block_1_22' title="bbox 898 2924 2388 3006">
    <p class='ocr_par' dir='ltr' id='par_1_22' title="bbox 898 2924 2388 3006">
     <span class='ocr_line' id='line_1_53' title="bbox 898 2924 2388 3006; baseline 0.001 -18"><span class='ocrx_word' id='word_1_348' title='bbox 898 2924 1052 3006; x_wconf 90' lang='lat' dir='ltr'><strong>quia</strong></span> <span class='ocrx_word' id='word_1_349' title='bbox 1083 2943 1159 2987; x_wconf 84' lang='lat' dir='ltr'><strong>ex</strong></span> <span class='ocrx_word' id='word_1_350' title='bbox 1197 2927 1469 3006; x_wconf 89' lang='lat' dir='ltr'><strong>quadam</strong></span> <span class='ocrx_word' id='word_1_351' title='bbox 1506 2927 1899 3003; x_wconf 80' lang='lat' dir='ltr'><strong>necessitate,</strong></span> <span class='ocrx_word' id='word_1_352' title='bbox 1944 2946 2071 2990; x_wconf 92' lang='lat' dir='ltr'><strong>non</strong></span> <span class='ocrx_word' id='word_1_353' title='bbox 2104 2947 2178 2990; x_wconf 85' lang='lat' dir='ltr'><strong>ex</strong></span> <span class='ocrx_word' id='word_1_354' title='bbox 2210 2928 2388 2990; x_wconf 91' lang='lat' dir='ltr'><strong>mali-</strong></span> 
     </span>
    </p>
   </div>
   <div class='ocr_carea' id='block_1_23' title="bbox 2497 2925 3990 3008">
    <p class='ocr_par' dir='ltr' id='par_1_23' title="bbox 2497 2925 3990 3008">
     <span class='ocr_line' id='line_1_54' title="bbox 2497 2925 3990 3008; baseline 0 -20"><span class='ocrx_word' id='word_1_355' title='bbox 2497 2946 2608 2989; x_wconf 90' lang='lat' dir='ltr'><strong>seu</strong></span> <span class='ocrx_word' id='word_1_356' title='bbox 2647 2926 2952 3002; x_wconf 81' lang='lat' dir='ltr'><strong>famuluS,</strong></span> <span class='ocrx_word' id='word_1_357' title='bbox 2995 2945 3264 3008; x_wconf 83' lang='lat' dir='ltr'><strong>pergens</strong></span> <span class='ocrx_word' id='word_1_358' title='bbox 3293 2945 3439 2989; x_wconf 91' lang='lat' dir='ltr'><strong>cum</strong></span> <span class='ocrx_word' id='word_1_359' title='bbox 3482 2925 3631 2988; x_wconf 85' lang='lat' dir='ltr'><strong>Saul</strong></span> <span class='ocrx_word' id='word_1_360' title='bbox 3659 2927 3922 3007; x_wconf 85' lang='lat' dir='ltr'><strong>quando</strong></span> <span class='ocrx_word' id='word_1_361' title='bbox 3947 2945 3990 2988; x_wconf 84' lang='lat' dir='ltr'><strong>a</strong></span> 
     </span>
    </p>
   </div>
   <div class='ocr_carea' id='block_1_24' title="bbox 899 3022 3990 3107">
    <p class='ocr_par' dir='ltr' id='par_1_24' title="bbox 899 3022 3990 3107">
     <span class='ocr_line' id='line_1_55' title="bbox 899 3022 3990 3107; baseline 0.001 -23"><span class='ocrx_word' id='word_1_362' title='bbox 899 3022 1102 3099; x_wconf 88' lang='lat' dir='ltr'><strong>tia,ad</strong></span> <span class='ocrx_word' id='word_1_363' title='bbox 1135 3024 1255 3086; x_wconf 87' lang='lat' dir='ltr'><strong>ista</strong></span> <span class='ocrx_word' id='word_1_364' title='bbox 1284 3024 1581 3088; x_wconf 90' lang='lat' dir='ltr'><strong>inductus</strong></span> <span class='ocrx_word' id='word_1_365' title='bbox 1614 3044 1766 3087; x_wconf 91' lang='lat' dir='ltr'><strong>sum.</strong></span> <span class='ocrx_word' id='word_1_366' title='bbox 1782 3026 1986 3102; x_wconf 93' lang='lat' dir='ltr'><strong>Porro,</strong></span> <span class='ocrx_word' id='word_1_367' title='bbox 2008 3034 2077 3088; x_wconf 89' lang='lat' dir='ltr'><strong>ut</strong></span> <span class='ocrx_word' id='word_1_368' title='bbox 2097 3026 2388 3107; x_wconf 83' lang='lat' dir='ltr'><strong>Magister</strong></span> <span class='ocrx_word' id='word_1_369' title='bbox 2421 3023 2466 3088; x_wconf 87' lang='lat' dir='ltr'>C</span> <span class='ocrx_word' id='word_1_370' title='bbox 2497 3025 2788 3088; x_wconf 89' lang='lat' dir='ltr'><strong>Samuele</strong></span> <span class='ocrx_word' id='word_1_371' title='bbox 2827 3025 3126 3088; x_wconf 88' lang='lat' dir='ltr'><strong>inunctus</strong></span> <span class='ocrx_word' id='word_1_372' title='bbox 3170 3024 3315 3102; x_wconf 85' lang='lat' dir='ltr'><strong>fuit,</strong></span> <span class='ocrx_word' id='word_1_373' title='bbox 3356 3034 3426 3088; x_wconf 87' lang='lat' dir='ltr'><strong>ut</strong></span> <span class='ocrx_word' id='word_1_374' title='bbox 3465 3026 3712 3089; x_wconf 88' lang='lat' dir='ltr'><strong>dictum</strong></span> <span class='ocrx_word' id='word_1_375' title='bbox 3743 3034 3842 3088; x_wconf 87' lang='lat' dir='ltr'><strong>est</strong></span> <span class='ocrx_word' id='word_1_376' title='bbox 3883 3045 3990 3088; x_wconf 85' lang='lat' dir='ltr'><strong>su-</strong></span> 
     </span>
    </p>
   </div>
   <div class='ocr_carea' id='block_1_25' title="bbox 898 3121 2390 3701">
    <p class='ocr_par' dir='ltr' id='par_1_25' title="bbox 898 3121 2390 3701">
     <span class='ocr_line' id='line_1_56' title="bbox 902 3121 2388 3198; baseline 0.004 -15"><span class='ocrx_word' id='word_1_377' title='bbox 902 3121 967 3184; x_wconf 90' lang='lat' dir='ltr'><strong>in</strong></span> <span class='ocrx_word' id='word_1_378' title='bbox 1000 3121 1282 3186; x_wconf 87' lang='lat' dir='ltr'><strong>historiis</strong></span> <span class='ocrx_word' id='word_1_379' title='bbox 1305 3122 1540 3198; x_wconf 63' lang='lat' dir='ltr'><strong>scribit,</strong></span> <span class='ocrx_word' id='word_1_380' title='bbox 1560 3124 1802 3187; x_wconf 80' lang='lat' dir='ltr'><strong>Hebraei</strong></span> <span class='ocrx_word' id='word_1_381' title='bbox 1826 3124 1916 3187; x_wconf 90' lang='lat' dir='ltr'><strong>sic</strong></span> <span class='ocrx_word' id='word_1_382' title='bbox 1938 3125 2171 3187; x_wconf 90' lang='lat' dir='ltr'><strong>habent</strong></span> <span class='ocrx_word' id='word_1_383' title='bbox 2193 3146 2206 3190; x_wconf 75' lang='grc' dir='ltr'><strong>ε</strong></span> <span class='ocrx_word' id='word_1_384' title='bbox 2230 3125 2388 3189; x_wconf 87' lang='lat' dir='ltr'><strong>Sunt</strong></span> 
     </span>
     <span class='ocr_line' id='line_1_57' title="bbox 901 3223 2387 3304; baseline 0.001 -21"><span class='ocrx_word' id='word_1_385' title='bbox 901 3238 1051 3283; x_wconf 85' lang='lat' dir='ltr'><strong>vasa</strong></span> <span class='ocrx_word' id='word_1_386' title='bbox 1098 3239 1438 3301; x_wconf 90' lang='lat' dir='ltr'><strong>puerorum</strong></span> <span class='ocrx_word' id='word_1_387' title='bbox 1489 3232 1707 3285; x_wconf 90' lang='lat' dir='ltr'><strong>sancta</strong></span> <span class='ocrx_word' id='word_1_388' title='bbox 1745 3240 1759 3283; x_wconf 75' lang='grc' dir='ltr'><strong>ε</strong></span> <span class='ocrx_word' id='word_1_389' title='bbox 1792 3224 1965 3303; x_wconf 89' lang='lat' dir='ltr'><strong>quod</strong></span> <span class='ocrx_word' id='word_1_390' title='bbox 2016 3223 2387 3304; x_wconf 83' lang='lat' dir='ltr'><strong>intelligunt</strong></span> 
     </span>
     <span class='ocr_line' id='line_1_58' title="bbox 900 3319 2384 3402; baseline 0.003 -22"><span class='ocrx_word' id='word_1_391' title='bbox 900 3320 979 3381; x_wconf 88' lang='lat' dir='ltr'><strong>de</strong></span> <span class='ocrx_word' id='word_1_392' title='bbox 1009 3319 1175 3381; x_wconf 87' lang='lat' dir='ltr'><strong>vasis</strong></span> <span class='ocrx_word' id='word_1_393' title='bbox 1213 3321 1292 3381; x_wconf 86' lang='lat' dir='ltr'><strong>ad</strong></span> <span class='ocrx_word' id='word_1_394' title='bbox 1323 3322 1781 3383; x_wconf 91' lang='lat' dir='ltr'><strong>comedendum</strong></span> <span class='ocrx_word' id='word_1_395' title='bbox 1818 3344 1832 3394; x_wconf 80' lang='grc' dir='ltr'><strong>ς</strong></span> <span class='ocrx_word' id='word_1_396' title='bbox 1880 3321 2064 3402; x_wconf 88' lang='lat' dir='ltr'><strong>quasi</strong></span> <span class='ocrx_word' id='word_1_397' title='bbox 2095 3322 2283 3397; x_wconf 86' lang='lat' dir='ltr'><strong>dicat,</strong></span> <span class='ocrx_word' id='word_1_398' title='bbox 2320 3322 2384 3384; x_wconf 93' lang='lat' dir='ltr'><strong>In</strong></span> 
     </span>
     <span class='ocr_line' id='line_1_59' title="bbox 900 3417 2389 3501; baseline 0.001 -21"><span class='ocrx_word' id='word_1_399' title='bbox 900 3417 1067 3480; x_wconf 89' lang='lat' dir='ltr'><strong>vasis</strong></span> <span class='ocrx_word' id='word_1_400' title='bbox 1099 3418 1355 3479; x_wconf 90' lang='lat' dir='ltr'><strong>mundis</strong></span> <span class='ocrx_word' id='word_1_401' title='bbox 1388 3418 1537 3481; x_wconf 87' lang='lat' dir='ltr'><strong>licet</strong></span> <span class='ocrx_word' id='word_1_402' title='bbox 1569 3419 1683 3481; x_wconf 88' lang='lat' dir='ltr'><strong>tibi</strong></span> <span class='ocrx_word' id='word_1_403' title='bbox 1714 3437 1951 3499; x_wconf 87' lang='lat' dir='ltr'><strong>ponere</strong></span> <span class='ocrx_word' id='word_1_404' title='bbox 1982 3439 2177 3501; x_wconf 88' lang='lat' dir='ltr'><strong>panes</strong></span> <span class='ocrx_word' id='word_1_405' title='bbox 2211 3440 2389 3482; x_wconf 90' lang='lat' dir='ltr'><strong>mun—</strong></span> 
     </span>
     <span class='ocr_line' id='line_1_60' title="bbox 898 3514 2390 3594; baseline 0.001 -17"><span class='ocrx_word' id='word_1_406' title='bbox 898 3516 1039 3585; x_wconf 72' lang='lat' dir='ltr'><strong>dos,</strong></span> <span class='ocrx_word' id='word_1_407' title='bbox 1063 3514 1251 3578; x_wconf 93' lang='lat' dir='ltr'><strong>Porro</strong></span> <span class='ocrx_word' id='word_1_408' title='bbox 1284 3516 1385 3579; x_wconf 91' lang='lat' dir='ltr'><strong>via</strong></span> <span class='ocrx_word' id='word_1_409' title='bbox 1416 3516 1547 3578; x_wconf 83' lang='lat' dir='ltr'><strong>haec</strong></span> <span class='ocrx_word' id='word_1_410' title='bbox 1571 3516 1733 3579; x_wconf 90' lang='lat' dir='ltr'><strong>laica</strong></span> <span class='ocrx_word' id='word_1_411' title='bbox 1762 3526 1857 3579; x_wconf 85' lang='lat' dir='ltr'><strong>est</strong></span> <span class='ocrx_word' id='word_1_412' title='bbox 1892 3535 1905 3579; x_wconf 74' lang='grc' dir='ltr'><em>τ</em></span> <span class='ocrx_word' id='word_1_413' title='bbox 1944 3518 2007 3580; x_wconf 91' lang='lat' dir='ltr'><strong>id</strong></span> <span class='ocrx_word' id='word_1_414' title='bbox 2042 3526 2160 3594; x_wconf 88' lang='lat' dir='ltr'><strong>est,</strong></span> <span class='ocrx_word' id='word_1_415' title='bbox 2196 3519 2390 3580; x_wconf 90' lang='lat' dir='ltr'><strong>inter-</strong></span> 
     </span>
     <span class='ocr_line' id='line_1_61' title="bbox 900 3614 2387 3701; baseline 0.003 -27"><span class='ocrx_word' id='word_1_416' title='bbox 900 3614 1146 3695; x_wconf 89' lang='lat' dir='ltr'><strong>rogatio</strong></span> <span class='ocrx_word' id='word_1_417' title='bbox 1166 3622 1273 3677; x_wconf 86' lang='lat' dir='ltr'><strong>tua</strong></span> <span class='ocrx_word' id='word_1_418' title='bbox 1306 3614 1551 3701; x_wconf 81' lang='lat' dir='ltr'><strong>laicalis</strong></span> <span class='ocrx_word' id='word_1_419' title='bbox 1572 3624 1669 3677; x_wconf 85' lang='lat' dir='ltr'><strong>est</strong></span> <span class='ocrx_word' id='word_1_420' title='bbox 1700 3636 1809 3678; x_wconf 91' lang='lat' dir='ltr'><strong>seu</strong></span> <span class='ocrx_word' id='word_1_421' title='bbox 1843 3616 2168 3698; x_wconf 81' lang='lat' dir='ltr'><strong>imperita3</strong></span> <span class='ocrx_word' id='word_1_422' title='bbox 2205 3617 2387 3697; x_wconf 89' lang='lat' dir='ltr'><strong>quasi</strong></span> 
     </span>
    </p>
   </div>
   <div class='ocr_carea' id='block_1_26' title="bbox 900 3712 2417 3797">
    <p class='ocr_par' dir='ltr' id='par_1_26' title="bbox 900 3712 2417 3797">
     <span class='ocr_line' id='line_1_62' title="bbox 900 3712 2417 3797; baseline 0.003 -24"><span class='ocrx_word' id='word_1_423' title='bbox 900 3712 1089 3787; x_wconf 86' lang='lat' dir='ltr'><strong>dicat,</strong></span> <span class='ocrx_word' id='word_1_424' title='bbox 1137 3713 1259 3775; x_wconf 91' lang='lat' dir='ltr'><strong>Cur</strong></span> <span class='ocrx_word' id='word_1_425' title='bbox 1306 3714 1539 3795; x_wconf 81' lang='lat' dir='ltr'><strong>quaeris</strong></span> <span class='ocrx_word' id='word_1_426' title='bbox 1587 3716 1665 3776; x_wconf 89' lang='lat' dir='ltr'><strong>de</strong></span> <span class='ocrx_word' id='word_1_427' title='bbox 1715 3714 2138 3792; x_wconf 89' lang='lat' dir='ltr'><strong>immundi-tia,</strong></span> <span class='ocrx_word' id='word_1_428' title='bbox 2188 3734 2417 3797; x_wconf 74' lang='lat' dir='ltr'><strong>quum·</strong></span> 
     </span>
    </p>
   </div>
   <div class='ocr_carea' id='block_1_27' title="bbox 900 3810 2391 4176">
    <p class='ocr_par' dir='ltr' id='par_1_27' title="bbox 900 3810 2391 4176">
     <span class='ocr_line' id='line_1_63' title="bbox 900 3810 2391 3894; baseline 0.002 -21"><span class='ocrx_word' id='word_1_429' title='bbox 900 3811 1091 3873; x_wconf 88' lang='lat' dir='ltr'><strong>etiam</strong></span> <span class='ocrx_word' id='word_1_430' title='bbox 1116 3810 1167 3873; x_wconf 92' lang='lat' dir='ltr'><strong>si</strong></span> <span class='ocrx_word' id='word_1_431' title='bbox 1200 3812 1420 3875; x_wconf 92' lang='lat' dir='ltr'><strong>mundi</strong></span> <span class='ocrx_word' id='word_1_432' title='bbox 1444 3821 1656 3875; x_wconf 87' lang='lat' dir='ltr'><strong>essent</strong></span> <span class='ocrx_word' id='word_1_433' title='bbox 1686 3814 1890 3894; x_wconf 89' lang='lat' dir='ltr'><strong>pueri,</strong></span> <span class='ocrx_word' id='word_1_434' title='bbox 1920 3814 2092 3876; x_wconf 85' lang='lat' dir='ltr'><strong>vesci</strong></span> <span class='ocrx_word' id='word_1_435' title='bbox 2123 3833 2252 3876; x_wconf 91' lang='lat' dir='ltr'><strong>non</strong></span> <span class='ocrx_word' id='word_1_436' title='bbox 2284 3815 2391 3876; x_wconf 93' lang='lat' dir='ltr'><strong>de-</strong></span> 
     </span>
     <span class='ocr_line' id='line_1_64' title="bbox 900 3910 2388 3993; baseline 0.001 -20"><span class='ocrx_word' id='word_1_437' title='bbox 900 3910 1125 3973; x_wconf 89' lang='lat' dir='ltr'><strong>berent</strong></span> <span class='ocrx_word' id='word_1_438' title='bbox 1157 3911 1523 3993; x_wconf 88' lang='lat' dir='ltr'><strong>hujusmodi</strong></span> <span class='ocrx_word' id='word_1_439' title='bbox 1556 3933 1719 3993; x_wconf 90' lang='lat' dir='ltr'><strong>pane</strong></span> <span class='ocrx_word' id='word_1_440' title='bbox 1749 3914 1827 3975; x_wconf 89' lang='lat' dir='ltr'><strong>de</strong></span> <span class='ocrx_word' id='word_1_441' title='bbox 1860 3913 1998 3993; x_wconf 87' lang='lat' dir='ltr'><strong>lege</strong></span> <span class='ocrx_word' id='word_1_442' title='bbox 2026 3914 2388 3976; x_wconf 71' lang='lat' dir='ltr'><strong>communi?</strong></span> 
     </span>
     <span class='ocr_line' id='line_1_65' title="bbox 903 4009 2384 4091; baseline 0.001 -20"><span class='ocrx_word' id='word_1_443' title='bbox 903 4009 1021 4071; x_wconf 88' lang='lat' dir='ltr'><strong>Sed</strong></span> <span class='ocrx_word' id='word_1_444' title='bbox 1060 4010 1293 4091; x_wconf 77' lang='lat' dir='ltr'><strong>etipsa</strong></span> <span class='ocrx_word' id='word_1_445' title='bbox 1332 4010 1842 4074; x_wconf 84' lang='lat' dir='ltr'><strong>sanctificabitur</strong></span> <span class='ocrx_word' id='word_1_446' title='bbox 1872 4012 2063 4075; x_wconf 92' lang='lat' dir='ltr'><strong>hodie</strong></span> <span class='ocrx_word' id='word_1_447' title='bbox 2092 4012 2158 4073; x_wconf 91' lang='lat' dir='ltr'><strong>in</strong></span> <span class='ocrx_word' id='word_1_448' title='bbox 2197 4012 2384 4088; x_wconf 84' lang='lat' dir='ltr'><strong>vasiS,</strong></span> 
     </span>
     <span class='ocr_line' id='line_1_66' title="bbox 904 4108 2387 4176; baseline 0.002 -7"><span class='ocrx_word' id='word_1_449' title='bbox 904 4108 966 4170; x_wconf 93' lang='lat' dir='ltr'><strong>id</strong></span> <span class='ocrx_word' id='word_1_450' title='bbox 1015 4116 1112 4171; x_wconf 87' lang='lat' dir='ltr'><strong>est</strong></span> <span class='ocrx_word' id='word_1_451' title='bbox 1148 4109 1558 4173; x_wconf 87' lang='lat' dir='ltr'><strong>conscientiis</strong></span> <span class='ocrx_word' id='word_1_452' title='bbox 1603 4111 1837 4173; x_wconf 87' lang='lat' dir='ltr'><strong>nostris</strong></span> <span class='ocrx_word' id='word_1_453' title='bbox 1876 4132 1889 4176; x_wconf 75' lang='grc' dir='ltr'><strong>ε</strong></span> <span class='ocrx_word' id='word_1_454' title='bbox 1934 4112 2171 4173; x_wconf 91' lang='lat' dir='ltr'><strong>scimus</strong></span> <span class='ocrx_word' id='word_1_455' title='bbox 2216 4112 2387 4173; x_wconf 89' lang='lat' dir='ltr'><strong>enim</strong></span> 
     </span>
    </p>
   </div>
   <div class='ocr_carea' id='block_1_28' title="bbox 2495 3126 3992 3403">
    <p class='ocr_par' dir='ltr' id='par_1_28' title="bbox 2495 3126 3992 3403">
     <span class='ocr_line' id='line_1_67' title="bbox 2497 3126 3992 3207; baseline 0.002 -21"><span class='ocrx_word' id='word_1_456' title='bbox 2497 3146 2649 3207; x_wconf 82' lang='lat' dir='ltr'><strong>pra3</strong></span> <span class='ocrx_word' id='word_1_457' title='bbox 2691 3128 3171 3203; x_wconf 74' lang='lat' dir='ltr'><strong>potentissimus</strong></span> <span class='ocrx_word' id='word_1_458' title='bbox 3207 3137 3546 3203; x_wconf 79' lang='lat' dir='ltr'><strong>pastorum</strong></span> <span class='ocrx_word' id='word_1_459' title='bbox 3583 3130 3771 3189; x_wconf 77' lang='lat' dir='ltr'><strong>Saul.</strong></span> <span class='ocrx_word' id='word_1_460' title='bbox 3805 3126 3992 3189; x_wconf 72' lang='lat' dir='ltr'><strong>Circa</strong></span> 
     </span>
     <span class='ocr_line' id='line_1_68' title="bbox 2497 3223 3990 3305; baseline 0.001 -20"><span class='ocrx_word' id='word_1_461' title='bbox 2497 3226 2618 3287; x_wconf 88' lang='lat' dir='ltr'><strong>hoc</strong></span> <span class='ocrx_word' id='word_1_462' title='bbox 2649 3223 2872 3287; x_wconf 87' lang='lat' dir='ltr'><strong>scribit</strong></span> <span class='ocrx_word' id='word_1_463' title='bbox 2908 3225 3068 3305; x_wconf 78' lang='lat' dir='ltr'><strong>Lyra</strong></span> <span class='ocrx_word' id='word_1_464' title='bbox 3102 3242 3116 3285; x_wconf 74' lang='grc' dir='ltr'><strong>ε</strong></span> <span class='ocrx_word' id='word_1_465' title='bbox 3150 3224 3499 3300; x_wconf 87' lang='lat' dir='ltr'><strong>Pastorum,</strong></span> <span class='ocrx_word' id='word_1_466' title='bbox 3543 3224 3664 3288; x_wconf 91' lang='lat' dir='ltr'><strong>hoc</strong></span> <span class='ocrx_word' id='word_1_467' title='bbox 3693 3234 3792 3287; x_wconf 89' lang='lat' dir='ltr'><strong>est</strong></span> <span class='ocrx_word' id='word_1_468' title='bbox 3816 3224 3990 3305; x_wconf 83' lang='lat' dir='ltr'><strong>judi-</strong></span> 
     </span>
     <span class='ocr_line' id='line_1_69' title="bbox 2495 3322 3990 3403; baseline 0 -18"><span class='ocrx_word' id='word_1_469' title='bbox 2495 3341 2664 3399; x_wconf 91' lang='lat' dir='ltr'><strong>cum,</strong></span> <span class='ocrx_word' id='word_1_470' title='bbox 2703 3331 2772 3384; x_wconf 91' lang='lat' dir='ltr'><strong>ut</strong></span> <span class='ocrx_word' id='word_1_471' title='bbox 2801 3322 3026 3385; x_wconf 88' lang='lat' dir='ltr'><strong>dicunt</strong></span> <span class='ocrx_word' id='word_1_472' title='bbox 3047 3322 3577 3386; x_wconf 81' lang='lat' dir='ltr'><strong>Hebraei.Judices</strong></span> <span class='ocrx_word' id='word_1_473' title='bbox 3609 3342 3890 3403; x_wconf 86' lang='lat' dir='ltr'><strong>namque</strong></span> <span class='ocrx_word' id='word_1_474' title='bbox 3919 3322 3990 3385; x_wconf 91' lang='lat' dir='ltr'><strong>in</strong></span> 
     </span>
    </p>
   </div>
   <div class='ocr_carea' id='block_1_29' title="bbox 2459 3420 3991 3502">
    <p class='ocr_par' dir='ltr' id='par_1_29' title="bbox 2459 3420 3991 3502">
     <span class='ocr_line' id='line_1_70' title="bbox 2459 3420 3991 3502; baseline -0.001 -17"><span class='ocrx_word' id='word_1_475' title='bbox 2459 3422 2695 3485; x_wconf 44' lang='lat' dir='ltr'><strong>‘veteri</strong></span> <span class='ocrx_word' id='word_1_476' title='bbox 2727 3421 3130 3484; x_wconf 87' lang='lat' dir='ltr'><strong>Testamento</strong></span> <span class='ocrx_word' id='word_1_477' title='bbox 3170 3420 3536 3502; x_wconf 83' lang='lat' dir='ltr'><strong>frequenter</strong></span> <span class='ocrx_word' id='word_1_478' title='bbox 3575 3421 3991 3483; x_wconf 80' lang='lat' dir='ltr'><strong>nominantur</strong></span> 
     </span>
    </p>
   </div>
   <div class='ocr_carea' id='block_1_30' title="bbox 2497 3519 3994 4191">
    <p class='ocr_par' dir='ltr' id='par_1_30' title="bbox 2497 3519 3994 4191">
     <span class='ocr_line' id='line_1_71' title="bbox 2498 3519 3990 3602; baseline -0.001 -21"><span class='ocrx_word' id='word_1_479' title='bbox 2498 3528 2803 3602; x_wconf 84' lang='lat' dir='ltr'><strong>pastoreS,</strong></span> <span class='ocrx_word' id='word_1_480' title='bbox 2829 3520 2982 3600; x_wconf 89' lang='lat' dir='ltr'><strong>quia</strong></span> <span class='ocrx_word' id='word_1_481' title='bbox 3025 3538 3137 3601; x_wconf 89' lang='lat' dir='ltr'><strong>per</strong></span> <span class='ocrx_word' id='word_1_482' title='bbox 3173 3538 3282 3582; x_wconf 87' lang='lat' dir='ltr'><strong>eos</strong></span> <span class='ocrx_word' id='word_1_483' title='bbox 3326 3538 3434 3581; x_wconf 88' lang='lat' dir='ltr'><strong>rex</strong></span> <span class='ocrx_word' id='word_1_484' title='bbox 3479 3519 3780 3582; x_wconf 88' lang='lat' dir='ltr'><strong>reddebat</strong></span> <span class='ocrx_word' id='word_1_485' title='bbox 3818 3520 3990 3600; x_wconf 80' lang='lat' dir='ltr'><strong>judi-</strong></span> 
     </span>
     <span class='ocr_line' id='line_1_72' title="bbox 2497 3617 3990 3699; baseline -0.001 -18"><span class='ocrx_word' id='word_1_486' title='bbox 2497 3617 2616 3681; x_wconf 91' lang='lat' dir='ltr'><strong>cia.</strong></span> <span class='ocrx_word' id='word_1_487' title='bbox 2652 3618 2785 3681; x_wconf 91' lang='lat' dir='ltr'><strong>Non</strong></span> <span class='ocrx_word' id='word_1_488' title='bbox 2837 3626 2932 3680; x_wconf 89' lang='lat' dir='ltr'><strong>est</strong></span> <span class='ocrx_word' id='word_1_489' title='bbox 2974 3618 3142 3679; x_wconf 91' lang='lat' dir='ltr'><strong>enim</strong></span> <span class='ocrx_word' id='word_1_490' title='bbox 3183 3618 3552 3693; x_wconf 85' lang='lat' dir='ltr'><strong>verisimile,</strong></span> <span class='ocrx_word' id='word_1_491' title='bbox 3605 3617 3777 3699; x_wconf 90' lang='lat' dir='ltr'><strong>quod</strong></span> <span class='ocrx_word' id='word_1_492' title='bbox 3817 3628 3990 3680; x_wconf 87' lang='lat' dir='ltr'><strong>esset</strong></span> 
     </span>
     <span class='ocr_line' id='line_1_73' title="bbox 2498 3716 3990 3798; baseline 0.001 -21"><span class='ocrx_word' id='word_1_493' title='bbox 2498 3716 2873 3778; x_wconf 87' lang='lat' dir='ltr'><strong>animalium</strong></span> <span class='ocrx_word' id='word_1_494' title='bbox 2923 3724 3158 3793; x_wconf 78' lang='lat' dir='ltr'><strong>custOS‚</strong></span> <span class='ocrx_word' id='word_1_495' title='bbox 3199 3716 3506 3797; x_wconf 87' lang='lat' dir='ltr'><strong>quoniam</strong></span> <span class='ocrx_word' id='word_1_496' title='bbox 3558 3725 3691 3778; x_wconf 88' lang='lat' dir='ltr'><strong>erat</strong></span> <span class='ocrx_word' id='word_1_497' title='bbox 3739 3716 3990 3798; x_wconf 87' lang='lat' dir='ltr'><strong>primus</strong></span> 
     </span>
     <span class='ocr_line' id='line_1_74' title="bbox 2499 3813 3991 3895; baseline 0 -20"><span class='ocrx_word' id='word_1_498' title='bbox 2499 3813 2663 3877; x_wconf 89' lang='lat' dir='ltr'><strong>inter</strong></span> <span class='ocrx_word' id='word_1_499' title='bbox 2695 3832 2909 3877; x_wconf 83' lang='lat' dir='ltr'><strong>servos</strong></span> <span class='ocrx_word' id='word_1_500' title='bbox 2943 3813 3112 3876; x_wconf 87' lang='lat' dir='ltr'><strong>Saul.</strong></span> <span class='ocrx_word' id='word_1_501' title='bbox 3136 3814 3278 3876; x_wconf 80' lang='lat' dir='ltr'><strong>Haec</strong></span> <span class='ocrx_word' id='word_1_502' title='bbox 3309 3814 3490 3895; x_wconf 80' lang='lat' dir='ltr'><strong>Lyra.</strong></span> <span class='ocrx_word' id='word_1_503' title='bbox 3509 3814 3690 3877; x_wconf 90' lang='lat' dir='ltr'><strong>Circa</strong></span> <span class='ocrx_word' id='word_1_504' title='bbox 3718 3833 3868 3895; x_wconf 75' lang='lat' dir='ltr'><strong>quae</strong></span> <span class='ocrx_word' id='word_1_505' title='bbox 3895 3814 3991 3877; x_wconf 75' lang='lat' dir='ltr'><strong>vi-</strong></span> 
     </span>
     <span class='ocr_line' id='line_1_75' title="bbox 2497 3912 3991 3993; baseline -0.001 -17"><span class='ocrx_word' id='word_1_506' title='bbox 2497 3914 2683 3976; x_wconf 86' lang='lat' dir='ltr'><strong>detur</strong></span> <span class='ocrx_word' id='word_1_507' title='bbox 2714 3912 3076 3989; x_wconf 91' lang='lat' dir='ltr'><strong>dicendum,</strong></span> <span class='ocrx_word' id='word_1_508' title='bbox 3111 3912 3420 3974; x_wconf 89' lang='lat' dir='ltr'><strong>credibile</strong></span> <span class='ocrx_word' id='word_1_509' title='bbox 3449 3931 3608 3986; x_wconf 87' lang='lat' dir='ltr'><strong>esse,</strong></span> <span class='ocrx_word' id='word_1_510' title='bbox 3642 3912 3814 3993; x_wconf 90' lang='lat' dir='ltr'><strong>quod</strong></span> <span class='ocrx_word' id='word_1_511' title='bbox 3843 3913 3991 3993; x_wconf 86' lang='lat' dir='ltr'><strong>qui-</strong></span> 
     </span>
     <span class='ocr_line' id='line_1_76' title="bbox 2497 4010 3991 4091; baseline -0.001 -17"><span class='ocrx_word' id='word_1_512' title='bbox 2497 4013 2642 4074; x_wconf 91' lang='lat' dir='ltr'><strong>dam</strong></span> <span class='ocrx_word' id='word_1_513' title='bbox 2685 4010 2927 4073; x_wconf 83' lang='lat' dir='ltr'><strong>Hebraei</strong></span> <span class='ocrx_word' id='word_1_514' title='bbox 2981 4010 3070 4071; x_wconf 88' lang='lat' dir='ltr'><strong>ita</strong></span> <span class='ocrx_word' id='word_1_515' title='bbox 3119 4018 3438 4091; x_wconf 86' lang='lat' dir='ltr'><strong>exponant</strong></span> <span class='ocrx_word' id='word_1_516' title='bbox 3473 4030 3488 4074; x_wconf 72' lang='grc' dir='ltr'><strong>ε</strong></span> <span class='ocrx_word' id='word_1_517' title='bbox 3525 4010 3728 4072; x_wconf 90' lang='lat' dir='ltr'><strong>nihilo</strong></span> <span class='ocrx_word' id='word_1_518' title='bbox 3771 4010 3991 4073; x_wconf 88' lang='lat' dir='ltr'><strong>minus</strong></span> 
     </span>
     <span class='ocr_line' id='line_1_77' title="bbox 2498 4107 3994 4191; baseline -0.001 -18"><span class='ocrx_word' id='word_1_519' title='bbox 2498 4119 2593 4173; x_wconf 89' lang='lat' dir='ltr'><strong>est</strong></span> <span class='ocrx_word' id='word_1_520' title='bbox 2625 4110 2989 4185; x_wconf 84' lang='lat' dir='ltr'><strong>tenendum,</strong></span> <span class='ocrx_word' id='word_1_521' title='bbox 3025 4110 3194 4189; x_wconf 90' lang='lat' dir='ltr'><strong>quod</strong></span> <span class='ocrx_word' id='word_1_522' title='bbox 3229 4107 3352 4171; x_wconf 80' lang='lat' dir='ltr'><strong>tuit</strong></span> <span class='ocrx_word' id='word_1_523' title='bbox 3383 4109 3858 4190; x_wconf 87' lang='lat' dir='ltr'><strong>potentissimus</strong></span> <span class='ocrx_word' id='word_1_524' title='bbox 3889 4128 3994 4191; x_wconf 88' lang='lat' dir='ltr'><strong>pa·</strong></span> 
     </span>
    </p>
   </div>
   <div class='ocr_carea' id='block_1_31' title="bbox 899 4206 3995 4292">
    <p class='ocr_par' dir='ltr' id='par_1_31' title="bbox 899 4206 3995 4292">
     <span class='ocr_line' id='line_1_78' title="bbox 899 4206 3995 4292; baseline 0.001 -23"><span class='ocrx_word' id='word_1_525' title='bbox 899 4208 1071 4288; x_wconf 91' lang='lat' dir='ltr'><strong>quod</strong></span> <span class='ocrx_word' id='word_1_526' title='bbox 1103 4209 1443 4270; x_wconf 85' lang='lat' dir='ltr'><strong>necessitas</strong></span> <span class='ocrx_word' id='word_1_527' title='bbox 1480 4228 1593 4272; x_wconf 93' lang='lat' dir='ltr'><strong>nos</strong></span> <span class='ocrx_word' id='word_1_528' title='bbox 1625 4219 1901 4287; x_wconf 87' lang='lat' dir='ltr'><strong>excusat,</strong></span> <span class='ocrx_word' id='word_1_529' title='bbox 1937 4219 1998 4273; x_wconf 91' lang='lat' dir='ltr'><strong>et</strong></span> <span class='ocrx_word' id='word_1_530' title='bbox 2026 4210 2209 4292; x_wconf 89' lang='lat' dir='ltr'><strong>quasi</strong></span> <span class='ocrx_word' id='word_1_531' title='bbox 2247 4230 2388 4272; x_wconf 86' lang='lat' dir='ltr'><strong>san·</strong></span> <span class='ocrx_word' id='word_1_532' title='bbox 2423 4210 2470 4277; x_wconf 84' lang='lat' dir='ltr'>D</span> <span class='ocrx_word' id='word_1_533' title='bbox 2499 4218 2739 4271; x_wconf 89' lang='lat' dir='ltr'><strong>storum</strong></span> <span class='ocrx_word' id='word_1_534' title='bbox 2767 4208 3138 4270; x_wconf 89' lang='lat' dir='ltr'><strong>animalium</strong></span> <span class='ocrx_word' id='word_1_535' title='bbox 3171 4206 3399 4285; x_wconf 89' lang='lat' dir='ltr'><strong>Saulis,</strong></span> <span class='ocrx_word' id='word_1_536' title='bbox 3427 4226 3551 4270; x_wconf 90' lang='lat' dir='ltr'><strong>non</strong></span> <span class='ocrx_word' id='word_1_537' title='bbox 3577 4209 3748 4289; x_wconf 90' lang='lat' dir='ltr'><strong>quod</strong></span> <span class='ocrx_word' id='word_1_538' title='bbox 3781 4226 3995 4289; x_wconf 83' lang='lat' dir='ltr'><strong>perso-</strong></span> 
     </span>
    </p>
   </div>
   <div class='ocr_carea' id='block_1_32' title="bbox 900 4304 2394 4980">
    <p class='ocr_par' dir='ltr' id='par_1_32' title="bbox 900 4304 2389 4486">
     <span class='ocr_line' id='line_1_79' title="bbox 900 4304 2389 4390; baseline 0.001 -21"><span class='ocrx_word' id='word_1_539' title='bbox 900 4304 1166 4369; x_wconf 81' lang='lat' dir='ltr'><strong>ctificat.</strong></span> <span class='ocrx_word' id='word_1_540' title='bbox 1195 4306 1385 4369; x_wconf 86' lang='lat' dir='ltr'><strong>Erant</strong></span> <span class='ocrx_word' id='word_1_541' title='bbox 1424 4306 1592 4371; x_wconf 87' lang='lat' dir='ltr'><strong>enim</strong></span> <span class='ocrx_word' id='word_1_542' title='bbox 1616 4310 1716 4387; x_wconf 81' lang='lat' dir='ltr'><strong>(ut</strong></span> <span class='ocrx_word' id='word_1_543' title='bbox 1746 4309 1968 4372; x_wconf 89' lang='lat' dir='ltr'><strong>dicunt</strong></span> <span class='ocrx_word' id='word_1_544' title='bbox 2000 4309 2274 4390; x_wconf 83' lang='lat' dir='ltr'><strong>Hebraei)</strong></span> <span class='ocrx_word' id='word_1_545' title='bbox 2300 4309 2389 4390; x_wconf 86' lang='lat' dir='ltr'><strong>je-</strong></span> 
     </span>
     <span class='ocr_line' id='line_1_80' title="bbox 902 4404 1642 4486; baseline 0 -18"><span class='ocrx_word' id='word_1_546' title='bbox 902 4404 1086 4486; x_wconf 85' lang='lat' dir='ltr'><strong>junio</strong></span> <span class='ocrx_word' id='word_1_547' title='bbox 1118 4405 1301 4469; x_wconf 84' lang='lat' dir='ltr'><strong>valde</strong></span> <span class='ocrx_word' id='word_1_548' title='bbox 1332 4406 1642 4469; x_wconf 85' lang='lat' dir='ltr'><strong>exhausti.</strong></span> 
     </span>
    </p>

    <p class='ocr_par' dir='ltr' id='par_1_33' title="bbox 904 4505 2394 4980">
     <span class='ocr_line' id='line_1_81' title="bbox 980 4505 2388 4583; baseline 0.001 -18"><span class='ocrx_word' id='word_1_549' title='bbox 980 4507 1175 4565; x_wconf 76' lang='lat' dir='ltr'><strong>Dedit</strong></span> <span class='ocrx_word' id='word_1_550' title='bbox 1207 4526 1353 4583; x_wconf 68' lang='lat' dir='ltr'><strong>erqo</strong></span> <span class='ocrx_word' id='word_1_551' title='bbox 1382 4509 1445 4565; x_wconf 83' lang='lat' dir='ltr'><strong>ei</strong></span> <span class='ocrx_word' id='word_1_552' title='bbox 1472 4510 1948 4583; x_wconf 72' lang='lat' dir='ltr'><strong>‘sanctificatum</strong></span> <span class='ocrx_word' id='word_1_553' title='bbox 1984 4526 2241 4583; x_wconf 70' lang='lat' dir='ltr'><strong>panem.</strong></span> <span class='ocrx_word' id='word_1_554' title='bbox 2281 4505 2388 4567; x_wconf 85' lang='lat' dir='ltr'><strong>Hic</strong></span> 
     </span>
     <span class='ocr_line' id='line_1_82' title="bbox 905 4602 2388 4686; baseline 0.001 -21"><span class='ocrx_word' id='word_1_555' title='bbox 905 4602 1163 4683; x_wconf 90' lang='lat' dir='ltr'><strong>ponitur</strong></span> <span class='ocrx_word' id='word_1_556' title='bbox 1212 4604 1533 4684; x_wconf 86' lang='lat' dir='ltr'><strong>singulare</strong></span> <span class='ocrx_word' id='word_1_557' title='bbox 1583 4623 1698 4686; x_wconf 88' lang='lat' dir='ltr'><strong>pro</strong></span> <span class='ocrx_word' id='word_1_558' title='bbox 1750 4604 2005 4685; x_wconf 88' lang='lat' dir='ltr'><strong>plurali,</strong></span> <span class='ocrx_word' id='word_1_559' title='bbox 2056 4604 2212 4685; x_wconf 87' lang='lat' dir='ltr'><strong>quia</strong></span> <span class='ocrx_word' id='word_1_560' title='bbox 2262 4614 2388 4667; x_wconf 89' lang='lat' dir='ltr'><strong>tam</strong></span> 
     </span>
     <span class='ocr_line' id='line_1_83' title="bbox 904 4702 2391 4786; baseline 0.002 -22"><span class='ocrx_word' id='word_1_561' title='bbox 904 4702 1100 4765; x_wconf 90' lang='lat' dir='ltr'><strong>David</strong></span> <span class='ocrx_word' id='word_1_562' title='bbox 1144 4722 1335 4784; x_wconf 91' lang='lat' dir='ltr'><strong>quam</strong></span> <span class='ocrx_word' id='word_1_563' title='bbox 1382 4703 1573 4766; x_wconf 88' lang='lat' dir='ltr'><strong>sociis</strong></span> <span class='ocrx_word' id='word_1_564' title='bbox 1612 4704 1751 4784; x_wconf 81' lang='lat' dir='ltr'><strong>ejus</strong></span> <span class='ocrx_word' id='word_1_565' title='bbox 1796 4703 1969 4765; x_wconf 88' lang='lat' dir='ltr'><strong>dedit</strong></span> <span class='ocrx_word' id='word_1_566' title='bbox 2013 4723 2211 4786; x_wconf 93' lang='lat' dir='ltr'><strong>panes</strong></span> <span class='ocrx_word' id='word_1_567' title='bbox 2250 4723 2391 4767; x_wconf 90' lang='lat' dir='ltr'><strong>san-</strong></span> 
     </span>
     <span class='ocr_line' id='line_1_84' title="bbox 906 4801 2392 4881; baseline -0.003 -16"><span class='ocrx_word' id='word_1_568' title='bbox 906 4801 1244 4865; x_wconf 77' lang='lat' dir='ltr'><strong>ctificatos·</strong></span> <span class='ocrx_word' id='word_1_569' title='bbox 1272 4804 1493 4881; x_wconf 83' lang='lat' dir='ltr'><strong>Neque</strong></span> <span class='ocrx_word' id='word_1_570' title='bbox 1522 4804 1696 4861; x_wconf 78' lang='lat' dir='ltr'><strong>enim</strong></span> <span class='ocrx_word' id='word_1_571' title='bbox 1726 4812 1866 4863; x_wconf 80' lang='lat' dir='ltr'><strong>erat</strong></span> <span class='ocrx_word' id='word_1_572' title='bbox 1896 4804 1989 4861; x_wconf 74' lang='lat' dir='ltr'><strong>ibi</strong></span> <span class='ocrx_word' id='word_1_573' title='bbox 2011 4804 2232 4881; x_wconf 69' lang='lat' dir='ltr'><strong>paniS,</strong></span> <span class='ocrx_word' id='word_1_574' title='bbox 2261 4804 2392 4862; x_wconf 77' lang='lat' dir='ltr'><strong>nisi</strong></span> 
     </span>
     <span class='ocr_line' id='line_1_85' title="bbox 910 4901 2394 4980; baseline -0.002 -18"><span class='ocrx_word' id='word_1_575' title='bbox 910 4911 1163 4963; x_wconf 76' lang='lat' dir='ltr'><strong>{ancum</strong></span> <span class='ocrx_word' id='word_1_576' title='bbox 1205 4921 1407 4977; x_wconf 79' lang='lat' dir='ltr'><strong>panes</strong></span> <span class='ocrx_word' id='word_1_577' title='bbox 1452 4901 1933 4979; x_wconf 49' lang='lat' dir='ltr'><strong>propositioni&amp;</strong></span> <span class='ocrx_word' id='word_1_578' title='bbox 1988 4902 2103 4980; x_wconf 79' lang='lat' dir='ltr'><strong>qui</strong></span> <span class='ocrx_word' id='word_1_579' title='bbox 2151 4902 2394 4961; x_wconf 78' lang='lat' dir='ltr'><strong>sublati</strong></span> 
     </span>
    </p>
   </div>
   <div class='ocr_carea' id='block_1_33' title="bbox 821 4998 2396 5078">
    <p class='ocr_par' dir='ltr' id='par_1_34' title="bbox 821 4998 2396 5078">
     <span class='ocr_line' id='line_1_86' title="bbox 821 4998 2396 5078; baseline -0.001 -15"><span class='ocrx_word' id='word_1_580' title='bbox 821 5036 874 5071; x_wconf 73' lang='lat' dir='ltr'><strong>w,</strong></span> <span class='ocrx_word' id='word_1_581' title='bbox 904 5002 1175 5078; x_wconf 75' lang='lat' dir='ltr'><strong>fuerant</strong></span> <span class='ocrx_word' id='word_1_582' title='bbox 1218 5020 1259 5059; x_wconf 86' lang='lat' dir='ltr'><strong>a</strong></span> <span class='ocrx_word' id='word_1_583' title='bbox 1306 5001 1475 5077; x_wconf 72' lang='lat' dir='ltr'><strong>facie</strong></span> <span class='ocrx_word' id='word_1_584' title='bbox 1512 5001 1806 5069; x_wconf 76' lang='lat' dir='ltr'><strong>Domini,</strong></span> <span class='ocrx_word' id='word_1_585' title='bbox 1850 4998 1910 5060; x_wconf 91' lang='lat' dir='ltr'><strong>id</strong></span> <span class='ocrx_word' id='word_1_586' title='bbox 1958 5006 2054 5061; x_wconf 80' lang='lat' dir='ltr'><strong>cst.</strong></span> <span class='ocrx_word' id='word_1_587' title='bbox 2092 5018 2127 5061; x_wconf 85' lang='lat' dir='ltr'><strong>a</strong></span> <span class='ocrx_word' id='word_1_588' title='bbox 2176 5018 2396 5061; x_wconf 82' lang='lat' dir='ltr'><strong>mensa</strong></span> 
     </span>
    </p>
   </div>
   <div class='ocr_carea' id='block_1_34' title="bbox 2497 4305 3996 5076">
    <p class='ocr_par' dir='ltr' id='par_1_35' title="bbox 2497 4305 3996 5076">
     <span class='ocr_line' id='line_1_87' title="bbox 2500 4305 3992 4388; baseline 0 -19"><span class='ocrx_word' id='word_1_589' title='bbox 2500 4308 2730 4370; x_wconf 89' lang='lat' dir='ltr'><strong>naliter</strong></span> <span class='ocrx_word' id='word_1_590' title='bbox 2760 4305 3133 4369; x_wconf 89' lang='lat' dir='ltr'><strong>custodierit</strong></span> <span class='ocrx_word' id='word_1_591' title='bbox 3163 4314 3226 4368; x_wconf 92' lang='lat' dir='ltr'><strong>et</strong></span> <span class='ocrx_word' id='word_1_592' title='bbox 3257 4307 3503 4387; x_wconf 77' lang='lat' dir='ltr'><strong>paverit</strong></span> <span class='ocrx_word' id='word_1_593' title='bbox 3535 4325 3764 4388; x_wconf 87' lang='lat' dir='ltr'><strong>pecora</strong></span> <span class='ocrx_word' id='word_1_594' title='bbox 3794 4307 3992 4385; x_wconf 83' lang='lat' dir='ltr'><strong>regis,</strong></span> 
     </span>
     <span class='ocr_line' id='line_1_88' title="bbox 2499 4404 3996 4485; baseline 0 -17"><span class='ocrx_word' id='word_1_595' title='bbox 2499 4406 2627 4468; x_wconf 91' lang='lat' dir='ltr'><strong>nisi</strong></span> <span class='ocrx_word' id='word_1_596' title='bbox 2669 4404 2884 4467; x_wconf 75' lang='lat' dir='ltr'><strong>forsan</strong></span> <span class='ocrx_word' id='word_1_597' title='bbox 2925 4412 3072 4467; x_wconf 86' lang='lat' dir='ltr'><strong>ante</strong></span> <span class='ocrx_word' id='word_1_598' title='bbox 3108 4424 3288 4467; x_wconf 89' lang='lat' dir='ltr'><strong>suam</strong></span> <span class='ocrx_word' id='word_1_599' title='bbox 3318 4404 3785 4485; x_wconf 89' lang='lat' dir='ltr'><strong>promotionem</strong></span> <span class='ocrx_word' id='word_1_600' title='bbox 3820 4424 3860 4467; x_wconf 88' lang='lat' dir='ltr'><strong>a</strong></span> <span class='ocrx_word' id='word_1_601' title='bbox 3895 4424 3996 4469; x_wconf 82' lang='lat' dir='ltr'><strong>re·-</strong></span> 
     </span>
     <span class='ocr_line' id='line_1_89' title="bbox 2497 4503 3996 4585; baseline -0.001 -18"><span class='ocrx_word' id='word_1_602' title='bbox 2497 4523 2602 4585; x_wconf 81' lang='lat' dir='ltr'><strong>ge3</strong></span> <span class='ocrx_word' id='word_1_603' title='bbox 2624 4505 2735 4567; x_wconf 89' lang='lat' dir='ltr'><strong>sed</strong></span> <span class='ocrx_word' id='word_1_604' title='bbox 2755 4511 2889 4566; x_wconf 87' lang='lat' dir='ltr'><strong>erat</strong></span> <span class='ocrx_word' id='word_1_605' title='bbox 2909 4503 3270 4585; x_wconf 89' lang='lat' dir='ltr'><strong>capitaneus</strong></span> <span class='ocrx_word' id='word_1_606' title='bbox 3302 4521 3518 4565; x_wconf 90' lang='lat' dir='ltr'><strong>eorum</strong></span> <span class='ocrx_word' id='word_1_607' title='bbox 3541 4503 3650 4583; x_wconf 92' lang='lat' dir='ltr'><strong>qui</strong></span> <span class='ocrx_word' id='word_1_608' title='bbox 3685 4512 3996 4585; x_wconf 80' lang='lat' dir='ltr'><strong>paverant</strong></span> 
     </span>
     <span class='ocr_line' id='line_1_90' title="bbox 2500 4602 3996 4685; baseline 0.001 -20"><span class='ocrx_word' id='word_1_609' title='bbox 2500 4623 2744 4685; x_wconf 79' lang='lat' dir='ltr'><strong>gregeS,</strong></span> <span class='ocrx_word' id='word_1_610' title='bbox 2779 4602 2880 4665; x_wconf 91' lang='lat' dir='ltr'><strong>cui</strong></span> <span class='ocrx_word' id='word_1_611' title='bbox 2910 4602 3218 4665; x_wconf 89' lang='lat' dir='ltr'><strong>rationem</strong></span> <span class='ocrx_word' id='word_1_612' title='bbox 3251 4602 3622 4679; x_wconf 82' lang='lat' dir='ltr'><strong>reddebant,</strong></span> <span class='ocrx_word' id='word_1_613' title='bbox 3647 4610 3710 4665; x_wconf 86' lang='lat' dir='ltr'><strong>et</strong></span> <span class='ocrx_word' id='word_1_614' title='bbox 3739 4602 3852 4683; x_wconf 89' lang='lat' dir='ltr'><strong>qui</strong></span> <span class='ocrx_word' id='word_1_615' title='bbox 3895 4623 3996 4667; x_wconf 88' lang='lat' dir='ltr'><strong>re·</strong></span> 
     </span>
     <span class='ocr_line' id='line_1_91' title="bbox 2501 4700 3995 4785; baseline -0.002 -19"><span class='ocrx_word' id='word_1_616' title='bbox 2501 4710 2787 4785; x_wconf 90' lang='lat' dir='ltr'><strong>spectum</strong></span> <span class='ocrx_word' id='word_1_617' title='bbox 2819 4700 3093 4763; x_wconf 87' lang='lat' dir='ltr'><strong>habebat</strong></span> <span class='ocrx_word' id='word_1_618' title='bbox 3122 4700 3198 4761; x_wconf 89' lang='lat' dir='ltr'><strong>ad</strong></span> <span class='ocrx_word' id='word_1_619' title='bbox 3231 4700 3516 4782; x_wconf 74' lang='lat' dir='ltr'><strong>ipsosAEt</strong></span> <span class='ocrx_word' id='word_1_620' title='bbox 3542 4700 3662 4763; x_wconf 89' lang='lat' dir='ltr'><strong>hoc</strong></span> <span class='ocrx_word' id='word_1_621' title='bbox 3677 4700 3995 4781; x_wconf 79' lang='lat' dir='ltr'><strong>Iosephus</strong></span> 
     </span>
     <span class='ocr_line' id='line_1_92' title="bbox 2502 4798 3995 4880; baseline -0.001 -17"><span class='ocrx_word' id='word_1_622' title='bbox 2502 4801 2736 4865; x_wconf 88' lang='lat' dir='ltr'><strong>sentire</strong></span> <span class='ocrx_word' id='word_1_623' title='bbox 2767 4800 3041 4862; x_wconf 87' lang='lat' dir='ltr'><strong>videtur.</strong></span> <span class='ocrx_word' id='word_1_624' title='bbox 3075 4799 3314 4880; x_wconf 90' lang='lat' dir='ltr'><strong>Nempe</strong></span> <span class='ocrx_word' id='word_1_625' title='bbox 3352 4800 3522 4879; x_wconf 92' lang='lat' dir='ltr'><strong>quod</strong></span> <span class='ocrx_word' id='word_1_626' title='bbox 3555 4799 3622 4860; x_wconf 93' lang='lat' dir='ltr'><strong>in</strong></span> <span class='ocrx_word' id='word_1_627' title='bbox 3661 4798 3995 4880; x_wconf 88' lang='lat' dir='ltr'><strong>aliquibus</strong></span> 
     </span>
     <span class='ocr_line' id='line_1_93' title="bbox 2501 4897 3992 4979; baseline -0.001 -16"><span class='ocrx_word' id='word_1_628' title='bbox 2501 4900 2684 4963; x_wconf 89' lang='lat' dir='ltr'><strong>libris</strong></span> <span class='ocrx_word' id='word_1_629' title='bbox 2708 4897 3134 4979; x_wconf 85' lang='lat' dir='ltr'><strong>subjungitur,</strong></span> <span class='ocrx_word' id='word_1_630' title='bbox 3150 4897 3262 4960; x_wconf 86' lang='lat' dir='ltr'><strong>Hic</strong></span> <span class='ocrx_word' id='word_1_631' title='bbox 3284 4897 3580 4979; x_wconf 87' lang='lat' dir='ltr'><strong>pascebat</strong></span> <span class='ocrx_word' id='word_1_632' title='bbox 3598 4897 3808 4959; x_wconf 81' lang='lat' dir='ltr'><strong>mulas</strong></span> <span class='ocrx_word' id='word_1_633' title='bbox 3821 4898 3992 4971; x_wconf 77' lang='lat' dir='ltr'><strong>Saul,</strong></span> 
     </span>
     <span class='ocr_line' id='line_1_94' title="bbox 2504 4996 3991 5076; baseline -0.001 -15"><span class='ocrx_word' id='word_1_634' title='bbox 2504 5018 2630 5061; x_wconf 91' lang='lat' dir='ltr'><strong>non</strong></span> <span class='ocrx_word' id='word_1_635' title='bbox 2662 5006 2758 5061; x_wconf 88' lang='lat' dir='ltr'><strong>est</strong></span> <span class='ocrx_word' id='word_1_636' title='bbox 2792 4997 2855 5058; x_wconf 92' lang='lat' dir='ltr'><strong>in</strong></span> <span class='ocrx_word' id='word_1_637' title='bbox 2891 5004 3086 5071; x_wconf 82' lang='lat' dir='ltr'><strong>textu,</strong></span> <span class='ocrx_word' id='word_1_638' title='bbox 3125 4996 3233 5059; x_wconf 92' lang='lat' dir='ltr'><strong>sed</strong></span> <span class='ocrx_word' id='word_1_639' title='bbox 3273 5015 3351 5058; x_wconf 85' lang='lat' dir='ltr'><strong>ex</strong></span> <span class='ocrx_word' id='word_1_640' title='bbox 3376 4996 3650 5076; x_wconf 88' lang='lat' dir='ltr'><strong>Josepho</strong></span> <span class='ocrx_word' id='word_1_641' title='bbox 3677 4996 3991 5060; x_wconf 87' lang='lat' dir='ltr'><strong>additum.</strong></span> 
     </span>
    </p>
   </div>
   <div class='ocr_carea' id='block_1_35' title="bbox 4298 2539 4299 3805">
    <p class='ocr_par' dir='ltr' id='par_1_36' title="bbox 4298 2539 4299 3805">
     <span class='ocr_line' id='line_1_95' title="bbox 4298 2539 4299 3805; baseline 0 0"><span class='ocrx_word' id='word_1_642' title='bbox 4298 2539 4299 3805; x_wconf 95' lang='lat' dir='ltr'><strong> </strong></span> 
     </span>
    </p>
   </div>
   <div class='ocr_carea' id='block_1_36' title="bbox 906 5094 4244 5377">
    <p class='ocr_par' dir='ltr' id='par_1_37' title="bbox 906 5094 4244 5377">
     <span class='ocr_line' id='line_1_96' title="bbox 906 5094 3998 5180; baseline 0 -23"><span class='ocrx_word' id='word_1_643' title='bbox 906 5096 1361 5180; x_wconf 87' lang='lat' dir='ltr'><strong>propositionis</strong></span> <span class='ocrx_word' id='word_1_644' title='bbox 1394 5118 1407 5161; x_wconf 76' lang='grc' dir='ltr'><strong>ε</strong></span> <span class='ocrx_word' id='word_1_645' title='bbox 1443 5115 1587 5178; x_wconf 80' lang='lat' dir='ltr'><strong>quae</strong></span> <span class='ocrx_word' id='word_1_646' title='bbox 1626 5105 1757 5158; x_wconf 89' lang='lat' dir='ltr'><strong>erat</strong></span> <span class='ocrx_word' id='word_1_647' title='bbox 1790 5097 1853 5159; x_wconf 91' lang='lat' dir='ltr'><strong>in</strong></span> <span class='ocrx_word' id='word_1_648' title='bbox 1888 5097 2182 5159; x_wconf 84' lang='lat' dir='ltr'><strong>exteriori</strong></span> <span class='ocrx_word' id='word_1_649' title='bbox 2217 5106 2395 5179; x_wconf 87' lang='lat' dir='ltr'><strong>parte</strong></span> <span class='ocrx_word' id='word_1_650' title='bbox 2504 5098 2673 5160; x_wconf 91' lang='lat' dir='ltr'><strong>Istud</strong></span> <span class='ocrx_word' id='word_1_651' title='bbox 2703 5104 2911 5159; x_wconf 89' lang='lat' dir='ltr'><strong>autem</strong></span> <span class='ocrx_word' id='word_1_652' title='bbox 2937 5096 3014 5158; x_wconf 90' lang='lat' dir='ltr'><strong>de</strong></span> <span class='ocrx_word' id='word_1_653' title='bbox 3037 5096 3205 5175; x_wconf 87' lang='lat' dir='ltr'><strong>Doeg</strong></span> <span class='ocrx_word' id='word_1_654' title='bbox 3235 5094 3338 5158; x_wconf 90' lang='lat' dir='ltr'><strong>hic</strong></span> <span class='ocrx_word' id='word_1_655' title='bbox 3371 5094 3817 5174; x_wconf 87' lang='lat' dir='ltr'><strong>interponitur,</strong></span> <span class='ocrx_word' id='word_1_656' title='bbox 3838 5096 3998 5176; x_wconf 84' lang='lat' dir='ltr'><strong>quia</strong></span> 
     </span>
     <span class='ocr_line' id='line_1_97' title="bbox 907 5193 4244 5278; baseline -0.001 -21"><span class='ocrx_word' id='word_1_657' title='bbox 907 5195 1325 5271; x_wconf 86' lang='lat' dir='ltr'><strong>tabernaculi,</strong></span> <span class='ocrx_word' id='word_1_658' title='bbox 1347 5195 1413 5257; x_wconf 93' lang='lat' dir='ltr'><strong>in</strong></span> <span class='ocrx_word' id='word_1_659' title='bbox 1444 5214 1572 5277; x_wconf 90' lang='lat' dir='ltr'><strong>quo</strong></span> <span class='ocrx_word' id='word_1_660' title='bbox 1604 5196 1765 5258; x_wconf 92' lang='lat' dir='ltr'><strong>Deus</strong></span> <span class='ocrx_word' id='word_1_661' title='bbox 1798 5195 2126 5259; x_wconf 89' lang='lat' dir='ltr'><strong>dicebatur</strong></span> <span class='ocrx_word' id='word_1_662' title='bbox 2158 5196 2396 5277; x_wconf 79' lang='lat' dir='ltr'><strong>specie·</strong></span> <span class='ocrx_word' id='word_1_663' title='bbox 2505 5195 2799 5278; x_wconf 89' lang='lat' dir='ltr'><strong>sequenti</strong></span> <span class='ocrx_word' id='word_1_664' title='bbox 2835 5194 3117 5275; x_wconf 89' lang='lat' dir='ltr'><strong>capitulo</strong></span> <span class='ocrx_word' id='word_1_665' title='bbox 3163 5193 3482 5270; x_wconf 88' lang='lat' dir='ltr'><strong>recitatur,</strong></span> <span class='ocrx_word' id='word_1_666' title='bbox 3518 5193 3794 5274; x_wconf 83' lang='lat' dir='ltr'><strong>qualiter</strong></span> <span class='ocrx_word' id='word_1_667' title='bbox 3823 5194 3999 5275; x_wconf 79' lang='lat' dir='ltr'><strong>Doeg</strong></span> <span class='ocrx_word' id='word_1_668' title='bbox 4054 5217 4244 5261; x_wconf 63' lang='lat' dir='ltr'><strong>mam.</strong></span> 
     </span>
     <span class='ocr_line' id='line_1_98' title="bbox 908 5284 4144 5377; baseline -0.001 -20"><span class='ocrx_word' id='word_1_669' title='bbox 908 5295 1052 5357; x_wconf 86' lang='lat' dir='ltr'><strong>liter</strong></span> <span class='ocrx_word' id='word_1_670' title='bbox 1092 5295 1378 5359; x_wconf 88' lang='lat' dir='ltr'><strong>habitare</strong></span> <span class='ocrx_word' id='word_1_671' title='bbox 1408 5303 1472 5358; x_wconf 91' lang='lat' dir='ltr'><strong>et</strong></span> <span class='ocrx_word' id='word_1_672' title='bbox 1504 5314 1645 5358; x_wconf 86' lang='lat' dir='ltr'><strong>esse</strong></span> <span class='ocrx_word' id='word_1_673' title='bbox 1684 5303 1982 5377; x_wconf 88' lang='lat' dir='ltr'><strong>tanquam</strong></span> <span class='ocrx_word' id='word_1_674' title='bbox 2027 5295 2094 5357; x_wconf 92' lang='lat' dir='ltr'><strong>in</strong></span> <span class='ocrx_word' id='word_1_675' title='bbox 2125 5296 2389 5377; x_wconf 86' lang='lat' dir='ltr'><strong>templo,</strong></span> <span class='ocrx_word' id='word_1_676' title='bbox 2509 5295 2628 5359; x_wconf 88' lang='lat' dir='ltr'><strong>iste</strong></span> <span class='ocrx_word' id='word_1_677' title='bbox 2658 5294 2878 5357; x_wconf 87' lang='lat' dir='ltr'><strong>retulit</strong></span> <span class='ocrx_word' id='word_1_678' title='bbox 2907 5292 3078 5356; x_wconf 86' lang='lat' dir='ltr'><strong>Sauli</strong></span> <span class='ocrx_word' id='word_1_679' title='bbox 3112 5311 3255 5374; x_wconf 83' lang='lat' dir='ltr'><strong>quae</strong></span> <span class='ocrx_word' id='word_1_680' title='bbox 3285 5292 3393 5355; x_wconf 91' lang='lat' dir='ltr'><strong>hic</strong></span> <span class='ocrx_word' id='word_1_681' title='bbox 3419 5300 3596 5371; x_wconf 80' lang='lat' dir='ltr'><strong>gesta</strong></span> <span class='ocrx_word' id='word_1_682' title='bbox 3625 5301 3992 5355; x_wconf 80' lang='lat' dir='ltr'><strong>narrantur.</strong></span> <span class='ocrx_word' id='word_1_683' title='bbox 4023 5284 4063 5325; x_wconf 61' lang='lat'><strong>⁹*</strong></span> <span class='ocrx_word' id='word_1_684' title='bbox 4087 5284 4144 5322; x_wconf 81' lang='lat'><strong>¹⁰·</strong></span> 
     </span>
    </p>
   </div>
   <div class='ocr_carea' id='block_1_37' title="bbox 4298 4010 4300 6222">
    <p class='ocr_par' dir='ltr' id='par_1_38' title="bbox 4298 4010 4300 6222">
     <span class='ocr_line' id='line_1_99' title="bbox 4298 4010 4300 6222; baseline 0 0"><span class='ocrx_word' id='word_1_685' title='bbox 4298 4010 4300 6222; x_wconf 95' lang='lat' dir='ltr'><strong> </strong></span> 
     </span>
    </p>
   </div>
  </div>
 </body>
</html>
