4359 6250
582 1670 714 1714 Dent.
729 1674 845 1722 vn‚³.

600 4732 734 4787 mea.
748 4745 841 4783 xvn,

582 4798 632 4838 36
646 4810 656 4847 ;
684 4794 698 4837 l
730 4794 839 4837 Par.

578 4874 637 4914 xi,
660 4864 726 4905 22.

873 481 993 545 188

1696 499 2045 547 ssNARRATlo
2086 498 2149 545 IN
2191 497 2328 544 cn.
2375 497 2478 544 xlv
2517 498 2791 546 Jumcmt.
2833 519 2916 530 --
2955 499 3097 546 Aur.
3143 496 3290 543 XXIV

872 671 1093 735 divina
1131 671 1423 736 fecerunt
1461 672 1936 748 commissione,
1974 679 2037 734 et
2069 669 2235 733 forte
2267 687 2365 732 co-
2393 666 2446 730 A
2476 668 2870 750 parentibuS,
2897 679 2960 733 et
2989 679 3140 734 tunc
3171 671 3230 734 ei
3261 671 3537 735 occurrit
3573 672 3695 734 leo.
3729 671 3964 734 Secun-

875 791 1013 832 rum
1052 771 1446 853 temporibus
1479 791 1607 834 non
1642 779 1823 834 erant
1853 768 2221 850 hujusmodi
2257 787 2365 850 pa-

874 877 979 933 cta
1018 869 1183 932 inter
1223 869 1397 934 filios
1426 871 1615 934 Israel
1647 879 1709 933 et
1748 870 1961 933 hostes
1994 887 2236 932 eorum.
2271 871 2364 930 Eo

870 971 1046 1029 enim
1072 979 1345 1047 tempore
1363 971 1873 1030 dominabantur
1887 968 2254 1030 philistiim
2275 969 2365 1027 Is-

873 1070 1041 1128 raeli
1079 1088 1223 1130 cum
1258 1069 1566 1132 abusione
1596 1077 1658 1132 ct
1696 1068 1887 1144 fastu,
1924 1067 2066 1130 ideo
2099 1066 2362 1128 Samson

872 1167 1169 1247 quaesivit
1190 1177 1410 1231 contra
1441 1168 1612 1250 ipsos
1644 1167 2063 1231 occasionem.

953 1269 1292 1327 Descendit
1314 1269 1533 1346 itaque
1556 1269 1829 1328 Samson
1859 1286 2007 1325 cum
2028 1274 2222 1342 patre
2249 1283 2362 1323 suo

872 1374 932 1425 et
966 1375 1168 1426 matre
1188 1366 1261 1425 in
1288 1368 1715 1437 Thamnatlza,
1738 1365 1815 1426 ad
1846 1362 2362 1445 desponsandum

878 1461 1180 1544 pucilam.
1215 1463 1548 1539 Quaeritur,
1584 1482 1665 1525 an
1707 1469 2001 1544 parentes
2041 1461 2179 1542 ejus
2220 1478 2366 1542 pec-

878 1569 1183 1625 caverunt
1213 1562 1277 1624 in
1310 1562 1451 1626 hoc.
1478 1562 1761 1640 Videtur,
1787 1562 1957 1644 quod
1992 1561 2141 1638 imo,
2162 1578 2362 1640 quum

876 1660 1184 1743 scriptum
1224 1661 1308 1723 sit
1350 1662 1415 1723 in
1447 1661 1936 1724 Deuteronomio
1972 1678 1986 1724 ε
2020 1659 2246 1721 Filiam
2288 1659 2363 1720 il—

876 1758 1021 1835 lius,
1057 1759 1357 1822 videlicet
1386 1760 1584 1822 alieni
1616 1779 1728 1822 seu
1761 1758 2071 1835 infidelis,
2106 1777 2236 1820 non
2268 1777 2364 1819 ac-

2474 769 2576 845 do,
2612 770 2784 851 quod
2815 778 2949 832 erat
2979 771 3320 848 virtuosuS‚
3357 771 3636 852 prudens
3663 777 3730 833 et
3758 769 3966 831 humi-

2478 868 2579 946 lis,
2617 887 2745 932 non
2784 889 2989 932 vanus
3029 890 3102 933 ac
3145 870 3327 947 leviS‚
3371 870 3669 952 quoniam
3715 878 3961 931 tantum

2473 986 2636 1049 opus
2686 967 2937 1043 celavit,
2981 988 3188 1050 neque
3229 970 3491 1052 jactavit
3528 989 3596 1031 se
3631 987 3644 1030 :
3689 969 3856 1032 sicut
3897 977 3964 1030 et

2477 1065 2624 1129 Saul
2675 1067 2882 1130 adhuc
2929 1068 3214 1147 humilis,
3269 1088 3395 1132 non
3445 1067 3754 1132 indicavit
3795 1067 3960 1149 patri
3990 1089 4226 1144 meam.

2475 1185 2588 1230 seu
2621 1175 2847 1248 patruo
2881 1186 3018 1245 suo,
3044 1168 3579 1250 quemadmodum
3609 1187 3646 1230 a
3667 1167 3960 1230 Samuele

2475 1264 2598 1326 fuit
2628 1274 2859 1327 unctus
2881 1265 2958 1328 ‘in
2991 1285 3226 1346 regem.
3262 1265 3494 1344 Terti0,
3532 1267 3702 1348 quod
3737 1285 3962 1348 paren-

2477 1371 2576 1426 tes
2617 1363 2939 1428 Samsonis
2982 1366 3546 1430 consideraverunt
3585 1385 3734 1427 eum
3783 1373 3962 1428 nota—

2475 1461 2690 1526 biliter
2720 1463 3126 1526 immutatum
3161 1465 3226 1525 in
3260 1463 3444 1541 facie,
3469 1472 3534 1527 et
3553 1463 3796 1545 aliquid
3824 1484 3961 1546 per-

2478 1561 2704 1641 egisse,
2739 1563 2878 1626 ideo
2913 1563 3464 1643 interrogaverunt
3493 1562 3648 1646 quid
3677 1563 3908 1643 egisset
3940 1580 3957 1624 :

2473 1668 2772 1723 ettamen
2807 1662 3010 1725 noluit
3041 1661 3134 1725 eis
3166 1661 3470 1738 indicare,
3493 1661 3646 1745 quia
3675 1662 3958 1724 nondum

2474 1759 2682 1840 patuit
2719 1761 2858 1841 ejus
2906 1759 3212 1824 fortitudo
3253 1760 3320 1823 in
3367 1761 3584 1842 aliquo
3624 1760 3790 1824 facto
3831 1769 3958 1824 tam

874 1857 1076 1940 cipies
1112 1857 1254 1920 filio
1288 1867 1418 1922 tuo.
1456 1859 1915 1940 Respondetur‚
1951 1857 2121 1938 quod
2161 1855 2362 1919 credi·
2399 1857 2446 1919 B
2475 1876 2725 1938 magno.
2773 1859 2918 1922 ldeo
2965 1869 3280 1922 secretum
3330 1879 3514 1922 suum
3559 1859 3763 1923 tenuit
3807 1860 3954 1934 sibi,

873 1958 1105 2020 derunt
1128 1956 1155 2018 f
1156 1958 1339 2020 ilium
1361 1978 1545 2020 suum
1572 1958 1809 2021 moveri
1831 1977 1867 2018 a
1886 1958 2012 2020 Deo
2028 1973 2042 2018 :
2058 1956 2360 2037 quoniam

874 2075 990 2138 per
1030 2057 1327 2137 angelum
1378 2056 1498 2118 fuit
1548 2056 2006 2138 praenuntiatus
2039 2063 2103 2117 et
2144 2074 2364 2136 super-

874 2155 1249 2217 naturaliter
1279 2164 1488 2232 natuS‚
1524 2164 1714 2237 atque
1742 2156 1841 2234 (ut
1882 2152 2083 2234 aliqui
2115 2152 2364 2232 dicunt)

873 2253 1137 2316 Samson
1186 2254 1537 2316 insinuavit
1580 2255 1693 2332 eiS,
1729 2254 1850 2317 sibi
1897 2252 2208 2317 divinitus
2253 2271 2364 2314 no·—

874 2351 1217 2429 til'icatum,
1270 2354 1439 2434 quod
1494 2354 1970 2417 matrimonium
2026 2352 2185 2415 illud
2239 2353 2364 2414 Deo

874 2450 1173 2532 placeret,
1209 2459 1272 2513 et
1301 2452 1470 2533 quod
1504 2471 1602 2514 res
1634 2452 1747 2514 illa
1774 2460 2063 2533 ageretur
2094 2471 2131 2513 a
2160 2450 2365 2514 Domi-

875 2568 981 2612 no.
1031 2549 1282 2613 Sciebat
1324 2551 1515 2613 etiam
1557 2551 1819 2614 Samson
1853 2571 1929 2614 ex
1976 2551 2363 2614 revelatione

873 2648 940 2710 in
972 2650 1250 2730 quodam
1282 2649 1605 2712 communi
1638 2669 1749 2711 seu
1782 2649 2169 2727 indistincte,
2189 2651 2360 2732 quod

874 2767 952 2809 ex
982 2746 1096 2810 illo
1128 2747 1427 2827 conjugio
1462 2748 1737 2810 oriretur
1764 2757 1984 2811 contra
2012 2748 2361 2812 Philistaeos

872 2845 1451 2927 occasio,quamvis
1484 2847 1766 2909 nondum
1798 2855 2205 2928 cognosceret
2234 2866 2364 2910 mo·

873 2944 1025 3005 dum
1066 2944 1509 3006 determinate.

2468 1958 2648 2039 juxta
2693 1957 2852 2020 illud
2895 1959 2959 2021 in
2989 1959 3146 2021 isaia
3179 1981 3193 2024 ε
3231 1959 3551 2022 Secretum
3589 1979 3804 2022 meum
3843 1961 3962 2022 mi·
3987 1981 4226 2028 amma

2473 2055 2562 2118 hi.
2599 2059 3058 2136 Descenditque
3087 2059 3166 2120 de
3198 2057 3402 2121 vincis
3441 2057 3506 2120 in
3537 2057 3955 2135 Thamnatha,

2471 2165 2530 2214 ct
2563 2159 2810 2216 locutus
2828 2166 2918 2216 est
2949 2158 3218 2216 mulieri
3243 2178 3388 2236 quoe
3405 2160 3741 2234 placuerat
3759 2160 3962 2216 oeulis

2471 2254 2610 2331 ejus
2641 2275 2664 2313 .·
2695 2253 2847 2336 quia
2891 2273 3035 2316 cum
3077 2255 3209 2317 suis
3255 2255 3623 2338 parentibus
3670 2255 3960 2319 tractavit

2473 2371 2617 2414 cum
2658 2353 2873 2434 puella
2901 2363 2962 2415 et
2993 2354 3131 2434 ejus
3174 2353 3544 2436 parentibus
3575 2355 3655 2416 de
3683 2373 3959 2417 conven—

2473 2450 2646 2513 tione
2666 2451 2994 2528 connubii‚
3012 2461 3075 2514 et
3093 2453 3660 2530 concordaverunt,
3679 2453 3770 2516 ita
3787 2453 3957 2536 quod

2474 2549 2797 2631 sponsalia
2829 2559 2980 2614 tunc
3013 2549 3326 2615 fecerunt.

2555 2652 2638 2710 Et
2669 2658 2810 2726 post
2849 2652 3096 2729 aliquot
3138 2652 3274 2710 dies
3319 2661 3636 2712 revertens
3677 2663 3750 2712 ut
3794 2654 3960 2712 acci—

2463 2757 2642 2825 peret
2685 2769 2826 2809 eam
2859 2747 2924 2809 in
2972 2766 3268 2830 sponsam
3308 2757 3371 2811 et
3411 2749 3772 2832 conjugem,
3815 2769 3960 2814 con-

2471 2847 2903 2929 dormire-tque
2941 2848 3024 2910 ei.
3060 2848 3275 2929 ltaque
3321 2847 3505 2911 factis
3553 2849 3959 2931 sponsalibus

2475 2962 2763 3008 reversus
2807 2955 2903 3008 est
2947 2965 3092 3009 cum
3137 2946 3270 3008 suis
3316 2946 3686 3030 parentibus
3731 2949 3809 3010 ad
3856 2950 3960 3012 do-

958 3044 1293 3122 Quumque
1341 3045 1657 3104 venissent
1704 3047 1791 3104 ad
1839 3045 2061 3104 vineas
2109 3047 2358 3124 oppidi,
2395 3043 2438 3106 C
2471 3063 2648 3107 mum.
2689 3053 3046 3128 parentum,
3090 3045 3320 3108 deinde
3359 3065 3504 3108 cum
3535 3045 3626 3109 eis
3661 3047 3851 3110 rediit
3879 3049 3957 3110 ad

874 3142 1133 3205 nomine
1154 3142 1547 3205 Thamnatha
1566 3163 1580 3207 :
1602 3162 1745 3225 quae
1775 3152 1956 3206 erant
1977 3152 2153 3206 extra
2182 3146 2364 3227 oppi-

875 3240 1025 3302 dum
1058 3240 1235 3315 sitae3
1290 3243 1603 3319 apparuit
1632 3247 1889 3303 catulus
1930 3245 2129 3302 leonis
2156 3262 2366 3304 soevus

870 3349 929 3398 et
948 3340 1315 3416 ruyiens,et
1344 3341 1625 3401 occurrit
1642 3341 1727 3410 ei,
1746 3339 1809 3401 id
1842 3348 1957 3416 est,
1974 3340 2220 3403 catulus
2255 3340 2363 3403 ille

873 3437 1188 3512 Samsoni,
1226 3446 1295 3499 ut
1338 3438 1675 3503 dilaniaret
1710 3445 1772 3501 et
1815 3439 2147 3501 devoraret
2191 3439 2365 3501 Sam-

872 3553 1115 3598 sonem.
1148 3539 1362 3598 Irruit
1402 3548 1612 3597 autem
1660 3539 1951 3615 Spiritu-s·
1979 3540 2251 3598 Domini
2289 3540 2362 3598 in

874 3638 1169 3705 Samso-n,
1224 3634 1286 3696 id
1334 3644 1452 3711 est,
1505 3634 1777 3716 Spiritus
1823 3635 2088 3698 Sanctus
2137 3635 2357 3713 movit,

872 3732 1170 3796 excitavit
1212 3742 1275 3795 et
1312 3732 1699 3796 confortavit
1740 3734 2107 3797 Samsonem
2148 3735 2226 3796 ad
2272 3734 2364 3796 in—

873 3831 1233 3894 vadendum
1279 3831 1549 3908 leonem,
1582 3842 1642 3892 et
1674 3835 2061 3893 dilaceravit
2095 3838 2358 3905 leonem,

872 3932 1065 4009 qua-si
1094 3932 1353 3991 hoedum
1386 3932 1455 3991 in
1496 3931 1715 4006 frusta
1754 3933 2155 4008 discerperet,
2190 3934 2363 3993 nihil

872 4030 1136 4089 omnino
1180 4030 1415 4089 liabens
1459 4031 1532 4089 in
1579 4050 1782 4089 manu
1820 4051 1842 4089 .·
1876 4029 2002 4093 imo
2043 4050 2159 4092 nec
2201 4030 2364 4093 laesit

873 4144 1098 4188 manus
1148 4145 1293 4187 suas
1342 4125 1461 4188 hoc
1512 4124 1843 4200 faciend03
1893 4138 2149 4209 propter
2189 4130 2360 4210 quod

2471 3145 2731 3206 domum
2778 3145 3028 3227 puellm.
3077 3148 3446 3207 Declinavit
3489 3146 3654 3209 sicut
3701 3155 3766 3209 et
3810 3157 3958 3210 ante

2473 3261 2696 3324 parum
2717 3243 2796 3304 ab
2819 3243 3069 3319 itinere,
3089 3243 3328 3307 relictis
3349 3244 3415 3305 in
3435 3244 3540 3309 via
3562 3245 3956 3327 parentibuS,

2471 3351 2543 3401 ut
2581 3343 2819 3402 videret
2849 3346 3125 3403 cadaver
3146 3346 3578 3424 leoni8,quem
3611 3343 3955 3418 interfecit,

2473 3457 2599 3501 non
2644 3458 2719 3501 ex
2759 3439 3039 3503 vanitate
3080 3448 3143 3501 et
3181 3441 3568 3517 curiositate,
3601 3443 3710 3505 sed
3753 3444 3958 3523 magis

2472 3545 2541 3599 ut
2581 3558 2656 3600 ex
2704 3539 2941 3601 recenti
2981 3539 3261 3603 materiai
3299 3540 3590 3603 miraculi
3631 3541 3822 3623 hujus
3855 3543 3959 3604 ad-

2471 3644 2692 3717 spectu
2738 3636 3113 3699 incitaretur
3157 3638 3238 3701 dc
3283 3657 3448 3701 novo
3494 3640 3570 3701 ad
3610 3640 3956 3721 gratiarum

2471 3734 2783 3798 actionem
2829 3744 2893 3797 et
2935 3735 3186 3799 laudem
3233 3755 3348 3818 pro
3393 3744 3568 3800 tanto
3609 3736 3954 3808 beneficio.

2469 3833 2640 3913 quod
2681 3832 2835 3895 vicit
2875 3834 3194 3897 volentem
3239 3855 3306 3895 se
3349 3835 3675 3898 devorare.
3707 3838 3795 3898 Et
3821 3858 3960 3896 ecce

2469 3952 2764 4004 examen,
2802 3932 2862 3993 id
2909 3940 3005 3994 est
3046 3933 3478 4013 congregatim
3509 3954 3707 4011 apum
3747 3937 3820 3995 in
3851 3956 3960 3995 ore

2474 4032 2672 4090 leonis
2699 4040 2862 4101 erat,
2892 4042 2952 4092 et
2980 4034 3176 4108 favus
3207 4035 3438 4103 mellis,
3470 4054 3544 4096 cx
3575 4054 3764 4116 apum
3795 4035 3958 4097 mel-

2473 4127 2846 4192 lificatione.
2901 4128 3060 4192 Sunt
3117 4140 3330 4194 autem
3387 4132 3652 4195 diversae
3709 4134 3956 4215 specics

874 4241 1062 4286 nemo
1094 4223 1536 4304 suspicabatur
1566 4225 1646 4288 de
1679 4224 1869 4289 facto.
1903 4226 1980 4289 Et
2009 4227 2073 4289 in
2106 4228 2227 4291 hoc
2258 4247 2364 4310 pa·
2391 4230 2443 4292 D
2473 4246 2662 4308 apum
2690 4244 2705 4287 z
2739 4246 3008 4308 quarum
3053 4229 3344 4309 quaedam
3394 4229 3764 4293 naturaliter
3807 4232 3955 4295 hor·

874 4320 995 4383 tuit
1024 4321 1188 4383 mira
1220 4322 1419 4405 ipsius
1455 4322 1793 4388 fortitudo:
1816 4344 2009 4406 quam
2041 4334 2254 4389 tamen
2287 4346 2363 4389 ex

872 4419 1009 4483 sola
1050 4420 1511 4501 complexione,
1550 4422 1900 4485 naturalive
1944 4424 2362 4506 dispositione

874 4537 1001 4581 non
1053 4518 1303 4582 videtur
1340 4519 1659 4597 habuisse,
1707 4529 1774 4582 ut
1822 4521 1993 4584 inira
2043 4530 2356 4605 tangetur.

872 4617 1197 4694 Praeterea,
1221 4617 1481 4698 quidam
1519 4616 1583 4679 in
1620 4618 1817 4681 veteri
1841 4620 2243 4685 Testamento
2276 4622 2362 4685 lc-

871 4734 1057 4779 onem
1103 4714 1413 4779 occidisse
1453 4716 1772 4797 leguntur,
1809 4726 1880 4779 ut
1918 4719 2116 4783 David
2151 4728 2216 4782 et
2255 4721 2363 4783 Ba-

873 4814 1050 4876 naias
1085 4838 1099 4889 3
1134 4814 1397 4896 quidam
1428 4835 1688 4898 quoque
1721 4816 1785 4878 in
1810 4835 1975 4881 novo
1998 4818 2362 4882 Testamen-

872 4922 935 4975 to
962 4931 977 4976 ε
1006 4914 1085 4975 de
1113 4932 1387 4993 quorum
1422 4914 1602 4977 nullo
1632 4913 1901 4977 habetur
1930 4917 2101 4997 quod
2137 4916 2362 4980 fecerit

870 5011 1013 5087 hoe,
1071 5010 1234 5072 nihil
1287 5012 1553 5075 omnino
1603 5012 1842 5075 habens
1895 5014 1961 5076 in
2010 5034 2227 5077 manu.
2275 5020 2361 5078 Et

870 5112 984 5171 Ιιοσ
1008 5112 1195 5189 patri
1223 5120 1281 5169 ct
1313 5114 1515 5171 matri
1544 5114 1756 5172 noluit
1788 5114 2103 5175 indicare.
2120 5114 2210 5175 Ex
2242 5114 2360 5177 hoc

871 5208 1065 5271 verbo
1095 5208 1299 5271 multa
1328 5208 1695 5272 eliciuntur.
1730 5208 2031 5288 Primum,
2067 5213 2239 5293 quod
2281 5214 2359 5275 ad

872 5314 1123 5387 tempus
1174 5325 1291 5387 pro
1339 5306 1555 5389 aliqua
1602 5327 1793 5371 causa
1834 5328 1873 5370 a
1921 5309 2052 5373 suis
2100 5310 2360 5373 divertit

2470 4333 2609 4387 rent
2640 4324 2860 4388 foetida
2884 4325 3039 4402 loca,
3059 4327 3346 4407 quaedam
3368 4346 3518 4391 vcro
3549 4327 3956 4409 ignobiliores

2474 4423 2625 4486 talia
2665 4443 2791 4487 non
2833 4423 3197 4501 abhorrent,
3231 4426 3452 4506 quales
3491 4426 3626 4489 istae
3659 4428 3958 4491 videntur

2474 4522 2695 4586 fuisse.
2727 4526 2948 4593 Quem,
2979 4523 3224 4586 scilicet
3257 4524 3474 4586 favum
3503 4525 3734 4602 melliS‚
3753 4548 3956 4606 quum

2469 4624 2836 4699 sumpsisset
2869 4624 2940 4683 in
2973 4625 3670 4693 manibuS,comedebat
3700 4627 3774 4685 in
3807 4628 3959 4697 via,-

2472 4723 2855 4800 veniensque
2899 4724 2988 4781 ad
3023 4732 3282 4798 patrem
3322 4742 3513 4783 suum
3555 4733 3615 4783 et
3659 4734 3953 4794 matrem,

2469 4820 2648 4878 dedit
2675 4820 2766 4877 eis
2791 4828 3044 4895 partem
3065 4819 3276 4881 mellis
3298 4836 3312 4881 ε
3337 4820 3446 4882 sed
3467 4828 3530 4883 et
3558 4839 3808 4901 sponsae
3827 4842 3954 4884 sua²

2473 4916 2732 4978 tradidit
2781 4924 3048 4997 partem,
3097 4926 3169 4979 ut
3213 4917 3504 4997 Magister
3556 4918 3621 4979 in
3672 4919 3954 4983 historiis

2472 5014 2646 5077 addit
2671 5037 2686 5088 ς
2719 5016 2836 5094 qui
2862 5026 2922 5075 et
2961 5018 3086 5093 ipsi
3115 5019 3522 5077 comdemnt
3543 5041 3570 5089 ,·
3597 5038 3712 5077 nec
3743 5028 3950 5080 tamen

2469 5115 2561 5173 eis
2594 5112 3070 5194 inquirentibus
3103 5115 3271 5176 unde
3309 5115 3434 5177 mel
3475 5113 3633 5177 illud
3673 5116 3958 5198 collegis-

2471 5219 2588 5288 set,
2619 5214 2832 5271 voluit
2863 5214 3180 5285 indicare,
3211 5217 3383 5293 quod
3423 5218 3546 5273 mel
3583 5218 3664 5274 de
3703 5235 3954 5294 corpore

2472 5312 2672 5372 leonis
2701 5320 3082 5387 sumpserat.
