4359 6250
929 534 1273 583 mannum
1317 535 1376 582 m
1421 535 1556 582 car.
1604 533 1714 582 1111
1755 531 1912 582 unm
1955 534 2207 585 saeuum
2248 533 2471 585 amun.
2516 557 2597 571 ——
2638 535 2781 587 aar.
2826 535 2959 587 xxti
3366 519 3487 587 διδ

373 705 652 770 fecisset
682 727 798 791 pro
831 729 1016 791 posse
1047 710 1248 773 sorori
1286 727 1300 771 :
1334 727 1608 791 quorum
1639 708 1888 771 nullum
1919 709 1970 770 A
2001 710 2337 792 praecipuae
2366 729 2585 774 eorum
2614 711 2876 774 divitiae.
2910 711 3086 785 Quod
3116 720 3180 775 et
3222 712 3289 774 in
3320 729 3487 776 com-

369 804 644 868 videtur
693 806 979 882 fecisse3
1034 807 1162 869 imo
1216 806 1270 868 si
1323 825 1395 868 ea
1449 807 1702 884 egisset,
1759 825 1884 869 non

373 901 620 966 fuisset
648 905 750 984 (ut
779 906 1087 987 creditur)
1115 905 1364 968 occisus
1395 905 1475 967 ab
1504 905 1842 967 Absalone.

469 1006 680 1064 Porro
711 1024 842 1064 non
871 1015 962 1065 est
1007 1009 1254 1065 locatus
1292 1006 1578 1065 Absalon
1609 1006 1698 1064 ad
1739 1005 1890 1064 Am·

371 1121 542 1172 non,
579 1124 693 1163 nec
723 1107 994 1174 malum,
1029 1125 1143 1165 nec
1173 1107 1413 1164 bonum
1444 1124 1466 1163 .·
1498 1103 1667 1184 quod
1703 1101 1888 1164 intel-

373 1199 502 1280 ligi
535 1209 768 1283 potest,
805 1201 893 1264 ita
934 1203 1105 1283 quod
1139 1202 1216 1264 de
1262 1201 1384 1264 ista
1414 1200 1679 1263 materia
1726 1199 1888 1261 nihil

375 1298 648 1362 locutus
685 1299 769 1361 sit
816 1298 899 1376 ei,
952 1319 1033 1362 ne
1080 1300 1330 1362 Amnon
1381 1318 1450 1362 se
1498 1299 1884 1374 observaret,

373 1405 712 1479 quatenus
742 1417 858 1462 suo
883 1407 1167 1481 tempore
1197 1399 1383 1462 illum
1413 1398 1764 1470 occideret3
1789 1396 1891 1460 vel

375 1497 566 1578 quod
594 1497 864 1560 omnino
905 1497 1217 1560 abstinuit
1248 1498 1328 1560 ab
1368 1498 1507 1579 ejus
1539 1495 1884 1578 colloqui0‚

373 1595 562 1675 quod
616 1613 746 1658 non
795 1603 973 1677 puto,
1029 1615 1109 1658 ne
1157 1595 1410 1658 Amnon
1459 1593 1892 1657 consideraret

375 1694 796 1757 aversionem
839 1703 902 1757 et
931 1694 1150 1758 odium
1179 1694 1518 1757 Absalonis
1556 1693 1890 1758 adversum

373 1811 480 1854 se.
517 1795 758 1854 Oderat
785 1796 962 1854 enim
990 1796 1276 1855 Absalon
1306 1796 1594 1862 Amnon,
1622 1812 1691 1852 eo
1721 1793 1892 1870 quod

1997 809 2516 872 memorationem
2588 809 2877 872 fecerunt
2939 810 3441 874 Patriarcbarum
3468 858 3484 889 ,

1998 907 2108 988 qui
2141 917 2425 990 pastores
2457 909 2673 972 ovium
2718 906 2743 969 f
2749 917 2991 972 nerant.
3026 913 3342 988 Praecepit
3372 933 3491 972 au-

2002 1016 2126 1067 tem
2155 1009 2439 1068 Absalon
2462 1009 2715 1085 pueris,
2746 1007 2810 1068 id
2842 1016 2939 1070 est
2970 1008 3172 1072 servis
3210 1010 3373 1080 suis,
3398 1012 3496 1070 di-

1999 1125 2144 1165 cens
2179 1123 2203 1165 .·
2236 1108 2567 1168 observate
2613 1126 2817 1186 quum
2864 1111 3245 1168 temulentus
3288 1107 3495 1184 fuerit

1999 1209 2258 1265 Amnon
2287 1207 2463 1276 vinc,
2494 1205 2615 1268 hoc
2645 1214 2742 1267 est
2774 1205 3146 1282 inebriatuS,
3178 1217 3238 1268 et
3266 1209 3497 1268 dimero

2001 1305 2195 1372 vobi-5,
2226 1301 2573 1364 Pereutite'
2600 1325 2775 1375 eum,
2824 1314 2885 1364 et
2928 1307 3271 1382 interficite
3322 1325 3493 1382 eum,

2000 1401 2154 1481 quia
2186 1409 2335 1464 tunc
2368 1420 2496 1465 non
2542 1403 2777 1484 poterit
2820 1421 3197 1484 praecavere,
3244 1403 3498 1467 resiste-

2002 1517 2099 1575 re,
2155 1507 2266 1562 aut
2314 1499 2556 1579 fugere.
2610 1503 2829 1562 Nolite
2874 1503 3098 1562 timere
3137 1519 3161 1561 .·
3198 1521 3310 1579 eqo
3352 1523 3496 1564 sum

2001 1599 2119 1676 qui
2147 1601 2463 1676 proecipio
2498 1601 2691 1670 vobis,
2723 1599 2837 1681 qui
2885 1618 3025 1662 sum
3076 1598 3257 1662 filius
3304 1599 3491 1680 regiS‚

2002 1695 2168 1758 sicut
2215 1705 2277 1759 et
2324 1697 2596 1774 Amnon,
2651 1706 2715 1760 et
2762 1716 2953 1760 avum
3004 1697 3207 1761 babeo
3254 1715 3491 1778 regem,

2003 1795 2171 1874 quod
2206 1795 2329 1876 ipsi
2360 1795 2609 1858 Amnon
2644 1814 2771 1859 non
2802 1796 3108 1878 competit
3143 1812 3156 1857 :
3194 1796 3339 1860 ideo
3360 1795 3497 1859 suf-

379 1893 689 1952 vioiasset
726 1892 1010 1953 Thamar
1051 1912 1329 1953 sororem
1369 1912 1578 1953 suam.
1617 1895 1890 1951 Factum
1929 1891 1975 1953 B
2009 1891 2287 1955 ficientis
2330 1913 2471 1955 sum
2514 1893 2845 1976 potestatis
2896 1895 3326 1976 respondendi
3378 1913 3494 1977 pro

375 1999 477 2050 est
521 1999 742 2051 autem
771 2000 917 2068 post
963 2000 1208 2068 tempus
1253 1991 1526 2061 biennii,
1568 1999 1640 2049 ut
1677 1992 1891 2050 tonde-

375 2099 622 2150 rentur
645 2109 786 2150 oves
815 2091 1098 2152 Absalon
1130 2093 1197 2150 in
1227 2093 1607 2160 Baallzasor‚
1632 2111 1776 2170 quoe
1801 2100 1891 2150 est

359 2189 586 2262 juxta
623 2190 972 2265 Ephraim.
1023 2191 1110 2250 Et
1155 2192 1426 2261 vocavit,
1476 2189 1596 2251 hoc
1647 2196 1764 2264 est,
1811 2188 1890 2250 ad

379 2286 738 2368 prandium
787 2287 1104 2364 invitavit,
1151 2291 1438 2350 Absalon
1476 2308 1690 2349 omnes
1719 2287 1891 2365 filios

375 2386 587 2462 reyis,
615 2383 731 2466 qui
775 2385 914 2448 sine
945 2385 1206 2448 licentia
1250 2384 1451 2467 patris
1495 2385 1595 2447 sui
1638 2385 1758 2448 boc
1799 2383 1892 2447 fa-

379 2501 536 2546 cere
575 2501 708 2546 non
748 2483 1091 2546 audebant.
1128 2487 1437 2564 Venitque
1477 2487 1564 2544 ad
1595 2504 1804 2561 reyem
1833 2495 1893 2544 et

379 2585 488 2642 ait
536 2585 628 2642 ad
674 2603 820 2644 eum
863 2603 887 2642 .·
929 2585 1088 2644 Ecce
1141 2585 1490 2644 tondentur
1537 2601 1677 2642 oves
1721 2583 1894 2642 servi

381 2681 511 2740 tui.
549 2682 800 2751 Veniat,
837 2701 974 2750 or0,
1004 2701 1122 2741 rex
1159 2701 1310 2740 cum
1341 2681 1541 2740 servis
1577 2682 1736 2751 suis,
1772 2679 1890 2742 hoc

379 2785 486 2839 est
517 2775 678 2840 filiis
707 2778 982 2861 aliisque
1003 2777 1314 2841 ministris
1346 2778 1472 2840 sibi
1493 2778 1894 2860 complacen-

383 2875 589 2952 tibus‚
609 2881 700 2938 ad
727 2897 982 2937 servum
1011 2897 1228 2948 suam,
1246 2876 1310 2937 id
1331 2884 1427 2938 est
1448 2876 1527 2938 ad
1551 2876 1890 2957 prandium

383 2975 568 3056 quod
607 2975 879 3057 parabo.
931 2975 1060 3037 Hoc
1105 2973 1383 3037 Absalon
1433 2992 1560 3037 non
1611 2973 1773 3036 dixit
1815 2992 1891 3036 ex

2003 1991 2207 2068 vobiS,
2231 2010 2470 2073 vosque
2494 1991 2735 2054 tuendi.
2760 1991 3000 2054 Forsan
3032 1991 3199 2054 servi
3231 1992 3337 2054 isti
3361 1990 3497 2056 fue-

2002 2097 2149 2151 runt
2169 2089 2421 2152 natione
2442 2089 2724 2169 gentiles
2740 2098 2802 2152 et
2822 2109 2898 2152 ex
2918 2089 3126 2172 patria
3146 2091 3366 2152 matris
3384 2089 3499 2152 Ab-

2001 2187 2261 2265 saloniS,
2296 2188 2438 2251 ideo
2470 2187 2683 2250 minus
2716 2187 3068 2251 timuerunt
3108 2187 3229 2251 hoc
3259 2187 3491 2251 facere.

2002 2289 2425 2348 Roboramini
2457 2296 2517 2347 et
2543 2296 2732 2347 estote
2762 2288 2897 2346 viri
2925 2288 3143 2364 fortes.
3180 2289 3497 2349 Fecerunt

1999 2403 2145 2462 erqo
2167 2387 2367 2463 pueri
2395 2388 2676 2447 Abs-alon
2705 2389 3049 2447 adversum
3072 2388 3329 2447 Amnon
3337 2401 3356 2457 ρ
3378 2388 3498 2446 sic-

2003 2493 2075 2544 ut
2111 2492 2505 2560 prmo-eperat
2542 2485 2633 2542 eis
2671 2485 2977 2544 Absalon.
3024 2486 3497 2562 Surqentesque

2000 2601 2216 2642 omnes
2243 2583 2378 2659 ficii
2404 2584 2575 2658 reyis
2620 2584 3043 2642 ascenderunt
3075 2583 3331 2657 sinyuli
3362 2601 3498 2642 mu-

2003 2685 2099 2742 las
2125 2701 2298 2741 suas.
2320 2680 2457 2742 lstae
2488 2679 2677 2741 mulae
2704 2679 2805 2759 (ut
2834 2679 3143 2760 creditur)
3162 2680 3325 2742 datae
3357 2677 3494 2742 fu&

2003 2788 2152 2841 runt
2182 2779 2337 2860 regi,
2370 2778 2522 2860 quia
2554 2787 2621 2840 ut
2650 2777 2717 2840 in
2749 2778 3033 2841 Levitico
3062 2777 3317 2858 legitur,
3352 2795 3492 2860 pro-

2002 2875 2277 2939 hibitum
2316 2874 2441 2939 fuit
2482 2876 2711 2940 Judaeis
2756 2875 2963 2939 facere
3004 2876 3490 2941 commixtiones
3570 2903 3773 2956 Lam,

1999 2975 2373 3038 animalium
2403 2975 2797 3040 diversarum
2830 2974 3209 3056 specierum,
3245 2994 3322 3038 ex
3350 2974 3492 3056 qui·
3521 2969 3587 3010 ¹⁹·

385 3072 635 3149 animo,
659 3073 816 3155 quia
836 3073 1034 3156 patris
1068 3073 1165 3136 sui
1198 3072 1601 3155 praesentiam
1632 3091 1760 3136 non
1781 3091 1892 3154 op·
1925 3073 1971 3139 C
2001 3072 2120 3137 bus
2171 3081 2235 3137 et
2282 3073 2471 3137 mulae
2510 3080 2897 3149 nascuntur3
2934 3092 3061 3137 non
3104 3081 3317 3138 tamen
3367 3071 3492 3136 fuit

384 3173 557 3237 tavit
588 3172 828 3235 ibidem
852 3197 866 3247 3
891 3173 1002 3235 sed
1033 3179 1278 3254 patrem
1301 3172 1443 3236 ideo
1475 3171 1789 3249 invitavit,
1813 3191 1892 3235 ne

385 3271 830 3353 suspicaretur
858 3271 1104 3353 aliquid
1143 3271 1294 3333 mali
1327 3290 1466 3334 esse
1498 3271 1563 3332 in
1595 3290 1806 3347 causa,
1827 3279 1893 3333 et

387 3380 466 3433 ut
498 3371 641 3432 sine
670 3370 974 3452 scrupulo
1005 3390 1078 3433 ac
1109 3371 1336 3433 timore
1375 3369 1769 3452 permitteret
1801 3370 1894 3452 ip-

387 3488 540 3531 sum
592 3469 844 3531 Amnon
894 3485 1157 3550 pergere
1199 3468 1376 3531 illuc.
1419 3471 1730 3549 Dimitque
1775 3490 1894 3528 rem

388 3572 482 3629 ad
512 3571 800 3630 Absalon
831 3588 854 3627 .·
888 3568 1071 3637 Noli,
1098 3569 1205 3645 fili
1247 3570 1364 3638 mi,
1394 3569 1534 3629 noli
1561 3587 1790 3645 royare
1821 3576 1893 3628 ut

389 3670 742 3727 veniamus
789 3686 1007 3727 omnes
1053 3676 1114 3726 et
1154 3686 1503 3743 gravemus
1550 3676 1626 3728 te.
1681 3668 1892 3735 Quum

387 3776 616 3827 autem
645 3775 885 3842 coqeret
913 3785 1084 3836 eum,
1120 3764 1184 3826 id
1216 3772 1313 3826 est
1343 3763 1673 3841 instanter,
1708 3764 1890 3846 quasi

391 3864 788 3946 importune,
829 3874 889 3923 et
941 3865 1245 3924 noluisset
1293 3864 1412 3936 ire,
1467 3863 1711 3927 scilicet
1760 3881 1889 3939 rex,

388 3964 732 4023 benedixit
761 3980 870 4024 rex
898 3964 983 4033 ei,
1007 3961 1127 4024 hoc
1158 3970 1254 4024 est
1287 3960 1428 4024 silio
1456 3961 1638 4042 quasi
1671 3961 1898 4024 carita-

391 4060 530 4124 tivo
560 4080 635 4124 ac
666 4059 940 4123 liberali.
969 4063 1053 4123 E't
1082 4062 1482 4121 aiCAbsalon
1512 4063 1600 4121 ad
1629 4062 1849 4121 David
1874 4080 1896 4119 .·

387 4162 473 4222 Si
502 4180 638 4220 non
683 4162 782 4220 vis
825 4161 1070 4229 venire,
1101 4159 1345 4230 veniat,
1382 4162 1656 4229 obsec-m,
1687 4161 1896 4220 nobis-

2000 3174 2093 3235 eis
2125 3172 2520 3255 prohibitum
2551 3173 2643 3235 uti
2674 3172 2789 3234 eiS.
2816 3172 2969 3234 Nam
3001 3180 3065 3235 et
3093 3172 3289 3236 David
3320 3170 3493 3235 infra

2001 3270 2234 3351 legitur
2261 3288 2454 3353 super
2472 3271 2709 3333 mulam
2742 3269 3003 3333 sedisse.
3030 3270 3267 3334 Forsan
3292 3279 3363 3333 et
3383 3269 3489 3332 isti
3554 3289 3610 3334 111
3624 3292 3736 3347 neq.
3754 3305 3782 3343 ι,

2003 3368 2128 3431 filii
2169 3370 2337 3449 regis
2383 3369 2734 3432 timuerunt
2780 3368 3007 3445 occidi,
3043 3367 3196 3451 quia
3235 3368 3494 3451 subjun-
3520 3358 3587 3399 ³⁸·

2002 3468 2191 3549 gitur,
2214 3478 2273 3529 et
2291 3469 2628 3545 sufferunt,
2654 3468 3089 3548 relinquentes
3119 3486 3350 3549 corpus
3374 3466 3495 3530 fra·

2005 3566 2118 3628 tris
2151 3564 2568 3647 insepultum.

2099 3668 2437 3744 Quumque
2486 3665 2702 3724 adhuc
2736 3674 3075 3741 peryerent
3120 3666 3193 3724 in
3235 3665 3491 3736 itinere,

2003 3768 2187 3845 fama
2209 3764 2508 3840 pervenit
2536 3765 2623 3822 ad
2652 3763 2895 3831 David,
2916 3764 3141 3823 dicens
3176 3782 3199 3825 .·
3230 3765 3501 3824 Percus-

2005 3863 2090 3921 sit
2121 3864 2405 3922 Absalon
2439 3880 2653 3921 omnes
2692 3861 2864 3936 filios
2904 3862 3093 3937 reyis,
3136 3869 3195 3920 et
3234 3879 3365 3920 non
3404 3880 3501 3920 re-

2011 3961 2250 4020 mansit
2270 3980 2352 4018 ea·
2369 3960 2461 4017 eis
2480 3962 2706 4019 saltem
2730 3978 2922 4019 unus.
2941 3960 3251 4019 Surrexit
3282 3960 3501 4037 itaque

2005 4078 2122 4119 rea:
2151 4060 2373 4118 David
2401 4067 2461 4118 et
2487 4058 2683 4118 scidit
2726 4060 3100 4118 vestimenta
3141 4078 3285 4128 sua,
3318 4064 3379 4117 et
3407 4076 3503 4116 ce-

2006 4159 2170 4218 cidit
2204 4176 2399 4236 super
2442 4166 2709 4229 terram,
2739 4165 2799 4217 et
2839 4177 3053 4218 omnes
3094 4158 3267 4216 servi
3312 4158 3501 4217 illius

387 4278 544 4320 cum
563 4261 826 4320 Amnon
845 4258 1056 4335 frater
1079 4276 1272 4317 meus.
1298 4258 1618 4335 Dioeitque
1639 4260 1728 4318 ad
1746 4278 1894 4317 eum
1933 4258 1980 4321 D
2008 4257 2126 4335 qai
2173 4257 2564 4317 adsistebant
2612 4256 2699 4325 ei,
2746 4256 3076 4316 sciderunt
3126 4256 3500 4315 vestimenta

389 4378 514 4417 rex
532 4376 557 4418 .·
574 4358 726 4421 Non
753 4366 844 4416 est
866 4376 1106 4416 necesse
1124 4364 1198 4416 ut
1219 4358 1416 4416 vadat
1442 4365 1664 4417 tecam.
1687 4357 1896 4434 Coegit

391 4457 620 4536 itaque
655 4456 938 4515 Absalon
983 4474 1154 4523 eum,
1201 4463 1261 4515 et
1306 4455 1562 4514 dimisit
1611 4452 1703 4516 ire
1745 4475 1892 4515 cum

389 4574 462 4613 eo
490 4556 756 4615 Amnon
775 4562 834 4613 et
857 4553 1192 4613 universos
1211 4554 1383 4630 filios
1413 4552 1582 4628 reqis
1605 4550 1894 4614 residuos

391 4660 460 4715 ct
501 4650 659 4714 satis
702 4650 937 4714 adultae
976 4650 1180 4713 aetatis
1221 4650 1300 4712 ad
1349 4650 1492 4713 hoc.
1529 4650 1680 4713 Nam
1734 4649 1898 4713 Salo·

391 4769 548 4814 mon
577 4750 833 4813 videtur
861 4749 1068 4812 adhuc
1101 4749 1299 4812 fuisse
1328 4748 1707 4811 infantulus

483 4852 871 4929 hcet-atque
927 4850 1212 4911 Absa·lon
1265 4850 1642 4910 convivium
1705 4849 1895 4928 quasi

392 4950 776 5009 convivium
805 4949 994 5024 reqis.
1018 4947 1216 5011 Judaei
1253 4965 1530 5028 namque
1562 4946 1630 5008 in
1665 4945 1895 5009 tonsio-

395 5066 480 5111 ne
503 5046 728 5112 ovium
755 5064 1036 5124 suarum,
1059 5046 1223 5109 sicut
1250 5054 1314 5107 et
1345 5046 1410 5107 in
1443 5045 1771 5127 sepultura
1795 5063 1899 5127 pa-

399 5154 658 5209 rentum
699 5162 962 5208 suorum
1008 5152 1478 5207 consueverunt
1525 5142 1735 5207 facere
1773 5162 1900 5206 ma-

2005 4374 2146 4414 sua.
2165 4353 2321 4415 Nam
2354 4352 2463 4415 ille
2492 4352 2606 4435 qui
2637 4352 2957 4417 nuntiavit
2984 4352 3125 4431 hoc,
3146 4352 3347 4434 coepit
3378 4352 3501 4417 for-

2007 4452 2174 4515 sitan
2216 4450 2436 4532 l'ugere
2478 4453 2631 4514 dum
2668 4452 2915 4515 Amnon
2957 4451 3165 4514 adhuc
3209 4458 3501 4534 percute-

2008 4560 2205 4628 retur,
2254 4558 2318 4613 et
2353 4550 2601 4632 putavit
2648 4550 2807 4613 alios
2859 4549 3031 4613 filios
3082 4550 3250 4630 regis
3297 4549 3496 4612 simili

2008 4650 2196 4713 modo
2232 4649 2612 4712 tractandos.
2633 4649 2867 4711 Verum
2908 4648 3063 4711 talia
3092 4648 3259 4711 mala
3289 4648 3498 4711 solent

2007 4748 2393 4829 exaggerari.
2418 4751 2829 4826 Respondens
2857 4756 3073 4808 autem
3100 4750 3397 4809 Jonadab
3425 4752 3501 4825 fi-

2010 4851 2139 4908 lius
2188 4851 2501 4909 Sammaa
2549 4848 2784 4925 fratris
2830 4848 3071 4919 David,
3112 4847 3289 4907 dixit
3401 4848 3500 4909 Ne

2005 4948 2327 5006 eoeistimet
2353 4946 2659 5005 dominus
2690 4964 2865 5004 meus
2902 4964 3042 5015 rex,
3076 4946 3247 5025 quod
3282 4962 3501 5005 omnes

2002 5045 2200 5122 paeri
2228 5046 2395 5120 reyis
2424 5044 2615 5103 occisi
2642 5044 2775 5103 sint
2788 5066 2815 5115 ,·
2843 5046 3100 5103 Amnon
3132 5046 3303 5103 solus
3332 5062 3501 5104 mor-

2011 5154 2160 5203 tuus
2202 5152 2313 5204 est.
2361 5141 2490 5205 Hoc
2529 5140 2689 5203 dixit
2728 5157 2856 5203 non
2902 5140 3134 5222 spiritu
3171 5140 3501 5222 propheti-

139 5264 372 5322 tnqnv,
401 5261 530 5325 gna
575 5242 894 5319 convivia,
941 5242 1106 5305 sicut
1153 5252 1216 5306 et
1263 5242 1470 5324 primo
1519 5242 1760 5305 dictum
1803 5251 1898 5304 est
2008 5260 2104 5317 cO,
2133 5249 2203 5302 ut
2230 5239 2493 5321 quidam
2524 5239 2715 5303 stulte
2749 5238 3066 5317 dixerunt,
3093 5239 3494 5320 adjicienteS,

117 5331 177 5371 30.

404 5342 573 5406 libro
603 5343 684 5405 de
725 5340 940 5404 Nabal.
976 5342 1127 5404 Nam
1159 5360 1310 5405 oves
1360 5350 1423 5403 et
1449 5360 1680 5423 pecora
1719 5348 1902 5403 erant

2008 5338 2179 5422 quod
2220 5337 2501 5402 Jonadab
2545 5338 2665 5401 iste
2710 5336 2835 5399 fuit
2870 5337 3115 5401 Nathan
3156 5338 3499 5421 propheta,-
