<?xml version="1.0" encoding="UTF-8"?>
<!DOCTYPE html PUBLIC "-//W3C//DTD XHTML 1.0 Transitional//EN"
    "http://www.w3.org/TR/xhtml1/DTD/xhtml1-transitional.dtd">
<html xmlns="http://www.w3.org/1999/xhtml" xml:lang="en" lang="en">
 <head>
  <title>
</title>
<meta http-equiv="Content-Type" content="text/html;charset=utf-8" />
  <meta name='ocr-system' content='tesseract 3.04.00' />
  <meta name='ocr-capabilities' content='ocr_page ocr_carea ocr_par ocr_line ocrx_word'/>
</head>
<body>
  <div class='ocr_page' id='page_1' title='image "./doctorisecstati02denigoog_0768.png"; bbox 0 0 4359 6250; ppageno 0'>
   <div class='ocr_carea' id='block_1_1' title="bbox 923 497 3490 564">
    <p class='ocr_par' dir='ltr' id='par_1_1' title="bbox 923 497 3490 564">
     <span class='ocr_line' id='line_1_1' title="bbox 923 497 3490 564; baseline 0 -4"><span class='ocrx_word' id='word_1_1' title='bbox 923 513 1272 560; x_wconf 63' lang='lat' dir='ltr'><strong>mannum</strong></span> <span class='ocrx_word' id='word_1_2' title='bbox 1315 516 1374 560; x_wconf 75' lang='lat' dir='ltr'><strong>m</strong></span> <span class='ocrx_word' id='word_1_3' title='bbox 1417 515 1552 561; x_wconf 66' lang='lat' dir='ltr'><strong>cam.</strong></span> <span class='ocrx_word' id='word_1_4' title='bbox 1601 514 1732 560; x_wconf 85' lang='lat' dir='ltr'><strong>xxn</strong></span> <span class='ocrx_word' id='word_1_5' title='bbox 1773 516 1930 560; x_wconf 76' lang='lat' dir='ltr'><strong>unm</strong></span> <span class='ocrx_word' id='word_1_6' title='bbox 1975 517 2174 562; x_wconf 72' lang='lat' dir='ltr'><strong>‘rem-n</strong></span> <span class='ocrx_word' id='word_1_7' title='bbox 2218 517 2441 563; x_wconf 69' lang='lat' dir='ltr'><strong>ascum.</strong></span> <span class='ocrx_word' id='word_1_8' title='bbox 2488 538 2567 547; x_wconf 95' lang='lat'><strong>—</strong></span> <span class='ocrx_word' id='word_1_9' title='bbox 2608 518 2750 563; x_wconf 66' lang='grc' dir='ltr'><strong>ΛΒΤ.</strong></span> <span class='ocrx_word' id='word_1_10' title='bbox 2798 519 2971 564; x_wconf 84' lang='lat' dir='ltr'><strong>xxxn</strong></span> <span class='ocrx_word' id='word_1_11' title='bbox 3374 497 3490 562; x_wconf 76' lang='lat'><strong>727</strong></span> 
     </span>
    </p>
   </div>
   <div class='ocr_carea' id='block_1_2' title="bbox 373 685 3783 5403">
    <p class='ocr_par' dir='ltr' id='par_1_2' title="bbox 373 685 3783 5403">
     <span class='ocr_line' id='line_1_2' title="bbox 381 685 3492 768; baseline 0.001 -21"><span class='ocrx_word' id='word_1_12' title='bbox 381 685 691 762; x_wconf 82' lang='lat' dir='ltr'><strong>habetur,</strong></span> <span class='ocrx_word' id='word_1_13' title='bbox 715 687 889 768; x_wconf 90' lang='lat' dir='ltr'><strong>quod</strong></span> <span class='ocrx_word' id='word_1_14' title='bbox 926 705 1041 768; x_wconf 84' lang='lat' dir='ltr'><strong>per</strong></span> <span class='ocrx_word' id='word_1_15' title='bbox 1072 704 1282 764; x_wconf 82' lang='lat' dir='ltr'><strong>regem</strong></span> <span class='ocrx_word' id='word_1_16' title='bbox 1315 685 1766 748; x_wconf 83' lang='lat' dir='ltr'><strong>intellexerunt</strong></span> <span class='ocrx_word' id='word_1_17' title='bbox 1799 706 1892 748; x_wconf 90' lang='lat' dir='ltr'><strong>re·</strong></span> <span class='ocrx_word' id='word_1_18' title='bbox 1920 687 1969 747; x_wconf 84' lang='lat' dir='ltr'>A</span> <span class='ocrx_word' id='word_1_19' title='bbox 2002 693 2090 748; x_wconf 77' lang='lat' dir='ltr'><strong>ad</strong></span> <span class='ocrx_word' id='word_1_20' title='bbox 2144 709 2378 766; x_wconf 68' lang='lat' dir='ltr'><strong>reqem,</strong></span> <span class='ocrx_word' id='word_1_21' title='bbox 2418 700 2477 750; x_wconf 80' lang='lat' dir='ltr'><strong>et</strong></span> <span class='ocrx_word' id='word_1_22' title='bbox 2526 691 2621 750; x_wconf 76' lang='lat' dir='ltr'><strong>ait</strong></span> <span class='ocrx_word' id='word_1_23' title='bbox 2670 692 2779 749; x_wconf 79' lang='lat' dir='ltr'><strong>illi</strong></span> <span class='ocrx_word' id='word_1_24' title='bbox 2827 711 2942 749; x_wconf 66' lang='lat' dir='ltr'><strong>ren</strong></span> <span class='ocrx_word' id='word_1_25' title='bbox 2988 711 3009 749; x_wconf 93' lang='grc'><strong>.·</strong></span> <span class='ocrx_word' id='word_1_26' title='bbox 3043 692 3338 762; x_wconf 79' lang='lat' dir='ltr'><strong>Micleoea,</strong></span> <span class='ocrx_word' id='word_1_27' title='bbox 3396 693 3492 750; x_wconf 84' lang='lat' dir='ltr'><strong>ire</strong></span> 
     </span>
     <span class='ocr_line' id='line_1_3' title="bbox 381 784 3493 867; baseline 0 -20"><span class='ocrx_word' id='word_1_28' title='bbox 381 803 540 866; x_wconf 82' lang='lat' dir='ltr'><strong>gem</strong></span> <span class='ocrx_word' id='word_1_29' title='bbox 570 785 798 860; x_wconf 86' lang='lat' dir='ltr'><strong>lsrael;</strong></span> <span class='ocrx_word' id='word_1_30' title='bbox 826 795 888 848; x_wconf 87' lang='lat' dir='ltr'><strong>et</strong></span> <span class='ocrx_word' id='word_1_31' title='bbox 921 785 1136 848; x_wconf 81' lang='lat' dir='ltr'><strong>forsan</strong></span> <span class='ocrx_word' id='word_1_32' title='bbox 1158 785 1484 867; x_wconf 81' lang='lat' dir='ltr'><strong>prophetae</strong></span> <span class='ocrx_word' id='word_1_33' title='bbox 1515 784 1609 846; x_wconf 89' lang='lat' dir='ltr'><strong>illi</strong></span> <span class='ocrx_word' id='word_1_34' title='bbox 1645 805 1756 867; x_wconf 90' lang='lat' dir='ltr'><strong>per</strong></span> <span class='ocrx_word' id='word_1_35' title='bbox 1777 786 1891 848; x_wconf 91' lang='lat' dir='ltr'><strong>Do-</strong></span> <span class='ocrx_word' id='word_1_36' title='bbox 2001 791 2297 848; x_wconf 79' lang='lat' dir='ltr'><strong>debemus</strong></span> <span class='ocrx_word' id='word_1_37' title='bbox 2349 790 2417 848; x_wconf 74' lang='lat' dir='ltr'><strong>ln</strong></span> <span class='ocrx_word' id='word_1_38' title='bbox 2464 791 2740 850; x_wconf 71' lang='lat' dir='ltr'><strong>Ramotlz</strong></span> <span class='ocrx_word' id='word_1_39' title='bbox 2775 792 3029 850; x_wconf 82' lang='lat' dir='ltr'><strong>Galaad</strong></span> <span class='ocrx_word' id='word_1_40' title='bbox 3068 792 3155 848; x_wconf 81' lang='lat' dir='ltr'><strong>ad</strong></span> <span class='ocrx_word' id='word_1_41' title='bbox 3176 790 3493 865; x_wconf 81' lang='lat' dir='ltr'><strong>proelian-</strong></span> 
     </span>
     <span class='ocr_line' id='line_1_4' title="bbox 381 884 3493 969; baseline 0.001 -23"><span class='ocrx_word' id='word_1_42' title='bbox 381 884 645 947; x_wconf 89' lang='lat' dir='ltr'><strong>minum</strong></span> <span class='ocrx_word' id='word_1_43' title='bbox 677 885 1123 964; x_wconf 82' lang='lat' dir='ltr'><strong>intelligebant</strong></span> <span class='ocrx_word' id='word_1_44' title='bbox 1153 887 1344 948; x_wconf 89' lang='lat' dir='ltr'><strong>deum</strong></span> <span class='ocrx_word' id='word_1_45' title='bbox 1377 903 1560 947; x_wconf 91' lang='lat' dir='ltr'><strong>suum</strong></span> <span class='ocrx_word' id='word_1_46' title='bbox 1595 885 1760 946; x_wconf 88' lang='lat' dir='ltr'><strong>Baal.</strong></span> <span class='ocrx_word' id='word_1_47' title='bbox 1781 889 1892 945; x_wconf 81' lang='lat' dir='ltr'><strong>Di·</strong></span> <span class='ocrx_word' id='word_1_48' title='bbox 2000 891 2184 958; x_wconf 78' lang='lat' dir='ltr'><strong>dec-m,</strong></span> <span class='ocrx_word' id='word_1_49' title='bbox 2220 910 2305 948; x_wconf 84' lang='lat' dir='ltr'><strong>an</strong></span> <span class='ocrx_word' id='word_1_50' title='bbox 2336 891 2621 948; x_wconf 78' lang='lat' dir='ltr'><strong>cessare?</strong></span> <span class='ocrx_word' id='word_1_51' title='bbox 2652 887 2715 950; x_wconf 92' lang='lat' dir='ltr'><strong>id</strong></span> <span class='ocrx_word' id='word_1_52' title='bbox 2750 896 2865 962; x_wconf 87' lang='lat' dir='ltr'><strong>est,</strong></span> <span class='ocrx_word' id='word_1_53' title='bbox 2897 907 2975 949; x_wconf 89' lang='lat' dir='ltr'><strong>an</strong></span> <span class='ocrx_word' id='word_1_54' title='bbox 3010 887 3264 969; x_wconf 80' lang='lat' dir='ltr'><strong>expe-dit</strong></span> <span class='ocrx_word' id='word_1_55' title='bbox 3297 895 3366 948; x_wconf 89' lang='lat' dir='ltr'><strong>ut</strong></span> <span class='ocrx_word' id='word_1_56' title='bbox 3396 905 3493 948; x_wconf 83' lang='lat' dir='ltr'><strong>ea-</strong></span> 
     </span>
     <span class='ocr_line' id='line_1_5' title="bbox 379 983 3493 1068; baseline 0.001 -26"><span class='ocrx_word' id='word_1_57' title='bbox 379 986 496 1044; x_wconf 72' lang='lat' dir='ltr'><strong>oeit</strong></span> <span class='ocrx_word' id='word_1_58' title='bbox 525 994 746 1045; x_wconf 76' lang='lat' dir='ltr'><strong>autem</strong></span> <span class='ocrx_word' id='word_1_59' title='bbox 775 988 1108 1062; x_wconf 76' lang='lat' dir='ltr'><strong>Josapkat,</strong></span> <span class='ocrx_word' id='word_1_60' title='bbox 1143 983 1340 1047; x_wconf 82' lang='lat' dir='ltr'><strong>falsos</strong></span> <span class='ocrx_word' id='word_1_61' title='bbox 1371 983 1516 1046; x_wconf 91' lang='lat' dir='ltr'><strong>illos</strong></span> <span class='ocrx_word' id='word_1_62' title='bbox 1547 983 1888 1065; x_wconf 83' lang='lat' dir='ltr'><strong>prophetas</strong></span> <span class='ocrx_word' id='word_1_63' title='bbox 2003 1005 2144 1047; x_wconf 88' lang='lat' dir='ltr'><strong>mus</strong></span> <span class='ocrx_word' id='word_1_64' title='bbox 2178 987 2257 1048; x_wconf 92' lang='lat' dir='ltr'><strong>ad</strong></span> <span class='ocrx_word' id='word_1_65' title='bbox 2290 986 2711 1067; x_wconf 81' lang='lat' dir='ltr'><strong>praeliandum</strong></span> <span class='ocrx_word' id='word_1_66' title='bbox 2758 1005 2871 1068; x_wconf 91' lang='lat' dir='ltr'><strong>pro</strong></span> <span class='ocrx_word' id='word_1_67' title='bbox 2918 986 3183 1048; x_wconf 87' lang='lat' dir='ltr'><strong>Ramoth</strong></span> <span class='ocrx_word' id='word_1_68' title='bbox 3231 1005 3493 1067; x_wconf 83' lang='lat' dir='ltr'><strong>recupe-</strong></span> 
     </span>
     <span class='ocr_line' id='line_1_6' title="bbox 379 1083 3494 1162; baseline -0.001 -16"><span class='ocrx_word' id='word_1_69' title='bbox 379 1083 674 1146; x_wconf 80' lang='lat' dir='ltr'><strong>cultores</strong></span> <span class='ocrx_word' id='word_1_70' title='bbox 705 1083 874 1161; x_wconf 84' lang='lat' dir='ltr'><strong>Baal‚</strong></span> <span class='ocrx_word' id='word_1_71' title='bbox 897 1083 1244 1146; x_wconf 82' lang='lat' dir='ltr'><strong>abhorrens</strong></span> <span class='ocrx_word' id='word_1_72' title='bbox 1272 1101 1284 1144; x_wconf 81' lang='lat'>2</span> <span class='ocrx_word' id='word_1_73' title='bbox 1311 1085 1459 1144; x_wconf 87' lang='lat' dir='ltr'><strong>Non</strong></span> <span class='ocrx_word' id='word_1_74' title='bbox 1487 1093 1576 1143; x_wconf 79' lang='lat' dir='ltr'><strong>est</strong></span> <span class='ocrx_word' id='word_1_75' title='bbox 1605 1085 1712 1144; x_wconf 76' lang='lat' dir='ltr'><strong>hic</strong></span> <span class='ocrx_word' id='word_1_76' title='bbox 1729 1086 1892 1145; x_wconf 88' lang='lat' dir='ltr'><strong>Pro·</strong></span> <span class='ocrx_word' id='word_1_77' title='bbox 2002 1085 2245 1146; x_wconf 72' lang='lat' dir='ltr'><strong>rande?</strong></span> <span class='ocrx_word' id='word_1_78' title='bbox 2271 1085 2529 1146; x_wconf 75' lang='lat' dir='ltr'><strong>Oui&#39;ille</strong></span> <span class='ocrx_word' id='word_1_79' title='bbox 2550 1087 2921 1162; x_wconf 75' lang='lat' dir='ltr'><strong>respondit:</strong></span> <span class='ocrx_word' id='word_1_80' title='bbox 2942 1088 3228 1150; x_wconf 83' lang='lat' dir='ltr'><strong>Ascende</strong></span> <span class='ocrx_word' id='word_1_81' title='bbox 3246 1095 3306 1144; x_wconf 84' lang='lat' dir='ltr'><strong>et</strong></span> <span class='ocrx_word' id='word_1_82' title='bbox 3333 1087 3494 1144; x_wconf 83' lang='lat' dir='ltr'><strong>vade</strong></span> 
     </span>
     <span class='ocr_line' id='line_1_7' title="bbox 373 1182 3488 1264; baseline 0.001 -22"><span class='ocrx_word' id='word_1_83' title='bbox 373 1185 584 1258; x_wconf 76' lang='lat' dir='ltr'><strong>pheta</strong></span> <span class='ocrx_word' id='word_1_84' title='bbox 616 1185 888 1243; x_wconf 82' lang='lat' dir='ltr'><strong>Domini</strong></span> <span class='ocrx_word' id='word_1_85' title='bbox 927 1185 1276 1262; x_wconf 77' lang='lat' dir='ltr'><em>quispiam,</em></span> <span class='ocrx_word' id='word_1_86' title='bbox 1313 1193 1385 1242; x_wconf 78' lang='lat' dir='ltr'><strong>ut</strong></span> <span class='ocrx_word' id='word_1_87' title='bbox 1425 1185 1890 1260; x_wconf 67' lang='lat' dir='ltr'><strong>interr-oyemus</strong></span> <span class='ocrx_word' id='word_1_88' title='bbox 1994 1203 2320 1260; x_wconf 75' lang='lat' dir='ltr'><strong>prospere,</strong></span> <span class='ocrx_word' id='word_1_89' title='bbox 2353 1183 2417 1244; x_wconf 90' lang='lat' dir='ltr'><strong>id</strong></span> <span class='ocrx_word' id='word_1_90' title='bbox 2466 1191 2580 1258; x_wconf 90' lang='lat' dir='ltr'><strong>est,</strong></span> <span class='ocrx_word' id='word_1_91' title='bbox 2616 1192 2766 1264; x_wconf 91' lang='lat' dir='ltr'><strong>opto</strong></span> <span class='ocrx_word' id='word_1_92' title='bbox 2800 1191 2869 1246; x_wconf 91' lang='lat' dir='ltr'><strong>ut</strong></span> <span class='ocrx_word' id='word_1_93' title='bbox 2909 1201 3211 1264; x_wconf 87' lang='lat' dir='ltr'><strong>prospere</strong></span> <span class='ocrx_word' id='word_1_94' title='bbox 3241 1182 3432 1247; x_wconf 83' lang='lat' dir='ltr'><strong>vadas</strong></span> <span class='ocrx_word' id='word_1_95' title='bbox 3473 1201 3488 1245; x_wconf 89' lang='lat'>:</span> 
     </span>
     <span class='ocr_line' id='line_1_8' title="bbox 375 1280 3493 1359; baseline 0.001 -19"><span class='ocrx_word' id='word_1_96' title='bbox 375 1301 510 1359; x_wconf 77' lang='lat' dir='ltr'><strong>per</strong></span> <span class='ocrx_word' id='word_1_97' title='bbox 537 1302 686 1341; x_wconf 84' lang='lat' dir='ltr'><strong>eum</strong></span> <span class='ocrx_word' id='word_1_98' title='bbox 710 1285 742 1342; x_wconf 62' lang='grc' dir='ltr'><em>Ρ</em></span> <span class='ocrx_word' id='word_1_99' title='bbox 769 1283 856 1342; x_wconf 84' lang='lat' dir='ltr'><strong>Et</strong></span> <span class='ocrx_word' id='word_1_100' title='bbox 885 1284 983 1342; x_wconf 81' lang='lat' dir='ltr'><strong>ait</strong></span> <span class='ocrx_word' id='word_1_101' title='bbox 1027 1303 1144 1340; x_wconf 65' lang='lat' dir='ltr'><strong>reu:</strong></span> <span class='ocrx_word' id='word_1_102' title='bbox 1174 1285 1382 1343; x_wconf 79' lang='lat' dir='ltr'><strong>Israel</strong></span> <span class='ocrx_word' id='word_1_103' title='bbox 1412 1285 1500 1341; x_wconf 82' lang='lat' dir='ltr'><strong>ad</strong></span> <span class='ocrx_word' id='word_1_104' title='bbox 1526 1283 1836 1357; x_wconf 70' lang='lat' dir='ltr'><strong>Iosophat</strong></span> <span class='ocrx_word' id='word_1_105' title='bbox 1866 1300 1888 1342; x_wconf 93' lang='grc'><strong>.·</strong></span> <span class='ocrx_word' id='word_1_106' title='bbox 2002 1281 2167 1342; x_wconf 88' lang='lat' dir='ltr'><strong>sicut</strong></span> <span class='ocrx_word' id='word_1_107' title='bbox 2216 1280 2640 1344; x_wconf 83' lang='lat' dir='ltr'><strong>communiter</strong></span> <span class='ocrx_word' id='word_1_108' title='bbox 2682 1281 2955 1343; x_wconf 82' lang='lat' dir='ltr'>dicimus</span> <span class='ocrx_word' id='word_1_109' title='bbox 3005 1281 3285 1356; x_wconf 86' lang='lat' dir='ltr'><strong>abeunti,</strong></span> <span class='ocrx_word' id='word_1_110' title='bbox 3320 1280 3493 1343; x_wconf 80' lang='lat' dir='ltr'><strong>Vade</strong></span> 
     </span>
     <span class='ocr_line' id='line_1_9' title="bbox 381 1379 3492 1461; baseline 0.001 -23"><span class='ocrx_word' id='word_1_111' title='bbox 381 1382 736 1439; x_wconf 75' lang='lat' dir='ltr'><strong>Remansit</strong></span> <span class='ocrx_word' id='word_1_112' title='bbox 767 1382 874 1439; x_wconf 85' lang='lat' dir='ltr'><strong>vir</strong></span> <span class='ocrx_word' id='word_1_113' title='bbox 905 1399 1416 1458; x_wconf 81' lang='lat' dir='ltr'><strong>unusperquem</strong></span> <span class='ocrx_word' id='word_1_114' title='bbox 1443 1399 1766 1458; x_wconf 79' lang='lat' dir='ltr'><em>possemus</em></span> <span class='ocrx_word' id='word_1_115' title='bbox 1790 1382 1890 1438; x_wconf 82' lang='lat' dir='ltr'><strong>in·</strong></span> <span class='ocrx_word' id='word_1_116' title='bbox 2002 1379 2066 1440; x_wconf 90' lang='lat' dir='ltr'><strong>in</strong></span> <span class='ocrx_word' id='word_1_117' title='bbox 2130 1398 2305 1461; x_wconf 84' lang='lat' dir='ltr'><strong>pace.</strong></span> <span class='ocrx_word' id='word_1_118' title='bbox 2362 1380 2473 1442; x_wconf 83' lang='lat' dir='ltr'><strong>Vel</strong></span> <span class='ocrx_word' id='word_1_119' title='bbox 2534 1380 2773 1442; x_wconf 82' lang='lat' dir='ltr'><strong>ironice</strong></span> <span class='ocrx_word' id='word_1_120' title='bbox 2826 1380 2987 1441; x_wconf 83' lang='lat' dir='ltr'>dixit</span> <span class='ocrx_word' id='word_1_121' title='bbox 3035 1379 3155 1442; x_wconf 91' lang='lat' dir='ltr'><strong>hoc</strong></span> <span class='ocrx_word' id='word_1_122' title='bbox 3202 1379 3338 1441; x_wconf 90' lang='lat' dir='ltr'><strong>zelo</strong></span> <span class='ocrx_word' id='word_1_123' title='bbox 3390 1380 3492 1460; x_wconf 83' lang='lat' dir='ltr'><strong>ju-</strong></span> 
     </span>
     <span class='ocr_line' id='line_1_10' title="bbox 385 1475 3491 1560; baseline 0.001 -23"><span class='ocrx_word' id='word_1_124' title='bbox 385 1487 722 1555; x_wconf 71' lang='lat' dir='ltr'><strong>terroyare</strong></span> <span class='ocrx_word' id='word_1_125' title='bbox 739 1481 1267 1540; x_wconf 83' lang='lat' dir='ltr'><strong>Dominum.Sed</strong></span> <span class='ocrx_word' id='word_1_126' title='bbox 1285 1499 1394 1556; x_wconf 71' lang='lat' dir='ltr'><strong>eyo</strong></span> <span class='ocrx_word' id='word_1_127' title='bbox 1415 1481 1526 1538; x_wconf 84' lang='lat' dir='ltr'><strong>odi</strong></span> <span class='ocrx_word' id='word_1_128' title='bbox 1544 1499 1710 1546; x_wconf 87' lang='lat' dir='ltr'><strong>eum,</strong></span> <span class='ocrx_word' id='word_1_129' title='bbox 1731 1481 1888 1558; x_wconf 78' lang='lat' dir='ltr'><strong>quia</strong></span> <span class='ocrx_word' id='word_1_130' title='bbox 2003 1478 2212 1554; x_wconf 84' lang='lat' dir='ltr'><strong>stitiae,</strong></span> <span class='ocrx_word' id='word_1_131' title='bbox 2240 1478 2391 1558; x_wconf 85' lang='lat' dir='ltr'><strong>quia</strong></span> <span class='ocrx_word' id='word_1_132' title='bbox 2438 1497 2543 1540; x_wconf 84' lang='lat' dir='ltr'><strong>rex</strong></span> <span class='ocrx_word' id='word_1_133' title='bbox 2588 1477 2825 1560; x_wconf 86' lang='lat' dir='ltr'><strong>impius</strong></span> <span class='ocrx_word' id='word_1_134' title='bbox 2870 1477 3169 1557; x_wconf 82' lang='lat' dir='ltr'><strong>indignus</strong></span> <span class='ocrx_word' id='word_1_135' title='bbox 3224 1475 3349 1539; x_wconf 83' lang='lat' dir='ltr'><strong>fuit</strong></span> <span class='ocrx_word' id='word_1_136' title='bbox 3388 1497 3491 1540; x_wconf 86' lang='lat' dir='ltr'><strong>ve-</strong></span> 
     </span>
     <span class='ocr_line' id='line_1_11' title="bbox 382 1576 3489 1658; baseline 0.001 -22"><span class='ocrx_word' id='word_1_137' title='bbox 382 1597 524 1637; x_wconf 85' lang='lat' dir='ltr'><strong>non</strong></span> <span class='ocrx_word' id='word_1_138' title='bbox 551 1580 896 1656; x_wconf 76' lang='lat' dir='ltr'><strong>prophetat</strong></span> <span class='ocrx_word' id='word_1_139' title='bbox 927 1579 1095 1637; x_wconf 77' lang='lat' dir='ltr'><strong>mihi</strong></span> <span class='ocrx_word' id='word_1_140' title='bbox 1122 1580 1380 1648; x_wconf 84' lang='lat' dir='ltr'><strong>bonum,</strong></span> <span class='ocrx_word' id='word_1_141' title='bbox 1416 1577 1480 1639; x_wconf 89' lang='lat' dir='ltr'><strong>id</strong></span> <span class='ocrx_word' id='word_1_142' title='bbox 1512 1586 1606 1638; x_wconf 90' lang='lat' dir='ltr'><strong>cst</strong></span> <span class='ocrx_word' id='word_1_143' title='bbox 1639 1595 1891 1658; x_wconf 86' lang='lat' dir='ltr'><strong>prospe·</strong></span> <span class='ocrx_word' id='word_1_144' title='bbox 2001 1595 2068 1640; x_wconf 92' lang='lat' dir='ltr'><strong>ro</strong></span> <span class='ocrx_word' id='word_1_145' title='bbox 2119 1595 2447 1658; x_wconf 88' lang='lat' dir='ltr'><strong>1·espons0‚</strong></span> <span class='ocrx_word' id='word_1_146' title='bbox 2491 1576 2784 1658; x_wconf 87' lang='lat' dir='ltr'><strong>quamvis</strong></span> <span class='ocrx_word' id='word_1_147' title='bbox 2834 1576 2953 1638; x_wconf 92' lang='lat' dir='ltr'><strong>hoc</strong></span> <span class='ocrx_word' id='word_1_148' title='bbox 3004 1584 3221 1658; x_wconf 88' lang='lat' dir='ltr'><strong>postea</strong></span> <span class='ocrx_word' id='word_1_149' title='bbox 3271 1577 3489 1638; x_wconf 83' lang='lat' dir='ltr'><strong>datum</strong></span> 
     </span>
     <span class='ocr_line' id='line_1_12' title="bbox 387 1675 3485 1753; baseline -0 -17"><span class='ocrx_word' id='word_1_150' title='bbox 387 1693 484 1750; x_wconf 81' lang='lat' dir='ltr'><strong>ra,</strong></span> <span class='ocrx_word' id='word_1_151' title='bbox 521 1677 632 1736; x_wconf 84' lang='lat' dir='ltr'><strong>sed</strong></span> <span class='ocrx_word' id='word_1_152' title='bbox 681 1680 956 1746; x_wconf 85' lang='lat' dir='ltr'><strong>malum,</strong></span> <span class='ocrx_word' id='word_1_153' title='bbox 999 1675 1063 1736; x_wconf 91' lang='lat' dir='ltr'><strong>id</strong></span> <span class='ocrx_word' id='word_1_154' title='bbox 1113 1682 1210 1738; x_wconf 91' lang='lat' dir='ltr'><strong>est</strong></span> <span class='ocrx_word' id='word_1_155' title='bbox 1259 1676 1548 1750; x_wconf 83' lang='lat' dir='ltr'><strong>adversa,</strong></span> <span class='ocrx_word' id='word_1_156' title='bbox 1583 1677 1890 1736; x_wconf 68' lang='lat' dir='ltr'><strong>Michaeas</strong></span> <span class='ocrx_word' id='word_1_157' title='bbox 2001 1677 2082 1736; x_wconf 90' lang='lat' dir='ltr'><strong>sit</strong></span> <span class='ocrx_word' id='word_1_158' title='bbox 2114 1676 2197 1737; x_wconf 92' lang='lat' dir='ltr'><strong>ei.</strong></span> <span class='ocrx_word' id='word_1_159' title='bbox 2234 1677 2319 1736; x_wconf 75' lang='lat' dir='ltr'><strong>Ec</strong></span> <span class='ocrx_word' id='word_1_160' title='bbox 2367 1679 2573 1736; x_wconf 81' lang='lat' dir='ltr'><strong>tradet</strong></span> <span class='ocrx_word' id='word_1_161' title='bbox 2602 1678 2922 1737; x_wconf 81' lang='lat' dir='ltr'><strong>Dominus</strong></span> <span class='ocrx_word' id='word_1_162' title='bbox 2956 1679 3029 1735; x_wconf 84' lang='lat' dir='ltr'><strong>in</strong></span> <span class='ocrx_word' id='word_1_163' title='bbox 3060 1696 3266 1736; x_wconf 80' lang='lat' dir='ltr'><strong>manu</strong></span> <span class='ocrx_word' id='word_1_164' title='bbox 3295 1679 3485 1753; x_wconf 76' lang='lat' dir='ltr'><strong>reyis.</strong></span> 
     </span>
     <span class='ocr_line' id='line_1_13' title="bbox 381 1772 3485 1855; baseline 0.002 -25"><span class='ocrx_word' id='word_1_165' title='bbox 381 1774 578 1848; x_wconf 77' lang='lat' dir='ltr'><strong>filius</strong></span> <span class='ocrx_word' id='word_1_166' title='bbox 603 1776 835 1835; x_wconf 84' lang='lat' dir='ltr'><strong>Jemla.</strong></span> <span class='ocrx_word' id='word_1_167' title='bbox 871 1773 1124 1837; x_wconf 88' lang='lat' dir='ltr'><strong>Ceteros</strong></span> <span class='ocrx_word' id='word_1_168' title='bbox 1169 1774 1416 1855; x_wconf 87' lang='lat' dir='ltr'><strong>putavit</strong></span> <span class='ocrx_word' id='word_1_169' title='bbox 1445 1793 1482 1834; x_wconf 87' lang='lat' dir='ltr'><strong>a</strong></span> <span class='ocrx_word' id='word_1_170' title='bbox 1507 1772 1752 1835; x_wconf 80' lang='lat' dir='ltr'><strong>Iezabel</strong></span> <span class='ocrx_word' id='word_1_171' title='bbox 1794 1773 1891 1834; x_wconf 89' lang='lat' dir='ltr'><strong>in·</strong></span> <span class='ocrx_word' id='word_1_172' title='bbox 2000 1775 2133 1836; x_wconf 91' lang='lat' dir='ltr'><strong>Non</strong></span> <span class='ocrx_word' id='word_1_173' title='bbox 2181 1774 2342 1836; x_wconf 84' lang='lat' dir='ltr'>dixit</span> <span class='ocrx_word' id='word_1_174' title='bbox 2379 1792 2562 1855; x_wconf 82' lang='lat' dir='ltr'><strong>quoS‚</strong></span> <span class='ocrx_word' id='word_1_175' title='bbox 2598 1773 2697 1836; x_wconf 83' lang='lat' dir='ltr'><strong>vel</strong></span> <span class='ocrx_word' id='word_1_176' title='bbox 2745 1775 2809 1835; x_wconf 92' lang='lat' dir='ltr'><strong>in</strong></span> <span class='ocrx_word' id='word_1_177' title='bbox 2842 1774 3029 1854; x_wconf 85' lang='lat' dir='ltr'><strong>cujus</strong></span> <span class='ocrx_word' id='word_1_178' title='bbox 3072 1773 3239 1854; x_wconf 84' lang='lat' dir='ltr'><strong>regis</strong></span> <span class='ocrx_word' id='word_1_179' title='bbox 3270 1793 3485 1850; x_wconf 90' lang='lat' dir='ltr'><strong>manu,</strong></span> 
     </span>
     <span class='ocr_line' id='line_1_14' title="bbox 385 1869 3492 1955; baseline 0.001 -24"><span class='ocrx_word' id='word_1_180' title='bbox 385 1871 718 1934; x_wconf 80' lang='lat' dir='ltr'><strong>terfectos.</strong></span> <span class='ocrx_word' id='word_1_181' title='bbox 753 1871 871 1935; x_wconf 90' lang='lat' dir='ltr'><strong>Sed</strong></span> <span class='ocrx_word' id='word_1_182' title='bbox 903 1891 1100 1954; x_wconf 88' lang='lat' dir='ltr'><strong>quare</strong></span> <span class='ocrx_word' id='word_1_183' title='bbox 1131 1873 1310 1935; x_wconf 87' lang='lat' dir='ltr'><strong>siluit</strong></span> <span class='ocrx_word' id='word_1_184' title='bbox 1340 1873 1418 1934; x_wconf 89' lang='lat' dir='ltr'><strong>dc</strong></span> <span class='ocrx_word' id='word_1_185' title='bbox 1447 1872 1622 1933; x_wconf 75' lang='lat' dir='ltr'><strong>Elia?</strong></span> <span class='ocrx_word' id='word_1_186' title='bbox 1653 1872 1889 1934; x_wconf 81' lang='lat' dir='ltr'><strong>Forsan</strong></span> <span class='ocrx_word' id='word_1_187' title='bbox 1927 1869 1972 1929; x_wconf 94' lang='lat' dir='ltr'><strong>B</strong></span> <span class='ocrx_word' id='word_1_188' title='bbox 2001 1875 2109 1935; x_wconf 89' lang='lat' dir='ltr'><strong>sed</strong></span> <span class='ocrx_word' id='word_1_189' title='bbox 2141 1873 2410 1936; x_wconf 83' lang='lat' dir='ltr'><strong>obscure</strong></span> <span class='ocrx_word' id='word_1_190' title='bbox 2457 1873 2706 1935; x_wconf 90' lang='lat' dir='ltr'><strong>locutus</strong></span> <span class='ocrx_word' id='word_1_191' title='bbox 2740 1881 2856 1935; x_wconf 87' lang='lat' dir='ltr'><strong>est.</strong></span> <span class='ocrx_word' id='word_1_192' title='bbox 2892 1873 3027 1948; x_wconf 88' lang='lat' dir='ltr'><strong>Vel,</strong></span> <span class='ocrx_word' id='word_1_193' title='bbox 3052 1873 3206 1954; x_wconf 88' lang='lat' dir='ltr'><strong>quia</strong></span> <span class='ocrx_word' id='word_1_194' title='bbox 3250 1892 3357 1936; x_wconf 88' lang='lat' dir='ltr'><strong>rex</strong></span> <span class='ocrx_word' id='word_1_195' title='bbox 3388 1891 3492 1955; x_wconf 89' lang='lat' dir='ltr'><strong>po-</strong></span> 
     </span>
     <span class='ocr_line' id='line_1_15' title="bbox 385 1969 3491 2053; baseline 0.001 -21"><span class='ocrx_word' id='word_1_196' title='bbox 385 1971 550 2051; x_wconf 86' lang='lat' dir='ltr'><strong>quia</strong></span> <span class='ocrx_word' id='word_1_197' title='bbox 584 1980 951 2047; x_wconf 83' lang='lat' dir='ltr'><strong>recesserat,</strong></span> <span class='ocrx_word' id='word_1_198' title='bbox 981 1980 1044 2034; x_wconf 88' lang='lat' dir='ltr'><strong>et</strong></span> <span class='ocrx_word' id='word_1_199' title='bbox 1072 1971 1344 2035; x_wconf 88' lang='lat' dir='ltr'><strong>nescivit</strong></span> <span class='ocrx_word' id='word_1_200' title='bbox 1371 1970 1586 2032; x_wconf 83' lang='lat' dir='ltr'><strong>Achab</strong></span> <span class='ocrx_word' id='word_1_201' title='bbox 1618 1969 1728 2032; x_wconf 90' lang='lat' dir='ltr'><strong>ubi</strong></span> <span class='ocrx_word' id='word_1_202' title='bbox 1757 1970 1887 2050; x_wconf 89' lang='lat' dir='ltr'><strong>jam</strong></span> <span class='ocrx_word' id='word_1_203' title='bbox 2001 1973 2127 2033; x_wconf 88' lang='lat' dir='ltr'><strong>tius</strong></span> <span class='ocrx_word' id='word_1_204' title='bbox 2158 1970 2363 2036; x_wconf 86' lang='lat' dir='ltr'><strong>voluit</strong></span> <span class='ocrx_word' id='word_1_205' title='bbox 2383 1971 2604 2034; x_wconf 89' lang='lat' dir='ltr'><strong>audire</strong></span> <span class='ocrx_word' id='word_1_206' title='bbox 2637 1989 2940 2053; x_wconf 86' lang='lat' dir='ltr'><strong>prospera</strong></span> <span class='ocrx_word' id='word_1_207' title='bbox 2968 1990 3159 2053; x_wconf 88' lang='lat' dir='ltr'><strong>quam</strong></span> <span class='ocrx_word' id='word_1_208' title='bbox 3192 1989 3361 2047; x_wconf 87' lang='lat' dir='ltr'><strong>vera,</strong></span> <span class='ocrx_word' id='word_1_209' title='bbox 3383 1973 3491 2034; x_wconf 92' lang='lat' dir='ltr'><strong>de-</strong></span> 
     </span>
     <span class='ocr_line' id='line_1_16' title="bbox 385 2070 3491 2152; baseline 0.001 -22"><span class='ocrx_word' id='word_1_210' title='bbox 385 2079 586 2132; x_wconf 85' lang='lat' dir='ltr'><strong>esset.</strong></span> <span class='ocrx_word' id='word_1_211' title='bbox 625 2073 748 2131; x_wconf 80' lang='lat' dir='ltr'><strong>Cui</strong></span> <span class='ocrx_word' id='word_1_212' title='bbox 774 2075 1081 2148; x_wconf 76' lang='lat' dir='ltr'><strong>Josaplzat</strong></span> <span class='ocrx_word' id='word_1_213' title='bbox 1121 2073 1218 2130; x_wconf 83' lang='lat' dir='ltr'><strong>ait</strong></span> <span class='ocrx_word' id='word_1_214' title='bbox 1249 2092 1271 2130; x_wconf 91' lang='lat'><strong>.·</strong></span> <span class='ocrx_word' id='word_1_215' title='bbox 1305 2073 1403 2130; x_wconf 87' lang='lat' dir='ltr'><strong>Ne</strong></span> <span class='ocrx_word' id='word_1_216' title='bbox 1442 2071 1728 2149; x_wconf 81' lang='lat' dir='ltr'><strong>loquaris</strong></span> <span class='ocrx_word' id='word_1_217' title='bbox 1771 2072 1884 2139; x_wconf 79' lang='lat' dir='ltr'><strong>ita,</strong></span> <span class='ocrx_word' id='word_1_218' title='bbox 1999 2071 2092 2132; x_wconf 88' lang='lat' dir='ltr'><strong>dit</strong></span> <span class='ocrx_word' id='word_1_219' title='bbox 2121 2070 2180 2132; x_wconf 91' lang='lat' dir='ltr'><strong>ei</strong></span> <span class='ocrx_word' id='word_1_220' title='bbox 2213 2070 2497 2132; x_wconf 86' lang='lat' dir='ltr'><strong>irrisorie</strong></span> <span class='ocrx_word' id='word_1_221' title='bbox 2546 2089 2922 2151; x_wconf 86' lang='lat' dir='ltr'><strong>responsum</strong></span> <span class='ocrx_word' id='word_1_222' title='bbox 2960 2070 3329 2152; x_wconf 88' lang='lat' dir='ltr'><strong>hujusmodi</strong></span> <span class='ocrx_word' id='word_1_223' title='bbox 3370 2088 3383 2132; x_wconf 71' lang='grc' dir='ltr'><em>τ</em></span> <span class='ocrx_word' id='word_1_224' title='bbox 3417 2089 3491 2134; x_wconf 88' lang='lat' dir='ltr'><strong>ac</strong></span> 
     </span>
     <span class='ocr_line' id='line_1_17' title="bbox 386 2166 3493 2251; baseline 0.002 -25"><span class='ocrx_word' id='word_1_225' title='bbox 386 2189 536 2240; x_wconf 70' lang='lat' dir='ltr'><strong>rem,</strong></span> <span class='ocrx_word' id='word_1_226' title='bbox 575 2168 636 2230; x_wconf 89' lang='lat' dir='ltr'><strong>id</strong></span> <span class='ocrx_word' id='word_1_227' title='bbox 673 2177 790 2244; x_wconf 89' lang='lat' dir='ltr'><strong>est,</strong></span> <span class='ocrx_word' id='word_1_228' title='bbox 829 2186 955 2230; x_wconf 90' lang='lat' dir='ltr'><strong>non</strong></span> <span class='ocrx_word' id='word_1_229' title='bbox 988 2168 1162 2230; x_wconf 87' lang='lat' dir='ltr'><strong>dicas</strong></span> <span class='ocrx_word' id='word_1_230' title='bbox 1207 2177 1266 2230; x_wconf 88' lang='lat' dir='ltr'><strong>te</strong></span> <span class='ocrx_word' id='word_1_231' title='bbox 1297 2167 1478 2229; x_wconf 86' lang='lat' dir='ltr'><strong>odire</strong></span> <span class='ocrx_word' id='word_1_232' title='bbox 1508 2166 1884 2249; x_wconf 80' lang='lat' dir='ltr'><strong>Prophelam</strong></span> <span class='ocrx_word' id='word_1_233' title='bbox 2000 2167 2054 2230; x_wconf 89' lang='lat' dir='ltr'><strong>si</strong></span> <span class='ocrx_word' id='word_1_234' title='bbox 2084 2168 2345 2245; x_wconf 88' lang='lat' dir='ltr'><strong>diceret,</strong></span> <span class='ocrx_word' id='word_1_235' title='bbox 2382 2168 2616 2230; x_wconf 75' lang='lat' dir='ltr'><strong>Taliter</strong></span> <span class='ocrx_word' id='word_1_236' title='bbox 2650 2168 2764 2230; x_wconf 90' lang='lat' dir='ltr'><strong>tibi</strong></span> <span class='ocrx_word' id='word_1_237' title='bbox 2796 2169 3173 2251; x_wconf 87' lang='lat' dir='ltr'><strong>respondeo,</strong></span> <span class='ocrx_word' id='word_1_238' title='bbox 3200 2178 3269 2230; x_wconf 85' lang='lat' dir='ltr'><strong>ut</strong></span> <span class='ocrx_word' id='word_1_239' title='bbox 3298 2187 3493 2232; x_wconf 89' lang='lat' dir='ltr'><strong>mere-</strong></span> 
     </span>
     <span class='ocr_line' id='line_1_18' title="bbox 389 2264 3487 2350; baseline 0.001 -22"><span class='ocrx_word' id='word_1_240' title='bbox 389 2267 531 2343; x_wconf 90' lang='lat' dir='ltr'><strong>Dei,</strong></span> <span class='ocrx_word' id='word_1_241' title='bbox 567 2286 642 2329; x_wconf 88' lang='lat' dir='ltr'><strong>eo</strong></span> <span class='ocrx_word' id='word_1_242' title='bbox 677 2268 849 2348; x_wconf 92' lang='lat' dir='ltr'><strong>quod</strong></span> <span class='ocrx_word' id='word_1_243' title='bbox 883 2286 1032 2330; x_wconf 87' lang='lat' dir='ltr'><strong>vera</strong></span> <span class='ocrx_word' id='word_1_244' title='bbox 1075 2267 1188 2329; x_wconf 89' lang='lat' dir='ltr'><strong>tibi</strong></span> <span class='ocrx_word' id='word_1_245' title='bbox 1230 2267 1550 2348; x_wconf 84' lang='lat' dir='ltr'><strong>praedicat,</strong></span> <span class='ocrx_word' id='word_1_246' title='bbox 1585 2266 1722 2330; x_wconf 89' lang='lat' dir='ltr'><strong>sive</strong></span> <span class='ocrx_word' id='word_1_247' title='bbox 1760 2264 1888 2326; x_wconf 89' lang='lat' dir='ltr'><strong>sint</strong></span> <span class='ocrx_word' id='word_1_248' title='bbox 1999 2268 2085 2330; x_wconf 91' lang='lat' dir='ltr'><strong>ris</strong></span> <span class='ocrx_word' id='word_1_249' title='bbox 2135 2275 2199 2330; x_wconf 87' lang='lat' dir='ltr'><strong>et</strong></span> <span class='ocrx_word' id='word_1_250' title='bbox 2244 2267 2476 2346; x_wconf 86' lang='lat' dir='ltr'><strong>dignus</strong></span> <span class='ocrx_word' id='word_1_251' title='bbox 2526 2287 2614 2330; x_wconf 80' lang='lat' dir='ltr'><strong>eS.</strong></span> <span class='ocrx_word' id='word_1_252' title='bbox 2648 2267 2825 2342; x_wconf 89' lang='lat' dir='ltr'><strong>Quod</strong></span> <span class='ocrx_word' id='word_1_253' title='bbox 2872 2267 3085 2330; x_wconf 81' lang='lat' dir='ltr'>Achab</span> <span class='ocrx_word' id='word_1_254' title='bbox 3131 2269 3487 2350; x_wconf 78' lang='lat' dir='ltr'><strong>suspicanS,</strong></span> 
     </span>
     <span class='ocr_line' id='line_1_19' title="bbox 387 2365 2765 2449; baseline 0 -23"><span class='ocrx_word' id='word_1_255' title='bbox 387 2385 704 2448; x_wconf 87' lang='lat' dir='ltr'><strong>prospera</strong></span> <span class='ocrx_word' id='word_1_256' title='bbox 752 2368 887 2431; x_wconf 87' lang='lat' dir='ltr'><strong>sive</strong></span> <span class='ocrx_word' id='word_1_257' title='bbox 937 2367 1222 2430; x_wconf 84' lang='lat' dir='ltr'><strong>adversa.</strong></span> <span class='ocrx_word' id='word_1_258' title='bbox 1267 2369 1523 2427; x_wconf 76' lang='lat' dir='ltr'><strong>Vocavit</strong></span> <span class='ocrx_word' id='word_1_259' title='bbox 1577 2386 1724 2442; x_wconf 68' lang='lat' dir='ltr'><strong>erqo</strong></span> <span class='ocrx_word' id='word_1_260' title='bbox 1773 2387 1889 2424; x_wconf 73' lang='lat' dir='ltr'><strong>rex</strong></span> <span class='ocrx_word' id='word_1_261' title='bbox 1998 2367 2158 2428; x_wconf 81' lang='lat' dir='ltr'><strong>dixit</strong></span> <span class='ocrx_word' id='word_1_262' title='bbox 2192 2367 2386 2449; x_wconf 91' lang='lat' dir='ltr'><strong>[quod</strong></span> <span class='ocrx_word' id='word_1_263' title='bbox 2424 2365 2765 2448; x_wconf 67' lang='lat' dir='ltr'><strong>subditur}</strong></span> 
     </span>
     <span class='ocr_line' id='line_1_20' title="bbox 391 2467 3492 2545; baseline 0 -19"><span class='ocrx_word' id='word_1_264' title='bbox 391 2467 604 2526; x_wconf 82' lang='lat' dir='ltr'><strong>Israel</strong></span> <span class='ocrx_word' id='word_1_265' title='bbox 646 2469 1016 2526; x_wconf 81' lang='lat' dir='ltr'><strong>eunuchum</strong></span> <span class='ocrx_word' id='word_1_266' title='bbox 1059 2469 1428 2545; x_wconf 79' lang='lat' dir='ltr'><strong>quemdam,</strong></span> <span class='ocrx_word' id='word_1_267' title='bbox 1460 2475 1519 2524; x_wconf 76' lang='lat' dir='ltr'><strong>ec</strong></span> <span class='ocrx_word' id='word_1_268' title='bbox 1558 2468 1733 2524; x_wconf 65' lang='lat' dir='ltr'><strong>diu-it</strong></span> <span class='ocrx_word' id='word_1_269' title='bbox 1773 2467 1834 2523; x_wconf 84' lang='lat' dir='ltr'><strong>ei</strong></span> <span class='ocrx_word' id='word_1_270' title='bbox 1864 2486 1886 2524; x_wconf 93' lang='lat'><strong>.·</strong></span> <span class='ocrx_word' id='word_1_271' title='bbox 2077 2468 2271 2526; x_wconf 74' lang='lat' dir='ltr'><strong>Dixit</strong></span> <span class='ocrx_word' id='word_1_272' title='bbox 2301 2475 2517 2526; x_wconf 81' lang='lat' dir='ltr'><strong>autem</strong></span> <span class='ocrx_word' id='word_1_273' title='bbox 2550 2485 2665 2524; x_wconf 78' lang='lat' dir='ltr'><strong>rex</strong></span> <span class='ocrx_word' id='word_1_274' title='bbox 2694 2469 2782 2525; x_wconf 84' lang='lat' dir='ltr'><strong>ad</strong></span> <span class='ocrx_word' id='word_1_275' title='bbox 2808 2486 2956 2526; x_wconf 83' lang='lat' dir='ltr'><strong>eum</strong></span> <span class='ocrx_word' id='word_1_276' title='bbox 2979 2469 3269 2526; x_wconf 79' lang='lat' dir='ltr'><strong>:Iterum</strong></span> <span class='ocrx_word' id='word_1_277' title='bbox 3299 2477 3492 2544; x_wconf 81' lang='lat' dir='ltr'><strong>atque</strong></span> 
     </span>
     <span class='ocr_line' id='line_1_21' title="bbox 389 2565 3489 2642; baseline -0.001 -18"><span class='ocrx_word' id='word_1_278' title='bbox 389 2565 666 2625; x_wconf 81' lang='lat' dir='ltr'><strong>Festina</strong></span> <span class='ocrx_word' id='word_1_279' title='bbox 693 2567 1012 2624; x_wconf 80' lang='lat' dir='ltr'><strong>adducere</strong></span> <span class='ocrx_word' id='word_1_280' title='bbox 1042 2567 1386 2626; x_wconf 79' lang='lat' dir='ltr'><strong>Miehoeam</strong></span> <span class='ocrx_word' id='word_1_281' title='bbox 1411 2566 1631 2642; x_wconf 80' lang='lat' dir='ltr'><strong>filium</strong></span> <span class='ocrx_word' id='word_1_282' title='bbox 1650 2567 1880 2625; x_wconf 76' lang='lat' dir='ltr'><strong>semla.</strong></span> <span class='ocrx_word' id='word_1_283' title='bbox 1996 2565 2235 2623; x_wconf 83' lang='lat' dir='ltr'><strong>iterum</strong></span> <span class='ocrx_word' id='word_1_284' title='bbox 2257 2565 2495 2640; x_wconf 78' lang='lat' dir='ltr'><strong>adjuro</strong></span> <span class='ocrx_word' id='word_1_285' title='bbox 2521 2573 2597 2634; x_wconf 82' lang='lat' dir='ltr'><strong>te,</strong></span> <span class='ocrx_word' id='word_1_286' title='bbox 2624 2573 2696 2623; x_wconf 78' lang='lat' dir='ltr'><strong>ut</strong></span> <span class='ocrx_word' id='word_1_287' title='bbox 2726 2583 2855 2622; x_wconf 87' lang='lat' dir='ltr'><strong>non</strong></span> <span class='ocrx_word' id='word_1_288' title='bbox 2888 2565 3175 2642; x_wconf 77' lang='lat' dir='ltr'><strong>loquaris</strong></span> <span class='ocrx_word' id='word_1_289' title='bbox 3202 2566 3371 2624; x_wconf 72' lang='lat' dir='ltr'><strong>mihi</strong></span> <span class='ocrx_word' id='word_1_290' title='bbox 3392 2565 3489 2623; x_wconf 85' lang='lat' dir='ltr'><strong>ni-</strong></span> 
     </span>
     <span class='ocr_line' id='line_1_22' title="bbox 473 2664 3487 2740; baseline 0 -16"><span class='ocrx_word' id='word_1_291' title='bbox 473 2667 621 2724; x_wconf 70' lang='lat' dir='ltr'><strong>Rex</strong></span> <span class='ocrx_word' id='word_1_292' title='bbox 648 2672 866 2723; x_wconf 82' lang='lat' dir='ltr'><strong>autem</strong></span> <span class='ocrx_word' id='word_1_293' title='bbox 895 2666 1101 2724; x_wconf 84' lang='lat' dir='ltr'><strong>Israel</strong></span> <span class='ocrx_word' id='word_1_294' title='bbox 1129 2673 1188 2722; x_wconf 74' lang='lat' dir='ltr'><strong>et</strong></span> <span class='ocrx_word' id='word_1_295' title='bbox 1216 2666 1524 2740; x_wconf 74' lang='lat' dir='ltr'><strong>Josapkat</strong></span> <span class='ocrx_word' id='word_1_296' title='bbox 1553 2665 1884 2732; x_wconf 65' lang='lat' dir='ltr'><strong>rea-Iuda,</strong></span> <span class='ocrx_word' id='word_1_297' title='bbox 1994 2664 2053 2720; x_wconf 84' lang='lat' dir='ltr'><strong>si</strong></span> <span class='ocrx_word' id='word_1_298' title='bbox 2082 2665 2255 2740; x_wconf 80' lang='lat' dir='ltr'><strong>quod</strong></span> <span class='ocrx_word' id='word_1_299' title='bbox 2284 2683 2509 2723; x_wconf 80' lang='lat' dir='ltr'><strong>verum</strong></span> <span class='ocrx_word' id='word_1_300' title='bbox 2538 2672 2649 2732; x_wconf 78' lang='lat' dir='ltr'><strong>est,</strong></span> <span class='ocrx_word' id='word_1_301' title='bbox 2684 2664 2756 2723; x_wconf 84' lang='lat' dir='ltr'><strong>in</strong></span> <span class='ocrx_word' id='word_1_302' title='bbox 2788 2665 3049 2723; x_wconf 83' lang='lat' dir='ltr'><strong>nomine</strong></span> <span class='ocrx_word' id='word_1_303' title='bbox 3078 2664 3368 2723; x_wconf 80' lang='lat' dir='ltr'><strong>Domini.</strong></span> <span class='ocrx_word' id='word_1_304' title='bbox 3404 2665 3487 2724; x_wconf 74' lang='lat' dir='ltr'><strong>Et</strong></span> 
     </span>
     <span class='ocr_line' id='line_1_23' title="bbox 385 2761 3486 2843; baseline 0 -21"><span class='ocrx_word' id='word_1_305' title='bbox 385 2765 692 2822; x_wconf 80' lang='lat' dir='ltr'><strong>sedebant</strong></span> <span class='ocrx_word' id='word_1_306' title='bbox 721 2763 1166 2840; x_wconf 79' lang='lat' dir='ltr'><strong>unusquisque</strong></span> <span class='ocrx_word' id='word_1_307' title='bbox 1198 2763 1264 2820; x_wconf 84' lang='lat' dir='ltr'><strong>in</strong></span> <span class='ocrx_word' id='word_1_308' title='bbox 1299 2764 1456 2821; x_wconf 81' lang='lat' dir='ltr'><strong>solio</strong></span> <span class='ocrx_word' id='word_1_309' title='bbox 1499 2782 1636 2832; x_wconf 83' lang='lat' dir='ltr'><strong>suo,</strong></span> <span class='ocrx_word' id='word_1_310' title='bbox 1672 2764 1888 2822; x_wconf 80' lang='lat' dir='ltr'><strong>vestiti</strong></span> <span class='ocrx_word' id='word_1_311' title='bbox 1995 2764 2109 2820; x_wconf 83' lang='lat' dir='ltr'><strong>ille</strong></span> <span class='ocrx_word' id='word_1_312' title='bbox 2147 2763 2269 2834; x_wconf 56' lang='lat' dir='ltr'><strong>aij,</strong></span> <span class='ocrx_word' id='word_1_313' title='bbox 2302 2779 2521 2822; x_wconf 85' lang='lat' dir='ltr'><strong>verum</strong></span> <span class='ocrx_word' id='word_1_314' title='bbox 2561 2761 2769 2823; x_wconf 85' lang='lat' dir='ltr'><strong>dando</strong></span> <span class='ocrx_word' id='word_1_315' title='bbox 2810 2779 3185 2843; x_wconf 88' lang='lat' dir='ltr'><strong>responsum</strong></span> <span class='ocrx_word' id='word_1_316' title='bbox 3226 2768 3486 2843; x_wconf 83' lang='lat' dir='ltr'><strong>propter</strong></span> 
     </span>
     <span class='ocr_line' id='line_1_24' title="bbox 385 2857 3485 2941; baseline 0.001 -23"><span class='ocrx_word' id='word_1_317' title='bbox 385 2867 586 2920; x_wconf 71' lang='lat' dir='ltr'><strong>cultu-</strong></span> <span class='ocrx_word' id='word_1_318' title='bbox 627 2863 824 2938; x_wconf 72' lang='lat' dir='ltr'><strong>reqio,</strong></span> <span class='ocrx_word' id='word_1_319' title='bbox 851 2863 922 2920; x_wconf 83' lang='lat' dir='ltr'><strong>in</strong></span> <span class='ocrx_word' id='word_1_320' title='bbox 972 2881 1122 2921; x_wconf 83' lang='lat' dir='ltr'><strong>areu</strong></span> <span class='ocrx_word' id='word_1_321' title='bbox 1153 2863 1360 2937; x_wconf 65' lang='lat' dir='ltr'><strong>juxta</strong></span> <span class='ocrx_word' id='word_1_322' title='bbox 1403 2863 1638 2920; x_wconf 78' lang='lat' dir='ltr'><strong>ostium</strong></span> <span class='ocrx_word' id='word_1_323' title='bbox 1679 2871 1885 2936; x_wconf 81' lang='lat' dir='ltr'><strong>porlce</strong></span> <span class='ocrx_word' id='word_1_324' title='bbox 1997 2859 2416 2923; x_wconf 83' lang='lat' dir='ltr'><strong>reverentiam</strong></span> <span class='ocrx_word' id='word_1_325' title='bbox 2447 2859 2725 2921; x_wconf 87' lang='lat' dir='ltr'><strong>nominis</strong></span> <span class='ocrx_word' id='word_1_326' title='bbox 2756 2859 2866 2922; x_wconf 79' lang='lat' dir='ltr'><strong>Dei</strong></span> <span class='ocrx_word' id='word_1_327' title='bbox 2897 2877 3025 2940; x_wconf 92' lang='lat' dir='ltr'><strong>quo</strong></span> <span class='ocrx_word' id='word_1_328' title='bbox 3058 2857 3267 2922; x_wconf 83' lang='lat' dir='ltr'><strong>fuerat</strong></span> <span class='ocrx_word' id='word_1_329' title='bbox 3303 2860 3485 2941; x_wconf 83' lang='lat' dir='ltr'><strong>adju-</strong></span> 
     </span>
     <span class='ocr_line' id='line_1_25' title="bbox 387 2956 3735 3040; baseline -0.001 -18"><span class='ocrx_word' id='word_1_330' title='bbox 387 2962 737 3027; x_wconf 81' lang='lat' dir='ltr'><strong>Samarioe,</strong></span> <span class='ocrx_word' id='word_1_331' title='bbox 767 2969 827 3019; x_wconf 81' lang='lat' dir='ltr'><strong>et</strong></span> <span class='ocrx_word' id='word_1_332' title='bbox 868 2961 1161 3020; x_wconf 84' lang='lat' dir='ltr'><strong>univers-i</strong></span> <span class='ocrx_word' id='word_1_333' title='bbox 1195 2962 1517 3036; x_wconf 71' lang='lat' dir='ltr'><strong>prophetae</strong></span> <span class='ocrx_word' id='word_1_334' title='bbox 1547 2963 1885 3037; x_wconf 79' lang='lat' dir='ltr'><strong>propheta·</strong></span> <span class='ocrx_word' id='word_1_335' title='bbox 1996 2967 2189 3036; x_wconf 85' lang='lat' dir='ltr'><strong>ratuS‚</strong></span> <span class='ocrx_word' id='word_1_336' title='bbox 2227 2959 2393 3022; x_wconf 90' lang='lat' dir='ltr'><strong>sicut</strong></span> <span class='ocrx_word' id='word_1_337' title='bbox 2422 2966 2485 3021; x_wconf 86' lang='lat' dir='ltr'><strong>et</strong></span> <span class='ocrx_word' id='word_1_338' title='bbox 2512 2957 2798 3021; x_wconf 89' lang='lat' dir='ltr'><strong>Christus</strong></span> <span class='ocrx_word' id='word_1_339' title='bbox 2830 2977 2867 3019; x_wconf 86' lang='lat' dir='ltr'><strong>a</strong></span> <span class='ocrx_word' id='word_1_340' title='bbox 2896 2956 3207 3040; x_wconf 83' lang='lat' dir='ltr'><strong>pontifice</strong></span> <span class='ocrx_word' id='word_1_341' title='bbox 3235 2958 3484 3040; x_wconf 86' lang='lat' dir='ltr'><strong>adjura·</strong></span> <span class='ocrx_word' id='word_1_342' title='bbox 3564 2987 3735 3031; x_wconf 60' lang='lat' dir='ltr'><strong>natm.</strong></span> 
     </span>
     <span class='ocr_line' id='line_1_26' title="bbox 387 3052 3781 3141; baseline 0 -23"><span class='ocrx_word' id='word_1_343' title='bbox 387 3062 550 3119; x_wconf 72' lang='lat' dir='ltr'><strong>bani</strong></span> <span class='ocrx_word' id='word_1_344' title='bbox 574 3061 644 3118; x_wconf 83' lang='lat' dir='ltr'><strong>in</strong></span> <span class='ocrx_word' id='word_1_345' title='bbox 665 3067 998 3135; x_wconf 80' lang='lat' dir='ltr'><strong>conspeetu</strong></span> <span class='ocrx_word' id='word_1_346' title='bbox 1018 3077 1262 3119; x_wconf 87' lang='lat' dir='ltr'><strong>eorum.</strong></span> <span class='ocrx_word' id='word_1_347' title='bbox 1293 3061 1466 3119; x_wconf 75' lang='lat' dir='ltr'><strong>Fecit</strong></span> <span class='ocrx_word' id='word_1_348' title='bbox 1497 3079 1744 3138; x_wconf 78' lang='lat' dir='ltr'><strong>quoque</strong></span> <span class='ocrx_word' id='word_1_349' title='bbox 1760 3061 1887 3118; x_wconf 77' lang='lat' dir='ltr'><strong>sibi</strong></span> <span class='ocrx_word' id='word_1_350' title='bbox 1919 3053 1962 3116; x_wconf 92' lang='lat' dir='ltr'>C</span> <span class='ocrx_word' id='word_1_351' title='bbox 1998 3070 2119 3137; x_wconf 86' lang='lat' dir='ltr'><strong>tuS‚</strong></span> <span class='ocrx_word' id='word_1_352' title='bbox 2169 3059 2519 3141; x_wconf 88' lang='lat' dir='ltr'><strong>respondit,</strong></span> <span class='ocrx_word' id='word_1_353' title='bbox 2564 3057 2674 3140; x_wconf 90' lang='lat' dir='ltr'><strong>qui</strong></span> <span class='ocrx_word' id='word_1_354' title='bbox 2728 3065 2913 3120; x_wconf 83' lang='lat' dir='ltr'><strong>antea</strong></span> <span class='ocrx_word' id='word_1_355' title='bbox 2956 3057 3132 3120; x_wconf 87' lang='lat' dir='ltr'><strong>siluit</strong></span> <span class='ocrx_word' id='word_1_356' title='bbox 3165 3075 3179 3119; x_wconf 70' lang='grc' dir='ltr'>ζ</span> <span class='ocrx_word' id='word_1_357' title='bbox 3224 3061 3371 3120; x_wconf 80' lang='lat' dir='ltr'><strong>Vidi</strong></span> <span class='ocrx_word' id='word_1_358' title='bbox 3415 3059 3483 3120; x_wconf 90' lang='lat' dir='ltr'><strong>in</strong></span> <span class='ocrx_word' id='word_1_359' title='bbox 3511 3052 3781 3101; x_wconf 42' lang='lat' dir='ltr'><strong>”ww-⁶⁴·</strong></span> 
     </span>
     <span class='ocr_line' id='line_1_27' title="bbox 387 3156 3487 3238; baseline -0.001 -16"><span class='ocrx_word' id='word_1_360' title='bbox 387 3160 698 3222; x_wconf 83' lang='lat' dir='ltr'><strong>Sedecias</strong></span> <span class='ocrx_word' id='word_1_361' title='bbox 724 3161 906 3235; x_wconf 80' lang='lat' dir='ltr'><strong>filius</strong></span> <span class='ocrx_word' id='word_1_362' title='bbox 941 3160 1274 3231; x_wconf 71' lang='lat' dir='ltr'><strong>Chanaun,</strong></span> <span class='ocrx_word' id='word_1_363' title='bbox 1309 3158 1375 3220; x_wconf 88' lang='lat' dir='ltr'><strong>id</strong></span> <span class='ocrx_word' id='word_1_364' title='bbox 1414 3166 1510 3219; x_wconf 88' lang='lat' dir='ltr'><strong>est</strong></span> <span class='ocrx_word' id='word_1_365' title='bbox 1539 3159 1618 3220; x_wconf 86' lang='lat' dir='ltr'><strong>dc</strong></span> <span class='ocrx_word' id='word_1_366' title='bbox 1652 3176 1884 3238; x_wconf 87' lang='lat' dir='ltr'><strong>genere</strong></span> <span class='ocrx_word' id='word_1_367' title='bbox 1993 3160 2243 3223; x_wconf 85' lang='lat' dir='ltr'><strong>visione</strong></span> <span class='ocrx_word' id='word_1_368' title='bbox 2276 3157 2651 3236; x_wconf 86' lang='lat' dir='ltr'><strong>imaginaria</strong></span> <span class='ocrx_word' id='word_1_369' title='bbox 2695 3157 3051 3238; x_wconf 86' lang='lat' dir='ltr'><strong>prophetali</strong></span> <span class='ocrx_word' id='word_1_370' title='bbox 3090 3156 3250 3219; x_wconf 89' lang='lat' dir='ltr'><strong>mihi</strong></span> <span class='ocrx_word' id='word_1_371' title='bbox 3280 3166 3487 3220; x_wconf 90' lang='lat' dir='ltr'><strong>osten-</strong></span> 
     </span>
     <span class='ocr_line' id='line_1_28' title="bbox 386 3254 3481 3335; baseline -0.001 -13"><span class='ocrx_word' id='word_1_372' title='bbox 386 3260 918 3331; x_wconf 80' lang='lat' dir='ltr'><strong>Chananaeorum,</strong></span> <span class='ocrx_word' id='word_1_373' title='bbox 941 3256 1045 3319; x_wconf 89' lang='lat' dir='ltr'><strong>vel</strong></span> <span class='ocrx_word' id='word_1_374' title='bbox 1079 3254 1258 3317; x_wconf 88' lang='lat' dir='ltr'><strong>filius</strong></span> <span class='ocrx_word' id='word_1_375' title='bbox 1288 3256 1410 3319; x_wconf 89' lang='lat' dir='ltr'><strong>viri</strong></span> <span class='ocrx_word' id='word_1_376' title='bbox 1443 3256 1700 3318; x_wconf 85' lang='lat' dir='ltr'><strong>nomine</strong></span> <span class='ocrx_word' id='word_1_377' title='bbox 1729 3256 1886 3319; x_wconf 87' lang='lat' dir='ltr'><strong>Cha·</strong></span> <span class='ocrx_word' id='word_1_378' title='bbox 1996 3278 2086 3333; x_wconf 87' lang='lat' dir='ltr'><strong>sa,</strong></span> <span class='ocrx_word' id='word_1_379' title='bbox 2106 3268 2411 3318; x_wconf 77' lang='lat' dir='ltr'><strong>cunctum</strong></span> <span class='ocrx_word' id='word_1_380' title='bbox 2431 3260 2653 3327; x_wconf 82' lang='lat' dir='ltr'><strong>Israel,</strong></span> <span class='ocrx_word' id='word_1_381' title='bbox 2680 3256 2742 3317; x_wconf 90' lang='lat' dir='ltr'><strong>id</strong></span> <span class='ocrx_word' id='word_1_382' title='bbox 2775 3263 2871 3319; x_wconf 89' lang='lat' dir='ltr'><strong>est</strong></span> <span class='ocrx_word' id='word_1_383' title='bbox 2901 3256 3246 3318; x_wconf 86' lang='lat' dir='ltr'><strong>exercitum</strong></span> <span class='ocrx_word' id='word_1_384' title='bbox 3276 3264 3481 3335; x_wconf 88' lang='lat' dir='ltr'><strong>tuum,</strong></span> 
     </span>
     <span class='ocr_line' id='line_1_29' title="bbox 389 3354 3487 3435; baseline 0.001 -19"><span class='ocrx_word' id='word_1_385' title='bbox 389 3376 584 3432; x_wconf 85' lang='lat' dir='ltr'><strong>naan,</strong></span> <span class='ocrx_word' id='word_1_386' title='bbox 607 3357 734 3415; x_wconf 81' lang='lat' dir='ltr'><strong>sibi</strong></span> <span class='ocrx_word' id='word_1_387' title='bbox 751 3374 996 3414; x_wconf 82' lang='lat' dir='ltr'><strong>cornua</strong></span> <span class='ocrx_word' id='word_1_388' title='bbox 1027 3358 1266 3433; x_wconf 82' lang='lat' dir='ltr'><strong>ferrea,</strong></span> <span class='ocrx_word' id='word_1_389' title='bbox 1287 3364 1346 3414; x_wconf 81' lang='lat' dir='ltr'><strong>et</strong></span> <span class='ocrx_word' id='word_1_390' title='bbox 1376 3357 1473 3414; x_wconf 79' lang='lat' dir='ltr'><strong>uic</strong></span> <span class='ocrx_word' id='word_1_391' title='bbox 1503 3375 1525 3413; x_wconf 93' lang='grc'><strong>.·</strong></span> <span class='ocrx_word' id='word_1_392' title='bbox 1547 3357 1702 3415; x_wconf 85' lang='lat' dir='ltr'><strong>Hoec</strong></span> <span class='ocrx_word' id='word_1_393' title='bbox 1723 3357 1886 3415; x_wconf 79' lang='lat' dir='ltr'><strong>dicit</strong></span> <span class='ocrx_word' id='word_1_394' title='bbox 1996 3359 2363 3432; x_wconf 78' lang='lat' dir='ltr'><strong>dispersum</strong></span> <span class='ocrx_word' id='word_1_395' title='bbox 2396 3358 2463 3415; x_wconf 78' lang='lat' dir='ltr'><strong>in</strong></span> <span class='ocrx_word' id='word_1_396' title='bbox 2499 3357 2847 3423; x_wconf 77' lang='lat' dir='ltr'><strong>montibus,</strong></span> <span class='ocrx_word' id='word_1_397' title='bbox 2878 3354 3113 3435; x_wconf 92' lang='lat' dir='ltr'><strong>quibus</strong></span> <span class='ocrx_word' id='word_1_398' title='bbox 3164 3362 3331 3417; x_wconf 87' lang='lat' dir='ltr'><strong>terra</strong></span> <span class='ocrx_word' id='word_1_399' title='bbox 3376 3355 3487 3419; x_wconf 90' lang='lat' dir='ltr'><strong>illa</strong></span> 
     </span>
     <span class='ocr_line' id='line_1_30' title="bbox 388 3455 3488 3532; baseline -0.001 -14"><span class='ocrx_word' id='word_1_400' title='bbox 388 3458 716 3519; x_wconf 85' lang='lat' dir='ltr'><strong>Dominus</strong></span> <span class='ocrx_word' id='word_1_401' title='bbox 747 3455 917 3514; x_wconf 87' lang='lat' dir='ltr'><strong>:His</strong></span> <span class='ocrx_word' id='word_1_402' title='bbox 963 3455 1306 3513; x_wconf 76' lang='lat' dir='ltr'><strong>ventilabis</strong></span> <span class='ocrx_word' id='word_1_403' title='bbox 1347 3455 1642 3530; x_wconf 80' lang='lat' dir='ltr'><strong>Syriam,</strong></span> <span class='ocrx_word' id='word_1_404' title='bbox 1691 3456 1888 3513; x_wconf 82' lang='lat' dir='ltr'><strong>donec</strong></span> <span class='ocrx_word' id='word_1_405' title='bbox 1994 3455 2299 3529; x_wconf 79' lang='lat' dir='ltr'><strong>abundat,</strong></span> <span class='ocrx_word' id='word_1_406' title='bbox 2346 3456 2537 3532; x_wconf 75' lang='lat' dir='ltr'><strong>quasi</strong></span> <span class='ocrx_word' id='word_1_407' title='bbox 2584 3473 2726 3512; x_wconf 85' lang='lat' dir='ltr'><strong>oves</strong></span> <span class='ocrx_word' id='word_1_408' title='bbox 2772 3474 2903 3513; x_wconf 87' lang='lat' dir='ltr'><strong>non</strong></span> <span class='ocrx_word' id='word_1_409' title='bbox 2950 3456 3247 3513; x_wconf 73' lang='lat' dir='ltr'><strong>habentes</strong></span> <span class='ocrx_word' id='word_1_410' title='bbox 3276 3466 3488 3532; x_wconf 78' lang='lat' dir='ltr'><strong>pasto-</strong></span> 
     </span>
     <span class='ocr_line' id='line_1_31' title="bbox 385 3549 3487 3631; baseline -0 -16"><span class='ocrx_word' id='word_1_411' title='bbox 385 3559 606 3615; x_wconf 85' lang='lat' dir='ltr'><strong>deleas</strong></span> <span class='ocrx_word' id='word_1_412' title='bbox 654 3574 820 3623; x_wconf 85' lang='lat' dir='ltr'><strong>eam,</strong></span> <span class='ocrx_word' id='word_1_413' title='bbox 865 3551 927 3612; x_wconf 89' lang='lat' dir='ltr'><strong>id</strong></span> <span class='ocrx_word' id='word_1_414' title='bbox 978 3559 1096 3625; x_wconf 90' lang='lat' dir='ltr'><strong>est,</strong></span> <span class='ocrx_word' id='word_1_415' title='bbox 1142 3558 1454 3631; x_wconf 83' lang='lat' dir='ltr'><strong>potestate</strong></span> <span class='ocrx_word' id='word_1_416' title='bbox 1501 3559 1564 3613; x_wconf 87' lang='lat' dir='ltr'><strong>ct</strong></span> <span class='ocrx_word' id='word_1_417' title='bbox 1607 3552 1884 3613; x_wconf 82' lang='lat' dir='ltr'><strong>exercitu</strong></span> <span class='ocrx_word' id='word_1_418' title='bbox 1995 3574 2152 3613; x_wconf 85' lang='lat' dir='ltr'><strong>rem.</strong></span> <span class='ocrx_word' id='word_1_419' title='bbox 2206 3551 2394 3625; x_wconf 84' lang='lat' dir='ltr'><strong>Quasi</strong></span> <span class='ocrx_word' id='word_1_420' title='bbox 2452 3550 2621 3613; x_wconf 89' lang='lat' dir='ltr'><strong>dicat</strong></span> <span class='ocrx_word' id='word_1_421' title='bbox 2660 3566 2675 3611; x_wconf 88' lang='lat'><strong>:</strong></span> <span class='ocrx_word' id='word_1_422' title='bbox 2721 3550 2895 3612; x_wconf 86' lang='lat' dir='ltr'><strong>Sicut</strong></span> <span class='ocrx_word' id='word_1_423' title='bbox 2944 3549 3195 3612; x_wconf 82' lang='lat' dir='ltr'><strong>collecti</strong></span> <span class='ocrx_word' id='word_1_424' title='bbox 3246 3553 3487 3614; x_wconf 86' lang='lat' dir='ltr'><strong>vadunt</strong></span> 
     </span>
     <span class='ocr_line' id='line_1_32' title="bbox 391 3647 3487 3731; baseline -0.001 -16"><span class='ocrx_word' id='word_1_425' title='bbox 391 3664 504 3715; x_wconf 89' lang='lat' dir='ltr'><strong>tuo</strong></span> <span class='ocrx_word' id='word_1_426' title='bbox 551 3649 898 3729; x_wconf 83' lang='lat' dir='ltr'><strong>designatis</strong></span> <span class='ocrx_word' id='word_1_427' title='bbox 944 3668 1057 3730; x_wconf 88' lang='lat' dir='ltr'><strong>per</strong></span> <span class='ocrx_word' id='word_1_428' title='bbox 1095 3667 1333 3711; x_wconf 89' lang='lat' dir='ltr'><strong>cornua</strong></span> <span class='ocrx_word' id='word_1_429' title='bbox 1383 3649 1522 3725; x_wconf 87' lang='lat' dir='ltr'><strong>ista,</strong></span> <span class='ocrx_word' id='word_1_430' title='bbox 1558 3650 1887 3731; x_wconf 82' lang='lat' dir='ltr'><strong>disperdes</strong></span> <span class='ocrx_word' id='word_1_431' title='bbox 1999 3652 2338 3715; x_wconf 84' lang='lat' dir='ltr'><strong>bellatores</strong></span> <span class='ocrx_word' id='word_1_432' title='bbox 2370 3649 2448 3710; x_wconf 85' lang='lat' dir='ltr'><strong>ad</strong></span> <span class='ocrx_word' id='word_1_433' title='bbox 2482 3648 2795 3731; x_wconf 81' lang='lat' dir='ltr'><strong>praelium,</strong></span> <span class='ocrx_word' id='word_1_434' title='bbox 2818 3648 2912 3709; x_wconf 91' lang='lat' dir='ltr'><strong>sic</strong></span> <span class='ocrx_word' id='word_1_435' title='bbox 2944 3647 3048 3709; x_wconf 85' lang='lat' dir='ltr'><strong>isti</strong></span> <span class='ocrx_word' id='word_1_436' title='bbox 3071 3648 3343 3730; x_wconf 87' lang='lat' dir='ltr'><strong>dispersi</strong></span> <span class='ocrx_word' id='word_1_437' title='bbox 3363 3649 3487 3713; x_wconf 80' lang='lat' dir='ltr'><strong>dif-</strong></span> 
     </span>
     <span class='ocr_line' id='line_1_33' title="bbox 388 3746 3488 3829; baseline -0.001 -16"><span class='ocrx_word' id='word_1_438' title='bbox 388 3760 454 3814; x_wconf 88' lang='lat' dir='ltr'><strong>et</strong></span> <span class='ocrx_word' id='word_1_439' title='bbox 503 3750 722 3812; x_wconf 90' lang='lat' dir='ltr'><strong>vinces</strong></span> <span class='ocrx_word' id='word_1_440' title='bbox 755 3748 984 3829; x_wconf 77' lang='lat' dir='ltr'><strong>Syros3</strong></span> <span class='ocrx_word' id='word_1_441' title='bbox 1018 3746 1118 3809; x_wconf 89' lang='lat' dir='ltr'><strong>vel</strong></span> <span class='ocrx_word' id='word_1_442' title='bbox 1161 3746 1281 3809; x_wconf 91' lang='lat' dir='ltr'><strong>hoc</strong></span> <span class='ocrx_word' id='word_1_443' title='bbox 1325 3748 1580 3829; x_wconf 85' lang='lat' dir='ltr'><strong>signum</strong></span> <span class='ocrx_word' id='word_1_444' title='bbox 1627 3748 1741 3809; x_wconf 88' lang='lat' dir='ltr'><strong>tibi</strong></span> <span class='ocrx_word' id='word_1_445' title='bbox 1783 3767 1886 3811; x_wconf 87' lang='lat' dir='ltr'><strong>os·</strong></span> <span class='ocrx_word' id='word_1_446' title='bbox 2000 3748 2269 3827; x_wconf 80' lang='lat' dir='ltr'><strong>fugient,</strong></span> <span class='ocrx_word' id='word_1_447' title='bbox 2298 3755 2359 3808; x_wconf 84' lang='lat' dir='ltr'><strong>et</strong></span> <span class='ocrx_word' id='word_1_448' title='bbox 2393 3766 2499 3809; x_wconf 88' lang='lat' dir='ltr'><strong>rex</strong></span> <span class='ocrx_word' id='word_1_449' title='bbox 2531 3764 2641 3808; x_wconf 88' lang='lat' dir='ltr'><strong>seu</strong></span> <span class='ocrx_word' id='word_1_450' title='bbox 2672 3746 2799 3807; x_wconf 84' lang='lat' dir='ltr'><strong>dux</strong></span> <span class='ocrx_word' id='word_1_451' title='bbox 2830 3763 3051 3807; x_wconf 91' lang='lat' dir='ltr'><strong>eorum</strong></span> <span class='ocrx_word' id='word_1_452' title='bbox 3080 3746 3282 3821; x_wconf 85' lang='lat' dir='ltr'><strong>cadet,</strong></span> <span class='ocrx_word' id='word_1_453' title='bbox 3318 3746 3488 3809; x_wconf 79' lang='lat' dir='ltr'><strong>aufe-</strong></span> 
     </span>
     <span class='ocr_line' id='line_1_34' title="bbox 391 3843 3488 3929; baseline -0.002 -18"><span class='ocrx_word' id='word_1_454' title='bbox 391 3850 610 3924; x_wconf 88' lang='lat' dir='ltr'><strong>tend0‚</strong></span> <span class='ocrx_word' id='word_1_455' title='bbox 653 3848 822 3929; x_wconf 90' lang='lat' dir='ltr'><strong>quod</strong></span> <span class='ocrx_word' id='word_1_456' title='bbox 858 3846 1002 3909; x_wconf 89' lang='lat' dir='ltr'><strong>illos</strong></span> <span class='ocrx_word' id='word_1_457' title='bbox 1038 3845 1309 3926; x_wconf 82' lang='lat' dir='ltr'><strong>fugabis.</strong></span> <span class='ocrx_word' id='word_1_458' title='bbox 1346 3846 1886 3920; x_wconf 86' lang='lat' dir='ltr'><strong>Quemadmodum</strong></span> <span class='ocrx_word' id='word_1_459' title='bbox 2000 3854 2300 3926; x_wconf 85' lang='lat' dir='ltr'><strong>returquc</strong></span> <span class='ocrx_word' id='word_1_460' title='bbox 2332 3846 2442 3907; x_wconf 81' lang='lat' dir='ltr'><strong>eiS.</strong></span> <span class='ocrx_word' id='word_1_461' title='bbox 2472 3848 2553 3907; x_wconf 73' lang='lat' dir='ltr'><strong>Et</strong></span> <span class='ocrx_word' id='word_1_462' title='bbox 2584 3847 2680 3905; x_wconf 76' lang='lat' dir='ltr'><strong>ait</strong></span> <span class='ocrx_word' id='word_1_463' title='bbox 2704 3846 3023 3907; x_wconf 82' lang='lat' dir='ltr'><strong>Dominus</strong></span> <span class='ocrx_word' id='word_1_464' title='bbox 3053 3843 3211 3905; x_wconf 89' lang='lat' dir='ltr'><strong>mihi</strong></span> <span class='ocrx_word' id='word_1_465' title='bbox 3244 3844 3311 3905; x_wconf 91' lang='lat' dir='ltr'><strong>in</strong></span> <span class='ocrx_word' id='word_1_466' title='bbox 3344 3844 3488 3907; x_wconf 88' lang='lat' dir='ltr'><strong>visi-</strong></span> 
     </span>
     <span class='ocr_line' id='line_1_35' title="bbox 391 3928 3487 4030; baseline -0.002 -18"><span class='ocrx_word' id='word_1_467' title='bbox 391 3948 740 4030; x_wconf 86' lang='lat' dir='ltr'><strong>aliquando</strong></span> <span class='ocrx_word' id='word_1_468' title='bbox 769 3946 1098 4026; x_wconf 83' lang='lat' dir='ltr'><strong>Prophetae</strong></span> <span class='ocrx_word' id='word_1_469' title='bbox 1129 3946 1236 4009; x_wconf 90' lang='lat' dir='ltr'><strong>Dei</strong></span> <span class='ocrx_word' id='word_1_470' title='bbox 1282 3928 1747 4027; x_wconf 82' lang='lat' dir='ltr'><strong>prophetabant</strong></span> <span class='ocrx_word' id='word_1_471' title='bbox 1775 3966 1888 4027; x_wconf 88' lang='lat' dir='ltr'><strong>per</strong></span> <span class='ocrx_word' id='word_1_472' title='bbox 2000 3963 2122 4007; x_wconf 90' lang='lat' dir='ltr'><strong>one</strong></span> <span class='ocrx_word' id='word_1_473' title='bbox 2149 3962 2162 4005; x_wconf 77' lang='grc' dir='ltr'>ε</span> <span class='ocrx_word' id='word_1_474' title='bbox 2191 3948 2337 4007; x_wconf 89' lang='lat' dir='ltr'><strong>Non.</strong></span> <span class='ocrx_word' id='word_1_475' title='bbox 2370 3948 2602 4005; x_wconf 78' lang='lat' dir='ltr'><strong>habent</strong></span> <span class='ocrx_word' id='word_1_476' title='bbox 2632 3944 2973 4003; x_wconf 86' lang='lat' dir='ltr'><strong>dominum</strong></span> <span class='ocrx_word' id='word_1_477' title='bbox 2995 3944 3125 4012; x_wconf 79' lang='lat' dir='ltr'><strong>isti,</strong></span> <span class='ocrx_word' id='word_1_478' title='bbox 3149 3942 3212 4004; x_wconf 91' lang='lat' dir='ltr'><strong>id</strong></span> <span class='ocrx_word' id='word_1_479' title='bbox 3245 3952 3355 4017; x_wconf 83' lang='lat' dir='ltr'><strong>est,</strong></span> <span class='ocrx_word' id='word_1_480' title='bbox 3380 3962 3487 4005; x_wconf 86' lang='lat' dir='ltr'><strong>rex</strong></span> 
     </span>
     <span class='ocr_line' id='line_1_36' title="bbox 392 4040 3482 4128; baseline -0.003 -15"><span class='ocrx_word' id='word_1_481' title='bbox 392 4050 532 4113; x_wconf 88' lang='lat' dir='ltr'><strong>sola</strong></span> <span class='ocrx_word' id='word_1_482' title='bbox 563 4048 780 4124; x_wconf 87' lang='lat' dir='ltr'><strong>verba,</strong></span> <span class='ocrx_word' id='word_1_483' title='bbox 813 4046 1200 4128; x_wconf 84' lang='lat' dir='ltr'><strong>quandoque</strong></span> <span class='ocrx_word' id='word_1_484' title='bbox 1232 4065 1344 4128; x_wconf 88' lang='lat' dir='ltr'><strong>per</strong></span> <span class='ocrx_word' id='word_1_485' title='bbox 1373 4046 1569 4109; x_wconf 86' lang='lat' dir='ltr'><strong>verba</strong></span> <span class='ocrx_word' id='word_1_486' title='bbox 1598 4053 1660 4107; x_wconf 90' lang='lat' dir='ltr'><strong>et</strong></span> <span class='ocrx_word' id='word_1_487' title='bbox 1691 4045 1890 4107; x_wconf 87' lang='lat' dir='ltr'><strong>sensi·</strong></span> <span class='ocrx_word' id='word_1_488' title='bbox 2000 4062 2217 4105; x_wconf 88' lang='lat' dir='ltr'><strong>eorum</strong></span> <span class='ocrx_word' id='word_1_489' title='bbox 2258 4042 2531 4105; x_wconf 86' lang='lat' dir='ltr'><strong>letaliter</strong></span> <span class='ocrx_word' id='word_1_490' title='bbox 2559 4040 2951 4117; x_wconf 82' lang='lat' dir='ltr'><strong>vulneratus,</strong></span> <span class='ocrx_word' id='word_1_491' title='bbox 2979 4058 3123 4101; x_wconf 87' lang='lat' dir='ltr'><strong>mox</strong></span> <span class='ocrx_word' id='word_1_492' title='bbox 3155 4040 3482 4103; x_wconf 87' lang='lat' dir='ltr'><strong>morietur.</strong></span> 
     </span>
     <span class='ocr_line' id='line_1_37' title="bbox 393 4142 3487 4226; baseline -0.003 -16"><span class='ocrx_word' id='word_1_493' title='bbox 393 4148 556 4211; x_wconf 83' lang='lat' dir='ltr'><strong>bilia</strong></span> <span class='ocrx_word' id='word_1_494' title='bbox 583 4146 763 4226; x_wconf 82' lang='lat' dir='ltr'><strong>signa</strong></span> <span class='ocrx_word' id='word_1_495' title='bbox 789 4164 900 4207; x_wconf 88' lang='lat' dir='ltr'><strong>seu</strong></span> <span class='ocrx_word' id='word_1_496' title='bbox 924 4152 1132 4226; x_wconf 83' lang='lat' dir='ltr'><strong>gesta3</strong></span> <span class='ocrx_word' id='word_1_497' title='bbox 1160 4144 1251 4206; x_wconf 88' lang='lat' dir='ltr'><strong>sic</strong></span> <span class='ocrx_word' id='word_1_498' title='bbox 1285 4152 1348 4206; x_wconf 86' lang='lat' dir='ltr'><strong>et</strong></span> <span class='ocrx_word' id='word_1_499' title='bbox 1382 4144 1892 4225; x_wconf 84' lang='lat' dir='ltr'><strong>pseudoprophe-</strong></span> <span class='ocrx_word' id='word_1_500' title='bbox 2000 4146 2385 4203; x_wconf 73' lang='lat' dir='ltr'><strong>Revertatur</strong></span> <span class='ocrx_word' id='word_1_501' title='bbox 2424 4142 2863 4219; x_wconf 80' lang='lat' dir='ltr'><strong>unusquisque</strong></span> <span class='ocrx_word' id='word_1_502' title='bbox 2897 4142 2971 4199; x_wconf 82' lang='lat' dir='ltr'><strong>in</strong></span> <span class='ocrx_word' id='word_1_503' title='bbox 3008 4142 3273 4199; x_wconf 86' lang='lat' dir='ltr'><strong>domum</strong></span> <span class='ocrx_word' id='word_1_504' title='bbox 3300 4160 3487 4200; x_wconf 87' lang='lat' dir='ltr'><strong>suam</strong></span> 
     </span>
     <span class='ocr_line' id='line_1_38' title="bbox 397 4236 3484 4327; baseline -0.003 -20"><span class='ocrx_word' id='word_1_505' title='bbox 397 4257 464 4310; x_wconf 84' lang='lat' dir='ltr'><strong>ta</strong></span> <span class='ocrx_word' id='word_1_506' title='bbox 508 4246 629 4307; x_wconf 87' lang='lat' dir='ltr'><strong>ista</strong></span> <span class='ocrx_word' id='word_1_507' title='bbox 667 4244 1095 4327; x_wconf 71' lang='lat' dir='ltr'><strong>praesumpsit,</strong></span> <span class='ocrx_word' id='word_1_508' title='bbox 1137 4251 1208 4305; x_wconf 89' lang='lat' dir='ltr'><strong>ut</strong></span> <span class='ocrx_word' id='word_1_509' title='bbox 1247 4242 1445 4321; x_wconf 84' lang='lat' dir='ltr'><strong>magis</strong></span> <span class='ocrx_word' id='word_1_510' title='bbox 1486 4242 1890 4305; x_wconf 82' lang='lat' dir='ltr'><strong>authenticus</strong></span> <span class='ocrx_word' id='word_1_511' title='bbox 1923 4246 1972 4307; x_wconf 90' lang='lat' dir='ltr'>D</span> <span class='ocrx_word' id='word_1_512' title='bbox 2003 4243 2070 4299; x_wconf 83' lang='lat' dir='ltr'><strong>in</strong></span> <span class='ocrx_word' id='word_1_513' title='bbox 2099 4260 2278 4316; x_wconf 82' lang='lat' dir='ltr'><strong>pace.</strong></span> <span class='ocrx_word' id='word_1_514' title='bbox 2313 4238 2401 4299; x_wconf 85' lang='lat' dir='ltr'><strong>Ex</strong></span> <span class='ocrx_word' id='word_1_515' title='bbox 2444 4239 2561 4300; x_wconf 89' lang='lat' dir='ltr'><strong>hoc</strong></span> <span class='ocrx_word' id='word_1_516' title='bbox 2592 4238 2790 4317; x_wconf 90' lang='lat' dir='ltr'><strong>aliqui</strong></span> <span class='ocrx_word' id='word_1_517' title='bbox 2832 4236 3093 4300; x_wconf 86' lang='lat' dir='ltr'><strong>trahunt</strong></span> <span class='ocrx_word' id='word_1_518' title='bbox 3135 4245 3199 4299; x_wconf 90' lang='lat' dir='ltr'><strong>et</strong></span> <span class='ocrx_word' id='word_1_519' title='bbox 3241 4237 3484 4314; x_wconf 87' lang='lat' dir='ltr'><strong>dicunt,</strong></span> 
     </span>
     <span class='ocr_line' id='line_1_39' title="bbox 397 4335 3487 4421; baseline -0.003 -13"><span class='ocrx_word' id='word_1_520' title='bbox 397 4345 748 4409; x_wconf 86' lang='lat' dir='ltr'><strong>videretur.</strong></span> <span class='ocrx_word' id='word_1_521' title='bbox 807 4345 1156 4421; x_wconf 82' lang='lat' dir='ltr'><strong>Omnesque</strong></span> <span class='ocrx_word' id='word_1_522' title='bbox 1203 4342 1530 4419; x_wconf 67' lang='lat' dir='ltr'><strong>prophetae</strong></span> <span class='ocrx_word' id='word_1_523' title='bbox 1586 4344 1893 4402; x_wconf 78' lang='lat' dir='ltr'><strong>similiter</strong></span> <span class='ocrx_word' id='word_1_524' title='bbox 2001 4338 2173 4419; x_wconf 89' lang='lat' dir='ltr'><strong>quod</strong></span> <span class='ocrx_word' id='word_1_525' title='bbox 2224 4336 2439 4399; x_wconf 89' lang='lat' dir='ltr'><strong>nullus</strong></span> <span class='ocrx_word' id='word_1_526' title='bbox 2486 4337 2564 4400; x_wconf 89' lang='lat' dir='ltr'><strong>de</strong></span> <span class='ocrx_word' id='word_1_527' title='bbox 2606 4335 2886 4398; x_wconf 87' lang='lat' dir='ltr'><strong>exercitu</strong></span> <span class='ocrx_word' id='word_1_528' title='bbox 2920 4335 3107 4398; x_wconf 79' lang='lat' dir='ltr'><strong>lsrael</strong></span> <span class='ocrx_word' id='word_1_529' title='bbox 3151 4336 3381 4399; x_wconf 79' lang='lat' dir='ltr'><strong>cecidit</strong></span> <span class='ocrx_word' id='word_1_530' title='bbox 3421 4337 3487 4399; x_wconf 86' lang='lat' dir='ltr'><strong>in</strong></span> 
     </span>
     <span class='ocr_line' id='line_1_40' title="bbox 389 4433 3486 4524; baseline -0.002 -20"><span class='ocrx_word' id='word_1_531' title='bbox 389 4445 894 4524; x_wconf 75' lang='lat' dir='ltr'><strong>prophetabant,</strong></span> <span class='ocrx_word' id='word_1_532' title='bbox 942 4444 1220 4501; x_wconf 79' lang='lat' dir='ltr'><strong>dieentes</strong></span> <span class='ocrx_word' id='word_1_533' title='bbox 1260 4460 1282 4498; x_wconf 92' lang='lat'><strong>.·</strong></span> <span class='ocrx_word' id='word_1_534' title='bbox 1313 4442 1598 4500; x_wconf 81' lang='lat' dir='ltr'><strong>Ascende</strong></span> <span class='ocrx_word' id='word_1_535' title='bbox 1645 4441 1718 4498; x_wconf 83' lang='lat' dir='ltr'><strong>in</strong></span> <span class='ocrx_word' id='word_1_536' title='bbox 1767 4443 1894 4501; x_wconf 85' lang='lat' dir='ltr'><strong>Ra·</strong></span> <span class='ocrx_word' id='word_1_537' title='bbox 2001 4436 2223 4522; x_wconf 82' lang='lat' dir='ltr'><strong>praelio</strong></span> <span class='ocrx_word' id='word_1_538' title='bbox 2272 4435 2405 4511; x_wconf 91' lang='lat' dir='ltr'><strong>illo,</strong></span> <span class='ocrx_word' id='word_1_539' title='bbox 2444 4435 2569 4497; x_wconf 89' lang='lat' dir='ltr'><strong>nisi</strong></span> <span class='ocrx_word' id='word_1_540' title='bbox 2615 4453 2723 4497; x_wconf 84' lang='lat' dir='ltr'><strong>rex</strong></span> <span class='ocrx_word' id='word_1_541' title='bbox 2762 4433 2998 4496; x_wconf 85' lang='lat' dir='ltr'><strong>Achab.</strong></span> <span class='ocrx_word' id='word_1_542' title='bbox 3038 4434 3240 4517; x_wconf 86' lang='lat' dir='ltr'><strong>Supra</strong></span> <span class='ocrx_word' id='word_1_543' title='bbox 3276 4444 3486 4499; x_wconf 85' lang='lat' dir='ltr'><strong>tamen</strong></span> 
     </span>
     <span class='ocr_line' id='line_1_41' title="bbox 397 4532 3783 4617; baseline -0.003 -15"><span class='ocrx_word' id='word_1_544' title='bbox 397 4543 576 4603; x_wconf 73' lang='lat' dir='ltr'><strong>moth</strong></span> <span class='ocrx_word' id='word_1_545' title='bbox 623 4542 903 4609; x_wconf 80' lang='lat' dir='ltr'><strong>Galaad,</strong></span> <span class='ocrx_word' id='word_1_546' title='bbox 935 4549 994 4599; x_wconf 73' lang='lat' dir='ltr'><strong>ec</strong></span> <span class='ocrx_word' id='word_1_547' title='bbox 1031 4543 1192 4599; x_wconf 86' lang='lat' dir='ltr'><strong>vade</strong></span> <span class='ocrx_word' id='word_1_548' title='bbox 1225 4558 1551 4617; x_wconf 73' lang='lat' dir='ltr'><strong>prospere,</strong></span> <span class='ocrx_word' id='word_1_549' title='bbox 1584 4548 1643 4597; x_wconf 78' lang='lat' dir='ltr'><strong>ec</strong></span> <span class='ocrx_word' id='word_1_550' title='bbox 1686 4541 1894 4597; x_wconf 74' lang='lat' dir='ltr'><strong>tradet</strong></span> <span class='ocrx_word' id='word_1_551' title='bbox 2002 4540 2245 4601; x_wconf 80' lang='lat' dir='ltr'><strong>dixerat</strong></span> <span class='ocrx_word' id='word_1_552' title='bbox 2277 4535 2605 4609; x_wconf 79' lang='lat' dir='ltr'><strong>DominuS‚</strong></span> <span class='ocrx_word' id='word_1_553' title='bbox 2631 4534 2803 4613; x_wconf 92' lang='lat' dir='ltr'><strong>quod</strong></span> <span class='ocrx_word' id='word_1_554' title='bbox 2835 4533 3048 4595; x_wconf 85' lang='lat' dir='ltr'><strong>anima</strong></span> <span class='ocrx_word' id='word_1_555' title='bbox 3077 4532 3292 4595; x_wconf 82' lang='lat' dir='ltr'><strong>Achab</strong></span> <span class='ocrx_word' id='word_1_556' title='bbox 3323 4544 3489 4596; x_wconf 82' lang='lat' dir='ltr'><strong>esset</strong></span> <span class='ocrx_word' id='word_1_557' title='bbox 3530 4551 3783 4605; x_wconf 54' lang='lat' dir='ltr'><strong>ulman,</strong></span> 
     </span>
     <span class='ocr_line' id='line_1_42' title="bbox 395 4618 3585 4720; baseline -0.002 -19"><span class='ocrx_word' id='word_1_558' title='bbox 395 4662 544 4701; x_wconf 80' lang='lat' dir='ltr'><strong>eam</strong></span> <span class='ocrx_word' id='word_1_559' title='bbox 582 4639 899 4698; x_wconf 81' lang='lat' dir='ltr'><strong>Dominus</strong></span> <span class='ocrx_word' id='word_1_560' title='bbox 931 4639 1002 4696; x_wconf 80' lang='lat' dir='ltr'><strong>in</strong></span> <span class='ocrx_word' id='word_1_561' title='bbox 1035 4658 1268 4698; x_wconf 77' lang='lat' dir='ltr'><strong>manus</strong></span> <span class='ocrx_word' id='word_1_562' title='bbox 1299 4639 1488 4713; x_wconf 84' lang='lat' dir='ltr'><strong>re9is.</strong></span> <span class='ocrx_word' id='word_1_563' title='bbox 2003 4656 2117 4720; x_wconf 88' lang='lat' dir='ltr'><strong>pro</strong></span> <span class='ocrx_word' id='word_1_564' title='bbox 2161 4637 2376 4699; x_wconf 87' lang='lat' dir='ltr'><strong>anima</strong></span> <span class='ocrx_word' id='word_1_565' title='bbox 2422 4632 2585 4714; x_wconf 77' lang='lat' dir='ltr'><strong>regis</strong></span> <span class='ocrx_word' id='word_1_566' title='bbox 2623 4630 2839 4713; x_wconf 81' lang='lat' dir='ltr'><strong>Syriae,</strong></span> <span class='ocrx_word' id='word_1_567' title='bbox 2873 4638 2935 4693; x_wconf 90' lang='lat' dir='ltr'><strong>et</strong></span> <span class='ocrx_word' id='word_1_568' title='bbox 2978 4631 3253 4713; x_wconf 86' lang='lat' dir='ltr'><strong>populus</strong></span> <span class='ocrx_word' id='word_1_569' title='bbox 3298 4631 3485 4695; x_wconf 89' lang='lat' dir='ltr'><strong>Israel</strong></span> <span class='ocrx_word' id='word_1_570' title='bbox 3518 4618 3585 4659; x_wconf 78' lang='lat'><strong>⁴²·</strong></span> 
     </span>
     <span class='ocr_line' id='line_1_43' title="bbox 487 4728 3485 4817; baseline -0.003 -18"><span class='ocrx_word' id='word_1_571' title='bbox 487 4738 781 4799; x_wconf 77' lang='lat' dir='ltr'><strong>Nuntius</strong></span> <span class='ocrx_word' id='word_1_572' title='bbox 823 4756 968 4795; x_wconf 83' lang='lat' dir='ltr'><strong>vero</strong></span> <span class='ocrx_word' id='word_1_573' title='bbox 1014 4738 1132 4815; x_wconf 80' lang='lat' dir='ltr'><strong>qui</strong></span> <span class='ocrx_word' id='word_1_574' title='bbox 1169 4738 1334 4795; x_wconf 78' lang='lat' dir='ltr'><strong>ierat</strong></span> <span class='ocrx_word' id='word_1_575' title='bbox 1379 4746 1447 4795; x_wconf 78' lang='lat' dir='ltr'><strong>ut</strong></span> <span class='ocrx_word' id='word_1_576' title='bbox 1487 4744 1738 4795; x_wconf 78' lang='lat' dir='ltr'><strong>vocaret</strong></span> <span class='ocrx_word' id='word_1_577' title='bbox 1772 4736 1896 4794; x_wconf 87' lang='lat' dir='ltr'><strong>Mi·</strong></span> <span class='ocrx_word' id='word_1_578' title='bbox 2004 4754 2120 4817; x_wconf 92' lang='lat' dir='ltr'><strong>pro</strong></span> <span class='ocrx_word' id='word_1_579' title='bbox 2172 4733 2410 4815; x_wconf 87' lang='lat' dir='ltr'><strong>populo</strong></span> <span class='ocrx_word' id='word_1_580' title='bbox 2462 4730 2677 4815; x_wconf 84' lang='lat' dir='ltr'><strong>Syriae.</strong></span> <span class='ocrx_word' id='word_1_581' title='bbox 2725 4728 2900 4803; x_wconf 88' lang='lat' dir='ltr'><strong>Quod</strong></span> <span class='ocrx_word' id='word_1_582' title='bbox 2958 4728 3156 4809; x_wconf 86' lang='lat' dir='ltr'><strong>aliqui</strong></span> <span class='ocrx_word' id='word_1_583' title='bbox 3206 4728 3485 4805; x_wconf 88' lang='lat' dir='ltr'><strong>solvunt,</strong></span> 
     </span>
     <span class='ocr_line' id='line_1_44' title="bbox 396 4826 3492 4916; baseline -0.003 -18"><span class='ocrx_word' id='word_1_584' title='bbox 396 4840 670 4907; x_wconf 78' lang='lat' dir='ltr'><strong>chaeam,</strong></span> <span class='ocrx_word' id='word_1_585' title='bbox 701 4838 947 4894; x_wconf 78' lang='lat' dir='ltr'><strong>locutus</strong></span> <span class='ocrx_word' id='word_1_586' title='bbox 986 4843 1075 4893; x_wconf 74' lang='lat' dir='ltr'><strong>est</strong></span> <span class='ocrx_word' id='word_1_587' title='bbox 1115 4836 1202 4893; x_wconf 82' lang='lat' dir='ltr'><strong>ad</strong></span> <span class='ocrx_word' id='word_1_588' title='bbox 1230 4854 1400 4903; x_wconf 86' lang='lat' dir='ltr'><strong>eum,</strong></span> <span class='ocrx_word' id='word_1_589' title='bbox 1433 4836 1652 4893; x_wconf 81' lang='lat' dir='ltr'><strong>dicens</strong></span> <span class='ocrx_word' id='word_1_590' title='bbox 1683 4855 1706 4893; x_wconf 95' lang='grc'><strong>.·</strong></span> <span class='ocrx_word' id='word_1_591' title='bbox 1739 4836 1897 4893; x_wconf 78' lang='lat' dir='ltr'><strong>Ecce</strong></span> <span class='ocrx_word' id='word_1_592' title='bbox 2005 4833 2175 4916; x_wconf 89' lang='lat' dir='ltr'><strong>quod</strong></span> <span class='ocrx_word' id='word_1_593' title='bbox 2228 4831 2368 4893; x_wconf 86' lang='lat' dir='ltr'><strong>ideo</strong></span> <span class='ocrx_word' id='word_1_594' title='bbox 2401 4829 2675 4911; x_wconf 88' lang='lat' dir='ltr'><strong>populus</strong></span> <span class='ocrx_word' id='word_1_595' title='bbox 2708 4826 2924 4889; x_wconf 83' lang='lat' dir='ltr'><strong>Achab</strong></span> <span class='ocrx_word' id='word_1_596' title='bbox 2958 4826 3077 4887; x_wconf 80' lang='lat' dir='ltr'><strong>fuit</strong></span> <span class='ocrx_word' id='word_1_597' title='bbox 3108 4844 3223 4907; x_wconf 89' lang='lat' dir='ltr'><strong>pro</strong></span> <span class='ocrx_word' id='word_1_598' title='bbox 3255 4829 3492 4909; x_wconf 87' lang='lat' dir='ltr'><strong>populo</strong></span> 
     </span>
     <span class='ocr_line' id='line_1_45' title="bbox 399 4924 3493 5013; baseline -0.003 -18"><span class='ocrx_word' id='word_1_599' title='bbox 399 4952 724 4995; x_wconf 80' lang='lat' dir='ltr'><strong>sermones</strong></span> <span class='ocrx_word' id='word_1_600' title='bbox 761 4934 1226 5009; x_wconf 75' lang='lat' dir='ltr'><strong>prophetarum</strong></span> <span class='ocrx_word' id='word_1_601' title='bbox 1258 4950 1364 4990; x_wconf 80' lang='lat' dir='ltr'><strong>ore</strong></span> <span class='ocrx_word' id='word_1_602' title='bbox 1409 4950 1538 4990; x_wconf 90' lang='lat' dir='ltr'><strong>uno</strong></span> <span class='ocrx_word' id='word_1_603' title='bbox 1567 4932 1706 5007; x_wconf 73' lang='lat' dir='ltr'><strong>reyi</strong></span> <span class='ocrx_word' id='word_1_604' title='bbox 1735 4934 1894 4990; x_wconf 81' lang='lat' dir='ltr'><strong>bona</strong></span> <span class='ocrx_word' id='word_1_605' title='bbox 2007 4930 2140 5008; x_wconf 89' lang='lat' dir='ltr'><strong>illo,</strong></span> <span class='ocrx_word' id='word_1_606' title='bbox 2177 4930 2482 5013; x_wconf 86' lang='lat' dir='ltr'><strong>quoniam</strong></span> <span class='ocrx_word' id='word_1_607' title='bbox 2515 4928 2675 5009; x_wconf 84' lang='lat' dir='ltr'><strong>sugit</strong></span> <span class='ocrx_word' id='word_1_608' title='bbox 2724 4927 2803 4988; x_wconf 91' lang='lat' dir='ltr'><strong>de</strong></span> <span class='ocrx_word' id='word_1_609' title='bbox 2843 4924 3085 5007; x_wconf 81' lang='lat' dir='ltr'><strong>praelio.</strong></span> <span class='ocrx_word' id='word_1_610' title='bbox 3120 4928 3311 4986; x_wconf 73' lang='lat' dir='ltr'><strong>Dixit</strong></span> <span class='ocrx_word' id='word_1_611' title='bbox 3346 4948 3493 5004; x_wconf 69' lang='lat' dir='ltr'><strong>erqo</strong></span> 
     </span>
     <span class='ocr_line' id='line_1_46' title="bbox 397 5026 3499 5111; baseline -0.003 -18"><span class='ocrx_word' id='word_1_612' title='bbox 397 5034 792 5111; x_wconf 78' lang='lat' dir='ltr'><strong>proedieant,</strong></span> <span class='ocrx_word' id='word_1_613' title='bbox 827 5032 911 5090; x_wconf 79' lang='lat' dir='ltr'><strong>sit</strong></span> <span class='ocrx_word' id='word_1_614' title='bbox 954 5049 1101 5106; x_wconf 72' lang='lat' dir='ltr'><strong>erqo</strong></span> <span class='ocrx_word' id='word_1_615' title='bbox 1127 5039 1186 5089; x_wconf 79' lang='lat' dir='ltr'><strong>et</strong></span> <span class='ocrx_word' id='word_1_616' title='bbox 1228 5049 1433 5089; x_wconf 83' lang='lat' dir='ltr'><strong>sermo</strong></span> <span class='ocrx_word' id='word_1_617' title='bbox 1467 5039 1616 5089; x_wconf 83' lang='lat' dir='ltr'><strong>tuus</strong></span> <span class='ocrx_word' id='word_1_618' title='bbox 1659 5031 1898 5090; x_wconf 78' lang='lat' dir='ltr'><strong>similis</strong></span> <span class='ocrx_word' id='word_1_619' title='bbox 2007 5052 2124 5092; x_wconf 73' lang='lat' dir='ltr'><strong>rex</strong></span> <span class='ocrx_word' id='word_1_620' title='bbox 2155 5033 2363 5091; x_wconf 80' lang='lat' dir='ltr'><strong>Israel</strong></span> <span class='ocrx_word' id='word_1_621' title='bbox 2393 5032 2479 5089; x_wconf 80' lang='lat' dir='ltr'><strong>ad</strong></span> <span class='ocrx_word' id='word_1_622' title='bbox 2503 5030 2810 5103; x_wconf 78' lang='lat' dir='ltr'><strong>Josaphat</strong></span> <span class='ocrx_word' id='word_1_623' title='bbox 2831 5043 2853 5086; x_wconf 91' lang='lat'><strong>.·</strong></span> <span class='ocrx_word' id='word_1_624' title='bbox 2876 5026 3217 5103; x_wconf 79' lang='lat' dir='ltr'><strong>Numquid</strong></span> <span class='ocrx_word' id='word_1_625' title='bbox 3249 5046 3376 5086; x_wconf 85' lang='lat' dir='ltr'><strong>non</strong></span> <span class='ocrx_word' id='word_1_626' title='bbox 3403 5028 3499 5087; x_wconf 83' lang='lat' dir='ltr'><strong>di-</strong></span> 
     </span>
     <span class='ocr_line' id='line_1_47' title="bbox 402 5124 3492 5207; baseline -0.003 -17"><span class='ocrx_word' id='word_1_627' title='bbox 402 5150 652 5199; x_wconf 87' lang='lat' dir='ltr'><strong>eorum,</strong></span> <span class='ocrx_word' id='word_1_628' title='bbox 683 5140 742 5188; x_wconf 80' lang='lat' dir='ltr'><strong>et</strong></span> <span class='ocrx_word' id='word_1_629' title='bbox 775 5133 1028 5207; x_wconf 80' lang='lat' dir='ltr'><strong>loquere</strong></span> <span class='ocrx_word' id='word_1_630' title='bbox 1059 5130 1245 5188; x_wconf 82' lang='lat' dir='ltr'><strong>bona.</strong></span> <span class='ocrx_word' id='word_1_631' title='bbox 1275 5130 1396 5187; x_wconf 57' lang='grc' dir='ltr'><strong>(ἢεί</strong></span> <span class='ocrx_word' id='word_1_632' title='bbox 1427 5130 1731 5189; x_wconf 83' lang='lat' dir='ltr'><strong>Michoeas</strong></span> <span class='ocrx_word' id='word_1_633' title='bbox 1759 5130 1855 5189; x_wconf 80' lang='lat' dir='ltr'><strong>ait</strong></span> <span class='ocrx_word' id='word_1_634' title='bbox 1876 5150 1898 5187; x_wconf 93' lang='grc'><strong>.·</strong></span> <span class='ocrx_word' id='word_1_635' title='bbox 2008 5132 2084 5191; x_wconf 72' lang='lat' dir='ltr'><strong>&lt;ri</strong></span> <span class='ocrx_word' id='word_1_636' title='bbox 2127 5130 2271 5196; x_wconf 80' lang='lat' dir='ltr'><strong>tibi,</strong></span> <span class='ocrx_word' id='word_1_637' title='bbox 2302 5128 2459 5206; x_wconf 79' lang='lat' dir='ltr'><strong>quia</strong></span> <span class='ocrx_word' id='word_1_638' title='bbox 2498 5146 2625 5185; x_wconf 83' lang='lat' dir='ltr'><strong>non</strong></span> <span class='ocrx_word' id='word_1_639' title='bbox 2656 5126 2997 5201; x_wconf 75' lang='lat' dir='ltr'><strong>prophetat</strong></span> <span class='ocrx_word' id='word_1_640' title='bbox 3034 5124 3197 5182; x_wconf 74' lang='lat' dir='ltr'><strong>&gt;nihi</strong></span> <span class='ocrx_word' id='word_1_641' title='bbox 3234 5126 3492 5195; x_wconf 81' lang='lat' dir='ltr'><strong>bonum,</strong></span> 
     </span>
     <span class='ocr_line' id='line_1_48' title="bbox 420 5219 3501 5305; baseline -0.002 -16"><span class='ocrx_word' id='word_1_642' title='bbox 420 5229 590 5289; x_wconf 71' lang='lat' dir='ltr'><strong>Vivit</strong></span> <span class='ocrx_word' id='word_1_643' title='bbox 620 5228 961 5296; x_wconf 64' lang='lat' dir='ltr'><strong>Dominam,</strong></span> <span class='ocrx_word' id='word_1_644' title='bbox 996 5230 1154 5305; x_wconf 83' lang='lat' dir='ltr'><strong>quia</strong></span> <span class='ocrx_word' id='word_1_645' title='bbox 1186 5228 1627 5305; x_wconf 77' lang='lat' dir='ltr'><strong>quodcumque</strong></span> <span class='ocrx_word' id='word_1_646' title='bbox 1656 5228 1902 5286; x_wconf 72' lang='lat' dir='ltr'><strong>dixerit</strong></span> <span class='ocrx_word' id='word_1_647' title='bbox 2009 5229 2118 5287; x_wconf 78' lang='lat' dir='ltr'><strong>sed</strong></span> <span class='ocrx_word' id='word_1_648' title='bbox 2156 5245 2406 5302; x_wconf 74' lang='lat' dir='ltr'><strong>semper</strong></span> <span class='ocrx_word' id='word_1_649' title='bbox 2450 5227 2691 5283; x_wconf 80' lang='lat' dir='ltr'><strong>mal-um</strong></span> <span class='ocrx_word' id='word_1_650' title='bbox 2719 5226 2749 5280; x_wconf 85' lang='lat'><em>?</em></span> <span class='ocrx_word' id='word_1_651' title='bbox 2777 5220 2959 5301; x_wconf 84' lang='lat' dir='ltr'><strong>quasi</strong></span> <span class='ocrx_word' id='word_1_652' title='bbox 2990 5219 3157 5281; x_wconf 80' lang='lat' dir='ltr'><strong>dicat</strong></span> <span class='ocrx_word' id='word_1_653' title='bbox 3187 5237 3200 5281; x_wconf 74' lang='grc' dir='ltr'>ζ</span> <span class='ocrx_word' id='word_1_654' title='bbox 3238 5220 3369 5283; x_wconf 85' lang='lat' dir='ltr'><strong>Non</strong></span> <span class='ocrx_word' id='word_1_655' title='bbox 3402 5240 3501 5283; x_wconf 88' lang='lat' dir='ltr'><strong>ve-</strong></span> 
     </span>
     <span class='ocr_line' id='line_1_49' title="bbox 410 5317 3115 5403; baseline -0.003 -18"><span class='ocrx_word' id='word_1_656' title='bbox 410 5326 584 5386; x_wconf 74' lang='lat' dir='ltr'><strong>mihi</strong></span> <span class='ocrx_word' id='word_1_657' title='bbox 630 5326 972 5395; x_wconf 83' lang='lat' dir='ltr'><strong>Dominus,</strong></span> <span class='ocrx_word' id='word_1_658' title='bbox 1006 5327 1120 5385; x_wconf 78' lang='lat' dir='ltr'><strong>hoc</strong></span> <span class='ocrx_word' id='word_1_659' title='bbox 1164 5329 1413 5403; x_wconf 81' lang='lat' dir='ltr'><strong>loquar.</strong></span> <span class='ocrx_word' id='word_1_660' title='bbox 1455 5326 1637 5383; x_wconf 76' lang='lat' dir='ltr'><strong>Venit</strong></span> <span class='ocrx_word' id='word_1_661' title='bbox 1690 5326 1904 5403; x_wconf 81' lang='lat' dir='ltr'><strong>itaque</strong></span> <span class='ocrx_word' id='word_1_662' title='bbox 2017 5342 2104 5399; x_wconf 86' lang='lat' dir='ltr'><strong>re,</strong></span> <span class='ocrx_word' id='word_1_663' title='bbox 2133 5324 2242 5384; x_wconf 87' lang='lat' dir='ltr'><strong>sed</strong></span> <span class='ocrx_word' id='word_1_664' title='bbox 2279 5320 2591 5383; x_wconf 88' lang='lat' dir='ltr'><strong>invidiose</strong></span> <span class='ocrx_word' id='word_1_665' title='bbox 2624 5318 2905 5401; x_wconf 88' lang='lat' dir='ltr'><strong>loquitur</strong></span> <span class='ocrx_word' id='word_1_666' title='bbox 2936 5317 3115 5378; x_wconf 87' lang='lat' dir='ltr'><strong>mihi.</strong></span> 
     </span>
    </p>
   </div>
  </div>
 </body>
</html>
