4359 6250
935 494 1283 541 alumno
1323 496 1386 541 ΙΝ
1428 496 1564 543 ῦΔΡ.
1611 496 1720 543 vm
1759 496 1918 542 unm
1956 496 2156 542 'tunm
2196 496 2421 543 amun.
2464 515 2547 527 —
2586 498 2731 543 ΛΒΤ.
2777 498 2887 544 xm

3244 478 3467 543 ·6t51

373 664 451 722 in
489 666 669 734 coeIO,
699 673 762 725 et
796 665 1056 725 dimitte
1082 676 1348 743 peccata
1384 686 1714 729 servorum
1749 677 1877 728 tuo·
1904 667 1956 729 A
1975 671 2247 745 playam
2290 671 2500 730 cordis
2536 671 2664 741 sui,
2700 680 2759 730 et
2806 669 3191 747 eoepanderit
3240 688 3473 730 manus

371 780 532 821 rum
551 770 612 821 et
627 765 861 840 populi
882 766 983 823 tui
999 764 1664 829 IsraeLVerumtamcn
1687 786 1724 829 a
1741 785 1880 848 pcc-

317 888 328 897 ·
374 868 522 921 cato
555 879 806 923 cessare
836 870 899 924 et
929 862 1240 943 poenitere
1269 864 1476 927 solum
1507 874 1618 929 aut
1647 865 1879 947 princi-

91 2706 150 2753 ²7,
171 2706 234 2747 ³4.

98 3543 290 3598 Jacobs.
305 3553 346 3593 3.

375 957 616 1038 paliter
647 968 907 1042 propter
937 960 1104 1023 mala
1136 962 1436 1043 poenalia,
1472 982 1585 1027 seu
1614 966 1878 1027 adversa

377 1054 640 1121 inflicta
665 1066 776 1120 aut
808 1058 1188 1141 infligenda,
1214 1080 1341 1124 non
1375 1071 1541 1125 esset
1573 1064 1880 1145 poeniten-

375 1154 468 1217 tia
501 1156 780 1218 salubris
810 1165 876 1220 et
914 1177 1085 1235 vera,
1124 1160 1235 1223 sed
1276 1180 1352 1223 ex
1389 1161 1610 1225 servili
1652 1162 1878 1225 timore

373 1262 488 1315 aut
521 1256 773 1336 privato
803 1275 1019 1319 amore
1048 1244 1440 1340 procederet,
1459 1278 1587 1323 non
1619 1279 1695 1323 ex
1726 1260 1879 1324 cari-

375 1362 508 1416 tate
549 1363 662 1416 aut
699 1355 834 1418 zelo
871 1354 1155 1435 justitiae‚
1192 1357 1336 1421 ideo
1376 1376 1505 1421 non
1547 1359 1878 1423 sufficere-t

374 1453 456 1513 ad
487 1453 780 1516 salutem.
801 1454 865 1516 Si
894 1464 1107 1518 autem
1137 1456 1486 1520 adversitas
1517 1458 1600 1519 sit
1630 1459 1878 1522 occasio

373 1559 440 1613 et
489 1551 975 1616 incitamentum
1027 1573 1100 1617 ac
1149 1555 1500 1619 admonitio
1547 1558 1624 1619 ad
1675 1557 1879 1639 poeni-

379 1651 672 1727 tendum,
707 1659 771 1713 et
807 1652 1224 1734 superveniat
1266 1655 1643 1736 praeparatio
1694 1655 1880 1719 sussi-

375 1749 558 1812 ciens
605 1750 686 1811 ad
727 1750 948 1830 gratiae
991 1750 1407 1829 infusionem,
1445 1762 1508 1815 et
1545 1756 1877 1819 conversio

1982 788 2135 827 suas
2165 769 2239 827 in
2268 770 2454 828 domo
2484 770 2631 837 hac,
2665 777 2733 828 tu
2762 769 3070 827 eoeaudies
3098 769 3171 827 in
3200 771 3378 837 coeZO,
3398 768 3472 827 in

1986 871 2114 927 loco
2147 868 2567 927 habitationis
2595 876 2741 938 tuoe,
2759 876 2818 926 et
2846 867 3475 944 repropitiaberi8,et

1984 966 2211 1044 facie-5,
2244 974 2317 1025 ut
2345 968 2455 1025 des
2483 966 2840 1044 unicuique
2871 967 3223 1025 secundum
3261 983 3476 1025 omnes

1985 1065 2147 1136 viae,
2186 1063 2248 1125 id
2290 1070 2387 1125 est
2431 1062 2711 1125 actiones
2754 1060 3260 1143 affectionesque
3298 1084 3476 1134 suas,

1985 1161 2207 1243 sieque
2230 1160 2567 1243 poenitenti
2598 1169 2662 1224 et
2696 1173 2754 1223 te
2777 1158 3097 1224 invocanti
3122 1160 3472 1242 indulgeaS,

1983 1265 2154 1323 sicut
2194 1264 2437 1323 videris
2478 1283 2584 1322 cor
2625 1262 2766 1339 ejus
2791 1263 2979 1341 (quia
3014 1272 3083 1323 tu
3112 1264 3282 1323 nosti
3308 1266 3478 1323 solus

1985 1381 2095 1422 cor
2141 1362 2439 1421 omnium
2487 1362 2779 1438 filiorum
2831 1362 3228 1438 hominum),
3278 1371 3349 1422 ut
3400 1362 3479 1421 ti-

1986 1469 2204 1520 meant
2230 1470 2286 1519 te
2313 1462 2560 1519 cunctis
2589 1461 2837 1529 diebuS,
2858 1460 3088 1539 quibus
3118 1461 3349 1520 vivunt
3376 1480 3480 1519 sup

1978 1578 2098 1635 per
2138 1559 2379 1635 faciem
2427 1568 2633 1629 terroe,
2666 1579 2862 1637 quam
2907 1559 3148 1618 dedisti
3176 1560 3479 1636 patribus

1985 1660 2245 1719 nostriS.

2066 1754 2366 1836 Sequitur
2413 1754 2637 1837 petitio
2681 1762 2877 1817 sexta.
2922 1758 3198 1833 Insuper
3224 1765 3285 1815 et
3322 1757 3478 1817 alie-

373 1847 616 1911 mentis
644 1849 724 1911 ad
763 1850 986 1927 Deum,
1021 1848 1099 1912 fit
1139 1870 1286 1913 vera
1330 1852 1653 1928 contritio,
1688 1863 1751 1917 et
1789 1854 1878 1919 ita
1913 1850 1960 1913 B
1988 1856 2225 1931 m’yena
2247 1855 2365 1933 qai
2397 1873 2519 1914 non
2554 1863 2643 1914 est
2670 1857 2749 1912 de
2774 1858 3011 1931 populo
3038 1865 3143 1915 tuo
3166 1858 3393 1926 Israel,
3411 1854 3476 1918 id

373 1946 484 2009 hic
518 1946 805 2028 loquitur
836 1947 1156 2011 Salomon.
1179 1953 1264 2011 Et
1291 1954 1544 2011 ostende
1571 1954 1663 2011 eis
1697 1955 1876 2014 viam

374 2048 634 2116 bonam,
662 2068 783 2125 per
811 2068 1012 2126 quam
1040 2051 1394 2122 ambulent,
1432 2049 1495 2111 id
1534 2058 1652 2127 6εῖ,
1687 2052 1877 2115 corda

374 2163 602 2209 eorum
636 2145 934 2208 illumina
962 2147 1042 2209 ad
1075 2147 1612 2211 considerandum
1653 2150 1877 2214 effica-

374 2243 540 2305 citer
571 2251 680 2305 tua
710 2253 1050 2326 praecepta,
1085 2253 1149 2308 et
1180 2246 1457 2328 qualiter
1485 2256 1774 2329 oporteat
1803 2268 1876 2313 ea

375 2343 644 2405 servari.
681 2344 814 2406 Non
846 2344 1019 2407 enim
1051 2344 1302 2407 sufficit
1332 2345 1610 2409 humana
1651 2348 1877 2411 notitia

375 2442 516 2505 sive
549 2441 912 2519 instructio,
947 2444 1056 2506 scd
1092 2444 1480 2507 illuminatio
1512 2446 1621 2508 Dei
1650 2447 1876 2525 gratio-

375 2561 446 2603 sa
478 2540 852 2623 requiritur.
887 2542 1148 2623 Propter
1177 2545 1348 2624 quod
1381 2545 1587 2608 oravit
1615 2545 1876 2608 Psalmi-

204 2656 343 2693 ειη-ι
375 2648 472 2701 sta
510 2656 525 2701 ε
561 2638 743 2703 Viam
775 2639 1316 2720 justificationum
1350 2650 1601 2705 tuarum
1632 2644 1875 2707 instrue

373 2758 501 2801 me.
528 2738 608 2799 Et
641 2756 655 2801 ε
692 2738 780 2800 Da
811 2738 970 2801 mihi
1005 2739 1420 2817 intellectum,
1456 2749 1520 2804 et
1549 2743 1876 2806 scrutabor

373 2839 584 2919 legem
620 2846 818 2900 tuam.
836 2842 923 2900 Et
944 2842 1032 2900 da
1053 2842 1358 2917 pluviam
1385 2861 1578 2917 super
1610 2852 1872 2916 terram,

371 2960 576 3018 quam
604 2940 847 2999 dedisti
869 2944 1112 3017 populo
1149 2949 1256 3000 luo
1288 2941 1358 3000 in
1395 2943 1869 3018 possessionem.

1987 1960 2082 2014 est
2109 1952 2373 2032 gentilis
2406 1952 2686 2028 natione,
2703 1951 2837 2015 sive
2860 1952 2943 2013 sit
2962 1952 3327 2034 proselytus
3341 1952 3477 2015 sive

1988 2050 2052 2111 in
2084 2050 2459 2132 paganismo
2492 2051 2687 2113 Deum
2730 2070 2949 2113 verum
2980 2050 3217 2126 colenS,
3254 2070 3478 2114 secun-

1985 2148 2138 2209 dum
2189 2148 2389 2227 legem
2442 2148 2819 2225 naturalem,
2868 2168 3013 2211 cum
3063 2147 3196 2211 side
3244 2147 3476 2211 Christi

1987 2244 2187 2308 futuri
2236 2247 2459 2309 saltem
2506 2246 2840 2328 implicita,
2876 2268 3076 2327 quum
3119 2249 3365 2308 venerit
3398 2250 3479 2307 de

1988 2356 2160 2406 terra
2195 2348 2554 2425 lonqinqua
2578 2356 2843 2425 propter
2882 2366 3111 2407 nomen
3154 2356 3363 2417 tuum,
3410 2346 3475 2409 id

1985 2452 2082 2505 est
2111 2443 2191 2505 ad
2224 2442 2646 2505 invocandum
2684 2453 2742 2507 te
2771 2444 2835 2506 in
2869 2444 3060 2507 domo
3082 2444 3479 2507 hac.Audie-

1988 2552 2096 2602 tur
2124 2544 2299 2602 enim
2334 2562 2563 2603 nomen
2596 2554 2779 2603 tuum
2809 2562 3139 2619 magnum,
3158 2553 3217 2604 et
3245 2564 3479 2603 manus

1989 2650 2098 2702 tua
2148 2642 2368 2717 fortiS,
2417 2651 2476 2701 et
2527 2643 2865 2701 brachium
2916 2651 3101 2702 tuum
3148 2652 3477 2705 extentum

1984 2740 2222 2819 ubique
2252 2760 2275 2798 .·
2305 2738 2610 2820 quoniam
2640 2739 2803 2801 Deus
2836 2748 3072 2801 tantam
3104 2740 3479 2821 prosperita-

1987 2845 2136 2913 tem,
2171 2845 2380 2900 tantos
2415 2836 2790 2919 triumph08‚
2828 2845 3001 2899 tanta
3029 2838 3350 2901 mirabilia
3380 2858 3480 2902 ex-

1986 2936 2198 2998 hibuit
2232 2936 2385 2999 tiliis
2417 2936 2605 2999 Israel
2638 2936 2756 2999 sub
2788 2936 2983 3001 David
3021 2945 3087 2999 et
3116 2936 3471 3015 Salomone,

457 3036 760 3117 Sequitur
790 3036 1017 3119 petitio
1046 3036 1543 3119 quinta.Fames
1570 3040 1631 3098 si
1657 3042 1874 3100 oborta
1911 3036 1955 3099 C
1985 3036 2154 3116 quod
2207 3034 2505 3115 majestas
2548 3036 2689 3116 ejus
2734 3035 2883 3099 inde
2930 3034 3211 3117 undiquc
3256 3037 3475 3100 multis

373 3139 614 3216 faerit,
633 3155 710 3199 ex
738 3136 1018 3214 caristia,
1045 3137 1551 3219 victualiumque
1580 3138 1870 3220 penuria,

376 3238 450 3296 in
507 3245 709 3304 terra,
755 3246 873 3297 aut
915 3238 1320 3314 pestilentia,
1369 3247 1488 3298 aut
1535 3249 1876 3314 corruptus

377 3355 495 3394 aer
523 3342 772 3415 pestem
806 3334 1141 3411 inducenS,
1179 3345 1294 3396 aut
1321 3357 1562 3413 (vraiqo,
1595 3354 1737 3416 quae
1781 3345 1878 3398 est

378 3431 613 3494 vitium
665 3433 1007 3496 corrodens
1061 3431 1324 3510 ferrum,
1371 3433 1577 3498 aliave
1621 3434 1877 3496 metalla

379 3539 444 3593 ct
488 3539 758 3610 segetes,
793 3531 971 3594 Unde
1015 3531 1324 3614 scriptum
1362 3541 1458 3594 est
1493 3550 1506 3594 :
1541 3533 1780 3594 Aurum
1813 3541 1876 3595 et

375 3638 716 3710 argentum
755 3639 1039 3694 vestrum
1081 3631 1476 3711 aeruginavit.
1511 3631 1624 3694 Hic
1663 3641 1873 3694 autem

283 3763 290 3770 ·
378 3750 552 3794 nunc
583 3731 862 3793 sumitur
901 3749 1018 3812 pro
1058 3731 1316 3795 laesione
1355 3751 1468 3795 seu
1505 3732 1664 3795 vitio
1703 3750 1876 3812 sege-

377 3839 540 3906 tum,
576 3830 747 3910 quod
781 3829 848 3891 in
882 3830 1068 3893 terris
1098 3830 1481 3912 quibusdam
1519 3831 1680 3893 solet
1712 3831 1876 3894 acci-

375 3929 528 3993 dere
572 3929 744 3992 circa
782 3927 1014 3992 festum
1055 3931 1258 3993 sancti
1287 3930 1550 3994 Ioannis
1579 3931 1874 4013 Baptistae

373 4047 452 4092 ex
485 4029 760 4109 quadam
803 4028 1235 4092 minutissima
1273 4030 1510 4112 pluvia.
1543 4034 1682 4092 Aut
1711 4035 1876 4091 locu-

369 4139 497 4199 sta,
531 4145 678 4208 quae
708 4135 805 4190 est
836 4126 1105 4191 bestiola
1135 4128 1372 4204 breviS,
1405 4137 1586 4191 terrae
1617 4147 1875 4192 nascen-

1986 3134 2290 3198 innotuit.
2315 3139 2522 3204 Quum
2560 3139 2805 3196 venerit
2834 3156 2980 3214 erqo
3008 3147 3069 3196 et
3096 3139 3379 3198 oraverit
3399 3139 3472 3198 in

1987 3239 2114 3295 loco
2136 3236 2253 3296 hoc
2268 3256 2290 3295 .·
2312 3236 2849 3316 quemadmodum
2885 3235 2949 3297 in
2970 3235 3165 3312 Actis,
3186 3235 3471 3318 AEthiops

1985 3333 2317 3394 eunuchus
2356 3333 2661 3396 Candacis
2704 3333 2936 3413 reginae
2964 3331 3350 3415 AEt'hiopum,
3387 3335 3473 3396 le-
3500 3359 3597 3402 Aa.
3612 3360 3763 3408 wne-1.

1981 3431 2152 3511 gitur
2181 3431 2434 3494 venisse
2465 3432 2729 3495 adorare
2750 3432 2816 3494 in
2841 3431 3080 3514 templo
3098 3432 3467 3518 Jerusalem.

1981 3529 2253 3593 Ioannes
2284 3548 2540 3612 quoquc
2572 3529 3005 3594 refertzErant
3036 3531 3307 3611 gentiles
3337 3532 3475 3613 qui·
3526 3563 3765 3613 :onnam

1986 3630 2130 3691 dam
2171 3647 2248 3690 ex
2292 3628 2391 3690 his
2432 3629 2544 3711 qui
2585 3629 3001 3694 ascenderant
3040 3639 3108 3691 ut
3138 3631 3475 3694 adorarent
3502 3627 3571 3669 ²⁰·

1985 3727 2048 3789 in
2082 3727 2188 3790 die
2220 3725 2405 3790 festo,
2448 3731 2543 3789 Tu
2583 3731 2893 3788 eoeaudies
2938 3731 3009 3790 in
3054 3733 3228 3801 coelo,
3265 3733 3335 3790 in
3364 3735 3475 3809 fir-

1980 3837 2293 3888 mamento
2332 3829 2693 3888 habitaculi
2732 3830 2859 3898 tui,
2888 3839 2947 3888 et
2982 3829 3183 3904 facies
3225 3832 3475 3900 omnia,

1976 3947 2097 4005 pro
2137 3928 2370 4005 quibus
2409 3927 2806 3987 invocaverit
2852 3937 2908 3988 te
2946 3928 3306 4004 alienigena
3339 3948 3362 3989 .·
3402 3939 3475 3990 ut

1983 4027 2239 4089 discant
2279 4027 2573 4086 universi
2598 4028 2834 4102 populi
2879 4035 3203 4086 terrarum
3243 4046 3471 4088 nomen

1987 4134 2171 4185 tuum
2223 4126 2471 4194 timere,
2513 4127 2683 4186 sicut
2718 4130 3004 4204 populus
3044 4135 3195 4188 tuus
3240 4129 3469 4188 Israel.

375 4227 538 4289 tium
589 4225 933 4302 corrosiva,
979 4232 1080 4288 vel
1128 4229 1382 4304 rubiyo,
1413 4246 1556 4309 quae
1603 4237 1700 4290 est
1748 4228 1874 4292 alia
1905 4225 1956 4288 D
1982 4221 2158 4286 Unde
2200 4224 2480 4286 secundo
2522 4223 2687 4287 libro
2726 4223 3220 4286 Machabaeorum
3266 4243 3475 4287 narra-

373 4325 704 4407 corruptio
737 4334 1045 4404 segetum,
1081 4326 1232 4387 dum
1266 4334 1497 4389 tenerae
1529 4325 1742 4406 fruges
1775 4327 1874 4390 lae-

376 4425 518 4488 sivo
549 4442 694 4488 rore
722 4432 832 4487 aut
863 4433 1055 4487 vento
1087 4424 1550 4505 percutiuntur,
1587 4425 1672 4488 ita
1703 4426 1872 4506 quod

377 4521 580 4587 'culmi
611 4541 724 4585 scu
756 4522 1008 4604 stipulae
1040 4522 1464 4600 desiccantur,
1498 4531 1561 4586 et
1591 4523 1659 4584 in
1696 4523 1876 4586 rubo—

379 4640 516 4684 rem
547 4622 890 4702 quemdam
926 4628 1280 4697 vertuntur,
1307 4629 1371 4684 et
1401 4630 1644 4702 segetes
1673 4640 1875 4704 pauca

379 4719 476 4784 vel
511 4720 690 4782 nulla
720 4718 1058 4801 proferunt
1083 4739 1300 4801 grana,
1319 4731 1378 4781 et
1399 4723 1874 4798 afflixeriteum

381 4821 717 4888 inimicae,
750 4821 891 4897 ejus
913 4828 1137 4898 portas
1165 4821 1477 4892 obsidem,
1501 4822 1711 4880 omnis
1733 4824 1876 4897 pla-

372 4938 489 4994 ya,
523 4919 830 4978 universa
861 4919 1242 4995 infirmita-3,
1269 4929 1503 4978 cuncta
1530 4921 1870 4991 devotatiO,

379 5017 444 5078 id
477 5023 576 5078 est
607 5035 1030 5097 quaecumque
1059 5015 1444 5092 maledictio,
1479 5027 1538 5078 et
1569 5020 1874 5094 impreca-

378 5116 498 5185 tio,
518 5115 584 5178 id
613 5122 712 5178 est
741 5114 894 5177 mali
925 5114 1168 5197 optatio
1198 5133 1389 5196 quam
1420 5116 1564 5197 quis
1596 5125 1734 5178 orat
1764 5116 1874 5178 ali-

375 5214 482 5277 cui
515 5213 878 5296 provenire,
903 5234 1048 5292 quoe
1076 5216 1385 5274 acciderit
1414 5217 1596 5274 omni
1620 5217 1874 5276 homini

1986 4330 2108 4396 tur,
2141 4323 2490 4386 secundum
2534 4321 2842 4404 templum
2882 4323 3229 4386 Jerusalem
3271 4322 3471 4386 fuisse

1983 4420 2482 4484 famosissimum
2517 4429 2646 4484 toto
2676 4421 2829 4484 orbe
2862 4430 3193 4485 terrarum.
3228 4422 3305 4484 Et
3334 4442 3472 4484 rur—
3512 4449 3547 4493 n
3560 4449 3765 4501 unm„

1983 4539 2091 4582 sus
2133 4520 2412 4582 secundo
2452 4519 2616 4582 libro
2646 4519 3141 4582 Machabaeorum
3183 4520 3417 4584 dicitur
3450 4541 3464 4586 ε
3502 4516 3569 4557 ²³·

1983 4619 2187 4693 Quum
2237 4627 2455 4682 sancta
2501 4616 2725 4682 civitas
2765 4618 3159 4681 habitaretur
3190 4619 3254 4681 in
3296 4621 3469 4683 omni
3518 4646 3761 4696 105a,...‚¹-

1983 4737 2160 4800 pace,
2198 4717 2393 4780 siebat
2436 4725 2506 4779 ut
2543 4726 2607 4779 et
2647 4717 2769 4799 ipsi
2812 4736 2991 4798 reges
3039 4727 3103 4781 et
3148 4718 3472 4803 principes
3502 4713 3542 4753 ³·

1985 4817 2191 4880 locum
2240 4833 2489 4879 summo
2540 4817 2780 4880 honore
2828 4817 3093 4896 dignum
3143 4819 3469 4898 ducerent,

1984 4925 2047 4980 ct
2091 4916 2402 4998 templum
2450 4915 2743 4977 maximis
2786 4915 3157 4979 muneribus
3198 4917 3477 4982 illustra-

1983 5022 2154 5092 rent,
2211 5015 2299 5078 ita
2347 5023 2419 5076 ut
2467 5013 2767 5077 Seleucus
2815 5013 2977 5076 Asiae
3026 5033 3135 5077 rex
3182 5016 3261 5077 de
3307 5017 3474 5078 redi-

1985 5115 2154 5178 tibus
2214 5113 2349 5176 suis
2399 5121 2726 5195 praestaret
2775 5131 2996 5176 omnes
3048 5122 3338 5196 sumptus
3396 5115 3475 5176 ad

1983 5213 2414 5277 ministerium
2447 5210 2913 5276 sacrificiorum
2948 5211 3364 5293 pertinentes,
3388 5214 3476 5274 Et

371 5317 453 5374 de
493 5316 737 5392 populo
779 5323 887 5376 tuo
925 5315 1132 5374 Israel
1159 5332 1183 5372 .·
1215 5314 1274 5374 si
1316 5314 1464 5392 quis
1505 5314 1869 5391 coqnoverit
1973 5315 2245 5391 probent
2286 5313 2446 5393 quia
2483 5331 2713 5374 nomen
2756 5319 2941 5374 tuum
2969 5313 3339 5374 invocatum
3382 5320 3475 5374 est
