4359 6250
123 2029 246 2072 Dan.
269 2043 314 2078 n,
327 2033 374 2076 5,

111 4317 380 4407 οΕιτοιιὶιιτ,

1275 481 1622 528 manuum
1665 482 1725 527 IN
1768 481 1905 528 caP.
1952 481 1995 527 u
2035 483 2239 530 lesui-2.
2282 503 2363 514 —
2403 485 2545 530 ΛΒΤ.
2593 485 2659 531 111

3430 467 3508 530 15

404 647 573 730 regis
607 654 871 728 eyressis
911 653 1158 732 urbem,
1191 656 1414 716 statim
1451 662 1642 731 porta
1686 651 1900 714 civita-
1932 649 1986 714 A
2014 653 2123 715 Dei
2171 652 2535 731 effectibuS‚
2582 662 2643 719 et
2689 655 2995 737 quoniam
3035 654 3125 717 dii
3176 653 3497 738 AEgyptio-

405 745 510 822 tis,
565 765 680 828 per
729 768 922 830 quam
971 752 1252 828 exibant,
1284 756 1507 812 clausa
1537 761 1643 824 est,
1681 769 1760 813 ne
1806 768 1905 812 ex·

404 843 760 924 ploratores
806 857 918 912 aut
964 850 1077 912 alii
1126 849 1476 914 adversarii
1535 849 1759 914 urbem
1820 846 1899 910 de

407 951 594 1006 nocte
627 944 959 1010 intrarent.
995 947 1262 1023 Quidam
1297 957 1507 1012 tamen
1549 954 1894 1030 exponunt,

403 1042 578 1121 quod
623 1044 866 1106 nuntiis
911 1047 1182 1124 egressis
1224 1046 1482 1110 domum
1515 1045 1750 1123 Rahab,
1787 1051 1906 1108 sta-

405 1137 522 1200 tim
556 1149 741 1223 porta
771 1163 886 1206 seu
911 1145 1109 1226 janua
1130 1146 1356 1208 domus
1379 1144 1594 1208 Bahab
1626 1144 1708 1205 sit
1739 1143 1906 1206 clau-

406 1255 476 1299 sa
505 1238 588 1301 ab
619 1258 717 1317 ea,
750 1250 1064 1322 quatenus
1103 1242 1594 1308 convenientius
1635 1243 1903 1306 abscon-

405 1335 586 1399 deret
634 1339 1090 1422 exploratoreS,
1145 1342 1324 1406 nullo
1385 1342 1782 1422 ingrediente
1833 1339 1900 1402 in

406 1438 673 1502 domum
716 1441 898 1522 ejus;
941 1441 1051 1504 sed
1094 1442 1300 1524 prima
1343 1441 1656 1526 expositio
1701 1441 1908 1524 aptior

408 1545 525 1600 est.

491 1639 788 1700 Necdum
809 1642 1288 1702 obdormierant
1317 1643 1436 1721 qui
1465 1643 1770 1702 latebant.
1794 1639 1909 1701 Ho-

407 1734 617 1798 mines
663 1756 942 1820 namque
993 1739 1058 1800 in
1111 1740 1340 1803 timore
1381 1748 1574 1820 atque
1618 1736 1906 1821 periculo

2015 771 2155 814 rum
2187 761 2249 816 et
2282 752 2793 818 Amorrhaeorum
2824 771 2951 817 non
2985 761 3331 834 potuerunt
3362 753 3498 815 suis

2017 849 2357 915 subvenire
2418 850 2793 928 cultoribuS,
2856 870 2971 916 nec
3022 850 3149 914 Deo
3209 850 3505 913 resistere

2015 947 2441 1013 Hebraeorum.
2478 951 2673 1014 Nunc
2714 969 2859 1026 erqo
2894 951 3127 1028 jurate
3165 950 3333 1010 milti
3378 969 3495 1026 per

2015 1049 2393 1120 Dominum,
2428 1059 2499 1110 ut
2530 1052 2841 1127 quomodo
2870 1067 2979 1124 eqo
3017 1050 3147 1127 feci
3176 1049 3498 1108 vobiscum

2013 1147 2553 1218 misericordiam,
2598 1145 2662 1209 id
2712 1155 2808 1210 est
2856 1147 3111 1230 pietatis
3160 1145 3491 1222 effectum,

2015 1246 2199 1306 ita‘et
2230 1266 2337 1306 vos
2363 1248 2627 1326 faciatis
2658 1248 3171 1308 misericordiam
3214 1267 3361 1306 cum
3400 1250 3507 1305 do-

2016 1364 2117 1405 mo
2142 1346 2357 1421 patris
2387 1346 2537 1416 mei,
2559 1344 2621 1407 id
2653 1353 2749 1408 est
2778 1363 2925 1408 cum
2958 1343 3326 1427 parentibus
3347 1342 3506 1406 meis

2017 1449 2080 1504 et
2109 1442 2481 1524 posteritate
2510 1462 2621 1506 seu
2652 1443 3031 1525 cognatione
3058 1443 3378 1526 ipsorum3
3402 1445 3508 1504 de·

2020 1542 2223 1621 iisque
2273 1543 2439 1602 milti
2484 1543 2748 1620 siynum
2800 1563 3023 1602 verum
3074 1541 3341 1610 veritate
3387 1541 3502 1617 rei,

2020 1647 2170 1720 puta
2203 1638 2371 1702 reale
2398 1647 2461 1702 et
2491 1647 2731 1703 certum
2768 1639 3101 1716 indicium,
3122 1650 3193 1701 ut
3221 1643 3505 1710 salvetis,

2019 1737 2082 1800 id
2104 1746 2202 1800 est
2222 1736 2301 1800 de
2321 1737 2440 1801 hoc
2461 1740 2630 1820 quod
2654 1737 3003 1815 salvabitiS,
3020 1749 3271 1816 patrem
3292 1759 3507 1799 meum

405 1834 766 1912 constituti,
815 1854 943 1898 non
994 1836 1122 1900 cito
1168 1836 1581 1900 obdormiunt
1633 1855 1762 1919 prae
1813 1834 1904 1896 in·
1936 1836 1982 1898 B
2017 1848 2076 1898 ct
2124 1847 2420 1907 matrem,
2472 1839 2711 1916 fratres
2771 1859 2847 1898 ac
2902 1857 3144 1898 sorores
3201 1857 3398 1908 mea-5,
3449 1848 3509 1898 et

407 1931 788 2012 quietudine
833 1937 1044 1998 cordis
1089 1945 1150 1999 et
1195 1935 1693 2018 imaginationis,
1729 1934 1906 1998 Unde

407 2037 472 2092 et
513 2031 1094 2098 Nabuchodonosor
1144 2036 1516 2117 perterritus
1554 2053 1568 2096 :
1604 2034 1900 2109 Somnus,

410 2127 646 2210 inquit,
683 2131 946 2195 recessit
987 2152 1024 2195 a
1069 2152 1192 2196 me.
1229 2137 1314 2196 Et
1352 2154 1488 2194 ecce
1531 2135 1773 2194 mulier
1815 2153 1910 2192 as·

406 2230 628 2290 cendit
657 2233 748 2290 ad
771 2250 899 2301 eos,
927 2241 988 2292 et
1015 2233 1157 2292 ait:
1183 2234 1354 2294 Novi
1383 2235 1554 2312 quod
1583 2232 1900 2292 Dominus

410 2330 766 2390 tradiderit
797 2333 971 2390 vobis
1001 2341 1240 2392 terram
1270 2353 1294 2391 .·
1328 2331 1390 2394 id
1421 2339 1540 2408 est,
1564 2340 1736 2394 certa
1766 2348 1906 2392 sum

407 2428 582 2508 quod
629 2427 789 2491 Deus
829 2438 1040 2492 vester
1079 2430 1192 2512 qui
1237 2437 1333 2493 est
1375 2430 1665 2493 omnium
1699 2428 1905 2492 Domi-

407 2544 554 2602 nuS,
590 2526 748 2590 dare
772 2527 1074 2604 decrevit,
1101 2538 1165 2592 et
1194 2528 1488 2611 protinus
1517 2527 1694 2591 dabit
1724 2525 1907 2592 vobis

2016 1937 2238 1997 omnia
2278 1957 2421 2014 quae
2459 1936 2727 1996 illorum
2767 1946 2942 2008 sunt,
2973 1947 3035 1998 et
3082 1937 3329 1997 eruatis
3360 1937 3505 1998 ani-

2017 2055 2156 2095 mas
2200 2043 2473 2104 nostras,
2514 2033 2579 2095 id
2628 2042 2724 2096 est
2767 2052 2882 2097 nos
2934 2034 3106 2117 ipsos
3157 2053 3267 2097 seu
3307 2033 3504 2097 vitam

2020 2140 2301 2195 nostram
2349 2132 2688 2195 animalem
2748 2151 3139 2214 corpoream,
3186 2136 3266 2193 de
3306 2142 3505 2196 morte

2019 2233 2321 2302 violenta,
2368 2230 2664 2295 videlicet
2721 2232 2800 2294 de
2848 2229 3319 2308 interlectione,
3373 2250 3502 2312 qua

2017 2329 2260 2410 Hebraei
2292 2330 2585 2394 occident
2622 2330 2931 2412 populum
2976 2330 3169 2411 hujus
3215 2329 3391 2395 urbis
3433 2349 3505 2394 ac

2021 2428 2321 2509 regionis.

2104 2530 2232 2596 Qui
2277 2531 2745 2607 responderunt
2790 2549 2813 2588 .·
2857 2530 3103 2590 Anima
3154 2539 3373 2590 nostra
3419 2531 3505 2591 sit

407 2623 774 2688 universam
827 2625 994 2690 banc
1044 2635 1276 2690 terram
1315 2627 1634 2690 Chanaan.
1672 2626 1906 2689 Sec-un·
2012 2646 2133 2703 pro
2165 2629 2338 2686 vobis
2369 2629 2440 2687 in
2472 2636 2763 2697 mortem,
2796 2625 2860 2688 id
2891 2633 3009 2703 est,
3043 2644 3159 2688 nos
3192 2625 3316 2709 ipsi
3348 2627 3510 2694 occi·

407 2721 564 2786 dum
625 2723 984 2804 Origenem,
1049 2726 1348 2790 meretrix
1410 2726 1530 2788 ista
1592 2725 1756 2789 sacta
1816 2733 1911 2788 est
2020 2723 2277 2801 damur,
2330 2724 2455 2786 nisi
2506 2723 2929 2806 eripuerimus
2979 2742 3090 2790 vos
3140 2724 3218 2787 de
3278 2734 3503 2808 morte.

409 2821 866 2902 prophetissa:
901 2843 1029 2887 non
1070 2825 1241 2905 quod
1288 2842 1437 2887 vere
1477 2824 1772 2907 spiritum
1807 2824 1911 2886 ha·
2021 2823 2191 2885 Istud
2244 2821 2367 2884 fuit
2414 2822 2866 2904 aequivalenter
2913 2822 3344 2904 juramentum
3394 2843 3509 2906 per

408 2919 552 2982 buit
597 2921 974 3003 prophetias,
1020 2922 1130 2986 sed
1174 2923 1479 3005 quoniam
1525 2923 1725 2986 instar
1768 2924 1912 2986 Pro-
2020 2920 2539 2996 exsecrationem,
2574 2921 3109 3002 quemadmodum
3155 2920 3315 2984 illud
3345 2923 3509 3006 Apo-

411 3017 772 3099 phetarum,
809 3021 888 3084 de
919 3019 1138 3084 futuro
1168 3041 1282 3105 per
1313 3023 1573 3086 modum
1607 3022 1909 3104 praeteriti
1938 3015 1982 3076 C
2021 3019 2191 3095 stoli,
2224 3017 2353 3099 Ego
2387 3026 2609 3080 testem
2641 3019 2869 3083 invoco
2898 3019 3095 3082 Deum
3128 3019 3195 3082 in
3226 3021 3505 3087 animam
3540 3041 3803 3094 llCor.1.23.

409 3126 508 3179 est
551 3117 766 3181 locuta
806 3129 1066 3204 propter
1106 3121 1556 3185 certitudinem
1601 3121 1712 3185 rei.
1747 3119 1910 3184 Illud

408 3224 626 3279 autem
673 3216 858 3281 scivit
906 3217 1217 3296 futurum,
1269 3220 1591 3303 praecipue
1637 3240 1712 3284 ex
1757 3221 1908 3283 duo-

410 3314 556 3377 bus.
603 3315 836 3395 Primo,
886 3336 961 3381 ex
1006 3319 1366 3399 dejectione
1410 3319 1620 3383 cordis
1664 3318 1902 3382 Chana-

411 3432 700 3477 naeorum
737 3432 752 3475 :
785 3415 899 3497 qui
931 3416 1103 3479 enim
1145 3417 1236 3480 sic
1275 3417 1521 3496 timent,
1558 3418 1730 3480 vinci
1760 3436 1910 3481 con-

411 3520 784 3575 sueverunt.
833 3513 1146 3590 Secund0‚
1199 3535 1278 3578 ex
1325 3516 1727 3579 mirabilibus
1766 3535 1912 3597 quae

415 3610 612 3673 Deum
641 3610 1050 3675 Hebraeorum
1085 3612 1314 3677 fecisse
1344 3613 1630 3678 audivit:
1661 3614 1779 3677 hoc
1811 3621 1908 3677 est

411 3710 588 3790 quod
627 3710 924 3773 subditur
959 3728 972 3771 :
1009 3714 1270 3774 Etenim
1304 3716 1506 3774 irruit
1542 3716 1615 3773 in
1649 3734 1760 3775 nos
1791 3722 1912 3773 ter-

409 3827 526 3867 ror
555 3818 782 3879 vester,
816 3808 878 3871 id
923 3817 1040 3887 est,
1087 3809 1362 3873 formido
1412 3811 1492 3873 de
1538 3810 1721 3874 vobis
1766 3829 1912 3875 con·

410 3913 622 3988 cepta,
657 3906 1014 3989 impetuose
1046 3907 1272 3971 incidit
1303 3909 1604 3973 cordibus
1638 3910 1906 3985 nostris3

407 4016 472 4066 et
520 4010 982 4085 elanyueruna
1035 4007 1098 4069 id
1159 4016 1276 4083 est,
1331 4017 1542 4071 mente
1595 4007 1908 4072 infirmati

411 4112 590 4181 sunt,
623 4125 839 4168 omnes
869 4109 1255 4168 habitatores
1287 4117 1471 4170 terroe
1504 4107 1711 4185 istim,
1746 4126 1906 4189 quo-

2021 3136 2248 3189 meam.
2282 3117 2497 3200 ltaque
2526 3114 2739 3181 anima
2771 3136 2941 3198 nunc
2972 3117 3247 3182 sumitur
3280 3107 3506 3202 proto.-

2023 3208 2499 3299 to'composito,
2532 3215 2715 3296 cujus
2762 3202 2900 3297 ipsa
2944 3224 3041 3279 est
3082 3236 3228 3299 pars
3277 3218 3507 3300 princi-

2021 3316 2185 3399 palis
2205 3316 2343 3391 ;.vel
2366 3334 2485 3397 pro
2514 3315 2643 3379 vita
2672 3314 3163 3397 animali‚quam
3194 3315 3509 3387 diffundit

2023 3415 2393 3497 in.corpus.
2441 3411 2784 3477 Rationalis
2840 3414 3093 3482 etenim.
3135 3414 3348 3485 anima
3398 3416 3511 3478 im-

2022 3514 2309 3578 mortalis
2348 3520 2443 3576 est
2479 3519 2788 3595 quantum
2818 3512 2897 3575 ad
2930 3532 3109 3575 suam
3140 3513 3506 3579 essentiam.

2024 3617 2361 3693 Quumque
2406 3614 2753 3673 tradiderit
2798 3614 2976 3671 nobis
3018 3615 3337 3675 Dominus
3392 3624 3513 3674 ter-—

2025 3733 2190 3783 ram,
2223 3712 2537 3791 faciemus
2584 3711 2653 3771 in
2696 3720 2752 3770 te
2791 3712 3304 3773 misericordiam
3346 3712 3513 3775 sicut

2022 3809 2261 3892 petisti,
2294 3820 2353 3869 et
2384 3810 2739 3879 veritatem,
2774 3806 2837 3870 id
2875 3816 2971 3870 est
3007 3808 3353 3888 juramenti
3397 3811 3513 3873 hu-

2016 3911 2120 3992 jus
2155 3908 2657 3973 verificationem
2692 3927 2801 3971 seu
2834 3898 3385 3991 adimpletionem.

2102 4010 2377 4071 Demisit
2423 4028 2593 4086 eryo,
2637 4006 2701 4069 id
2749 4015 2845 4071 est
2893 4006 3209 4089 deposuit,
3254 4029 3354 4069 eos
3392 4029 3513 4087 per

2022 4111 2253 4188 funem
2270 4110 2350 4168 de
2377 4109 2661 4184 fenestra
2693 4104 2790 4167 sui
2824 4105 3319 4169 solarii.Domus
3337 4110 3513 4170 enim

415 4202 594 4268 niam
617 4205 813 4267 robur
832 4214 896 4267 et
926 4204 1212 4267 animum
1235 4224 1542 4288 spemque
1565 4206 1914 4289 praevalen-
1947 4212 1995 4273 D
2022 4207 2162 4285 ejus
2192 4207 2465 4267 leoerebat
2496 4225 2702 4267 muro.
2728 4204 2907 4267 Circa
2938 4204 3056 4269 hoc
3090 4204 3285 4269 refert
3314 4206 3505 4289 Lyra:

417 4302 485 4365 di
518 4302 894 4367 amiserunt.
932 4305 1331 4365 Audivimus
1364 4308 1535 4384 quod
1575 4307 1913 4367 siccaverit

417 4403 746 4463 Dominus
763 4424 968 4483 aquas
987 4405 1192 4464 maris
1212 4406 1424 4465 Rubri
1453 4407 1540 4464 ad
1569 4406 1914 4466 introitum

415 4511 727 4564 vestrum.
763 4501 914 4565 Esse
951 4502 1312 4579 humidum,
1352 4502 1780 4585 inseparabile
1819 4511 1916 4567 est

409 4598 498 4663 ab
529 4618 718 4681 aqua.
754 4599 898 4663 Ideo
930 4620 1100 4683 aqua
1137 4602 1394 4683 proprie
1440 4620 1566 4665 non
1613 4602 1908 4665 siccatur.

409 4696 632 4779 ltaque
675 4716 906 4763 sensus
945 4708 1065 4778 est,
1099 4701 1272 4781 quod
1304 4699 1611 4763 Dominus
1647 4700 1913 4763 siccavit

411 4794 688 4859 fundum
733 4797 930 4861 maris
979 4798 1199 4875 Rubri,
1253 4799 1635 4862 removendo
1677 4818 1906 4881 aquam

409 4897 494 4959 ab
535 4914 614 4959 eo
649 4897 731 4960 ad
771 4896 1049 4980 spatium
1082 4906 1347 4960 certum.
1383 4900 1703 4959 Dominus
1731 4901 1907 4960 enim

411 4999 588 5059 Deus
621 5006 844 5068 vester,
865 4998 996 5073 ipse
1023 5006 1114 5057 est
1133 4998 1303 5057 Deus
1336 4997 1409 5057 in
1439 5001 1590 5058 coelo
1621 5018 1907 5067 sursum,

411 5105 474 5155 et
507 5098 580 5155 in
615 5106 788 5157 terra
827 5098 1152 5165 deorsum,
1187 5094 1249 5157 id
1294 5103 1390 5158 est
1429 5095 1784 5158 eoelestium
1832 5103 1918 5156 at·

415 5211 548 5276 que
575 5192 1000 5269 terrestrium,
1035 5193 1164 5257 imo
1195 5203 1258 5258 et
1291 5194 1756 5257 universorum.
1788 5191 1917 5255 Hoc

419 5291 657 5355 mulier
689 5291 808 5354 ista
841 5292 1180 5374 perpendit
1209 5311 1284 5354 ex
1315 5289 1912 5372 supernaturalibus

2024 4303 2291 4381 Hebraei,
2346 4302 2459 4385 qui
2511 4302 2733 4365 dicunt
2788 4303 3002 4365 Rahab
3054 4302 3253 4367 fuisse
3313 4324 3514 4369 mere-

2025 4402 2272 4479 tricem,
2304 4401 2657 4479 affirmant,
2700 4403 2871 4484 quod
2915 4421 3026 4484 per
3067 4401 3285 4466 sunem
3324 4403 3508 4467 illum

2024 4500 2359 4566 consuevit
2405 4518 2554 4563 suos
2604 4500 2886 4582 recipere
2933 4510 3126 4583 atque
3187 4500 3513 4586 dimittere

2024 4608 2378 4672 amatores3
2412 4598 2522 4661 sed
2557 4617 2682 4663 non
2716 4598 2989 4676 videtur,
3023 4600 3193 4681 quod
3236 4608 3512 4665 rectores

2025 4697 2304 4762 civitatis
2347 4698 2467 4761 hoc
2513 4696 2973 4780 permisissent,
3009 4699 3362 4778 praesertim
3404 4718 3517 4763 no-

2025 4796 2270 4862 cturnis
2304 4796 2717 4879 temporibus
2737 4795 2831 4858 Ad
2863 4796 3226 4860 meretrices
3258 4817 3515 4881 quoque

2023 4896 2104 4959 l'it
2132 4904 2378 4978 patenS,
2416 4913 2543 4958 non
2574 4893 2720 4956 talis
2751 4892 3028 4956 furtivus
3060 4902 3124 4956 et
3156 4894 3383 4972 latenS,
3419 4896 3514 4958 in-

2024 5013 2301 5077 gressus·
2335 4997 2654 5074 Dixitque
2702 4996 2791 5054 ad
2836 5012 2935 5053 eos
2978 5013 3000 5052 .·
3044 4995 3152 5055 Ad
3200 5004 3510 5056 montana

2023 5094 2421 5157 conscendite
2451 5091 2823 5157 divertendo
2862 5111 2899 5154 a
2940 5099 3111 5154 recto
3145 5091 3397 5170 itinere,
3434 5114 3514 5153 ne

2025 5194 2192 5271 forte
2238 5201 2580 5253 occurrant
2630 5192 2801 5251 vobis
2858 5200 3238 5251 revertentes
3298 5192 3511 5257 nuntii

2029 5291 2217 5373 regis.
2271 5294 2497 5371 Ibique
2558 5292 2808 5351 latitate
2854 5292 3075 5350 diebus
3136 5292 3365 5363 tribue,
3424 5290 3513 5357 lo-
