<?xml version="1.0" encoding="UTF-8"?>
<!DOCTYPE html PUBLIC "-//W3C//DTD XHTML 1.0 Transitional//EN"
    "http://www.w3.org/TR/xhtml1/DTD/xhtml1-transitional.dtd">
<html xmlns="http://www.w3.org/1999/xhtml" xml:lang="en" lang="en">
 <head>
  <title>
</title>
<meta http-equiv="Content-Type" content="text/html;charset=utf-8" />
  <meta name='ocr-system' content='tesseract 3.04.00' />
  <meta name='ocr-capabilities' content='ocr_page ocr_carea ocr_par ocr_line ocrx_word'/>
</head>
<body>
  <div class='ocr_page' id='page_1' title='image "./doctorisecstati02denigoog_0321.png"; bbox 0 0 4359 6250; ppageno 0'>
   <div class='ocr_carea' id='block_1_1' title="bbox 861 497 980 561">
    <p class='ocr_par' dir='ltr' id='par_1_1' title="bbox 861 497 980 561">
     <span class='ocr_line' id='line_1_1' title="bbox 861 497 980 561; baseline 0.008 -1"><span class='ocrx_word' id='word_1_1' title='bbox 861 497 980 561; x_wconf 76' lang='lat'><strong>278</strong></span> 
     </span>
    </p>
   </div>
   <div class='ocr_carea' id='block_1_2' title="bbox 1478 515 3337 562">
    <p class='ocr_par' dir='ltr' id='par_1_2' title="bbox 1478 515 3337 562">
     <span class='ocr_line' id='line_1_2' title="bbox 1478 515 3337 562; baseline -0.002 0"><span class='ocrx_word' id='word_1_2' title='bbox 1478 515 1826 562; x_wconf 72' lang='lat' dir='ltr'>ENARRATIO</span> <span class='ocrx_word' id='word_1_3' title='bbox 1869 516 1928 561; x_wconf 82' lang='lat' dir='ltr'><strong>IN</strong></span> <span class='ocrx_word' id='word_1_4' title='bbox 1970 516 2108 560; x_wconf 71' lang='lat' dir='ltr'><strong>cAP.</strong></span> <span class='ocrx_word' id='word_1_5' title='bbox 2154 515 2221 560; x_wconf 88' lang='lat'><strong>111</strong></span> <span class='ocrx_word' id='word_1_6' title='bbox 2264 515 2420 560; x_wconf 79' lang='lat' dir='ltr'><strong>LIBRI</strong></span> <span class='ocrx_word' id='word_1_7' title='bbox 2464 515 2633 560; x_wconf 77' lang='lat' dir='ltr'><strong>mum</strong></span> <span class='ocrx_word' id='word_1_8' title='bbox 2675 516 2899 562; x_wconf 67' lang='lat' dir='ltr'><strong>umuli.</strong></span> <span class='ocrx_word' id='word_1_9' title='bbox 2942 535 3023 544; x_wconf 91' lang='lat'>—</span> <span class='ocrx_word' id='word_1_10' title='bbox 3064 515 3205 560; x_wconf 72' lang='grc' dir='ltr'><strong>ΛΒΤ.</strong></span> <span class='ocrx_word' id='word_1_11' title='bbox 3252 515 3337 560; x_wconf 79' lang='lat' dir='ltr'><strong>vll</strong></span> 
     </span>
    </p>
   </div>
   <div class='ocr_carea' id='block_1_3' title="bbox 863 681 3951 766">
    <p class='ocr_par' dir='ltr' id='par_1_3' title="bbox 863 681 3951 766">
     <span class='ocr_line' id='line_1_3' title="bbox 863 681 3951 766; baseline -0.001 -18"><span class='ocrx_word' id='word_1_12' title='bbox 863 695 1013 748; x_wconf 90' lang='lat' dir='ltr'><strong>runt</strong></span> <span class='ocrx_word' id='word_1_13' title='bbox 1043 684 1108 748; x_wconf 92' lang='lat' dir='ltr'><strong>in</strong></span> <span class='ocrx_word' id='word_1_14' title='bbox 1141 704 1366 762; x_wconf 89' lang='lat' dir='ltr'><strong>unum,</strong></span> <span class='ocrx_word' id='word_1_15' title='bbox 1401 685 1566 748; x_wconf 90' lang='lat' dir='ltr'><strong>sicut</strong></span> <span class='ocrx_word' id='word_1_16' title='bbox 1597 687 1664 746; x_wconf 90' lang='lat' dir='ltr'><strong>in</strong></span> <span class='ocrx_word' id='word_1_17' title='bbox 1696 685 1840 747; x_wconf 91' lang='lat' dir='ltr'><strong>aliis</strong></span> <span class='ocrx_word' id='word_1_18' title='bbox 1870 685 2162 766; x_wconf 90' lang='lat' dir='ltr'><strong>pluribus</strong></span> <span class='ocrx_word' id='word_1_19' title='bbox 2194 684 2352 748; x_wconf 89' lang='lat' dir='ltr'><strong>locis</strong></span> <span class='ocrx_word' id='word_1_20' title='bbox 2382 683 2433 745; x_wconf 82' lang='lat' dir='ltr'>A</span> <span class='ocrx_word' id='word_1_21' title='bbox 2461 687 2631 745; x_wconf 81' lang='lat' dir='ltr'><strong>mini</strong></span> <span class='ocrx_word' id='word_1_22' title='bbox 2662 688 2773 746; x_wconf 81' lang='lat' dir='ltr'><strong>ubi</strong></span> <span class='ocrx_word' id='word_1_23' title='bbox 2801 695 2941 746; x_wconf 87' lang='lat' dir='ltr'><strong>erat</strong></span> <span class='ocrx_word' id='word_1_24' title='bbox 2971 705 3123 746; x_wconf 85' lang='lat' dir='ltr'><strong>arca</strong></span> <span class='ocrx_word' id='word_1_25' title='bbox 3152 686 3295 746; x_wconf 85' lang='lat' dir='ltr'><strong>Dei.</strong></span> <span class='ocrx_word' id='word_1_26' title='bbox 3329 682 3443 746; x_wconf 86' lang='lat' dir='ltr'><strong>Per</strong></span> <span class='ocrx_word' id='word_1_27' title='bbox 3482 681 3795 764; x_wconf 87' lang='lat' dir='ltr'><strong>templum</strong></span> <span class='ocrx_word' id='word_1_28' title='bbox 3836 681 3951 744; x_wconf 88' lang='lat' dir='ltr'><strong>Do-</strong></span> 
     </span>
    </p>
   </div>
   <div class='ocr_carea' id='block_1_4' title="bbox 863 781 2360 1851">
    <p class='ocr_par' dir='ltr' id='par_1_4' title="bbox 863 781 2359 1737">
     <span class='ocr_line' id='line_1_4' title="bbox 863 781 2355 864; baseline -0.003 -18"><span class='ocrx_word' id='word_1_29' title='bbox 863 790 961 846; x_wconf 87' lang='lat' dir='ltr'><strong>est</strong></span> <span class='ocrx_word' id='word_1_30' title='bbox 993 781 1232 846; x_wconf 85' lang='lat' dir='ltr'><strong>factum</strong></span> <span class='ocrx_word' id='word_1_31' title='bbox 1269 801 1282 844; x_wconf 90' lang='lat'>:</span> <span class='ocrx_word' id='word_1_32' title='bbox 1320 782 1464 846; x_wconf 89' lang='lat' dir='ltr'><strong>idco</strong></span> <span class='ocrx_word' id='word_1_33' title='bbox 1497 790 1963 862; x_wconf 79' lang='lat' dir='ltr'><strong>consequenter</strong></span> <span class='ocrx_word' id='word_1_34' title='bbox 2003 789 2355 864; x_wconf 87' lang='lat' dir='ltr'><strong>posuerunt</strong></span> 
     </span>
     <span class='ocr_line' id='line_1_5' title="bbox 865 879 2355 962; baseline -0.002 -18"><span class='ocrx_word' id='word_1_35' title='bbox 865 881 970 944; x_wconf 91' lang='lat' dir='ltr'><strong>hic</strong></span> <span class='ocrx_word' id='word_1_36' title='bbox 1001 882 1350 944; x_wconf 81' lang='lat' dir='ltr'><strong>Lucernam</strong></span> <span class='ocrx_word' id='word_1_37' title='bbox 1392 881 1457 943; x_wconf 91' lang='lat' dir='ltr'><strong>in</strong></span> <span class='ocrx_word' id='word_1_38' title='bbox 1497 879 1879 958; x_wconf 86' lang='lat' dir='ltr'><strong>accusativ0,</strong></span> <span class='ocrx_word' id='word_1_39' title='bbox 1916 898 2031 962; x_wconf 91' lang='lat' dir='ltr'><strong>pro</strong></span> <span class='ocrx_word' id='word_1_40' title='bbox 2070 881 2355 944; x_wconf 82' lang='lat' dir='ltr'><strong>Lucerna</strong></span> 
     </span>
     <span class='ocr_line' id='line_1_6' title="bbox 866 979 2357 1062; baseline -0.001 -20"><span class='ocrx_word' id='word_1_41' title='bbox 866 979 934 1042; x_wconf 90' lang='lat' dir='ltr'><strong>in</strong></span> <span class='ocrx_word' id='word_1_42' title='bbox 975 979 1391 1043; x_wconf 76' lang='lat' dir='ltr'><strong>nominativo,</strong></span> <span class='ocrx_word' id='word_1_43' title='bbox 1426 980 1601 1043; x_wconf 91' lang='lat' dir='ltr'><strong>Unde</strong></span> <span class='ocrx_word' id='word_1_44' title='bbox 1640 988 1924 1062; x_wconf 88' lang='lat' dir='ltr'><strong>apparet,</strong></span> <span class='ocrx_word' id='word_1_45' title='bbox 1974 980 2143 1060; x_wconf 93' lang='lat' dir='ltr'><strong>quod</strong></span> <span class='ocrx_word' id='word_1_46' title='bbox 2197 979 2357 1042; x_wconf 91' lang='lat' dir='ltr'><strong>veri-</strong></span> 
     </span>
     <span class='ocr_line' id='line_1_7' title="bbox 865 1077 2357 1162; baseline -0.003 -18"><span class='ocrx_word' id='word_1_47' title='bbox 865 1091 962 1144; x_wconf 91' lang='lat' dir='ltr'><strong>tas</strong></span> <span class='ocrx_word' id='word_1_48' title='bbox 1023 1089 1254 1145; x_wconf 79' lang='lat' dir='ltr'><strong>nostrae</strong></span> <span class='ocrx_word' id='word_1_49' title='bbox 1304 1079 1738 1143; x_wconf 78' lang='lat' dir='ltr'><strong>translationis</strong></span> <span class='ocrx_word' id='word_1_50' title='bbox 1783 1098 1820 1141; x_wconf 88' lang='lat' dir='ltr'><strong>a</strong></span> <span class='ocrx_word' id='word_1_51' title='bbox 1862 1079 2181 1162; x_wconf 89' lang='lat' dir='ltr'><strong>principio</strong></span> <span class='ocrx_word' id='word_1_52' title='bbox 2233 1077 2357 1141; x_wconf 80' lang='lat' dir='ltr'><strong>suit</strong></span> 
     </span>
     <span class='ocr_line' id='line_1_8' title="bbox 867 1178 2357 1260; baseline -0.003 -17"><span class='ocrx_word' id='word_1_53' title='bbox 867 1180 1024 1258; x_wconf 80' lang='lat' dir='ltr'><strong>haec,</strong></span> <span class='ocrx_word' id='word_1_54' title='bbox 1058 1179 1192 1243; x_wconf 89' lang='lat' dir='ltr'><strong>Non</strong></span> <span class='ocrx_word' id='word_1_55' title='bbox 1226 1187 1470 1260; x_wconf 88' lang='lat' dir='ltr'><strong>poterat</strong></span> <span class='ocrx_word' id='word_1_56' title='bbox 1498 1179 1716 1242; x_wconf 90' lang='lat' dir='ltr'><strong>videre</strong></span> <span class='ocrx_word' id='word_1_57' title='bbox 1750 1196 1764 1240; x_wconf 92' lang='lat'>:</span> <span class='ocrx_word' id='word_1_58' title='bbox 1801 1178 1890 1241; x_wconf 88' lang='lat' dir='ltr'><strong>ita</strong></span> <span class='ocrx_word' id='word_1_59' title='bbox 1925 1179 2094 1260; x_wconf 93' lang='lat' dir='ltr'><strong>quod</strong></span> <span class='ocrx_word' id='word_1_60' title='bbox 2135 1197 2357 1241; x_wconf 90' lang='lat' dir='ltr'><strong>versus</strong></span> 
     </span>
     <span class='ocr_line' id='line_1_9' title="bbox 866 1276 2359 1358; baseline -0.001 -18"><span class='ocrx_word' id='word_1_61' title='bbox 866 1279 974 1342; x_wconf 91' lang='lat' dir='ltr'><strong>hic</strong></span> <span class='ocrx_word' id='word_1_62' title='bbox 1016 1277 1410 1341; x_wconf 90' lang='lat' dir='ltr'><strong>terminatur.</strong></span> <span class='ocrx_word' id='word_1_63' title='bbox 1445 1277 1522 1339; x_wconf 92' lang='lat' dir='ltr'><strong>Et</strong></span> <span class='ocrx_word' id='word_1_64' title='bbox 1560 1277 1846 1358; x_wconf 89' lang='lat' dir='ltr'><strong>sequitur</strong></span> <span class='ocrx_word' id='word_1_65' title='bbox 1881 1295 1895 1338; x_wconf 76' lang='grc' dir='ltr'>ε</span> <span class='ocrx_word' id='word_1_66' title='bbox 1931 1277 2217 1340; x_wconf 86' lang='lat' dir='ltr'><strong>Lucerna</strong></span> <span class='ocrx_word' id='word_1_67' title='bbox 2245 1276 2359 1338; x_wconf 87' lang='lat' dir='ltr'><strong>Do-</strong></span> 
     </span>
     <span class='ocr_line' id='line_1_10' title="bbox 868 1375 2359 1458; baseline -0.003 -18"><span class='ocrx_word' id='word_1_68' title='bbox 868 1377 1028 1440; x_wconf 90' lang='lat' dir='ltr'><strong>mini</strong></span> <span class='ocrx_word' id='word_1_69' title='bbox 1051 1384 1389 1458; x_wconf 80' lang='lat' dir='ltr'><strong>antequam</strong></span> <span class='ocrx_word' id='word_1_70' title='bbox 1413 1375 2200 1456; x_wconf 87' lang='lat' dir='ltr'><strong>exstingueretur,Samuel</strong></span> <span class='ocrx_word' id='word_1_71' title='bbox 2224 1375 2359 1437; x_wconf 88' lang='lat' dir='ltr'><strong>dor-</strong></span> 
     </span>
     <span class='ocr_line' id='line_1_11' title="bbox 869 1472 2355 1556; baseline -0.003 -17"><span class='ocrx_word' id='word_1_72' title='bbox 869 1476 1127 1553; x_wconf 87' lang='lat' dir='ltr'><strong>miebat,</strong></span> <span class='ocrx_word' id='word_1_73' title='bbox 1154 1476 1274 1539; x_wconf 92' lang='lat' dir='ltr'><strong>hoc</strong></span> <span class='ocrx_word' id='word_1_74' title='bbox 1303 1483 1421 1552; x_wconf 88' lang='lat' dir='ltr'><strong>est,</strong></span> <span class='ocrx_word' id='word_1_75' title='bbox 1439 1484 1780 1556; x_wconf 83' lang='lat' dir='ltr'><strong>antequam</strong></span> <span class='ocrx_word' id='word_1_76' title='bbox 1815 1474 2074 1536; x_wconf 89' lang='lat' dir='ltr'><strong>lucerna</strong></span> <span class='ocrx_word' id='word_1_77' title='bbox 2105 1472 2355 1536; x_wconf 90' lang='lat' dir='ltr'><strong>Domini</strong></span> 
     </span>
     <span class='ocr_line' id='line_1_12' title="bbox 869 1571 2359 1655; baseline -0.003 -18"><span class='ocrx_word' id='word_1_78' title='bbox 869 1574 1409 1655; x_wconf 81' lang='lat' dir='ltr'><strong>exstinguebatur,</strong></span> <span class='ocrx_word' id='word_1_79' title='bbox 1432 1581 1586 1654; x_wconf 89' lang='lat' dir='ltr'><strong>puta</strong></span> <span class='ocrx_word' id='word_1_80' title='bbox 1615 1572 1682 1634; x_wconf 92' lang='lat' dir='ltr'><strong>in</strong></span> <span class='ocrx_word' id='word_1_81' title='bbox 1717 1580 1922 1649; x_wconf 88' lang='lat' dir='ltr'><strong>nocte,</strong></span> <span class='ocrx_word' id='word_1_82' title='bbox 1943 1571 2195 1634; x_wconf 89' lang='lat' dir='ltr'><strong>Samuel</strong></span> <span class='ocrx_word' id='word_1_83' title='bbox 2220 1571 2359 1634; x_wconf 89' lang='lat' dir='ltr'><strong>dor-</strong></span> 
     </span>
     <span class='ocr_line' id='line_1_13' title="bbox 867 1673 1124 1737; baseline -0.008 0"><span class='ocrx_word' id='word_1_84' title='bbox 867 1673 1124 1737; x_wconf 89' lang='lat' dir='ltr'><strong>miebat.</strong></span> 
     </span>
    </p>

    <p class='ocr_par' dir='ltr' id='par_1_5' title="bbox 948 1769 2360 1851">
     <span class='ocr_line' id='line_1_14' title="bbox 948 1769 2360 1851; baseline -0.004 -15"><span class='ocrx_word' id='word_1_85' title='bbox 948 1773 1398 1836; x_wconf 87' lang='lat' dir='ltr'><strong>Verumtamen</strong></span> <span class='ocrx_word' id='word_1_86' title='bbox 1428 1770 1583 1851; x_wconf 90' lang='lat' dir='ltr'><strong>quia</strong></span> <span class='ocrx_word' id='word_1_87' title='bbox 1614 1788 1741 1834; x_wconf 92' lang='lat' dir='ltr'><strong>non</strong></span> <span class='ocrx_word' id='word_1_88' title='bbox 1773 1769 2025 1832; x_wconf 88' lang='lat' dir='ltr'><strong>videtur</strong></span> <span class='ocrx_word' id='word_1_89' title='bbox 2056 1769 2228 1849; x_wconf 92' lang='lat' dir='ltr'><strong>quod</strong></span> <span class='ocrx_word' id='word_1_90' title='bbox 2270 1777 2360 1830; x_wconf 92' lang='lat' dir='ltr'><strong>ta-</strong></span> 
     </span>
    </p>
   </div>
   <div class='ocr_carea' id='block_1_5' title="bbox 2461 779 3961 1853">
    <p class='ocr_par' dir='ltr' id='par_1_6' title="bbox 2461 779 3961 1853">
     <span class='ocr_line' id='line_1_15' title="bbox 2461 779 3953 863; baseline -0.002 -19"><span class='ocrx_word' id='word_1_91' title='bbox 2461 783 2643 860; x_wconf 89' lang='lat' dir='ltr'><strong>mini,</strong></span> <span class='ocrx_word' id='word_1_92' title='bbox 2679 782 3060 863; x_wconf 82' lang='lat' dir='ltr'><strong>intelligitur</strong></span> <span class='ocrx_word' id='word_1_93' title='bbox 3109 783 3215 844; x_wconf 91' lang='lat' dir='ltr'><strong>hic</strong></span> <span class='ocrx_word' id='word_1_94' title='bbox 3266 781 3747 845; x_wconf 87' lang='lat' dir='ltr'><strong>tabernaculum</strong></span> <span class='ocrx_word' id='word_1_95' title='bbox 3790 779 3953 860; x_wconf 68' lang='lat' dir='ltr'><strong>Moy-</strong></span> 
     </span>
     <span class='ocr_line' id='line_1_16' title="bbox 2462 881 3947 954; baseline -0.001 -12"><span class='ocrx_word' id='word_1_96' title='bbox 2462 881 2572 943; x_wconf 83' lang='lat' dir='ltr'><strong>sis,</strong></span> <span class='ocrx_word' id='word_1_97' title='bbox 2608 883 2768 945; x_wconf 78' lang='lat' dir='ltr'><strong>Arca</strong></span> <span class='ocrx_word' id='word_1_98' title='bbox 2807 900 2959 946; x_wconf 89' lang='lat' dir='ltr'><strong>vero</strong></span> <span class='ocrx_word' id='word_1_99' title='bbox 3002 891 3137 945; x_wconf 89' lang='lat' dir='ltr'><strong>erat</strong></span> <span class='ocrx_word' id='word_1_100' title='bbox 3180 882 3246 944; x_wconf 89' lang='lat' dir='ltr'><strong>in</strong></span> <span class='ocrx_word' id='word_1_101' title='bbox 3287 881 3516 943; x_wconf 90' lang='lat' dir='ltr'><strong>Sancto</strong></span> <span class='ocrx_word' id='word_1_102' title='bbox 3557 888 3947 954; x_wconf 84' lang='lat' dir='ltr'><strong>sanctorum,</strong></span> 
     </span>
     <span class='ocr_line' id='line_1_17' title="bbox 2464 977 3951 1062; baseline -0.002 -20"><span class='ocrx_word' id='word_1_103' title='bbox 2464 980 2531 1042; x_wconf 93' lang='lat' dir='ltr'><strong>in</strong></span> <span class='ocrx_word' id='word_1_104' title='bbox 2552 999 2681 1062; x_wconf 93' lang='lat' dir='ltr'><strong>quo</strong></span> <span class='ocrx_word' id='word_1_105' title='bbox 2707 1000 2893 1044; x_wconf 91' lang='lat' dir='ltr'><strong>nemo</strong></span> <span class='ocrx_word' id='word_1_106' title='bbox 2914 980 3234 1059; x_wconf 81' lang='lat' dir='ltr'><strong>dormivit,</strong></span> <span class='ocrx_word' id='word_1_107' title='bbox 3256 981 3384 1043; x_wconf 92' lang='lat' dir='ltr'><strong>imo</strong></span> <span class='ocrx_word' id='word_1_108' title='bbox 3407 999 3525 1042; x_wconf 89' lang='lat' dir='ltr'><strong>nec</strong></span> <span class='ocrx_word' id='word_1_109' title='bbox 3556 979 3623 1041; x_wconf 91' lang='lat' dir='ltr'><strong>in</strong></span> <span class='ocrx_word' id='word_1_110' title='bbox 3654 977 3951 1040; x_wconf 85' lang='lat' dir='ltr'><strong>exteriori</strong></span> 
     </span>
     <span class='ocr_line' id='line_1_18' title="bbox 2464 1076 3953 1162; baseline -0.001 -22"><span class='ocrx_word' id='word_1_111' title='bbox 2464 1079 2858 1142; x_wconf 90' lang='lat' dir='ltr'><strong>tabernaculi</strong></span> <span class='ocrx_word' id='word_1_112' title='bbox 2904 1089 3104 1162; x_wconf 88' lang='lat' dir='ltr'><strong>parte.</strong></span> <span class='ocrx_word' id='word_1_113' title='bbox 3139 1079 3377 1142; x_wconf 88' lang='lat' dir='ltr'><strong>Idcirco</strong></span> <span class='ocrx_word' id='word_1_114' title='bbox 3420 1076 3656 1144; x_wconf 91' lang='lat' dir='ltr'><strong>dicitur</strong></span> <span class='ocrx_word' id='word_1_115' title='bbox 3698 1077 3953 1139; x_wconf 87' lang='lat' dir='ltr'><strong>Samuel</strong></span> 
     </span>
     <span class='ocr_line' id='line_1_19' title="bbox 2466 1175 3955 1260; baseline -0.001 -21"><span class='ocrx_word' id='word_1_116' title='bbox 2466 1177 2530 1239; x_wconf 91' lang='lat' dir='ltr'><strong>in</strong></span> <span class='ocrx_word' id='word_1_117' title='bbox 2567 1178 2805 1260; x_wconf 89' lang='lat' dir='ltr'><strong>templo</strong></span> <span class='ocrx_word' id='word_1_118' title='bbox 2835 1179 3237 1257; x_wconf 89' lang='lat' dir='ltr'><strong>dormivisse,</strong></span> <span class='ocrx_word' id='word_1_119' title='bbox 3273 1179 3393 1241; x_wconf 90' lang='lat' dir='ltr'><strong>hoc</strong></span> <span class='ocrx_word' id='word_1_120' title='bbox 3438 1187 3535 1240; x_wconf 91' lang='lat' dir='ltr'><strong>est</strong></span> <span class='ocrx_word' id='word_1_121' title='bbox 3570 1175 3641 1239; x_wconf 90' lang='lat' dir='ltr'><strong>in</strong></span> <span class='ocrx_word' id='word_1_122' title='bbox 3680 1177 3955 1258; x_wconf 88' lang='lat' dir='ltr'><strong>quadam</strong></span> 
     </span>
     <span class='ocr_line' id='line_1_20' title="bbox 2465 1275 3958 1359; baseline -0.001 -20"><span class='ocrx_word' id='word_1_123' title='bbox 2465 1277 2845 1359; x_wconf 88' lang='lat' dir='ltr'><strong>appendicia</strong></span> <span class='ocrx_word' id='word_1_124' title='bbox 2875 1278 3035 1358; x_wconf 79' lang='lat' dir='ltr'><strong>ejuS,</strong></span> <span class='ocrx_word' id='word_1_125' title='bbox 3070 1285 3224 1358; x_wconf 89' lang='lat' dir='ltr'><strong>puta</strong></span> <span class='ocrx_word' id='word_1_126' title='bbox 3255 1275 3321 1338; x_wconf 89' lang='lat' dir='ltr'><strong>in</strong></span> <span class='ocrx_word' id='word_1_127' title='bbox 3356 1275 3633 1338; x_wconf 88' lang='lat' dir='ltr'><strong>thalamo</strong></span> <span class='ocrx_word' id='word_1_128' title='bbox 3661 1275 3843 1355; x_wconf 85' lang='lat' dir='ltr'><strong>juxta</strong></span> <span class='ocrx_word' id='word_1_129' title='bbox 3876 1284 3958 1337; x_wconf 84' lang='lat' dir='ltr'><strong>ta-</strong></span> 
     </span>
     <span class='ocr_line' id='line_1_21' title="bbox 2466 1372 3959 1455; baseline -0.003 -17"><span class='ocrx_word' id='word_1_130' title='bbox 2466 1375 2906 1452; x_wconf 88' lang='lat' dir='ltr'><strong>bernaculum,</strong></span> <span class='ocrx_word' id='word_1_131' title='bbox 2945 1375 3010 1436; x_wconf 92' lang='lat' dir='ltr'><strong>in</strong></span> <span class='ocrx_word' id='word_1_132' title='bbox 3041 1394 3172 1455; x_wconf 91' lang='lat' dir='ltr'><strong>quo</strong></span> <span class='ocrx_word' id='word_1_133' title='bbox 3206 1374 3481 1436; x_wconf 88' lang='lat' dir='ltr'><strong>thalamo</strong></span> <span class='ocrx_word' id='word_1_134' title='bbox 3515 1373 3687 1436; x_wconf 89' lang='lat' dir='ltr'><strong>solus</strong></span> <span class='ocrx_word' id='word_1_135' title='bbox 3722 1372 3959 1435; x_wconf 88' lang='lat' dir='ltr'><strong>dormi-</strong></span> 
     </span>
     <span class='ocr_line' id='line_1_22' title="bbox 2468 1472 3957 1548; baseline -0.005 -9"><span class='ocrx_word' id='word_1_136' title='bbox 2468 1474 2560 1540; x_wconf 89' lang='lat' dir='ltr'><strong>vit</strong></span> <span class='ocrx_word' id='word_1_137' title='bbox 2608 1474 2781 1548; x_wconf 83' lang='lat' dir='ltr'><strong>Heli3</strong></span> <span class='ocrx_word' id='word_1_138' title='bbox 2827 1493 2954 1537; x_wconf 91' lang='lat' dir='ltr'><strong>non</strong></span> <span class='ocrx_word' id='word_1_139' title='bbox 3005 1482 3218 1536; x_wconf 89' lang='lat' dir='ltr'><strong>tamen</strong></span> <span class='ocrx_word' id='word_1_140' title='bbox 3264 1472 3331 1534; x_wconf 90' lang='lat' dir='ltr'><strong>in</strong></span> <span class='ocrx_word' id='word_1_141' title='bbox 3376 1472 3542 1536; x_wconf 85' lang='lat' dir='ltr'><strong>lecto</strong></span> <span class='ocrx_word' id='word_1_142' title='bbox 3588 1472 3839 1534; x_wconf 89' lang='lat' dir='ltr'><strong>eodem.</strong></span> <span class='ocrx_word' id='word_1_143' title='bbox 3874 1475 3957 1533; x_wconf 77' lang='lat' dir='ltr'><strong>Ec</strong></span> 
     </span>
     <span class='ocr_line' id='line_1_23' title="bbox 2468 1571 3957 1634; baseline -0.003 0"><span class='ocrx_word' id='word_1_144' title='bbox 2468 1575 2719 1634; x_wconf 79' lang='lat' dir='ltr'><strong>vocavit</strong></span> <span class='ocrx_word' id='word_1_145' title='bbox 2766 1575 3083 1634; x_wconf 81' lang='lat' dir='ltr'><strong>Dominus</strong></span> <span class='ocrx_word' id='word_1_146' title='bbox 3136 1575 3425 1633; x_wconf 77' lang='lat' dir='ltr'><strong>Samuel.</strong></span> <span class='ocrx_word' id='word_1_147' title='bbox 3472 1571 3599 1633; x_wconf 84' lang='lat' dir='ltr'><strong>Hoc</strong></span> <span class='ocrx_word' id='word_1_148' title='bbox 3650 1571 3957 1634; x_wconf 85' lang='lat' dir='ltr'><strong>Dominus</strong></span> 
     </span>
     <span class='ocr_line' id='line_1_24' title="bbox 2470 1669 3959 1754; baseline -0.002 -21"><span class='ocrx_word' id='word_1_149' title='bbox 2470 1671 2624 1734; x_wconf 82' lang='lat' dir='ltr'><strong>fecit</strong></span> <span class='ocrx_word' id='word_1_150' title='bbox 2667 1691 2781 1754; x_wconf 89' lang='lat' dir='ltr'><strong>per</strong></span> <span class='ocrx_word' id='word_1_151' title='bbox 2824 1670 3248 1733; x_wconf 90' lang='lat' dir='ltr'><strong>ministerium</strong></span> <span class='ocrx_word' id='word_1_152' title='bbox 3293 1669 3529 1749; x_wconf 89' lang='lat' dir='ltr'><strong>angeli,</strong></span> <span class='ocrx_word' id='word_1_153' title='bbox 3562 1669 3674 1749; x_wconf 92' lang='lat' dir='ltr'><strong>qui</strong></span> <span class='ocrx_word' id='word_1_154' title='bbox 3710 1671 3813 1749; x_wconf 86' lang='lat' dir='ltr'><strong>(ut</strong></span> <span class='ocrx_word' id='word_1_155' title='bbox 3853 1688 3959 1751; x_wconf 89' lang='lat' dir='ltr'><strong>ap-</strong></span> 
     </span>
     <span class='ocr_line' id='line_1_25' title="bbox 2469 1768 3961 1853; baseline -0.001 -21"><span class='ocrx_word' id='word_1_156' title='bbox 2469 1773 2673 1853; x_wconf 90' lang='lat' dir='ltr'><strong>paret)</strong></span> <span class='ocrx_word' id='word_1_157' title='bbox 2704 1770 2957 1834; x_wconf 80' lang='lat' dir='ltr'><strong>vocavit</strong></span> <span class='ocrx_word' id='word_1_158' title='bbox 2991 1769 3347 1832; x_wconf 89' lang='lat' dir='ltr'><strong>Samuelem</strong></span> <span class='ocrx_word' id='word_1_159' title='bbox 3391 1768 3837 1845; x_wconf 85' lang='lat' dir='ltr'><strong>dormientem,</strong></span> <span class='ocrx_word' id='word_1_160' title='bbox 3873 1768 3961 1830; x_wconf 90' lang='lat' dir='ltr'><strong>ita</strong></span> 
     </span>
    </p>
   </div>
   <div class='ocr_carea' id='block_1_6' title="bbox 870 1865 3961 1952">
    <p class='ocr_par' dir='ltr' id='par_1_7' title="bbox 870 1865 3961 1952">
     <span class='ocr_line' id='line_1_26' title="bbox 870 1865 3961 1952; baseline -0.002 -17"><span class='ocrx_word' id='word_1_161' title='bbox 870 1872 948 1935; x_wconf 92' lang='lat' dir='ltr'><strong>lis</strong></span> <span class='ocrx_word' id='word_1_162' title='bbox 997 1870 1322 1952; x_wconf 87' lang='lat' dir='ltr'><strong>corruptio</strong></span> <span class='ocrx_word' id='word_1_163' title='bbox 1372 1869 1574 1951; x_wconf 88' lang='lat' dir='ltr'><strong>possit</strong></span> <span class='ocrx_word' id='word_1_164' title='bbox 1622 1870 1701 1932; x_wconf 91' lang='lat' dir='ltr'><strong>de</strong></span> <span class='ocrx_word' id='word_1_165' title='bbox 1752 1868 1926 1931; x_wconf 83' lang='lat' dir='ltr'><strong>facili</strong></span> <span class='ocrx_word' id='word_1_166' title='bbox 1976 1867 2359 1948; x_wconf 81' lang='lat' dir='ltr'><strong>generaliter</strong></span> <span class='ocrx_word' id='word_1_167' title='bbox 2396 1871 2441 1931; x_wconf 90' lang='lat' dir='ltr'>B</span> <span class='ocrx_word' id='word_1_168' title='bbox 2470 1870 2638 1950; x_wconf 94' lang='lat' dir='ltr'><strong>quod</strong></span> <span class='ocrx_word' id='word_1_169' title='bbox 2685 1887 2759 1931; x_wconf 87' lang='lat' dir='ltr'><strong>ex</strong></span> <span class='ocrx_word' id='word_1_170' title='bbox 2806 1868 2919 1930; x_wconf 90' lang='lat' dir='ltr'><strong>illa</strong></span> <span class='ocrx_word' id='word_1_171' title='bbox 2956 1867 3286 1931; x_wconf 87' lang='lat' dir='ltr'><strong>vocatione</strong></span> <span class='ocrx_word' id='word_1_172' title='bbox 3326 1865 3651 1947; x_wconf 81' lang='lat' dir='ltr'><strong>evigilavit</strong></span> <span class='ocrx_word' id='word_1_173' title='bbox 3686 1883 3700 1927; x_wconf 74' lang='grc' dir='ltr'>ε</span> <span class='ocrx_word' id='word_1_174' title='bbox 3736 1867 3961 1947; x_wconf 87' lang='lat' dir='ltr'><strong>sicque</strong></span> 
     </span>
    </p>
   </div>
   <div class='ocr_carea' id='block_1_7' title="bbox 865 1965 2361 2252">
    <p class='ocr_par' dir='ltr' id='par_1_8' title="bbox 865 1965 2361 2252">
     <span class='ocr_line' id='line_1_27' title="bbox 869 1965 2361 2049; baseline -0.003 -17"><span class='ocrx_word' id='word_1_175' title='bbox 869 1970 1039 2049; x_wconf 80' lang='lat' dir='ltr'><strong>sieri,</strong></span> <span class='ocrx_word' id='word_1_176' title='bbox 1094 1989 1236 2034; x_wconf 88' lang='lat' dir='ltr'><strong>reor</strong></span> <span class='ocrx_word' id='word_1_177' title='bbox 1294 1968 1658 2045; x_wconf 89' lang='lat' dir='ltr'><strong>dicendum,</strong></span> <span class='ocrx_word' id='word_1_178' title='bbox 1711 1969 1880 2048; x_wconf 91' lang='lat' dir='ltr'><strong>quod</strong></span> <span class='ocrx_word' id='word_1_179' title='bbox 1930 1975 2136 2030; x_wconf 86' lang='lat' dir='ltr'><strong>textus</strong></span> <span class='ocrx_word' id='word_1_180' title='bbox 2197 1965 2361 2028; x_wconf 90' lang='lat' dir='ltr'><strong>sicut</strong></span> 
     </span>
     <span class='ocr_line' id='line_1_28' title="bbox 865 2065 2359 2152; baseline -0.004 -20"><span class='ocrx_word' id='word_1_181' title='bbox 865 2069 1056 2152; x_wconf 82' lang='lat' dir='ltr'><strong>jacet,</strong></span> <span class='ocrx_word' id='word_1_182' title='bbox 1075 2076 1284 2152; x_wconf 91' lang='lat' dir='ltr'><strong>potest</strong></span> <span class='ocrx_word' id='word_1_183' title='bbox 1315 2067 1767 2130; x_wconf 88' lang='lat' dir='ltr'><strong>convenienter</strong></span> <span class='ocrx_word' id='word_1_184' title='bbox 1797 2065 2062 2129; x_wconf 88' lang='lat' dir='ltr'><strong>salvari:</strong></span> <span class='ocrx_word' id='word_1_185' title='bbox 2083 2083 2202 2148; x_wconf 92' lang='lat' dir='ltr'><strong>pro</strong></span> <span class='ocrx_word' id='word_1_186' title='bbox 2231 2083 2359 2146; x_wconf 89' lang='lat' dir='ltr'><strong>quo</strong></span> 
     </span>
     <span class='ocr_line' id='line_1_29' title="bbox 871 2163 2359 2252; baseline -0.003 -22"><span class='ocrx_word' id='word_1_187' title='bbox 871 2167 1078 2252; x_wconf 91' lang='lat' dir='ltr'><strong>primo</strong></span> <span class='ocrx_word' id='word_1_188' title='bbox 1129 2167 1552 2250; x_wconf 89' lang='lat' dir='ltr'><strong>pensandum,</strong></span> <span class='ocrx_word' id='word_1_189' title='bbox 1607 2166 1773 2248; x_wconf 91' lang='lat' dir='ltr'><strong>quod</strong></span> <span class='ocrx_word' id='word_1_190' title='bbox 1831 2165 1896 2226; x_wconf 91' lang='lat' dir='ltr'><strong>in</strong></span> <span class='ocrx_word' id='word_1_191' title='bbox 1953 2163 2359 2227; x_wconf 89' lang='lat' dir='ltr'><strong>tabernaculo</strong></span> 
     </span>
    </p>
   </div>
   <div class='ocr_carea' id='block_1_8' title="bbox 587 2264 2356 2348">
    <p class='ocr_par' dir='ltr' id='par_1_9' title="bbox 587 2264 2356 2348">
     <span class='ocr_line' id='line_1_30' title="bbox 587 2264 2356 2348; baseline -0.005 -16"><span class='ocrx_word' id='word_1_192' title='bbox 587 2278 839 2330; x_wconf 67' lang='lat' dir='ltr'><strong>Exod-xxv.</strong></span> <span class='ocrx_word' id='word_1_193' title='bbox 870 2275 1052 2332; x_wconf 86' lang='lat' dir='ltr'><strong>erant</strong></span> <span class='ocrx_word' id='word_1_194' title='bbox 1094 2273 1337 2348; x_wconf 91' lang='lat' dir='ltr'><strong>septem</strong></span> <span class='ocrx_word' id='word_1_195' title='bbox 1385 2264 1660 2327; x_wconf 73' lang='lat' dir='ltr'><strong>lucernae</strong></span> <span class='ocrx_word' id='word_1_196' title='bbox 1701 2264 1992 2327; x_wconf 88' lang='lat' dir='ltr'><strong>ardentes</strong></span> <span class='ocrx_word' id='word_1_197' title='bbox 2034 2264 2112 2326; x_wconf 89' lang='lat' dir='ltr'><strong>dc</strong></span> <span class='ocrx_word' id='word_1_198' title='bbox 2150 2270 2356 2338; x_wconf 89' lang='lat' dir='ltr'><strong>nocte,</strong></span> 
     </span>
    </p>
   </div>
   <div class='ocr_carea' id='block_1_9' title="bbox 574 2340 785 2457">
    <p class='ocr_par' dir='ltr' id='par_1_10' title="bbox 574 2340 785 2457">
     <span class='ocr_line' id='line_1_31' title="bbox 576 2340 785 2394; baseline -0.01 -10"><span class='ocrx_word' id='word_1_199' title='bbox 576 2345 625 2384; x_wconf 79' lang='lat'><strong>37</strong></span> <span class='ocrx_word' id='word_1_200' title='bbox 640 2357 650 2394; x_wconf 74' lang='grc' dir='ltr'>ς</span> <span class='ocrx_word' id='word_1_201' title='bbox 681 2340 785 2384; x_wconf 66' lang='lat' dir='ltr'><strong>Len.</strong></span> 
     </span>
     <span class='ocr_line' id='line_1_32' title="bbox 574 2408 746 2457; baseline -0.006 -9"><span class='ocrx_word' id='word_1_202' title='bbox 574 2419 686 2457; x_wconf 76' lang='lat' dir='ltr'><strong>xxw,</strong></span> <span class='ocrx_word' id='word_1_203' title='bbox 706 2408 746 2447; x_wconf 72' lang='grc'><strong>3.</strong></span> 
     </span>
    </p>
   </div>
   <div class='ocr_carea' id='block_1_10' title="bbox 868 2362 2365 3043">
    <p class='ocr_par' dir='ltr' id='par_1_11' title="bbox 868 2362 2365 3043">
     <span class='ocr_line' id='line_1_33' title="bbox 871 2362 2364 2448; baseline -0.003 -20"><span class='ocrx_word' id='word_1_204' title='bbox 871 2384 1145 2448; x_wconf 89' lang='lat' dir='ltr'><strong>quarum</strong></span> <span class='ocrx_word' id='word_1_205' title='bbox 1183 2372 1456 2445; x_wconf 87' lang='lat' dir='ltr'><strong>quatuor</strong></span> <span class='ocrx_word' id='word_1_206' title='bbox 1501 2362 2066 2443; x_wconf 81' lang='lat' dir='ltr'><strong>exstinguebantur</strong></span> <span class='ocrx_word' id='word_1_207' title='bbox 2110 2362 2189 2424; x_wconf 94' lang='lat' dir='ltr'><strong>de</strong></span> <span class='ocrx_word' id='word_1_208' title='bbox 2232 2380 2364 2423; x_wconf 93' lang='lat' dir='ltr'><strong>ma-</strong></span> 
     </span>
     <span class='ocr_line' id='line_1_34' title="bbox 871 2462 2359 2547; baseline -0.005 -18"><span class='ocrx_word' id='word_1_209' title='bbox 871 2483 974 2543; x_wconf 87' lang='lat' dir='ltr'><strong>ne,</strong></span> <span class='ocrx_word' id='word_1_210' title='bbox 999 2484 1141 2547; x_wconf 83' lang='lat' dir='ltr'><strong>quae</strong></span> <span class='ocrx_word' id='word_1_211' title='bbox 1173 2483 1392 2526; x_wconf 87' lang='lat' dir='ltr'><strong>rursus</strong></span> <span class='ocrx_word' id='word_1_212' title='bbox 1424 2465 1502 2526; x_wconf 90' lang='lat' dir='ltr'><strong>de</strong></span> <span class='ocrx_word' id='word_1_213' title='bbox 1534 2481 1797 2544; x_wconf 88' lang='lat' dir='ltr'><strong>vespere</strong></span> <span class='ocrx_word' id='word_1_214' title='bbox 1828 2462 2359 2525; x_wconf 87' lang='lat' dir='ltr'><strong>accendebantur.</strong></span> 
     </span>
     <span class='ocr_line' id='line_1_35' title="bbox 869 2559 2363 2643; baseline -0.003 -17"><span class='ocrx_word' id='word_1_215' title='bbox 869 2565 946 2626; x_wconf 90' lang='lat' dir='ltr'><strong>Et</strong></span> <span class='ocrx_word' id='word_1_216' title='bbox 973 2563 1109 2627; x_wconf 83' lang='lat' dir='ltr'><strong>istae</strong></span> <span class='ocrx_word' id='word_1_217' title='bbox 1135 2563 1410 2626; x_wconf 83' lang='lat' dir='ltr'><strong>lucernae</strong></span> <span class='ocrx_word' id='word_1_218' title='bbox 1431 2570 1611 2624; x_wconf 84' lang='lat' dir='ltr'><strong>erant</strong></span> <span class='ocrx_word' id='word_1_219' title='bbox 1640 2561 1964 2643; x_wconf 90' lang='lat' dir='ltr'><strong>lampades</strong></span> <span class='ocrx_word' id='word_1_220' title='bbox 1987 2559 2170 2623; x_wconf 87' lang='lat' dir='ltr'><strong>valde</strong></span> <span class='ocrx_word' id='word_1_221' title='bbox 2194 2560 2363 2622; x_wconf 90' lang='lat' dir='ltr'><strong>clare</strong></span> 
     </span>
     <span class='ocr_line' id='line_1_36' title="bbox 868 2660 2364 2742; baseline -0.006 -14"><span class='ocrx_word' id='word_1_222' title='bbox 868 2665 1176 2740; x_wconf 82' lang='lat' dir='ltr'><strong>lucenteS,</strong></span> <span class='ocrx_word' id='word_1_223' title='bbox 1215 2661 1454 2742; x_wconf 89' lang='lat' dir='ltr'><strong>absque</strong></span> <span class='ocrx_word' id='word_1_224' title='bbox 1499 2660 1880 2724; x_wconf 89' lang='lat' dir='ltr'><strong>intermedio</strong></span> <span class='ocrx_word' id='word_1_225' title='bbox 1923 2667 2127 2722; x_wconf 90' lang='lat' dir='ltr'><strong>rostro</strong></span> <span class='ocrx_word' id='word_1_226' title='bbox 2172 2676 2364 2740; x_wconf 89' lang='lat' dir='ltr'><strong>super</strong></span> 
     </span>
     <span class='ocr_line' id='line_1_37' title="bbox 869 2757 2365 2843; baseline -0.006 -16"><span class='ocrx_word' id='word_1_227' title='bbox 869 2762 1322 2828; x_wconf 90' lang='lat' dir='ltr'><strong>candelabrum</strong></span> <span class='ocrx_word' id='word_1_228' title='bbox 1368 2759 1592 2843; x_wconf 71' lang='lat' dir='ltr'><strong>positae</strong></span> <span class='ocrx_word' id='word_1_229' title='bbox 1627 2777 1641 2822; x_wconf 90' lang='lat'><strong>:</strong></span> <span class='ocrx_word' id='word_1_230' title='bbox 1675 2777 1817 2840; x_wconf 82' lang='lat' dir='ltr'><strong>quae</strong></span> <span class='ocrx_word' id='word_1_231' title='bbox 1858 2757 2072 2822; x_wconf 90' lang='lat' dir='ltr'><strong>omnia</strong></span> <span class='ocrx_word' id='word_1_232' title='bbox 2113 2759 2180 2819; x_wconf 91' lang='lat' dir='ltr'><strong>in</strong></span> <span class='ocrx_word' id='word_1_233' title='bbox 2211 2757 2365 2819; x_wconf 86' lang='lat' dir='ltr'><strong>Exo-</strong></span> 
     </span>
     <span class='ocr_line' id='line_1_38' title="bbox 871 2857 2360 2942; baseline -0.005 -17"><span class='ocrx_word' id='word_1_234' title='bbox 871 2864 1024 2925; x_wconf 91' lang='lat' dir='ltr'><strong>dum</strong></span> <span class='ocrx_word' id='word_1_235' title='bbox 1057 2858 1341 2942; x_wconf 88' lang='lat' dir='ltr'><strong>exposita</strong></span> <span class='ocrx_word' id='word_1_236' title='bbox 1382 2867 1550 2921; x_wconf 89' lang='lat' dir='ltr'><strong>sunt.</strong></span> <span class='ocrx_word' id='word_1_237' title='bbox 1583 2859 1847 2940; x_wconf 91' lang='lat' dir='ltr'><strong>Insuper</strong></span> <span class='ocrx_word' id='word_1_238' title='bbox 1878 2857 2360 2933; x_wconf 87' lang='lat' dir='ltr'><strong>advertendum,</strong></span> 
     </span>
     <span class='ocr_line' id='line_1_39' title="bbox 871 2956 2365 3043; baseline -0.004 -21"><span class='ocrx_word' id='word_1_239' title='bbox 871 2960 1042 3043; x_wconf 92' lang='lat' dir='ltr'><strong>quod</strong></span> <span class='ocrx_word' id='word_1_240' title='bbox 1074 2957 1417 3041; x_wconf 89' lang='lat' dir='ltr'><strong>dupliciter</strong></span> <span class='ocrx_word' id='word_1_241' title='bbox 1457 2957 1691 3019; x_wconf 88' lang='lat' dir='ltr'><strong>dicitur</strong></span> <span class='ocrx_word' id='word_1_242' title='bbox 1730 2956 1964 3038; x_wconf 91' lang='lat' dir='ltr'><strong>aliquis</strong></span> <span class='ocrx_word' id='word_1_243' title='bbox 2008 2975 2135 3019; x_wconf 90' lang='lat' dir='ltr'><strong>non</strong></span> <span class='ocrx_word' id='word_1_244' title='bbox 2179 2973 2365 3037; x_wconf 89' lang='lat' dir='ltr'><strong>posse</strong></span> 
     </span>
    </p>
   </div>
   <div class='ocr_carea' id='block_1_11' title="bbox 2468 1964 3968 3031">
    <p class='ocr_par' dir='ltr' id='par_1_12' title="bbox 2468 1964 3968 3031">
     <span class='ocr_line' id='line_1_40' title="bbox 2471 1964 3962 2044; baseline -0.003 -14"><span class='ocrx_word' id='word_1_245' title='bbox 2471 1969 2722 2031; x_wconf 88' lang='lat' dir='ltr'><strong>videtur</strong></span> <span class='ocrx_word' id='word_1_246' title='bbox 2772 1967 2971 2030; x_wconf 82' lang='lat' dir='ltr'><strong>fuisse</strong></span> <span class='ocrx_word' id='word_1_247' title='bbox 3020 1967 3271 2031; x_wconf 86' lang='lat' dir='ltr'><strong>vocatio</strong></span> <span class='ocrx_word' id='word_1_248' title='bbox 3331 1967 3625 2044; x_wconf 86' lang='lat' dir='ltr'><strong>exterior,</strong></span> <span class='ocrx_word' id='word_1_249' title='bbox 3680 1964 3846 2028; x_wconf 89' lang='lat' dir='ltr'><strong>sicut</strong></span> <span class='ocrx_word' id='word_1_250' title='bbox 3898 1973 3962 2029; x_wconf 89' lang='lat' dir='ltr'><strong>et</strong></span> 
     </span>
     <span class='ocr_line' id='line_1_41' title="bbox 2471 2063 3961 2149; baseline -0.002 -20"><span class='ocrx_word' id='word_1_251' title='bbox 2471 2066 2660 2149; x_wconf 91' lang='lat' dir='ltr'><strong>paulo</strong></span> <span class='ocrx_word' id='word_1_252' title='bbox 2710 2075 2855 2148; x_wconf 92' lang='lat' dir='ltr'><strong>post</strong></span> <span class='ocrx_word' id='word_1_253' title='bbox 2898 2065 3341 2146; x_wconf 81' lang='lat' dir='ltr'><strong>alloquebatur</strong></span> <span class='ocrx_word' id='word_1_254' title='bbox 3382 2084 3530 2128; x_wconf 88' lang='lat' dir='ltr'><strong>eum</strong></span> <span class='ocrx_word' id='word_1_255' title='bbox 3571 2063 3961 2128; x_wconf 87' lang='lat' dir='ltr'><strong>allocutione</strong></span> 
     </span>
     <span class='ocr_line' id='line_1_42' title="bbox 2470 2161 3963 2244; baseline -0.001 -18"><span class='ocrx_word' id='word_1_256' title='bbox 2470 2163 2764 2227; x_wconf 84' lang='lat' dir='ltr'><strong>exteriori</strong></span> <span class='ocrx_word' id='word_1_257' title='bbox 2800 2162 3025 2238; x_wconf 89' lang='lat' dir='ltr'><strong>vocali,</strong></span> <span class='ocrx_word' id='word_1_258' title='bbox 3045 2179 3411 2244; x_wconf 90' lang='lat' dir='ltr'><strong>quanquam</strong></span> <span class='ocrx_word' id='word_1_259' title='bbox 3444 2171 3507 2225; x_wconf 92' lang='lat' dir='ltr'><strong>et</strong></span> <span class='ocrx_word' id='word_1_260' title='bbox 3539 2161 3828 2224; x_wconf 87' lang='lat' dir='ltr'><strong>interiori</strong></span> <span class='ocrx_word' id='word_1_261' title='bbox 3859 2181 3963 2224; x_wconf 80' lang='lat' dir='ltr'><strong>vo·</strong></span> 
     </span>
     <span class='ocr_line' id='line_1_43' title="bbox 2470 2259 3960 2342; baseline -0.003 -16"><span class='ocrx_word' id='word_1_262' title='bbox 2470 2262 2719 2326; x_wconf 89' lang='lat' dir='ltr'><strong>catione</strong></span> <span class='ocrx_word' id='word_1_263' title='bbox 2750 2260 3125 2342; x_wconf 89' lang='lat' dir='ltr'><strong>imaginaria</strong></span> <span class='ocrx_word' id='word_1_264' title='bbox 3156 2259 3434 2342; x_wconf 87' lang='lat' dir='ltr'><strong>potuerit</strong></span> <span class='ocrx_word' id='word_1_265' title='bbox 3464 2279 3611 2323; x_wconf 90' lang='lat' dir='ltr'><strong>eum</strong></span> <span class='ocrx_word' id='word_1_266' title='bbox 3642 2279 3849 2341; x_wconf 91' lang='lat' dir='ltr'><strong>usque</strong></span> <span class='ocrx_word' id='word_1_267' title='bbox 3880 2261 3960 2322; x_wconf 90' lang='lat' dir='ltr'><strong>ad</strong></span> 
     </span>
     <span class='ocr_line' id='line_1_44' title="bbox 2472 2357 3965 2442; baseline -0.005 -18"><span class='ocrx_word' id='word_1_268' title='bbox 2472 2358 3087 2442; x_wconf 83' lang='lat' dir='ltr'><strong>expergefactionem</strong></span> <span class='ocrx_word' id='word_1_269' title='bbox 3121 2377 3402 2421; x_wconf 87' lang='lat' dir='ltr'><strong>vocasse.</strong></span> <span class='ocrx_word' id='word_1_270' title='bbox 3430 2361 3557 2428; x_wconf 81' lang='lat' dir='ltr'><strong>Qui</strong></span> <span class='ocrx_word' id='word_1_271' title='bbox 3586 2357 3839 2421; x_wconf 85' lang='lat' dir='ltr'><strong>Samuel</strong></span> <span class='ocrx_word' id='word_1_272' title='bbox 3872 2379 3965 2418; x_wconf 85' lang='lat' dir='ltr'><strong>re-</strong></span> 
     </span>
     <span class='ocr_line' id='line_1_45' title="bbox 2470 2458 3961 2540; baseline -0.002 -18"><span class='ocrx_word' id='word_1_273' title='bbox 2470 2464 2805 2538; x_wconf 71' lang='lat' dir='ltr'><strong>spondem,</strong></span> <span class='ocrx_word' id='word_1_274' title='bbox 2848 2463 2945 2520; x_wconf 77' lang='lat' dir='ltr'><strong>ait</strong></span> <span class='ocrx_word' id='word_1_275' title='bbox 2976 2481 2998 2518; x_wconf 94' lang='lat'><strong>.·</strong></span> <span class='ocrx_word' id='word_1_276' title='bbox 3030 2462 3188 2521; x_wconf 81' lang='lat' dir='ltr'><strong>Ecce</strong></span> <span class='ocrx_word' id='word_1_277' title='bbox 3227 2478 3335 2535; x_wconf 75' lang='lat' dir='ltr'><strong>eyo</strong></span> <span class='ocrx_word' id='word_1_278' title='bbox 3381 2465 3638 2540; x_wconf 80' lang='lat' dir='ltr'><strong>paratus</strong></span> <span class='ocrx_word' id='word_1_279' title='bbox 3688 2476 3829 2519; x_wconf 86' lang='lat' dir='ltr'><strong>sum</strong></span> <span class='ocrx_word' id='word_1_280' title='bbox 3882 2458 3961 2519; x_wconf 83' lang='lat' dir='ltr'><strong>ad</strong></span> 
     </span>
     <span class='ocr_line' id='line_1_46' title="bbox 2474 2557 3963 2640; baseline -0.004 -18"><span class='ocrx_word' id='word_1_281' title='bbox 2474 2569 2653 2622; x_wconf 90' lang='lat' dir='ltr'><strong>tuum</strong></span> <span class='ocrx_word' id='word_1_282' title='bbox 2693 2565 3103 2640; x_wconf 79' lang='lat' dir='ltr'><strong>praeceptum.</strong></span> <span class='ocrx_word' id='word_1_283' title='bbox 3139 2559 3225 2618; x_wconf 85' lang='lat' dir='ltr'><strong>Et</strong></span> <span class='ocrx_word' id='word_1_284' title='bbox 3256 2558 3547 2616; x_wconf 76' lang='lat' dir='ltr'><strong>cucurrit</strong></span> <span class='ocrx_word' id='word_1_285' title='bbox 3576 2559 3664 2616; x_wconf 84' lang='lat' dir='ltr'><strong>ad</strong></span> <span class='ocrx_word' id='word_1_286' title='bbox 3694 2557 3870 2628; x_wconf 78' lang='lat' dir='ltr'><strong>Heli,</strong></span> <span class='ocrx_word' id='word_1_287' title='bbox 3904 2567 3963 2616; x_wconf 84' lang='lat' dir='ltr'><strong>et</strong></span> 
     </span>
     <span class='ocr_line' id='line_1_47' title="bbox 2468 2655 3963 2736; baseline -0.004 -18"><span class='ocrx_word' id='word_1_288' title='bbox 2468 2659 2645 2718; x_wconf 75' lang='lat' dir='ltr'><strong>dia-it</strong></span> <span class='ocrx_word' id='word_1_289' title='bbox 2677 2678 2699 2716; x_wconf 91' lang='lat'><strong>.·</strong></span> <span class='ocrx_word' id='word_1_290' title='bbox 2720 2658 2883 2717; x_wconf 86' lang='lat' dir='ltr'><strong>Ecce</strong></span> <span class='ocrx_word' id='word_1_291' title='bbox 2908 2674 3018 2732; x_wconf 70' lang='lat' dir='ltr'><strong>eqo</strong></span> <span class='ocrx_word' id='word_1_292' title='bbox 3051 2662 3278 2736; x_wconf 82' lang='lat' dir='ltr'><strong>praesto</strong></span> <span class='ocrx_word' id='word_1_293' title='bbox 3310 2673 3475 2715; x_wconf 90' lang='lat' dir='ltr'><strong>sum.</strong></span> <span class='ocrx_word' id='word_1_294' title='bbox 3514 2656 3759 2715; x_wconf 84' lang='lat' dir='ltr'><strong>Vocasti</strong></span> <span class='ocrx_word' id='word_1_295' title='bbox 3784 2655 3963 2713; x_wconf 79' lang='lat' dir='ltr'><strong>enim</strong></span> 
     </span>
     <span class='ocr_line' id='line_1_48' title="bbox 2472 2751 3967 2817; baseline -0.002 -1"><span class='ocrx_word' id='word_1_296' title='bbox 2472 2777 2571 2816; x_wconf 84' lang='lat' dir='ltr'><strong>me</strong></span> <span class='ocrx_word' id='word_1_297' title='bbox 2601 2774 2792 2817; x_wconf 89' lang='lat' dir='ltr'><strong>nunc.</strong></span> <span class='ocrx_word' id='word_1_298' title='bbox 2827 2754 2954 2817; x_wconf 89' lang='lat' dir='ltr'><strong>Hoc</strong></span> <span class='ocrx_word' id='word_1_299' title='bbox 2987 2752 3239 2816; x_wconf 90' lang='lat' dir='ltr'><strong>Samuel</strong></span> <span class='ocrx_word' id='word_1_300' title='bbox 3272 2751 3611 2816; x_wconf 67' lang='lat' dir='ltr'><strong>aestimavit</strong></span> <span class='ocrx_word' id='word_1_301' title='bbox 3646 2770 3660 2813; x_wconf 88' lang='lat'>:</span> <span class='ocrx_word' id='word_1_302' title='bbox 3694 2753 3837 2815; x_wconf 91' lang='lat' dir='ltr'><strong>ideo</strong></span> <span class='ocrx_word' id='word_1_303' title='bbox 3866 2751 3967 2814; x_wconf 80' lang='lat' dir='ltr'><strong>di-</strong></span> 
     </span>
     <span class='ocr_line' id='line_1_49' title="bbox 2473 2849 3968 2929; baseline -0.003 -13"><span class='ocrx_word' id='word_1_304' title='bbox 2473 2854 2563 2916; x_wconf 90' lang='lat' dir='ltr'><strong>xit</strong></span> <span class='ocrx_word' id='word_1_305' title='bbox 2594 2853 2825 2916; x_wconf 77' lang='lat' dir='ltr'><strong>falsum</strong></span> <span class='ocrx_word' id='word_1_306' title='bbox 2858 2851 3293 2929; x_wconf 87' lang='lat' dir='ltr'><strong>materialiter,</strong></span> <span class='ocrx_word' id='word_1_307' title='bbox 3330 2869 3460 2913; x_wconf 93' lang='lat' dir='ltr'><strong>non</strong></span> <span class='ocrx_word' id='word_1_308' title='bbox 3491 2858 3701 2913; x_wconf 84' lang='lat' dir='ltr'><strong>autem</strong></span> <span class='ocrx_word' id='word_1_309' title='bbox 3739 2849 3968 2913; x_wconf 76' lang='lat' dir='ltr'><strong>forma-</strong></span> 
     </span>
     <span class='ocr_line' id='line_1_50' title="bbox 2474 2948 3967 3031; baseline -0.001 -17"><span class='ocrx_word' id='word_1_310' title='bbox 2474 2951 2653 3028; x_wconf 89' lang='lat' dir='ltr'><strong>liter;</strong></span> <span class='ocrx_word' id='word_1_311' title='bbox 2692 2950 2821 3014; x_wconf 90' lang='lat' dir='ltr'><strong>imo</strong></span> <span class='ocrx_word' id='word_1_312' title='bbox 2856 2948 3209 3013; x_wconf 87' lang='lat' dir='ltr'><strong>formaliter</strong></span> <span class='ocrx_word' id='word_1_313' title='bbox 3238 2949 3397 3012; x_wconf 88' lang='lat' dir='ltr'><strong>dixit</strong></span> <span class='ocrx_word' id='word_1_314' title='bbox 3425 2967 3670 3026; x_wconf 88' lang='lat' dir='ltr'><strong>verum,</strong></span> <span class='ocrx_word' id='word_1_315' title='bbox 3689 2949 3840 3031; x_wconf 85' lang='lat' dir='ltr'><strong>quia</strong></span> <span class='ocrx_word' id='word_1_316' title='bbox 3871 2949 3967 3012; x_wconf 89' lang='lat' dir='ltr'><strong>sic</strong></span> 
     </span>
    </p>
   </div>
   <div class='ocr_carea' id='block_1_12' title="bbox 874 3048 3962 3139">
    <p class='ocr_par' dir='ltr' id='par_1_13' title="bbox 874 3048 3962 3139">
     <span class='ocr_line' id='line_1_51' title="bbox 874 3048 3962 3139; baseline -0.006 -14"><span class='ocrx_word' id='word_1_317' title='bbox 874 3057 1091 3125; x_wconf 85' lang='lat' dir='ltr'><strong>videre</strong></span> <span class='ocrx_word' id='word_1_318' title='bbox 1122 3058 1444 3121; x_wconf 90' lang='lat' dir='ltr'><strong>lucernam</strong></span> <span class='ocrx_word' id='word_1_319' title='bbox 1476 3057 1802 3119; x_wconf 89' lang='lat' dir='ltr'><strong>ardentem</strong></span> <span class='ocrx_word' id='word_1_320' title='bbox 1835 3073 1949 3119; x_wconf 88' lang='lat' dir='ltr'><strong>seu</strong></span> <span class='ocrx_word' id='word_1_321' title='bbox 1979 3055 2359 3139; x_wconf 89' lang='lat' dir='ltr'><strong>lampadem.</strong></span> <span class='ocrx_word' id='word_1_322' title='bbox 2394 3049 2437 3112; x_wconf 93' lang='lat' dir='ltr'>C</span> <span class='ocrx_word' id='word_1_323' title='bbox 2472 3050 2654 3126; x_wconf 86' lang='lat' dir='ltr'><strong>dixit,</strong></span> <span class='ocrx_word' id='word_1_324' title='bbox 2688 3056 2759 3110; x_wconf 92' lang='lat' dir='ltr'><strong>ut</strong></span> <span class='ocrx_word' id='word_1_325' title='bbox 2790 3048 3011 3112; x_wconf 90' lang='lat' dir='ltr'><strong>sensit.</strong></span> <span class='ocrx_word' id='word_1_326' title='bbox 3037 3049 3165 3118; x_wconf 82' lang='lat' dir='ltr'><strong>Qui</strong></span> <span class='ocrx_word' id='word_1_327' title='bbox 3193 3050 3370 3108; x_wconf 76' lang='lat' dir='ltr'><strong>dia-it</strong></span> <span class='ocrx_word' id='word_1_328' title='bbox 3394 3069 3416 3107; x_wconf 94' lang='grc'><strong>.·</strong></span> <span class='ocrx_word' id='word_1_329' title='bbox 3440 3049 3585 3109; x_wconf 84' lang='lat' dir='ltr'><strong>Non</strong></span> <span class='ocrx_word' id='word_1_330' title='bbox 3620 3049 3844 3108; x_wconf 80' lang='lat' dir='ltr'><strong>vocavi</strong></span> <span class='ocrx_word' id='word_1_331' title='bbox 3882 3058 3962 3120; x_wconf 75' lang='lat' dir='ltr'><strong>te,</strong></span> 
     </span>
    </p>
   </div>
   <div class='ocr_carea' id='block_1_13' title="bbox 871 3154 2369 4203">
    <p class='ocr_par' dir='ltr' id='par_1_14' title="bbox 871 3154 2369 4203">
     <span class='ocr_line' id='line_1_52' title="bbox 871 3154 2365 3239; baseline -0.004 -17"><span class='ocrx_word' id='word_1_332' title='bbox 871 3158 1102 3236; x_wconf 88' lang='lat' dir='ltr'><strong>Primo,</strong></span> <span class='ocrx_word' id='word_1_333' title='bbox 1123 3156 1273 3239; x_wconf 92' lang='lat' dir='ltr'><strong>quia</strong></span> <span class='ocrx_word' id='word_1_334' title='bbox 1305 3175 1710 3238; x_wconf 89' lang='lat' dir='ltr'><strong>nequaquam</strong></span> <span class='ocrx_word' id='word_1_335' title='bbox 1742 3155 2145 3237; x_wconf 85' lang='lat' dir='ltr'><strong>perceptivus</strong></span> <span class='ocrx_word' id='word_1_336' title='bbox 2167 3162 2263 3217; x_wconf 89' lang='lat' dir='ltr'><strong>est</strong></span> <span class='ocrx_word' id='word_1_337' title='bbox 2283 3154 2365 3217; x_wconf 92' lang='lat' dir='ltr'><strong>vi·</strong></span> 
     </span>
     <span class='ocr_line' id='line_1_53' title="bbox 874 3253 2360 3338; baseline -0.005 -18"><span class='ocrx_word' id='word_1_338' title='bbox 874 3256 1149 3320; x_wconf 91' lang='lat' dir='ltr'><strong>sualium</strong></span> <span class='ocrx_word' id='word_1_339' title='bbox 1201 3254 1556 3338; x_wconf 88' lang='lat' dir='ltr'><strong>specierum</strong></span> <span class='ocrx_word' id='word_1_340' title='bbox 1607 3273 1719 3317; x_wconf 90' lang='lat' dir='ltr'><strong>seu</strong></span> <span class='ocrx_word' id='word_1_341' title='bbox 1765 3254 2087 3318; x_wconf 90' lang='lat' dir='ltr'><strong>radiorum</strong></span> <span class='ocrx_word' id='word_1_342' title='bbox 2137 3253 2360 3335; x_wconf 80' lang='lat' dir='ltr'><strong>ipsiuS.</strong></span> 
     </span>
     <span class='ocr_line' id='line_1_54' title="bbox 875 3352 2366 3436; baseline -0.004 -16"><span class='ocrx_word' id='word_1_343' title='bbox 875 3356 1185 3433; x_wconf 87' lang='lat' dir='ltr'><strong>Secundo,</strong></span> <span class='ocrx_word' id='word_1_344' title='bbox 1221 3354 1372 3436; x_wconf 89' lang='lat' dir='ltr'><strong>quia</strong></span> <span class='ocrx_word' id='word_1_345' title='bbox 1421 3372 1560 3417; x_wconf 85' lang='lat' dir='ltr'><strong>eam</strong></span> <span class='ocrx_word' id='word_1_346' title='bbox 1614 3372 1740 3417; x_wconf 92' lang='lat' dir='ltr'><strong>non</strong></span> <span class='ocrx_word' id='word_1_347' title='bbox 1791 3361 1998 3435; x_wconf 87' lang='lat' dir='ltr'><strong>potest</strong></span> <span class='ocrx_word' id='word_1_348' title='bbox 2049 3352 2366 3433; x_wconf 89' lang='lat' dir='ltr'><strong>inspicere</strong></span> 
     </span>
     <span class='ocr_line' id='line_1_55' title="bbox 873 3450 2367 3535; baseline -0.005 -17"><span class='ocrx_word' id='word_1_349' title='bbox 873 3454 1116 3535; x_wconf 87' lang='lat' dir='ltr'><strong>absque</strong></span> <span class='ocrx_word' id='word_1_350' title='bbox 1163 3453 1262 3515; x_wconf 89' lang='lat' dir='ltr'><strong>sui</strong></span> <span class='ocrx_word' id='word_1_351' title='bbox 1305 3452 1483 3517; x_wconf 89' lang='lat' dir='ltr'><strong>visus</strong></span> <span class='ocrx_word' id='word_1_352' title='bbox 1525 3470 1715 3535; x_wconf 89' lang='lat' dir='ltr'><strong>poena</strong></span> <span class='ocrx_word' id='word_1_353' title='bbox 1753 3471 1826 3515; x_wconf 89' lang='lat' dir='ltr'><strong>ac</strong></span> <span class='ocrx_word' id='word_1_354' title='bbox 1871 3450 2150 3514; x_wconf 81' lang='lat' dir='ltr'><strong>l&#39;aesione.</strong></span> <span class='ocrx_word' id='word_1_355' title='bbox 2184 3450 2367 3511; x_wconf 87' lang='lat' dir='ltr'><strong>Juxta</strong></span> 
     </span>
     <span class='ocr_line' id='line_1_56' title="bbox 873 3547 2366 3635; baseline -0.004 -21"><span class='ocrx_word' id='word_1_356' title='bbox 873 3571 1066 3635; x_wconf 91' lang='lat' dir='ltr'><strong>quem</strong></span> <span class='ocrx_word' id='word_1_357' title='bbox 1110 3552 1370 3615; x_wconf 89' lang='lat' dir='ltr'><strong>modum</strong></span> <span class='ocrx_word' id='word_1_358' title='bbox 1416 3558 1648 3615; x_wconf 87' lang='lat' dir='ltr'><strong>noctua</strong></span> <span class='ocrx_word' id='word_1_359' title='bbox 1688 3548 1912 3631; x_wconf 91' lang='lat' dir='ltr'><strong>nequit</strong></span> <span class='ocrx_word' id='word_1_360' title='bbox 1950 3549 2166 3611; x_wconf 91' lang='lat' dir='ltr'><strong>lumen</strong></span> <span class='ocrx_word' id='word_1_361' title='bbox 2214 3547 2366 3611; x_wconf 90' lang='lat' dir='ltr'><strong>solis</strong></span> 
     </span>
     <span class='ocr_line' id='line_1_57' title="bbox 872 3644 2368 3729; baseline -0.006 -14"><span class='ocrx_word' id='word_1_362' title='bbox 872 3651 1112 3715; x_wconf 86' lang='lat' dir='ltr'><strong>videre.</strong></span> <span class='ocrx_word' id='word_1_363' title='bbox 1149 3650 1496 3713; x_wconf 85' lang='lat' dir='ltr'><strong>Dicendum</strong></span> <span class='ocrx_word' id='word_1_364' title='bbox 1529 3667 1701 3729; x_wconf 89' lang='lat' dir='ltr'><strong>ergo,</strong></span> <span class='ocrx_word' id='word_1_365' title='bbox 1737 3648 1909 3729; x_wconf 91' lang='lat' dir='ltr'><strong>quod</strong></span> <span class='ocrx_word' id='word_1_366' title='bbox 1937 3646 2075 3709; x_wconf 87' lang='lat' dir='ltr'><strong>Heli</strong></span> <span class='ocrx_word' id='word_1_367' title='bbox 2115 3646 2204 3708; x_wconf 92' lang='lat' dir='ltr'><strong>ita</strong></span> <span class='ocrx_word' id='word_1_368' title='bbox 2245 3644 2368 3707; x_wconf 83' lang='lat' dir='ltr'><strong>ruit</strong></span> 
     </span>
     <span class='ocr_line' id='line_1_58' title="bbox 873 3743 2365 3829; baseline -0.005 -17"><span class='ocrx_word' id='word_1_369' title='bbox 873 3748 1234 3825; x_wconf 81' lang='lat' dir='ltr'><strong>caecutienS,</strong></span> <span class='ocrx_word' id='word_1_370' title='bbox 1271 3748 1441 3829; x_wconf 90' lang='lat' dir='ltr'><strong>quod</strong></span> <span class='ocrx_word' id='word_1_371' title='bbox 1473 3746 1716 3827; x_wconf 89' lang='lat' dir='ltr'><strong>absque</strong></span> <span class='ocrx_word' id='word_1_372' title='bbox 1751 3744 2020 3815; x_wconf 81' lang='lat' dir='ltr'><strong>notabili</strong></span> <span class='ocrx_word' id='word_1_373' title='bbox 2051 3743 2227 3807; x_wconf 89' lang='lat' dir='ltr'><strong>visus</strong></span> <span class='ocrx_word' id='word_1_374' title='bbox 2268 3743 2365 3805; x_wconf 90' lang='lat' dir='ltr'><strong>sui</strong></span> 
     </span>
     <span class='ocr_line' id='line_1_59' title="bbox 871 3843 2369 3927; baseline -0.003 -18"><span class='ocrx_word' id='word_1_375' title='bbox 871 3855 1207 3924; x_wconf 86' lang='lat' dir='ltr'><strong>tormento,</strong></span> <span class='ocrx_word' id='word_1_376' title='bbox 1243 3846 1553 3927; x_wconf 87' lang='lat' dir='ltr'><strong>nequibat</strong></span> <span class='ocrx_word' id='word_1_377' title='bbox 1593 3844 1920 3927; x_wconf 90' lang='lat' dir='ltr'><strong>lampades</strong></span> <span class='ocrx_word' id='word_1_378' title='bbox 1962 3843 2102 3905; x_wconf 91' lang='lat' dir='ltr'><strong>illas</strong></span> <span class='ocrx_word' id='word_1_379' title='bbox 2144 3843 2369 3905; x_wconf 88' lang='lat' dir='ltr'><strong>arden-</strong></span> 
     </span>
     <span class='ocr_line' id='line_1_60' title="bbox 873 3941 2367 4026; baseline -0.003 -19"><span class='ocrx_word' id='word_1_380' title='bbox 873 3954 968 4008; x_wconf 88' lang='lat' dir='ltr'><strong>tes</strong></span> <span class='ocrx_word' id='word_1_381' title='bbox 999 3954 1061 4007; x_wconf 90' lang='lat' dir='ltr'><strong>ct</strong></span> <span class='ocrx_word' id='word_1_382' title='bbox 1101 3944 1388 4008; x_wconf 89' lang='lat' dir='ltr'><strong>lucentes</strong></span> <span class='ocrx_word' id='word_1_383' title='bbox 1427 3942 1776 4026; x_wconf 89' lang='lat' dir='ltr'><strong>adspicere.</strong></span> <span class='ocrx_word' id='word_1_384' title='bbox 1815 3941 2045 4023; x_wconf 88' lang='lat' dir='ltr'><strong>Sicque</strong></span> <span class='ocrx_word' id='word_1_385' title='bbox 2089 3960 2367 4004; x_wconf 86' lang='lat' dir='ltr'><strong>commu-</strong></span> 
     </span>
     <span class='ocr_line' id='line_1_61' title="bbox 874 4037 2363 4121; baseline -0.004 -17"><span class='ocrx_word' id='word_1_386' title='bbox 874 4042 1040 4105; x_wconf 89' lang='lat' dir='ltr'><strong>niter</strong></span> <span class='ocrx_word' id='word_1_387' title='bbox 1070 4038 1512 4121; x_wconf 85' lang='lat' dir='ltr'><strong>dicitur,quod</strong></span> <span class='ocrx_word' id='word_1_388' title='bbox 1543 4040 1734 4103; x_wconf 90' lang='lat' dir='ltr'><strong>homo</strong></span> <span class='ocrx_word' id='word_1_389' title='bbox 1767 4057 1892 4102; x_wconf 91' lang='lat' dir='ltr'><strong>non</strong></span> <span class='ocrx_word' id='word_1_390' title='bbox 1927 4046 2134 4119; x_wconf 90' lang='lat' dir='ltr'><strong>potest</strong></span> <span class='ocrx_word' id='word_1_391' title='bbox 2164 4037 2363 4099; x_wconf 88' lang='lat' dir='ltr'><strong>solem</strong></span> 
     </span>
     <span class='ocr_line' id='line_1_62' title="bbox 874 4135 2363 4203; baseline -0.004 0"><span class='ocrx_word' id='word_1_392' title='bbox 874 4141 940 4203; x_wconf 91' lang='lat' dir='ltr'><strong>in</strong></span> <span class='ocrx_word' id='word_1_393' title='bbox 987 4149 1123 4203; x_wconf 87' lang='lat' dir='ltr'><strong>rota</strong></span> <span class='ocrx_word' id='word_1_394' title='bbox 1169 4157 1298 4202; x_wconf 79' lang='lat' dir='ltr'><strong>suae</strong></span> <span class='ocrx_word' id='word_1_395' title='bbox 1342 4138 1650 4201; x_wconf 87' lang='lat' dir='ltr'><strong>claritatis</strong></span> <span class='ocrx_word' id='word_1_396' title='bbox 1695 4136 1953 4199; x_wconf 90' lang='lat' dir='ltr'><strong>intueri.</strong></span> <span class='ocrx_word' id='word_1_397' title='bbox 1987 4136 2063 4198; x_wconf 91' lang='lat' dir='ltr'><strong>Et</strong></span> <span class='ocrx_word' id='word_1_398' title='bbox 2107 4135 2196 4197; x_wconf 89' lang='lat' dir='ltr'><strong>ita</strong></span> <span class='ocrx_word' id='word_1_399' title='bbox 2235 4154 2363 4200; x_wconf 93' lang='lat' dir='ltr'><strong>non</strong></span> 
     </span>
    </p>
   </div>
   <div class='ocr_carea' id='block_1_14' title="bbox 2472 3148 3967 4211">
    <p class='ocr_par' dir='ltr' id='par_1_15' title="bbox 2472 3148 3967 3318">
     <span class='ocr_line' id='line_1_63' title="bbox 2472 3148 3967 3229; baseline -0.001 -19"><span class='ocrx_word' id='word_1_400' title='bbox 2472 3153 2601 3229; x_wconf 78' lang='lat' dir='ltr'><strong>fili,</strong></span> <span class='ocrx_word' id='word_1_401' title='bbox 2635 3150 2701 3211; x_wconf 91' lang='lat' dir='ltr'><strong>in</strong></span> <span class='ocrx_word' id='word_1_402' title='bbox 2741 3148 2857 3211; x_wconf 85' lang='lat' dir='ltr'><strong>hac</strong></span> <span class='ocrx_word' id='word_1_403' title='bbox 2904 3148 3077 3210; x_wconf 82' lang='lat' dir='ltr'><strong>hora.</strong></span> <span class='ocrx_word' id='word_1_404' title='bbox 3114 3150 3478 3217; x_wconf 78' lang='lat' dir='ltr'><strong>Revercere,</strong></span> <span class='ocrx_word' id='word_1_405' title='bbox 3506 3158 3565 3207; x_wconf 88' lang='lat' dir='ltr'><strong>et</strong></span> <span class='ocrx_word' id='word_1_406' title='bbox 3606 3148 3841 3208; x_wconf 81' lang='lat' dir='ltr'><strong>dormi.</strong></span> <span class='ocrx_word' id='word_1_407' title='bbox 3882 3150 3967 3208; x_wconf 81' lang='lat' dir='ltr'><strong>Et</strong></span> 
     </span>
     <span class='ocr_line' id='line_1_64' title="bbox 2475 3248 3116 3318; baseline -0.003 -9"><span class='ocrx_word' id='word_1_408' title='bbox 2475 3250 2659 3318; x_wconf 84' lang='lat' dir='ltr'><strong>abiit,</strong></span> <span class='ocrx_word' id='word_1_409' title='bbox 2691 3256 2750 3307; x_wconf 78' lang='lat' dir='ltr'><strong>et</strong></span> <span class='ocrx_word' id='word_1_410' title='bbox 2780 3248 3116 3307; x_wconf 80' lang='lat' dir='ltr'><strong>dormivit.</strong></span> 
     </span>
    </p>

    <p class='ocr_par' dir='ltr' id='par_1_16' title="bbox 2474 3346 3967 4211">
     <span class='ocr_line' id='line_1_65' title="bbox 2558 3346 3967 3424; baseline -0.002 -18"><span class='ocrx_word' id='word_1_411' title='bbox 2558 3350 2639 3407; x_wconf 76' lang='lat' dir='ltr'><strong>Ec</strong></span> <span class='ocrx_word' id='word_1_412' title='bbox 2669 3346 2909 3424; x_wconf 83' lang='lat' dir='ltr'><strong>adjecit</strong></span> <span class='ocrx_word' id='word_1_413' title='bbox 2938 3346 3255 3405; x_wconf 77' lang='lat' dir='ltr'><strong>Dominus</strong></span> <span class='ocrx_word' id='word_1_414' title='bbox 3292 3364 3558 3404; x_wconf 86' lang='lat' dir='ltr'><strong>rursum</strong></span> <span class='ocrx_word' id='word_1_415' title='bbox 3598 3363 3819 3403; x_wconf 83' lang='lat' dir='ltr'><strong>vocare</strong></span> <span class='ocrx_word' id='word_1_416' title='bbox 3846 3347 3967 3405; x_wconf 83' lang='lat' dir='ltr'><strong>Sa-</strong></span> 
     </span>
     <span class='ocr_line' id='line_1_66' title="bbox 2476 3443 3967 3521; baseline -0.002 -16"><span class='ocrx_word' id='word_1_417' title='bbox 2476 3447 2767 3505; x_wconf 81' lang='lat' dir='ltr'><strong>muelem.</strong></span> <span class='ocrx_word' id='word_1_418' title='bbox 2808 3445 3330 3521; x_wconf 68' lang='lat' dir='ltr'><strong>Consuryensque</strong></span> <span class='ocrx_word' id='word_1_419' title='bbox 3358 3444 3653 3511; x_wconf 80' lang='lat' dir='ltr'><strong>Samuel,</strong></span> <span class='ocrx_word' id='word_1_420' title='bbox 3680 3443 3841 3502; x_wconf 80' lang='lat' dir='ltr'><strong>abiit</strong></span> <span class='ocrx_word' id='word_1_421' title='bbox 3876 3445 3967 3502; x_wconf 82' lang='lat' dir='ltr'><strong>ad</strong></span> 
     </span>
     <span class='ocr_line' id='line_1_67' title="bbox 2476 3540 3961 3619; baseline -0.003 -15"><span class='ocrx_word' id='word_1_422' title='bbox 2476 3544 2654 3612; x_wconf 80' lang='lat' dir='ltr'><strong>Heli,</strong></span> <span class='ocrx_word' id='word_1_423' title='bbox 2682 3551 2742 3602; x_wconf 86' lang='lat' dir='ltr'><strong>et</strong></span> <span class='ocrx_word' id='word_1_424' title='bbox 2770 3542 2949 3601; x_wconf 70' lang='lat' dir='ltr'><strong>dimit</strong></span> <span class='ocrx_word' id='word_1_425' title='bbox 2979 3561 3001 3599; x_wconf 91' lang='grc'><strong>.·</strong></span> <span class='ocrx_word' id='word_1_426' title='bbox 3034 3543 3193 3601; x_wconf 83' lang='lat' dir='ltr'><strong>Ecce</strong></span> <span class='ocrx_word' id='word_1_427' title='bbox 3221 3560 3354 3616; x_wconf 63' lang='lat' dir='ltr'><strong>eqo,</strong></span> <span class='ocrx_word' id='word_1_428' title='bbox 3378 3540 3539 3619; x_wconf 83' lang='lat' dir='ltr'><strong>quia</strong></span> <span class='ocrx_word' id='word_1_429' title='bbox 3570 3541 3807 3600; x_wconf 79' lang='lat' dir='ltr'><strong>vocasti</strong></span> <span class='ocrx_word' id='word_1_430' title='bbox 3834 3562 3961 3601; x_wconf 84' lang='lat' dir='ltr'><strong>me.</strong></span> 
     </span>
     <span class='ocr_line' id='line_1_68' title="bbox 2478 3638 3967 3718; baseline 0 -19"><span class='ocrx_word' id='word_1_431' title='bbox 2478 3642 2605 3709; x_wconf 81' lang='lat' dir='ltr'><strong>Qui</strong></span> <span class='ocrx_word' id='word_1_432' title='bbox 2634 3641 2961 3718; x_wconf 73' lang='lat' dir='ltr'><strong>respondit</strong></span> <span class='ocrx_word' id='word_1_433' title='bbox 2983 3660 3005 3698; x_wconf 91' lang='grc'><strong>.·</strong></span> <span class='ocrx_word' id='word_1_434' title='bbox 3029 3639 3177 3700; x_wconf 85' lang='grc' dir='ltr'><strong>Νοη</strong></span> <span class='ocrx_word' id='word_1_435' title='bbox 3208 3639 3434 3698; x_wconf 78' lang='lat' dir='ltr'><strong>vocavi</strong></span> <span class='ocrx_word' id='word_1_436' title='bbox 3464 3647 3542 3708; x_wconf 83' lang='lat' dir='ltr'><strong>te,</strong></span> <span class='ocrx_word' id='word_1_437' title='bbox 3573 3638 3681 3713; x_wconf 78' lang='lat' dir='ltr'><strong>fili</strong></span> <span class='ocrx_word' id='word_1_438' title='bbox 3710 3638 3822 3697; x_wconf 85' lang='lat' dir='ltr'><strong>mi.</strong></span> <span class='ocrx_word' id='word_1_439' title='bbox 3840 3641 3967 3699; x_wconf 76' lang='lat' dir='ltr'><strong>Rc·—</strong></span> 
     </span>
     <span class='ocr_line' id='line_1_69' title="bbox 2474 3735 3967 3818; baseline 0.001 -20"><span class='ocrx_word' id='word_1_440' title='bbox 2474 3748 2738 3809; x_wconf 77' lang='lat' dir='ltr'><strong>vertere,</strong></span> <span class='ocrx_word' id='word_1_441' title='bbox 2769 3748 2829 3798; x_wconf 86' lang='lat' dir='ltr'><strong>et</strong></span> <span class='ocrx_word' id='word_1_442' title='bbox 2857 3738 3095 3798; x_wconf 79' lang='lat' dir='ltr'><strong>dormi.</strong></span> <span class='ocrx_word' id='word_1_443' title='bbox 3118 3736 3187 3798; x_wconf 87' lang='lat' dir='ltr'><strong>ln</strong></span> <span class='ocrx_word' id='word_1_444' title='bbox 3219 3736 3456 3818; x_wconf 92' lang='lat' dir='ltr'><strong>quibus</strong></span> <span class='ocrx_word' id='word_1_445' title='bbox 3488 3735 3967 3818; x_wconf 84' lang='lat' dir='ltr'><strong>promptissima</strong></span> 
     </span>
     <span class='ocr_line' id='line_1_70' title="bbox 2476 3835 3967 3917; baseline -0.001 -18"><span class='ocrx_word' id='word_1_446' title='bbox 2476 3836 2783 3899; x_wconf 88' lang='lat' dir='ltr'><strong>Samuelis</strong></span> <span class='ocrx_word' id='word_1_447' title='bbox 2842 3835 3209 3899; x_wconf 89' lang='lat' dir='ltr'><strong>obedientia</strong></span> <span class='ocrx_word' id='word_1_448' title='bbox 3256 3836 3756 3912; x_wconf 89' lang='lat' dir='ltr'><strong>commendatur,</strong></span> <span class='ocrx_word' id='word_1_449' title='bbox 3811 3836 3967 3917; x_wconf 83' lang='lat' dir='ltr'><strong>quia</strong></span> 
     </span>
     <span class='ocr_line' id='line_1_71' title="bbox 2475 3933 3961 4017; baseline -0.001 -20"><span class='ocrx_word' id='word_1_450' title='bbox 2475 3936 2873 4017; x_wconf 83' lang='lat' dir='ltr'><strong>intempestae</strong></span> <span class='ocrx_word' id='word_1_451' title='bbox 2923 3934 3129 3997; x_wconf 82' lang='lat' dir='ltr'><strong>noctis</strong></span> <span class='ocrx_word' id='word_1_452' title='bbox 3180 3933 3437 3997; x_wconf 88' lang='lat' dir='ltr'><strong>silentio</strong></span> <span class='ocrx_word' id='word_1_453' title='bbox 3487 3933 3671 3997; x_wconf 85' lang='lat' dir='ltr'><strong>toties</strong></span> <span class='ocrx_word' id='word_1_454' title='bbox 3722 3942 3786 3996; x_wconf 85' lang='lat' dir='ltr'><strong>et</strong></span> <span class='ocrx_word' id='word_1_455' title='bbox 3834 3942 3961 3995; x_wconf 84' lang='lat' dir='ltr'><strong>tam</strong></span> 
     </span>
     <span class='ocr_line' id='line_1_72' title="bbox 2474 4031 3967 4115; baseline -0.002 -19"><span class='ocrx_word' id='word_1_456' title='bbox 2474 4033 2766 4096; x_wconf 88' lang='lat' dir='ltr'><strong>celeriter</strong></span> <span class='ocrx_word' id='word_1_457' title='bbox 2797 4052 2867 4096; x_wconf 87' lang='lat' dir='ltr'><strong>ac</strong></span> <span class='ocrx_word' id='word_1_458' title='bbox 2908 4032 3222 4115; x_wconf 88' lang='lat' dir='ltr'><strong>patienter</strong></span> <span class='ocrx_word' id='word_1_459' title='bbox 3267 4031 3541 4095; x_wconf 90' lang='lat' dir='ltr'><strong>surrexit</strong></span> <span class='ocrx_word' id='word_1_460' title='bbox 3580 4040 3643 4095; x_wconf 91' lang='lat' dir='ltr'><strong>et</strong></span> <span class='ocrx_word' id='word_1_461' title='bbox 3682 4031 3967 4095; x_wconf 87' lang='lat' dir='ltr'><strong>cucurrit</strong></span> 
     </span>
     <span class='ocr_line' id='line_1_73' title="bbox 2474 4130 3962 4211; baseline -0.001 -18"><span class='ocrx_word' id='word_1_462' title='bbox 2474 4132 2551 4193; x_wconf 92' lang='lat' dir='ltr'><strong>ad</strong></span> <span class='ocrx_word' id='word_1_463' title='bbox 2594 4131 2731 4194; x_wconf 88' lang='lat' dir='ltr'><strong>Heli</strong></span> <span class='ocrx_word' id='word_1_464' title='bbox 2778 4131 3109 4194; x_wconf 90' lang='lat' dir='ltr'><strong>dominum</strong></span> <span class='ocrx_word' id='word_1_465' title='bbox 3152 4150 3360 4206; x_wconf 90' lang='lat' dir='ltr'><strong>suum,</strong></span> <span class='ocrx_word' id='word_1_466' title='bbox 3394 4149 3432 4191; x_wconf 91' lang='lat' dir='ltr'><strong>a</strong></span> <span class='ocrx_word' id='word_1_467' title='bbox 3471 4148 3600 4211; x_wconf 90' lang='lat' dir='ltr'><strong>quo</strong></span> <span class='ocrx_word' id='word_1_468' title='bbox 3642 4150 3711 4193; x_wconf 90' lang='lat' dir='ltr'><strong>se</strong></span> <span class='ocrx_word' id='word_1_469' title='bbox 3748 4130 3962 4193; x_wconf 81' lang='lat' dir='ltr'><strong>vocari</strong></span> 
     </span>
    </p>
   </div>
   <div class='ocr_carea' id='block_1_15' title="bbox 876 4227 3965 4321">
    <p class='ocr_par' dir='ltr' id='par_1_17' title="bbox 876 4227 3965 4321">
     <span class='ocr_line' id='line_1_74' title="bbox 876 4227 3965 4321; baseline -0.004 -19"><span class='ocrx_word' id='word_1_470' title='bbox 876 4246 1122 4321; x_wconf 90' lang='lat' dir='ltr'><strong>poterat</strong></span> <span class='ocrx_word' id='word_1_471' title='bbox 1151 4236 1288 4300; x_wconf 84' lang='lat' dir='ltr'><strong>Heli</strong></span> <span class='ocrx_word' id='word_1_472' title='bbox 1319 4236 1538 4301; x_wconf 87' lang='lat' dir='ltr'><strong>videre</strong></span> <span class='ocrx_word' id='word_1_473' title='bbox 1572 4236 1898 4299; x_wconf 89' lang='lat' dir='ltr'><strong>lucernam</strong></span> <span class='ocrx_word' id='word_1_474' title='bbox 1939 4234 2070 4311; x_wconf 92' lang='lat' dir='ltr'><strong>Dei,</strong></span> <span class='ocrx_word' id='word_1_475' title='bbox 2107 4234 2228 4296; x_wconf 89' lang='lat' dir='ltr'><strong>hoc</strong></span> <span class='ocrx_word' id='word_1_476' title='bbox 2270 4243 2366 4297; x_wconf 92' lang='lat' dir='ltr'><strong>est</strong></span> <span class='ocrx_word' id='word_1_477' title='bbox 2398 4231 2445 4291; x_wconf 87' lang='lat' dir='ltr'><strong>D</strong></span> <span class='ocrx_word' id='word_1_478' title='bbox 2475 4229 2743 4311; x_wconf 88' lang='lat' dir='ltr'><strong>putavit.</strong></span> <span class='ocrx_word' id='word_1_479' title='bbox 2788 4230 2878 4291; x_wconf 85' lang='lat' dir='ltr'><strong>Ex</strong></span> <span class='ocrx_word' id='word_1_480' title='bbox 2921 4247 3049 4311; x_wconf 92' lang='lat' dir='ltr'><strong>quo</strong></span> <span class='ocrx_word' id='word_1_481' title='bbox 3100 4228 3253 4291; x_wconf 90' lang='lat' dir='ltr'><strong>item</strong></span> <span class='ocrx_word' id='word_1_482' title='bbox 3302 4227 3577 4305; x_wconf 86' lang='lat' dir='ltr'><strong>elicitur,</strong></span> <span class='ocrx_word' id='word_1_483' title='bbox 3612 4229 3783 4310; x_wconf 91' lang='lat' dir='ltr'><strong>quod</strong></span> <span class='ocrx_word' id='word_1_484' title='bbox 3832 4246 3965 4291; x_wconf 90' lang='lat' dir='ltr'><strong>non</strong></span> 
     </span>
    </p>
   </div>
   <div class='ocr_carea' id='block_1_16' title="bbox 876 4333 2367 4712">
    <p class='ocr_par' dir='ltr' id='par_1_18' title="bbox 876 4333 2367 4712">
     <span class='ocr_line' id='line_1_75' title="bbox 876 4333 2366 4419; baseline -0.003 -20"><span class='ocrx_word' id='word_1_485' title='bbox 876 4336 1200 4419; x_wconf 88' lang='lat' dir='ltr'><strong>lampades</strong></span> <span class='ocrx_word' id='word_1_486' title='bbox 1233 4335 1374 4398; x_wconf 90' lang='lat' dir='ltr'><strong>illas</strong></span> <span class='ocrx_word' id='word_1_487' title='bbox 1413 4335 1731 4409; x_wconf 82' lang='lat' dir='ltr'><strong>ardenteS,</strong></span> <span class='ocrx_word' id='word_1_488' title='bbox 1769 4333 2186 4414; x_wconf 84' lang='lat' dir='ltr'><strong>intelligendo</strong></span> <span class='ocrx_word' id='word_1_489' title='bbox 2227 4333 2366 4415; x_wconf 92' lang='lat' dir='ltr'><strong>plu-</strong></span> 
     </span>
     <span class='ocr_line' id='line_1_76' title="bbox 876 4431 2367 4517; baseline -0.001 -20"><span class='ocrx_word' id='word_1_490' title='bbox 876 4435 1008 4499; x_wconf 87' lang='lat' dir='ltr'><strong>rale</strong></span> <span class='ocrx_word' id='word_1_491' title='bbox 1057 4454 1171 4517; x_wconf 90' lang='lat' dir='ltr'><strong>per</strong></span> <span class='ocrx_word' id='word_1_492' title='bbox 1217 4432 1560 4515; x_wconf 87' lang='lat' dir='ltr'><strong>singulare,</strong></span> <span class='ocrx_word' id='word_1_493' title='bbox 1615 4440 1955 4513; x_wconf 83' lang='lat' dir='ltr'><strong>antequam</strong></span> <span class='ocrx_word' id='word_1_494' title='bbox 2007 4431 2367 4511; x_wconf 81' lang='lat' dir='ltr'><strong>exstingue—</strong></span> 
     </span>
     <span class='ocr_line' id='line_1_77' title="bbox 877 4530 2365 4615; baseline -0.003 -17"><span class='ocrx_word' id='word_1_495' title='bbox 877 4543 1130 4598; x_wconf 86' lang='lat' dir='ltr'><strong>rentur:</strong></span> <span class='ocrx_word' id='word_1_496' title='bbox 1151 4551 1278 4597; x_wconf 91' lang='lat' dir='ltr'><strong>non</strong></span> <span class='ocrx_word' id='word_1_497' title='bbox 1301 4533 1471 4615; x_wconf 90' lang='lat' dir='ltr'><strong>quod</strong></span> <span class='ocrx_word' id='word_1_498' title='bbox 1503 4540 1722 4615; x_wconf 90' lang='lat' dir='ltr'><strong>postea</strong></span> <span class='ocrx_word' id='word_1_499' title='bbox 1743 4530 1976 4593; x_wconf 88' lang='lat' dir='ltr'><strong>viderit</strong></span> <span class='ocrx_word' id='word_1_500' title='bbox 2001 4550 2128 4593; x_wconf 82' lang='lat' dir='ltr'><strong>eaS.</strong></span> <span class='ocrx_word' id='word_1_501' title='bbox 2145 4531 2365 4605; x_wconf 87' lang='lat' dir='ltr'><strong>Quem-</strong></span> 
     </span>
     <span class='ocr_line' id='line_1_78' title="bbox 876 4628 2365 4712; baseline -0.002 -16"><span class='ocrx_word' id='word_1_502' title='bbox 876 4633 1218 4697; x_wconf 87' lang='lat' dir='ltr'><strong>admodum</strong></span> <span class='ocrx_word' id='word_1_503' title='bbox 1280 4630 1482 4694; x_wconf 87' lang='lat' dir='ltr'><strong>fertur</strong></span> <span class='ocrx_word' id='word_1_504' title='bbox 1540 4630 1708 4712; x_wconf 90' lang='lat' dir='ltr'><strong>apud</strong></span> <span class='ocrx_word' id='word_1_505' title='bbox 1759 4628 2138 4704; x_wconf 80' lang='lat' dir='ltr'><strong>Matthaeum,</strong></span> <span class='ocrx_word' id='word_1_506' title='bbox 2194 4632 2365 4712; x_wconf 90' lang='lat' dir='ltr'><strong>quod</strong></span> 
     </span>
    </p>
   </div>
   <div class='ocr_carea' id='block_1_17' title="bbox 629 4728 2367 4814">
    <p class='ocr_par' dir='ltr' id='par_1_19' title="bbox 629 4728 2367 4814">
     <span class='ocr_line' id='line_1_79' title="bbox 629 4728 2367 4814; baseline 0 -23"><span class='ocrx_word' id='word_1_507' title='bbox 629 4748 796 4794; x_wconf 61' lang='lat' dir='ltr'><strong>,uatem</strong></span> <span class='ocrx_word' id='word_1_508' title='bbox 817 4764 846 4803; x_wconf 80' lang='grc' dir='ltr'><strong>ι,</strong></span> <span class='ocrx_word' id='word_1_509' title='bbox 875 4730 1106 4814; x_wconf 76' lang='lat' dir='ltr'><strong>Ioseph</strong></span> <span class='ocrx_word' id='word_1_510' title='bbox 1147 4748 1275 4794; x_wconf 90' lang='lat' dir='ltr'><strong>non</strong></span> <span class='ocrx_word' id='word_1_511' title='bbox 1306 4728 1604 4809; x_wconf 83' lang='lat' dir='ltr'><strong>cognovit</strong></span> <span class='ocrx_word' id='word_1_512' title='bbox 1632 4728 1910 4803; x_wconf 86' lang='lat' dir='ltr'><strong>Mariam,</strong></span> <span class='ocrx_word' id='word_1_513' title='bbox 1946 4728 2148 4790; x_wconf 89' lang='lat' dir='ltr'><strong>donec</strong></span> <span class='ocrx_word' id='word_1_514' title='bbox 2180 4747 2367 4810; x_wconf 88' lang='lat' dir='ltr'><strong>pepe-</strong></span> 
     </span>
    </p>
   </div>
   <div class='ocr_carea' id='block_1_18' title="bbox 869 4826 2366 5397">
    <p class='ocr_par' dir='ltr' id='par_1_20' title="bbox 869 4826 2366 5304">
     <span class='ocr_line' id='line_1_80' title="bbox 877 4826 2359 4911; baseline -0.004 -18"><span class='ocrx_word' id='word_1_515' title='bbox 877 4829 962 4893; x_wconf 87' lang='lat' dir='ltr'><strong>rit</strong></span> <span class='ocrx_word' id='word_1_516' title='bbox 996 4846 1010 4893; x_wconf 88' lang='lat'>:</span> <span class='ocrx_word' id='word_1_517' title='bbox 1047 4847 1174 4893; x_wconf 89' lang='lat' dir='ltr'><strong>non</strong></span> <span class='ocrx_word' id='word_1_518' title='bbox 1205 4828 1378 4911; x_wconf 92' lang='lat' dir='ltr'><strong>quod</strong></span> <span class='ocrx_word' id='word_1_519' title='bbox 1411 4836 1632 4910; x_wconf 87' lang='lat' dir='ltr'><strong>postea</strong></span> <span class='ocrx_word' id='word_1_520' title='bbox 1660 4845 1799 4890; x_wconf 89' lang='lat' dir='ltr'><strong>eam</strong></span> <span class='ocrx_word' id='word_1_521' title='bbox 1830 4826 2223 4905; x_wconf 84' lang='lat' dir='ltr'><strong>cognoverit.</strong></span> <span class='ocrx_word' id='word_1_522' title='bbox 2249 4826 2359 4889; x_wconf 85' lang='lat' dir='ltr'><strong>Vel</strong></span> 
     </span>
     <span class='ocr_line' id='line_1_81' title="bbox 878 4924 2366 5008; baseline -0.003 -17"><span class='ocrx_word' id='word_1_523' title='bbox 878 4928 1042 4991; x_wconf 80' lang='lat' dir='ltr'><strong>sorte</strong></span> <span class='ocrx_word' id='word_1_524' title='bbox 1072 4926 1404 4991; x_wconf 85' lang='lat' dir='ltr'><strong>exstinctis</strong></span> <span class='ocrx_word' id='word_1_525' title='bbox 1438 4924 1840 5008; x_wconf 87' lang='lat' dir='ltr'><strong>lampadibus</strong></span> <span class='ocrx_word' id='word_1_526' title='bbox 1873 4924 1938 4985; x_wconf 91' lang='lat' dir='ltr'><strong>in</strong></span> <span class='ocrx_word' id='word_1_527' title='bbox 1973 4924 2112 5006; x_wconf 92' lang='lat' dir='ltr'><strong>ipso</strong></span> <span class='ocrx_word' id='word_1_528' title='bbox 2142 4943 2366 5006; x_wconf 85' lang='lat' dir='ltr'><strong>crepu-</strong></span> 
     </span>
     <span class='ocr_line' id='line_1_82' title="bbox 876 5022 2359 5101; baseline -0.005 -10"><span class='ocrx_word' id='word_1_529' title='bbox 876 5026 1054 5091; x_wconf 89' lang='lat' dir='ltr'><strong>sculo</strong></span> <span class='ocrx_word' id='word_1_530' title='bbox 1077 5025 1174 5089; x_wconf 86' lang='lat' dir='ltr'><strong>vel</strong></span> <span class='ocrx_word' id='word_1_531' title='bbox 1202 5043 1452 5101; x_wconf 87' lang='lat' dir='ltr'><strong>aurora,</strong></span> <span class='ocrx_word' id='word_1_532' title='bbox 1473 5024 1702 5086; x_wconf 88' lang='lat' dir='ltr'><strong>melius</strong></span> <span class='ocrx_word' id='word_1_533' title='bbox 1725 5031 1785 5085; x_wconf 85' lang='lat' dir='ltr'><strong>et</strong></span> <span class='ocrx_word' id='word_1_534' title='bbox 1809 5022 2027 5085; x_wconf 88' lang='lat' dir='ltr'><strong>sanius</strong></span> <span class='ocrx_word' id='word_1_535' title='bbox 2047 5022 2209 5086; x_wconf 88' lang='lat' dir='ltr'><strong>vidit</strong></span> <span class='ocrx_word' id='word_1_536' title='bbox 2230 5042 2359 5098; x_wconf 79' lang='lat' dir='ltr'><strong>caS,</strong></span> 
     </span>
     <span class='ocr_line' id='line_1_83' title="bbox 871 5120 2361 5207; baseline -0.003 -20"><span class='ocrx_word' id='word_1_537' title='bbox 871 5143 1066 5207; x_wconf 91' lang='lat' dir='ltr'><strong>quam</strong></span> <span class='ocrx_word' id='word_1_538' title='bbox 1117 5122 1183 5184; x_wconf 90' lang='lat' dir='ltr'><strong>in</strong></span> <span class='ocrx_word' id='word_1_539' title='bbox 1233 5121 1391 5186; x_wconf 87' lang='lat' dir='ltr'><strong>tanti</strong></span> <span class='ocrx_word' id='word_1_540' title='bbox 1453 5122 1717 5185; x_wconf 90' lang='lat' dir='ltr'><strong>luminis</strong></span> <span class='ocrx_word' id='word_1_541' title='bbox 1774 5120 2361 5202; x_wconf 85' lang='lat' dir='ltr'><strong>conglomeratione</strong></span> 
     </span>
     <span class='ocr_line' id='line_1_84' title="bbox 869 5220 1324 5304; baseline -0.007 -18"><span class='ocrx_word' id='word_1_542' title='bbox 869 5232 1060 5304; x_wconf 89' lang='lat' dir='ltr'><strong>atque</strong></span> <span class='ocrx_word' id='word_1_543' title='bbox 1086 5220 1324 5303; x_wconf 85' lang='lat' dir='ltr'><strong>vigore.</strong></span> 
     </span>
    </p>

    <p class='ocr_par' dir='ltr' id='par_1_21' title="bbox 949 5320 2357 5397">
     <span class='ocr_line' id='line_1_85' title="bbox 949 5320 2357 5397; baseline -0.003 -14"><span class='ocrx_word' id='word_1_544' title='bbox 949 5323 1217 5383; x_wconf 80' lang='lat' dir='ltr'><strong>Samuel</strong></span> <span class='ocrx_word' id='word_1_545' title='bbox 1244 5330 1458 5381; x_wconf 74' lang='lat' dir='ltr'><strong>aute-m</strong></span> <span class='ocrx_word' id='word_1_546' title='bbox 1488 5320 1844 5381; x_wconf 72' lang='lat' dir='ltr'><strong>dormiebat</strong></span> <span class='ocrx_word' id='word_1_547' title='bbox 1877 5320 1945 5379; x_wconf 82' lang='lat' dir='ltr'><strong>in.</strong></span> <span class='ocrx_word' id='word_1_548' title='bbox 1981 5322 2212 5397; x_wconf 77' lang='lat' dir='ltr'><strong>templo</strong></span> <span class='ocrx_word' id='word_1_549' title='bbox 2234 5320 2357 5379; x_wconf 91' lang='lat' dir='ltr'><strong>Do-</strong></span> 
     </span>
    </p>
   </div>
   <div class='ocr_carea' id='block_1_19' title="bbox 2467 4326 4019 5398">
    <p class='ocr_par' dir='ltr' id='par_1_22' title="bbox 2467 4326 4019 5398">
     <span class='ocr_line' id='line_1_86' title="bbox 2473 4326 3963 4410; baseline -0.002 -19"><span class='ocrx_word' id='word_1_550' title='bbox 2473 4330 2807 4410; x_wconf 89' lang='lat' dir='ltr'><strong>jacuerunt</strong></span> <span class='ocrx_word' id='word_1_551' title='bbox 2852 4335 3091 4392; x_wconf 91' lang='lat' dir='ltr'><strong>remote</strong></span> <span class='ocrx_word' id='word_1_552' title='bbox 3134 4326 3215 4389; x_wconf 90' lang='lat' dir='ltr'><strong>ab</strong></span> <span class='ocrx_word' id='word_1_553' title='bbox 3263 4326 3562 4390; x_wconf 90' lang='lat' dir='ltr'><strong>invicem.</strong></span> <span class='ocrx_word' id='word_1_554' title='bbox 3595 4331 3803 4389; x_wconf 87' lang='lat' dir='ltr'><strong>Porro</strong></span> <span class='ocrx_word' id='word_1_555' title='bbox 3836 4330 3963 4389; x_wconf 83' lang='lat' dir='ltr'><strong>Sa-</strong></span> 
     </span>
     <span class='ocr_line' id='line_1_87' title="bbox 2474 4426 3964 4495; baseline 0.001 -8"><span class='ocrx_word' id='word_1_556' title='bbox 2474 4432 2648 4488; x_wconf 81' lang='lat' dir='ltr'><strong>muel</strong></span> <span class='ocrx_word' id='word_1_557' title='bbox 2678 4430 2951 4488; x_wconf 75' lang='lat' dir='ltr'><strong>necdum</strong></span> <span class='ocrx_word' id='word_1_558' title='bbox 2982 4428 3214 4487; x_wconf 83' lang='lat' dir='ltr'><strong>sciebat</strong></span> <span class='ocrx_word' id='word_1_559' title='bbox 3243 4428 3629 4495; x_wconf 80' lang='lat' dir='ltr'><strong>Dominum,</strong></span> <span class='ocrx_word' id='word_1_560' title='bbox 3660 4444 3735 4488; x_wconf 83' lang='lat' dir='ltr'><strong>eo</strong></span> <span class='ocrx_word' id='word_1_561' title='bbox 3772 4426 3964 4488; x_wconf 85' lang='lat' dir='ltr'><strong>modo</strong></span> 
     </span>
     <span class='ocr_line' id='line_1_88' title="bbox 2474 4524 3965 4609; baseline -0.001 -21"><span class='ocrx_word' id='word_1_562' title='bbox 2474 4546 2601 4609; x_wconf 93' lang='lat' dir='ltr'><strong>quo</strong></span> <span class='ocrx_word' id='word_1_563' title='bbox 2632 4526 2981 4608; x_wconf 83' lang='lat' dir='ltr'><strong>Prophctae,</strong></span> <span class='ocrx_word' id='word_1_564' title='bbox 3016 4524 3079 4586; x_wconf 90' lang='lat' dir='ltr'><strong>id</strong></span> <span class='ocrx_word' id='word_1_565' title='bbox 3123 4533 3239 4601; x_wconf 88' lang='lat' dir='ltr'><strong>cst,</strong></span> <span class='ocrx_word' id='word_1_566' title='bbox 3276 4524 3549 4586; x_wconf 85' lang='lat' dir='ltr'><strong>necdum</strong></span> <span class='ocrx_word' id='word_1_567' title='bbox 3584 4533 3965 4603; x_wconf 80' lang='lat' dir='ltr'><strong>cognoverat</strong></span> 
     </span>
     <span class='ocr_line' id='line_1_89' title="bbox 2474 4622 4019 4707; baseline -0.002 -20"><span class='ocrx_word' id='word_1_568' title='bbox 2474 4625 2733 4688; x_wconf 92' lang='lat' dir='ltr'><strong>modum</strong></span> <span class='ocrx_word' id='word_1_569' title='bbox 2768 4643 2896 4707; x_wconf 92' lang='lat' dir='ltr'><strong>quo</strong></span> <span class='ocrx_word' id='word_1_570' title='bbox 2928 4622 3232 4686; x_wconf 89' lang='lat' dir='ltr'><strong>Dominus</strong></span> <span class='ocrx_word' id='word_1_571' title='bbox 3264 4622 3598 4686; x_wconf 89' lang='lat' dir='ltr'><strong>consuevit</strong></span> <span class='ocrx_word' id='word_1_572' title='bbox 3634 4622 3964 4706; x_wconf 86' lang='lat' dir='ltr'><strong>Prophetis</strong></span> <span class='ocrx_word' id='word_1_573' title='bbox 4008 4630 4019 4639; x_wconf 84' lang='lat'><strong>‘</strong></span> 
     </span>
     <span class='ocr_line' id='line_1_90' title="bbox 2474 4721 3961 4807; baseline -0.003 -20"><span class='ocrx_word' id='word_1_574' title='bbox 2474 4742 2781 4807; x_wconf 90' lang='lat' dir='ltr'><strong>apparere</strong></span> <span class='ocrx_word' id='word_1_575' title='bbox 2812 4742 2886 4785; x_wconf 90' lang='lat' dir='ltr'><strong>ac</strong></span> <span class='ocrx_word' id='word_1_576' title='bbox 2918 4722 3116 4803; x_wconf 89' lang='lat' dir='ltr'><strong>loqui,</strong></span> <span class='ocrx_word' id='word_1_577' title='bbox 3152 4721 3254 4785; x_wconf 84' lang='lat' dir='ltr'><strong>vel</strong></span> <span class='ocrx_word' id='word_1_578' title='bbox 3286 4740 3417 4802; x_wconf 80' lang='lat' dir='ltr'><strong>prae</strong></span> <span class='ocrx_word' id='word_1_579' title='bbox 3446 4722 3779 4802; x_wconf 88' lang='lat' dir='ltr'><strong>juventute</strong></span> <span class='ocrx_word' id='word_1_580' title='bbox 3811 4740 3961 4785; x_wconf 91' lang='lat' dir='ltr'><strong>non-</strong></span> 
     </span>
     <span class='ocr_line' id='line_1_91' title="bbox 2474 4818 3961 4894; baseline -0.002 -10"><span class='ocrx_word' id='word_1_581' title='bbox 2474 4824 2627 4885; x_wconf 90' lang='lat' dir='ltr'><strong>dum</strong></span> <span class='ocrx_word' id='word_1_582' title='bbox 2671 4821 2893 4884; x_wconf 89' lang='lat' dir='ltr'><strong>habuit</strong></span> <span class='ocrx_word' id='word_1_583' title='bbox 2938 4820 3269 4884; x_wconf 89' lang='lat' dir='ltr'><strong>scientiam</strong></span> <span class='ocrx_word' id='word_1_584' title='bbox 3306 4822 3385 4883; x_wconf 90' lang='lat' dir='ltr'><strong>de</strong></span> <span class='ocrx_word' id='word_1_585' title='bbox 3418 4820 3542 4883; x_wconf 88' lang='lat' dir='ltr'><strong>Deo</strong></span> <span class='ocrx_word' id='word_1_586' title='bbox 3574 4818 3961 4894; x_wconf 77' lang='lat' dir='ltr'><strong>notabilem3</strong></span> 
     </span>
     <span class='ocr_line' id='line_1_92' title="bbox 2472 4921 3961 5001; baseline -0.002 -20"><span class='ocrx_word' id='word_1_587' title='bbox 2472 4942 2675 5001; x_wconf 78' lang='lat' dir='ltr'><strong>neque</strong></span> <span class='ocrx_word' id='word_1_588' title='bbox 2718 4924 3035 4981; x_wconf 80' lang='lat' dir='ltr'><strong>revelatus</strong></span> <span class='ocrx_word' id='word_1_589' title='bbox 3072 4922 3296 4996; x_wconf 77' lang='lat' dir='ltr'><strong>fuerat</strong></span> <span class='ocrx_word' id='word_1_590' title='bbox 3336 4922 3398 4979; x_wconf 89' lang='lat' dir='ltr'><strong>ei</strong></span> <span class='ocrx_word' id='word_1_591' title='bbox 3426 4938 3629 4979; x_wconf 83' lang='lat' dir='ltr'><strong>sermo</strong></span> <span class='ocrx_word' id='word_1_592' title='bbox 3668 4921 3961 4991; x_wconf 73' lang='lat' dir='ltr'><strong>Domini,</strong></span> 
     </span>
     <span class='ocr_line' id='line_1_93' title="bbox 2471 5014 3962 5099; baseline -0.001 -18"><span class='ocrx_word' id='word_1_593' title='bbox 2471 5020 2592 5083; x_wconf 89' lang='lat' dir='ltr'><strong>hoc</strong></span> <span class='ocrx_word' id='word_1_594' title='bbox 2638 5028 2755 5095; x_wconf 90' lang='lat' dir='ltr'><strong>est,</strong></span> <span class='ocrx_word' id='word_1_595' title='bbox 2795 5017 3097 5081; x_wconf 85' lang='lat' dir='ltr'><strong>allocutio</strong></span> <span class='ocrx_word' id='word_1_596' title='bbox 3139 5016 3531 5099; x_wconf 90' lang='lat' dir='ltr'><strong>prophetalis</strong></span> <span class='ocrx_word' id='word_1_597' title='bbox 3569 5035 3695 5079; x_wconf 91' lang='lat' dir='ltr'><strong>non</strong></span> <span class='ocrx_word' id='word_1_598' title='bbox 3736 5014 3859 5078; x_wconf 85' lang='lat' dir='ltr'><strong>suit</strong></span> <span class='ocrx_word' id='word_1_599' title='bbox 3902 5018 3962 5079; x_wconf 79' lang='lat' dir='ltr'><strong>ei</strong></span> 
     </span>
     <span class='ocr_line' id='line_1_94' title="bbox 2469 5114 3969 5197; baseline -0.001 -16"><span class='ocrx_word' id='word_1_600' title='bbox 2469 5118 2677 5181; x_wconf 88' lang='lat' dir='ltr'><strong>adhuc</strong></span> <span class='ocrx_word' id='word_1_601' title='bbox 2712 5116 2877 5180; x_wconf 84' lang='lat' dir='ltr'><strong>facta</strong></span> <span class='ocrx_word' id='word_1_602' title='bbox 2908 5125 3016 5179; x_wconf 90' lang='lat' dir='ltr'><strong>aut</strong></span> <span class='ocrx_word' id='word_1_603' title='bbox 3038 5117 3377 5179; x_wconf 85' lang='lat' dir='ltr'><strong>declarata.</strong></span> <span class='ocrx_word' id='word_1_604' title='bbox 3405 5114 3567 5178; x_wconf 92' lang='lat' dir='ltr'><strong>Dicit</strong></span> <span class='ocrx_word' id='word_1_605' title='bbox 3595 5134 3851 5197; x_wconf 89' lang='lat' dir='ltr'><strong>quoque</strong></span> <span class='ocrx_word' id='word_1_606' title='bbox 3868 5117 3969 5180; x_wconf 84' lang='lat' dir='ltr'><strong>Jo-</strong></span> 
     </span>
     <span class='ocr_line' id='line_1_95' title="bbox 2468 5214 3967 5300; baseline -0.002 -20"><span class='ocrx_word' id='word_1_607' title='bbox 2468 5217 2724 5300; x_wconf 78' lang='lat' dir='ltr'><strong>sephuS‚</strong></span> <span class='ocrx_word' id='word_1_608' title='bbox 2759 5215 2931 5297; x_wconf 90' lang='lat' dir='ltr'><strong>quod</strong></span> <span class='ocrx_word' id='word_1_609' title='bbox 2980 5214 3361 5278; x_wconf 86' lang='lat' dir='ltr'><strong>duodecimo</strong></span> <span class='ocrx_word' id='word_1_610' title='bbox 3402 5232 3518 5276; x_wconf 91' lang='lat' dir='ltr'><strong>suo</strong></span> <span class='ocrx_word' id='word_1_611' title='bbox 3557 5232 3725 5277; x_wconf 89' lang='lat' dir='ltr'><strong>anno</strong></span> <span class='ocrx_word' id='word_1_612' title='bbox 3764 5216 3967 5296; x_wconf 86' lang='lat' dir='ltr'><strong>coepit</strong></span> 
     </span>
     <span class='ocr_line' id='line_1_96' title="bbox 2467 5312 3967 5398; baseline 0 -22"><span class='ocrx_word' id='word_1_613' title='bbox 2467 5314 2869 5398; x_wconf 88' lang='lat' dir='ltr'><strong>propheticas</strong></span> <span class='ocrx_word' id='word_1_614' title='bbox 2893 5312 3173 5378; x_wconf 88' lang='lat' dir='ltr'><strong>visiones</strong></span> <span class='ocrx_word' id='word_1_615' title='bbox 3205 5312 3461 5376; x_wconf 87' lang='lat' dir='ltr'><strong>habere.</strong></span> <span class='ocrx_word' id='word_1_616' title='bbox 3480 5314 3563 5375; x_wconf 78' lang='lat' dir='ltr'><strong>Et</strong></span> <span class='ocrx_word' id='word_1_617' title='bbox 3586 5313 3825 5390; x_wconf 80' lang='lat' dir='ltr'><strong>adjecit</strong></span> <span class='ocrx_word' id='word_1_618' title='bbox 3840 5316 3967 5376; x_wconf 89' lang='lat' dir='ltr'><strong>Do-</strong></span> 
     </span>
    </p>
   </div>
   <div class='ocr_carea' id='block_1_20' title="bbox 4306 47 4313 806">
    <p class='ocr_par' dir='ltr' id='par_1_23' title="bbox 4306 47 4313 806">
     <span class='ocr_line' id='line_1_97' title="bbox 4306 47 4313 806; baseline 0 0"><span class='ocrx_word' id='word_1_619' title='bbox 4306 47 4313 806; x_wconf 95' lang='lat' dir='ltr'><strong> </strong></span> 
     </span>
    </p>
   </div>
   <div class='ocr_carea' id='block_1_21' title="bbox 4307 5634 4312 6220">
    <p class='ocr_par' dir='ltr' id='par_1_24' title="bbox 4307 5634 4312 6220">
     <span class='ocr_line' id='line_1_98' title="bbox 4307 5634 4312 6220; baseline 0 0"><span class='ocrx_word' id='word_1_620' title='bbox 4307 5634 4312 6220; x_wconf 95' lang='lat' dir='ltr'><strong> </strong></span> 
     </span>
    </p>
   </div>
  </div>
 </body>
</html>
