4359 6250
110 1387 213 1430 Gen.
230 1401 275 1438 u,
288 1391 361 1431 24.

1134 511 1483 560 mammo
1527 512 1589 557 m
1630 511 1767 558 mr.
1814 510 1923 556 ιιι
1963 510 2238 558 mmcmi.
2287 527 2364 540 —-
2407 510 2548 555 Aur.
2595 509 2784 556 xxxlv
3383 489 3502 556 217

400 683 575 746 vulis
608 681 740 745 sint
772 683 1005 765 puniti,
1027 701 1227 765 quum
1261 691 1472 747 tamen
1506 681 1629 746 viri
1660 681 1726 743 in
1747 681 1903 744 Ben-
1936 679 1986 741 A
2016 682 2333 750 versaria,
2365 679 2429 741 id
2470 688 2564 742 est
2595 697 2810 741 annua
2836 679 3126 760 quaedam
3158 676 3494 756 festivitaS,

396 780 607 862 jamin
636 790 785 845 ante
815 781 1157 844 mulierum
1188 801 1263 845 ac
1295 782 1707 864 parvulorum
1737 779 1903 843 occi·
2012 799 2155 859 quae
2195 777 2325 840 Silo
2362 781 2489 839 sita
2533 788 2622 839 est
2655 781 2745 838 ad
2785 779 3279 854 septentrionem
3318 779 3498 838 urbis

398 879 678 959 sionem,
701 878 944 943 fuerint
971 899 1138 963 pene
1164 898 1385 944 omnes
1418 877 1902 962 perempti.Fuit
2014 880 2261 949 Bethel,
2297 896 2424 940 non
2455 876 2654 954 illius,
2698 895 2842 959 quae
2871 875 2996 939 alio
3027 873 3285 939 nomine
3317 893 3499 939 voca-

398 997 665 1060 quoque
696 997 869 1042 mors
912 979 1023 1042 illa
1066 977 1516 1042 innocentibus
1555 979 1758 1060 major
1798 995 1902 1040 co-
2015 985 2117 1038 tur
2175 976 2553 1040 Jerusalem.
2605 981 3180 1055 Praeceperuntque
3225 977 3500 1053 majores

398 1095 581 1156 rona,
628 1086 694 1140 et
727 1076 985 1141 feminis
1022 1096 1169 1160 quae
1205 1077 1664 1161 poenituerunt,
1698 1076 1799 1140 vel
1832 1075 1897 1137 in
2012 1086 2177 1137 natu
2197 1078 2361 1154 filiis
2391 1077 2772 1155 Benjamin‚
2807 1086 2996 1156 atque
3025 1078 3340 1136 dixerunt
3360 1095 3382 1137 .·
3403 1077 3500 1136 Ite

396 1175 660 1238 mortali
700 1176 891 1259 culpa
923 1195 1051 1241 non
1083 1185 1285 1253 erant,
1330 1174 1639 1259 purgatio.
1684 1175 1806 1239 Sed
1836 1183 1899 1237 et
2006 1185 2067 1235 et
2118 1177 2374 1236 latitate
2423 1178 2495 1235 in
2541 1176 2770 1236 vineis.
2817 1178 3152 1255 Quumque
3201 1175 3498 1235 videritis

396 1273 575 1354 rigor
623 1275 865 1338 divinae
908 1274 1177 1356 justitiae
1217 1275 1782 1340 commendabatur
1828 1275 1895 1336 in

396 1373 546 1437 hoc.
570 1373 684 1436 Vir
718 1392 979 1457 quoque
1012 1383 1076 1437 et
1110 1374 1341 1437 mulier
1372 1393 1499 1436 una
1536 1382 1688 1436 sunt
1722 1391 1889 1451 carc,

394 1481 465 1536 et
496 1473 709 1555 proles
738 1482 835 1536 est
864 1472 1109 1554 aliquid
1141 1491 1399 1536 suorum
1433 1479 1789 1555 parentum.
1810 1475 1895 1536 Et

392 1575 515 1632 ltoc
530 1573 659 1633 erit
680 1575 853 1651 quod
871 1575 1200 1632 observare
1220 1573 1525 1632 debebitis
1540 1593 1564 1632 .·
1586 1574 1783 1633 Omne
1794 1591 1895 1650 qe-

391 1672 575 1730 neris
608 1672 963 1732 masculini
990 1680 1051 1730 et
1094 1672 1397 1732 mulieres
1426 1690 1569 1748 quae
1597 1690 1894 1747 coynove-

390 1779 555 1830 runt
585 1771 781 1840 viros,
806 1770 1152 1846 interficite
1168 1793 1192 1840 ,·
1233 1770 1522 1846 viryines
1550 1779 1886 1830 reservate.

2009 1275 2190 1349 filias
2229 1276 2396 1345 Silo,
2437 1273 2500 1335 id
2541 1281 2638 1335 est
2678 1272 2852 1334 filias
2891 1273 3128 1336 civium
3170 1271 3346 1334 urbis
3387 1290 3498 1334 no-

2008 1369 2182 1434 mine
2216 1371 2366 1448 Silo,
2402 1375 2490 1433 ad
2517 1375 2836 1434 ducendos
2865 1374 3104 1443 choros,
3131 1371 3196 1433 id
3227 1378 3323 1433 est
3352 1370 3497 1434 cho-

2010 1489 2170 1546 reaS,
2189 1491 2271 1532 ex
2300 1491 2472 1531 more
2493 1473 2834 1548 procedere
2856 1479 3032 1534 extra
3060 1470 3306 1546 urbem,
3326 1471 3496 1530 emite

2009 1579 2264 1645 repen-te
2291 1572 2370 1629 de
2409 1571 2639 1641 vineis,
2673 1581 2732 1630 et
2771 1572 2984 1648 rapite
3017 1591 3098 1630 eoe
3125 1572 3220 1628 eis
3244 1571 3496 1646 sinyuli

2002 1670 2296 1744 sinyulas
2319 1687 2574 1738 uxores,
2588 1667 2650 1729 id
2673 1676 2768 1730 est
2788 1667 3062 1750 quilibet
3092 1687 3284 1730 unam
3315 1668 3494 1750 puel-

2004 1765 2131 1828 lam
2163 1766 2241 1827 ad
2274 1765 3130 1830 nubendum.Verumtamen
3155 1775 3371 1849 raptus
3405 1775 3494 1829 ta-

386 1866 753 1948 Antequam
802 1866 1181 1949 inceperunt
1219 1865 1587 1930 interficere
1627 1885 1735 1930 eos
1778 1865 1887 1947 qui
1928 1863 1975 1924 B
2006 1864 2085 1926 lis
2135 1866 2488 1928 secundum
2541 1865 2744 1946 legem
2795 1884 2921 1929 non
2968 1865 3170 1942 licuit,
3224 1866 3334 1928 sed
3385 1885 3493 1929 ne-

385 1964 457 2026 in
482 1963 673 2028 Jabes
697 1965 1276 2042 commorabantur,
1304 1985 1449 2029 cum
1480 1964 1770 2045 diligenti
1794 1985 1894 2028 ex·

384 2062 605 2126 amine
638 2062 1089 2126 scrutabantur
1124 2082 1237 2145 pro
1273 2082 1480 2145 posse,
1519 2082 1665 2145 quae
1698 2062 1891 2144 virgi-

382 2180 503 2222 nes
532 2170 771 2238 essent,
807 2170 871 2224 et
905 2161 1287 2243 separabant
1324 2181 1429 2224 eas
1470 2180 1778 2225 seorsum.
1814 2161 1891 2224 Et

382 2259 543 2322 satis
594 2259 875 2323 faciliter
918 2269 1212 2342 poterant
1254 2260 1729 2342 invenire,quae
1772 2279 1889 2324 nec

378 2358 703 2421 maritatas
732 2377 851 2422 nec
872 2357 1002 2420 diff
1003 2367 1226 2422 amatae
1248 2359 1530 2422 fuerunt.
1544 2359 1719 2422 Unde
1740 2359 1890 2422 sub-

376 2456 567 2536 jungi
579 2465 680 2518 tur
696 2473 712 2518 z
727 2461 1141 2537 Inventa’que
1156 2467 1315 2518 sunt
1335 2461 1413 2517 de
1430 2460 1614 2519 labes
1635 2461 1889 2518 Galaad

376 2558 887 2634 quadrinyentoe
907 2558 1220 2633 viryines,
1241 2577 1384 2636 quae
1404 2559 1769 2618 nescierunt
1801 2560 1888 2616 vi·

375 2658 446 2714 ri
478 2665 721 2725 torum,
741 2653 872 2718 imo
904 2673 1021 2717 nec
1052 2653 1451 2736 illegitimam
1484 2653 1801 2736 copulam,
1827 2665 1885 2714 et

372 2755 814 2813 adduxerunt
842 2773 949 2814 eas
988 2757 1077 2814 ad
1114 2763 1327 2814 eastra
1368 2756 1441 2814 in
1480 2756 1624 2815 Silo
1663 2756 1735 2814 in
1770 2764 1885 2814 ter-

372 2871 525 2910 ram
552 2852 1338 2932 Chaman.Miseruntque
1360 2851 1485 2913 filii
1512 2851 1699 2914 lsrael
1722 2873 1885 2914 nun-

373 2952 501 3009 tios
531 2951 625 3009 ad
653 2951 827 3026 filios
850 2951 1223 3028 Benjamin,
1243 2951 1567 3030 quierant
1599 2953 1670 3011 in
1692 2961 1884 3029 petra

2004 1963 2267 2026 cessitas
2309 1973 2370 2026 et
2409 1964 2724 2044 majorum
2763 1964 3127 2027 commissio
3169 1963 3491 2027 excusavit

2004 2069 2290 2144 raptores
2333 2061 2398 2123 in
2439 2070 2568 2126 toto
2597 2063 2696 2124 vel
2739 2063 2993 2144 partim.
3032 2066 3366 2142 Quumque
3397 2083 3492 2122 ve-

2002 2163 2222 2222 nerint
2253 2172 2474 2237 patres
2509 2182 2736 2222 earum
2767 2181 2844 2222 ac
2871 2162 3132 2238 fratreS,
3173 2172 3232 2222 et
3260 2164 3490 2221 adver-

1998 2280 2143 2320 sum
2207 2281 2310 2320 vos
2369 2262 2576 2339 queri,
2635 2259 2696 2322 id
2751 2268 2849 2324 est
2903 2260 3238 2342 conqueri,
3297 2271 3490 2340 atque

1984 2359 2264 2436 jurgari
2304 2361 2638 2438 eoeperint,
2679 2358 3050 2422 violentiam
3101 2359 3280 2422 vobis
3327 2357 3490 2441 obji-

2000 2455 2249 2532 ciendo,
2283 2459 2568 2518 dicemus
2607 2461 2699 2518 eis
2730 2479 2753 2517 .·
2797 2460 3204 2522 illiseremint'
3239 2479 3484 2522 eorum.

2002 2557 2151 2618 Non
2181 2557 2358 2616 enim
2396 2567 2760 2634 rapuerunt
2793 2578 2898 2618 eas
2915 2558 3076 2635 jure
3106 2560 3488 2620 bellantium

1996 2663 2187 2732 atque
2216 2656 2572 2715 victorum:
2591 2654 2653 2716 id
2685 2663 2800 2731 est,
2830 2654 2933 2717 isti
2965 2655 3328 2737 Benjamitae
3359 2675 3486 2720 non

1998 2751 2224 2814 dicunt
2253 2753 2424 2834 quod
2470 2752 2641 2814 filias
2675 2762 2916 2816 vestras
2941 2756 3020 2818 de
3047 2756 3190 2837 jure
3229 2775 3487 2838 accepe-

1996 2850 2145 2926 rint,
2164 2849 2330 2914 sicut
2358 2851 2424 2912 hi
2449 2851 2560 2933 qui
2582 2851 2851 2916 vincunt
2882 2853 2948 2915 in
2971 2854 3488 2937 praelio,rapiunt

1998 2948 2170 3012 filias
2221 2970 2443 3014 eorum
2487 2971 2650 3033 quos
2701 2961 3026 3035 superant,
3065 2963 3126 3016 et
3174 2964 3486 3037 quantum

367 3049 724 3118 Remmon,
755 3048 877 3112 hoc
908 3057 1005 3112 est
1043 3047 1111 3110 in
1152 3047 1292 3112 loco
1334 3067 1521 3112 saxeo
1553 3048 1665 3112 illo
1696 3049 1882 3113 valde
1914 3047 1959 3110 C
1993 3047 2071 3110 ad
2103 3047 2246 3126 hoc,
2285 3069 2412 3112 non
2443 3051 2682 3114 habent
2713 3071 2780 3114 se
2802 3061 3344 3135 praesumptuose3
3376 3058 3486 3115 sed

370 3146 657 3223 munito,
690 3158 751 3209 et
771 3158 1221 3225 praeceperunt
1241 3149 1359 3218 eis,
1388 3147 1689 3212 videlicet
1720 3168 1882 3211 nun-

368 3244 508 3321 tiis,
544 3255 620 3306 ut
648 3248 1045 3324 susciperent
1073 3266 1197 3314 eos,
1220 3246 1469 3309 scilicet
1496 3246 1879 3329 Benjamitas

370 3342 551 3421 illos,
586 3365 739 3405 cum
770 3365 955 3422 pace,
988 3345 1349 3408 reducendo
1390 3363 1497 3408 eos
1530 3345 1679 3409 inde
1710 3346 1881 3428 paci-

370 3440 401 3502 f
404 3440 507 3505 ice
540 3442 619 3503 ad
654 3442 967 3524 populum
999 3442 1109 3505 Dei
1145 3442 1209 3504 in
1243 3441 1396 3506 Silo.
1434 3446 1880 3524 Veneruntque

365 3542 511 3617 filii
559 3542 921 3617 Benjamin
973 3542 1046 3601 in
1110 3542 1227 3602 illo
1280 3552 1575 3619 tempore.
1627 3545 1715 3604 Et
1762 3546 1879 3604 da-

370 3649 457 3700 tce
498 3649 657 3699 sunt
693 3641 785 3698 eis
828 3659 1057 3699 uxores
1094 3643 1173 3701 de
1221 3642 1488 3717 filiabus
1521 3644 1708 3703 labes
1752 3646 1877 3703 Ga-

368 3740 563 3806 laad,
583 3735 1072 3817 quadringentis
1094 3736 1394 3801 videlicet
1415 3738 1594 3815 viriS‚
1614 3738 1874 3802 totidem

368 3852 653 3917 sponsas.

456 3935 913 4013 Dioeeruntque
952 3935 1226 4011 majores
1266 3944 1456 4005 natu,
1488 3934 1600 4016 qui
1644 3934 1707 3996 in
1740 3936 1874 3998 suis

368 4028 643 4092 familiis
666 4028 1111 4112 praesidebant‚
1127 4050 1401 4112 quorum
1425 4041 1635 4095 tamen
1660 4033 1873 4096 nullus

368 4128 638 4211 praefuit
692 4128 809 4193 toti
859 4128 1033 4211 plebi
1080 4146 1095 4190 ε
1146 4132 1318 4199 Quid
1364 4133 1681 4209 faciemus
1731 4137 1875 4194 reli-

1992 3151 2372 3225 royantibus
2413 3160 2484 3211 ut
2513 3154 2897 3230 acciperent,
2929 3173 3058 3213 non
3087 3154 3356 3214 dedistis
3375 3153 3483 3216 :id

1992 3255 2109 3323 est,
2148 3246 2326 3310 filias
2357 3257 2599 3312 vestras
2633 3249 2930 3311 noluistis
2959 3251 3110 3313 dare
3130 3250 3232 3313 his
3261 3252 3485 3333 Benja-

1992 3344 2189 3422 mitis,
2215 3364 2413 3426 quum
2444 3355 2654 3410 tamen
2688 3358 2982 3428 rogarent
3012 3349 3133 3411 sibi
3165 3350 3244 3412 de
3275 3351 3484 3415 uxori-

1990 3442 2109 3505 bus
2144 3444 2489 3526 provideri.
2517 3450 2600 3508 Εἰ
2631 3469 2674 3507 a
2692 3458 2882 3524 parte.
2915 3459 3123 3510 vestra
3145 3460 3482 3527 peceatum

1989 3554 2100 3614 est,
2142 3543 2264 3605 hoc
2305 3552 2420 3619 est,
2457 3563 2569 3607 vos
2611 3544 2734 3627 ipsi
2778 3546 2929 3608 estis
2972 3546 3036 3607 in
3077 3547 3266 3629 culpa
3302 3566 3316 3610 :
3353 3567 3480 3612 non

1992 3639 2157 3717 ideo,
2213 3642 2516 3723 quoniam
2582 3642 2754 3706 filias
2815 3653 3057 3707 vestras
3115 3664 3242 3709 non
3302 3648 3479 3710 dedi-

1990 3740 2104 3802 stis
2156 3739 2315 3802 filiis
2357 3742 2708 3822 Benjamin‚
2753 3762 2859 3805 eas
2905 3743 3028 3806 sibi
3073 3746 3210 3807 dari
3257 3764 3480 3827 rogan-

1989 3838 2181 3915 tibus,
2222 3858 2298 3903 eo
2336 3840 2507 3922 quod
2547 3841 2934 3923 promisistis
2975 3861 3089 3906 vos
3131 3862 3259 3907 non
3299 3847 3480 3909 datu-

1990 3956 2092 4001 ros
2127 3937 2298 4001 filias
2332 3937 2482 4015 illis,
2518 3938 2685 4003 sicut
2723 3950 2786 4003 et
2818 3960 2933 4004 nos
2967 3949 3118 4005 natu
3159 3944 3472 4025 majore-83

1988 4037 2097 4099 sed
2128 4038 2433 4118 quoniam
2472 4037 2645 4101 filias
2677 4047 2920 4103 vestras
2961 4041 3342 4122 permisistis
3384 4045 3476 4108 sic

1986 4135 2368 4199 chorizando
2413 4136 2648 4217 vagari,
2697 4138 2869 4219 quod
2920 4138 3058 4221 rapi
3113 4140 3324 4205 taliter
3365 4160 3476 4225 po-

366 4230 543 4307 quis,
578 4230 698 4305 qui
724 4247 857 4288 non
888 4238 1271 4307 aeceperunt
1310 4250 1541 4291 umores
1572 4233 1603 4291 ?
1632 4238 1754 4294 etc.
1790 4236 1875 4294 Εἰ
1905 4230 1952 4291 D
1987 4244 2265 4298 tuerunt.

368 4328 634 4403 inqenti
678 4327 898 4387 studio
936 4328 1421 4404 providendum
1463 4340 1579 4400 est,
1608 4352 1689 4391 ne
1738 4352 1873 4393 una

373 4426 589 4484 tribus
631 4427 928 4485 deleatur
966 4445 1047 4484 eto
1096 4423 1323 4499 Israel,
1368 4435 1489 4489 etc.
1528 4428 1747 4491 Nonne
1798 4448 1873 4491 ex

370 4521 867 4603 quadringentis
898 4521 1029 4585 illis
1049 4524 1368 4605 conjugiis
1391 4534 1637 4607 poterat
1669 4528 1871 4591 tribus

366 4621 497 4683 Ben
500 4620 707 4701 jamin
738 4621 1061 4703 reparari?
1088 4621 1335 4685 Poterat
1364 4623 1574 4706 plane,
1599 4628 1709 4690 sed
1745 4645 1869 4691 non

370 4720 462 4781 ita
508 4719 660 4781 cito.
715 4719 859 4783 Ideo
907 4729 1168 4802 propter
1227 4722 1534 4787 ducentos
1583 4725 1870 4789 residuos

367 4817 759 4893 uxorandOS,
803 4836 934 4881 non
967 4818 1285 4881 debebant
1324 4819 1451 4882 filii
1493 4822 1680 4886 lsrael
1712 4844 1872 4906 prae-

368 4914 580 4978 fatum
612 4935 801 4977 suum
836 4913 1129 4997 frangere
1155 4917 1612 4999 juramentum,
1647 4942 1869 5004 quam-

366 5013 467 5077 vis
498 5015 763 5096 quidam
784 5014 956 5096 dicat
984 5016 1372 5099 oppositum.
1402 5022 1865 5099 ceperuntque,

366 5112 492 5176 hoc
542 5121 643 5176 est
692 5111 1242 5193 excogitaverunt,
1296 5134 1409 5178 seu
1456 5116 1537 5179 ab
1588 5118 1862 5182 invicem

364 5219 778 5293 acceperunt,
822 5215 1192 5285 consilium,
1249 5224 1441 5295 atque
1489 5218 1804 5280 dioeerunt
1841 5240 1865 5282 .·

360 5310 531 5371 Eece
567 5311 925 5372 solennitas
964 5312 1235 5373 Domini
1270 5324 1359 5374 est
1389 5315 1461 5375 in
1492 5317 1635 5377 Silo
1674 5319 1866 5379 anni-

2064 4336 2504 4414 Feceruntque
2532 4337 2668 4412 filii
2695 4339 3050 4415 Benjamin
3085 4349 3156 4399 ut
3183 4342 3310 4401 sibi
3336 4342 3475 4417 fue-

1982 4442 2087 4493 rat
2120 4434 2540 4509 imperatum,
2569 4445 2629 4495 et
2651 4437 2863 4513 juoeta
2896 4458 3244 4501 numerum
3281 4462 3474 4503 suum

1982 4543 2346 4609 rapuerunt
2375 4535 2503 4593 sibi
2539 4538 2618 4594 de
2656 4538 2759 4595 leis
2797 4558 2940 4617 quse
2976 4541 3292 4599 ducebant
3330 4544 3474 4601 cho-

1980 4651 2104 4704 ros,
2150 4651 2378 4691 umores
2406 4634 2723 4709 sinyttlas.
2757 4637 3203 4717 Abz'eruntque
3233 4641 3306 4699 in
3329 4659 3474 4716 pos-

1978 4731 2312 4790 sessionem
2363 4752 2576 4801 snam,
2624 4752 2820 4814 quam
2881 4733 3240 4797 habuerunt
3298 4735 3472 4799 latis-

1980 4825 2241 4905 simam,
2293 4828 2445 4910 quia
2491 4831 2773 4892 sexcenti
2823 4830 2928 4893 isti
2979 4831 3217 4894 residui
3269 4842 3463 4899 totam

1982 4932 2214 4987 terram
2247 4926 2448 4988 tribus
2483 4928 2810 5009 Bcnjamin
2853 4938 3143 5011 poterant
3187 4933 3469 5015 posside-

1980 5042 2048 5085 re
2082 5043 2097 5087 ε
2144 5024 2382 5087 idcirco
2427 5025 2681 5089 feminae
2720 5027 2812 5090 eis
2853 5027 3208 5109 assignatae,
3253 5040 3318 5094 et
3356 5052 3466 5115 pa-

1980 5131 2191 5185 rentes
2227 5124 2671 5203 quarumdam,
2718 5124 2969 5189 facilius
3005 5141 3467 5193 consenserunt

1979 5218 2140 5281 filiis
2190 5220 2519 5301 Benjamin
2570 5222 2648 5284 ad
2695 5222 3045 5287 ineundum
3090 5227 3460 5305 connubia3

1974 5320 2368 5395 aedificantes
2389 5322 2592 5390 urbes,
2611 5331 2673 5381 et
2695 5324 3056 5384 habitantes
3077 5326 3145 5385 in
3169 5326 3281 5387 eis.
3299 5330 3467 5388 Filii
