4359 6250
1505 1090 2407 1203 PROOEMIUM

1779 1370 2148 1381 ——-——

525 1628 578 1691 N
607 1629 860 1693 duobus
903 1630 1086 1692 libris
1129 1630 1519 1713 praehabitiS,
1554 1632 1632 1695 de
1670 1632 1919 1695 duobus
1967 1632 2220 1712 regibus
2262 1633 2446 1696 lsrael
2490 1641 2699 1695 aetum
2744 1640 2861 1710 est,
2896 1651 3168 1714 quorum
3203 1651 3369 1694 unus
3402 1653 3497 1696 re-

403 1630 769 1899 Ignavit
798 1746 941 1820 post
969 1738 1198 1813 alium3
1226 1739 1356 1819 jam
1386 1740 1464 1801 de
1498 1740 1681 1802 tertio
1713 1759 1878 1822 rege,
1902 1740 2013 1821 qui
2047 1759 2237 1822 super
2262 1748 2459 1802 totum
2492 1739 2906 1803 Israelitieum
2941 1740 3249 1821 populum
3282 1757 3498 1819 regna-

545 1846 664 1922 vit,
701 1853 1006 1907 tractatur
1044 1866 1158 1928 per
1197 1846 1470 1910 mediam
1513 1846 1765 1909 circiter
1799 1855 2040 1929 partem
2075 1847 2267 1927 hujus
2299 1848 2470 1909 tertii
2505 1847 2677 1909 libri.
2715 1846 2951 1910 Deinde
2984 1866 3098 1929 per
3127 1846 3318 1909 aliam
3356 1847 3495 1927 ejus

402 1960 675 2035 partem,
707 1960 898 2035 atque
933 1972 1046 2035 per
1090 1962 1292 2017 >totum
1331 1964 1632 2037 quartum
1672 1955 1996 2033 volumen,
2036 1954 2112 2016 fit
2152 1955 2395 2018 mentio
2436 1956 2516 2018 de
2558 1956 2814 2036 regibus
2854 1954 3181 2017 Israelitiei
3216 1954 3394 2035 regni
3429 1955 3495 2015 in

402 2061 530 2123 duo
561 2078 759 2141 regna
787 2060 1001 2137 divisi,
1035 2070 1098 2124 et
1129 2063 1386 2142 regibus
1417 2064 1783 2127 eorumdem
1817 2064 1929 2145 qui
1961 2063 2062 2126 vel
2095 2063 2311 2140 simul,
2336 2063 2435 2127 vel
2469 2064 2827 2126 successive
2862 2069 3303 2144 regnaverunt.
3339 2062 3496 2124 Hine

401 2167 668 2249 quidam
705 2168 1096 2251 expositores
1127 2178 1460 2248 testantur,
1493 2172 1664 2252 quod
1690 2171 1755 2233 in
1788 2170 2153 2253 praehabitis
2190 2170 2370 2232 libris
2408 2170 2656 2233 duobus
2695 2178 3030 2233 tractatum
3064 2178 3160 2232 est
3190 2170 3268 2232 de
3308 2169 3498 2231 unico

405 2272 698 2338 [iliorum
739 2275 928 2339 lsrael
973 2296 1205 2358 regn03
1249 2278 1352 2341 hie
1393 2286 1697 2342 tractatur
1727 2279 1804 2341 de
1838 2298 2034 2359 regno
2078 2278 2187 2341 illo
2226 2278 2455 2355 diviso,
2492 2279 2661 2359 quod
2704 2277 2883 2359 juxta
2924 2285 3293 2359 praetactum
3338 2276 3501 2339 aeci·

403 2382 715 2463 piendum
753 2392 850 2446 est
892 2403 1152 2448 sensum
1188 2404 1201 2447 :
1238 2386 1378 2449 ideo
1421 2387 1589 2467 apud
1635 2386 1926 2449 Hebraeos
1966 2387 2091 2449 duo
2136 2387 2563 2467 praecedentes
2605 2384 2753 2447 libri
2790 2393 2939 2447 sunt
2972 2404 3135 2446 unus
3170 2383 3353 2461 liber,
3386 2382 3501 2465 qui

401 2490 576 2571 apud
615 2508 723 2553 eos
755 2490 1008 2555 Samuel
1043 2492 1441 2574 appellatum
1490 2492 1789 2555 similiter
1827 2494 1952 2556 duo
1993 2493 2329 2574 sequentia
2373 2492 2703 2557 volumina
2746 2500 2895 2553 sunt
2934 2492 3102 2574 apud
3147 2509 3254 2553 eos
3300 2509 3497 2551 unum

403 2598 732 2674 volumen,
763 2600 937 2680 quod
973 2617 1292 2662 MALAcum
1330 2600 1566 2663 dicitur
1596 2601 1662 2662 in
1694 2600 1948 2683 plurali.
1985 2601 2142 2663 Hine
2185 2600 2476 2680 Magister
2506 2600 2583 2661 in
2625 2599 2908 2662 historiis
2956 2599 3045 2661 ait
3079 2616 3093 2660 ε
3129 2598 3355 2680 Incipit
3394 2596 3499 2661 hie

403 2704 738 2769 Malachim
768 2709 1120 2771 seeundum
1150 2708 1464 2787 Hebraeoe,
1500 2709 1669 2790 quod
1712 2717 1915 2785 sonat,
1950 2710 2213 2791 Regum.
2250 2708 2402 2771 Nam
2434 2707 2727 2790 quamvis
2760 2707 2827 2770 in
2858 2707 3107 2771 duobus
3143 2708 3503 2789 praeceden-

405 2812 580 2875 tibus
609 2812 794 2876 libris
813 2824 1028 2878 actum
1057 2815 1141 2882 sit
1169 2816 1248 2879 de
1278 2816 1526 2879 duobus
1559 2816 1812 2897 regibus
1836 2816 2241 2879 Hebraeorum
2274 2806 2402 2879 nen
2435 2816 2622 2878 simul
2659 2813 3095 2894 regnantibuS,
3118 2822 3329 2876 tamen
3352 2813 3505 2894 quia

404 2921 474 2983 in
506 2940 700 3003 opere
744 2921 864 2985 isto
893 2923 1102 3003 agitur
1129 2924 1208 2987 de
1239 2924 1496 3006 regibus
1524 2925 1637 3006 qui
1671 2924 1863 2987 simul
1899 2933 2321 3005 regnaverunt
2357 2924 2423 2985 in
2452 2924 2610 2985 Juda
2639 2931 2700 2986 et
2746 2922 2953 3001 lsrael,
2989 2922 3216 2985 merito
3262 2922 3504 3004 Regum

407 3027 669 3093 dieitur.
