<?xml version="1.0" encoding="UTF-8"?>
<!DOCTYPE html PUBLIC "-//W3C//DTD XHTML 1.0 Transitional//EN"
    "http://www.w3.org/TR/xhtml1/DTD/xhtml1-transitional.dtd">
<html xmlns="http://www.w3.org/1999/xhtml" xml:lang="en" lang="en">
 <head>
  <title>
</title>
<meta http-equiv="Content-Type" content="text/html;charset=utf-8" />
  <meta name='ocr-system' content='tesseract 3.04.00' />
  <meta name='ocr-capabilities' content='ocr_page ocr_carea ocr_par ocr_line ocrx_word'/>
</head>
<body>
  <div class='ocr_page' id='page_1' title='image "./doctorisecstati02denigoog_0627.png"; bbox 0 0 4359 6250; ppageno 0'>
   <div class='ocr_carea' id='block_1_1' title="bbox 4259 0 4265 505">
    <p class='ocr_par' dir='ltr' id='par_1_1' title="bbox 4259 0 4265 505">
     <span class='ocr_line' id='line_1_1' title="bbox 4259 0 4265 505; baseline 0 0"><span class='ocrx_word' id='word_1_1' title='bbox 4259 0 4265 505; x_wconf 95' lang='lat' dir='ltr'><strong> </strong></span> 
     </span>
    </p>
   </div>
   <div class='ocr_carea' id='block_1_2' title="bbox 957 498 3380 568">
    <p class='ocr_par' dir='ltr' id='par_1_2' title="bbox 957 498 3380 568">
     <span class='ocr_line' id='line_1_2' title="bbox 957 498 3380 568; baseline 0.002 -7"><span class='ocrx_word' id='word_1_2' title='bbox 957 498 1079 561; x_wconf 75' lang='grc'><strong>586</strong></span> <span class='ocrx_word' id='word_1_3' title='bbox 1611 518 1958 565; x_wconf 62' lang='lat' dir='ltr'><strong>alunnum</strong></span> <span class='ocrx_word' id='word_1_4' title='bbox 2000 520 2060 565; x_wconf 70' lang='lat' dir='ltr'><strong>m</strong></span> <span class='ocrx_word' id='word_1_5' title='bbox 2103 520 2239 565; x_wconf 73' lang='lat' dir='ltr'>CAP-</span> <span class='ocrx_word' id='word_1_6' title='bbox 2288 520 2307 564; x_wconf 78' lang='grc' dir='ltr'>Ι</span> <span class='ocrx_word' id='word_1_7' title='bbox 2349 519 2505 565; x_wconf 75' lang='lat' dir='ltr'><strong>unm</strong></span> <span class='ocrx_word' id='word_1_8' title='bbox 2546 520 2743 566; x_wconf 75' lang='lat' dir='ltr'>TERTH</span> <span class='ocrx_word' id='word_1_9' title='bbox 2786 521 3008 568; x_wconf 75' lang='lat' dir='ltr'><strong>REGUM.</strong></span> <span class='ocrx_word' id='word_1_10' title='bbox 3053 538 3132 551; x_wconf 92' lang='grc'><strong>-·-</strong></span> <span class='ocrx_word' id='word_1_11' title='bbox 3172 521 3315 567; x_wconf 66' lang='lat' dir='ltr'><strong>ART.</strong></span> <span class='ocrx_word' id='word_1_12' title='bbox 3358 521 3380 566; x_wconf 89' lang='lat'>1</span> 
     </span>
    </p>
   </div>
   <div class='ocr_carea' id='block_1_3' title="bbox 685 688 4262 5412">
    <p class='ocr_par' dir='ltr' id='par_1_3' title="bbox 955 688 4262 1071">
     <span class='ocr_line' id='line_1_3' title="bbox 959 688 4023 771; baseline 0.001 -22"><span class='ocrx_word' id='word_1_13' title='bbox 959 688 1082 751; x_wconf 90' lang='lat' dir='ltr'><strong>mei</strong></span> <span class='ocrx_word' id='word_1_14' title='bbox 1114 688 1578 770; x_wconf 82' lang='lat' dir='ltr'><strong>promotionem</strong></span> <span class='ocrx_word' id='word_1_15' title='bbox 1609 690 1986 767; x_wconf 77' lang='lat' dir='ltr'><strong>desiderem,</strong></span> <span class='ocrx_word' id='word_1_16' title='bbox 2013 700 2224 754; x_wconf 83' lang='lat' dir='ltr'><strong>tamen</strong></span> <span class='ocrx_word' id='word_1_17' title='bbox 2254 708 2446 771; x_wconf 86' lang='lat' dir='ltr'><strong>quan·</strong></span> <span class='ocrx_word' id='word_1_18' title='bbox 2473 690 2526 753; x_wconf 83' lang='lat' dir='ltr'>A</span> <span class='ocrx_word' id='word_1_19' title='bbox 2640 693 2973 752; x_wconf 77' lang='lat' dir='ltr'><strong>Descendit</strong></span> <span class='ocrx_word' id='word_1_20' title='bbox 3018 712 3163 769; x_wconf 69' lang='lat' dir='ltr'><strong>erqo</strong></span> <span class='ocrx_word' id='word_1_21' title='bbox 3211 694 3419 753; x_wconf 87' lang='lat' dir='ltr'><strong>Sadoc</strong></span> <span class='ocrx_word' id='word_1_22' title='bbox 3462 694 3771 760; x_wconf 80' lang='lat' dir='ltr'><strong>sacerdos,</strong></span> <span class='ocrx_word' id='word_1_23' title='bbox 3794 700 3855 751; x_wconf 86' lang='lat' dir='ltr'><strong>et</strong></span> <span class='ocrx_word' id='word_1_24' title='bbox 3896 693 4023 751; x_wconf 76' lang='lat' dir='ltr'><strong>Na-</strong></span> 
     </span>
     <span class='ocr_line' id='line_1_4' title="bbox 959 786 4262 869; baseline 0 -22"><span class='ocrx_word' id='word_1_25' title='bbox 959 794 1090 848; x_wconf 91' lang='lat' dir='ltr'><strong>tum</strong></span> <span class='ocrx_word' id='word_1_26' title='bbox 1127 786 1431 869; x_wconf 89' lang='lat' dir='ltr'><strong>possibile</strong></span> <span class='ocrx_word' id='word_1_27' title='bbox 1471 796 1586 865; x_wconf 84' lang='lat' dir='ltr'><strong>est,</strong></span> <span class='ocrx_word' id='word_1_28' title='bbox 1621 789 1789 852; x_wconf 89' lang='lat' dir='ltr'><strong>malo</strong></span> <span class='ocrx_word' id='word_1_29' title='bbox 1832 798 1900 851; x_wconf 85' lang='lat' dir='ltr'><strong>ut</strong></span> <span class='ocrx_word' id='word_1_30' title='bbox 1945 798 2034 866; x_wconf 92' lang='lat' dir='ltr'><strong>tu,</strong></span> <span class='ocrx_word' id='word_1_31' title='bbox 2069 789 2266 853; x_wconf 88' lang='lat' dir='ltr'><strong>David</strong></span> <span class='ocrx_word' id='word_1_32' title='bbox 2311 808 2439 865; x_wconf 71' lang='lat' dir='ltr'><strong>reX,</strong></span> <span class='ocrx_word' id='word_1_33' title='bbox 2558 794 2710 852; x_wconf 72' lang='lat' dir='ltr'><strong>than</strong></span> <span class='ocrx_word' id='word_1_34' title='bbox 2737 792 3076 868; x_wconf 80' lang='lat' dir='ltr'><strong>propheta,</strong></span> <span class='ocrx_word' id='word_1_35' title='bbox 3097 802 3155 852; x_wconf 90' lang='lat' dir='ltr'><strong>et</strong></span> <span class='ocrx_word' id='word_1_36' title='bbox 3172 794 3465 853; x_wconf 76' lang='lat' dir='ltr'><strong>Banaias</strong></span> <span class='ocrx_word' id='word_1_37' title='bbox 3485 792 3667 867; x_wconf 78' lang='lat' dir='ltr'><strong>filius</strong></span> <span class='ocrx_word' id='word_1_38' title='bbox 3681 792 3945 861; x_wconf 79' lang='lat' dir='ltr'><strong>Joiadae,</strong></span> <span class='ocrx_word' id='word_1_39' title='bbox 3967 801 4021 849; x_wconf 81' lang='lat' dir='ltr'><strong>et</strong></span> <span class='ocrx_word' id='word_1_40' title='bbox 4261 850 4262 861; x_wconf 53' lang='grc'>,</span> 
     </span>
     <span class='ocr_line' id='line_1_5' title="bbox 955 878 4262 970; baseline 0 -24"><span class='ocrx_word' id='word_1_41' title='bbox 955 884 1164 947; x_wconf 88' lang='lat' dir='ltr'><strong>adhuc</strong></span> <span class='ocrx_word' id='word_1_42' title='bbox 1208 883 1480 949; x_wconf 84' lang='lat' dir='ltr'><strong>feliciter</strong></span> <span class='ocrx_word' id='word_1_43' title='bbox 1519 888 1696 951; x_wconf 86' lang='lat' dir='ltr'><strong>vivas</strong></span> <span class='ocrx_word' id='word_1_44' title='bbox 1735 908 1808 951; x_wconf 89' lang='lat' dir='ltr'><strong>ac</strong></span> <span class='ocrx_word' id='word_1_45' title='bbox 1850 906 2107 968; x_wconf 81' lang='lat' dir='ltr'><strong>regnes3</strong></span> <span class='ocrx_word' id='word_1_46' title='bbox 2151 898 2215 951; x_wconf 82' lang='lat' dir='ltr'><strong>et</strong></span> <span class='ocrx_word' id='word_1_47' title='bbox 2245 907 2441 970; x_wconf 91' lang='lat' dir='ltr'><strong>quum</strong></span> <span class='ocrx_word' id='word_1_48' title='bbox 2560 893 2808 953; x_wconf 79' lang='lat' dir='ltr'><strong>Cerethi</strong></span> <span class='ocrx_word' id='word_1_49' title='bbox 2836 902 2898 951; x_wconf 83' lang='lat' dir='ltr'><strong>et</strong></span> <span class='ocrx_word' id='word_1_50' title='bbox 2928 893 3261 963; x_wconf 75' lang='lat' dir='ltr'><strong>Phelethz‘,·</strong></span> <span class='ocrx_word' id='word_1_51' title='bbox 3287 901 3346 951; x_wconf 91' lang='lat' dir='ltr'><strong>et</strong></span> <span class='ocrx_word' id='word_1_52' title='bbox 3376 894 3812 969; x_wconf 81' lang='lat' dir='ltr'><strong>imposuerunt</strong></span> <span class='ocrx_word' id='word_1_53' title='bbox 3848 892 4021 949; x_wconf 83' lang='lat' dir='ltr'><strong>Salo·</strong></span> <span class='ocrx_word' id='word_1_54' title='bbox 4261 878 4262 965; x_wconf 66' lang='grc' dir='ltr'>Ῑ</span> 
     </span>
     <span class='ocr_line' id='line_1_6' title="bbox 957 966 4262 1071; baseline 0 -24"><span class='ocrx_word' id='word_1_55' title='bbox 957 984 1062 1048; x_wconf 92' lang='lat' dir='ltr'><strong>hic</strong></span> <span class='ocrx_word' id='word_1_56' title='bbox 1101 986 1340 1048; x_wconf 87' lang='lat' dir='ltr'><strong>diutius</strong></span> <span class='ocrx_word' id='word_1_57' title='bbox 1372 986 1588 1052; x_wconf 85' lang='lat' dir='ltr'><strong>vivere</strong></span> <span class='ocrx_word' id='word_1_58' title='bbox 1617 997 1682 1051; x_wconf 90' lang='lat' dir='ltr'><strong>et</strong></span> <span class='ocrx_word' id='word_1_59' title='bbox 1713 1006 1975 1069; x_wconf 86' lang='lat' dir='ltr'><strong>regnare</strong></span> <span class='ocrx_word' id='word_1_60' title='bbox 2014 1007 2142 1052; x_wconf 92' lang='lat' dir='ltr'><strong>non</strong></span> <span class='ocrx_word' id='word_1_61' title='bbox 2179 988 2441 1071; x_wconf 82' lang='lat' dir='ltr'><strong>poteriS,</strong></span> <span class='ocrx_word' id='word_1_62' title='bbox 2555 1010 2803 1051; x_wconf 81' lang='lat' dir='ltr'><strong>monem</strong></span> <span class='ocrx_word' id='word_1_63' title='bbox 2844 1011 3039 1069; x_wconf 80' lang='lat' dir='ltr'><strong>super</strong></span> <span class='ocrx_word' id='word_1_64' title='bbox 3078 995 3321 1051; x_wconf 88' lang='lat' dir='ltr'><strong>mulam</strong></span> <span class='ocrx_word' id='word_1_65' title='bbox 3363 991 3529 1066; x_wconf 71' lang='lat' dir='ltr'><strong>reyis</strong></span> <span class='ocrx_word' id='word_1_66' title='bbox 3566 992 3801 1061; x_wconf 82' lang='lat' dir='ltr'><strong>David,</strong></span> <span class='ocrx_word' id='word_1_67' title='bbox 3830 999 3893 1048; x_wconf 85' lang='lat' dir='ltr'><strong>et</strong></span> <span class='ocrx_word' id='word_1_68' title='bbox 3918 992 4023 1047; x_wconf 84' lang='lat' dir='ltr'><strong>ad-</strong></span> <span class='ocrx_word' id='word_1_69' title='bbox 4261 966 4262 987; x_wconf 47' lang='lat'>¹</span> 
     </span>
    </p>

    <p class='ocr_par' dir='ltr' id='par_1_4' title="bbox 957 1085 4262 1281">
     <span class='ocr_line' id='line_1_7' title="bbox 957 1085 4023 1170; baseline 0 -23"><span class='ocrx_word' id='word_1_70' title='bbox 957 1092 1107 1168; x_wconf 84' lang='lat' dir='ltr'><strong>opto</strong></span> <span class='ocrx_word' id='word_1_71' title='bbox 1129 1094 1200 1147; x_wconf 86' lang='lat' dir='ltr'><strong>ut</strong></span> <span class='ocrx_word' id='word_1_72' title='bbox 1225 1085 1391 1148; x_wconf 90' lang='lat' dir='ltr'><strong>inter</strong></span> <span class='ocrx_word' id='word_1_73' title='bbox 1412 1085 1672 1150; x_wconf 88' lang='lat' dir='ltr'><strong>Sanctos</strong></span> <span class='ocrx_word' id='word_1_74' title='bbox 1698 1096 1842 1170; x_wconf 80' lang='lat' dir='ltr'><strong>post</strong></span> <span class='ocrx_word' id='word_1_75' title='bbox 1869 1088 2033 1151; x_wconf 85' lang='lat' dir='ltr'><strong>hanc</strong></span> <span class='ocrx_word' id='word_1_76' title='bbox 2054 1088 2250 1151; x_wconf 85' lang='lat' dir='ltr'><strong>vitam</strong></span> <span class='ocrx_word' id='word_1_77' title='bbox 2274 1096 2447 1151; x_wconf 81' lang='lat' dir='ltr'><strong>aeter-</strong></span> <span class='ocrx_word' id='word_1_78' title='bbox 2553 1092 2886 1149; x_wconf 72' lang='lat' dir='ltr'><strong>duxerunt</strong></span> <span class='ocrx_word' id='word_1_79' title='bbox 2913 1110 3061 1150; x_wconf 87' lang='lat' dir='ltr'><strong>eum</strong></span> <span class='ocrx_word' id='word_1_80' title='bbox 3092 1092 3163 1149; x_wconf 82' lang='lat' dir='ltr'><strong>in</strong></span> <span class='ocrx_word' id='word_1_81' title='bbox 3198 1091 3428 1149; x_wconf 78' lang='lat' dir='ltr'><strong>Gikon.</strong></span> <span class='ocrx_word' id='word_1_82' title='bbox 3465 1089 3871 1166; x_wconf 73' lang='lat' dir='ltr'><strong>Sumpsitque</strong></span> <span class='ocrx_word' id='word_1_83' title='bbox 3908 1090 4023 1147; x_wconf 85' lang='lat' dir='ltr'><strong>Sa-</strong></span> 
     </span>
     <span class='ocr_line' id='line_1_8' title="bbox 957 1183 4262 1281; baseline 0 -36"><span class='ocrx_word' id='word_1_84' title='bbox 957 1183 1188 1247; x_wconf 85' lang='lat' dir='ltr'><strong>naliter</strong></span> <span class='ocrx_word' id='word_1_85' title='bbox 1217 1204 1604 1266; x_wconf 77' lang='lat' dir='ltr'><strong>perseveres,</strong></span> <span class='ocrx_word' id='word_1_86' title='bbox 2552 1191 2670 1248; x_wconf 88' lang='lat' dir='ltr'><strong>doc</strong></span> <span class='ocrx_word' id='word_1_87' title='bbox 2709 1192 2997 1248; x_wconf 83' lang='lat' dir='ltr'><strong>sacerdos</strong></span> <span class='ocrx_word' id='word_1_88' title='bbox 3034 1208 3239 1247; x_wconf 83' lang='lat' dir='ltr'><strong>cornu</strong></span> <span class='ocrx_word' id='word_1_89' title='bbox 3274 1189 3421 1257; x_wconf 82' lang='lat' dir='ltr'><strong>olei,</strong></span> <span class='ocrx_word' id='word_1_90' title='bbox 3461 1187 3523 1249; x_wconf 90' lang='lat' dir='ltr'><strong>id</strong></span> <span class='ocrx_word' id='word_1_91' title='bbox 3566 1195 3663 1249; x_wconf 89' lang='lat' dir='ltr'><strong>est</strong></span> <span class='ocrx_word' id='word_1_92' title='bbox 3706 1186 4017 1248; x_wconf 81' lang='lat' dir='ltr'><strong>vasculum</strong></span> <span class='ocrx_word' id='word_1_93' title='bbox 4261 1218 4262 1281; x_wconf 28' lang='lat' dir='ltr'><strong>l</strong></span> 
     </span>
    </p>

    <p class='ocr_par' dir='ltr' id='par_1_5' title="bbox 687 1284 4262 2749">
     <span class='ocr_line' id='line_1_9' title="bbox 1039 1284 4021 1367; baseline 0.002 -25"><span class='ocrx_word' id='word_1_94' title='bbox 1039 1285 1230 1343; x_wconf 68' lang='lat' dir='ltr'><strong>Dia-it</strong></span> <span class='ocrx_word' id='word_1_95' title='bbox 1270 1305 1518 1364; x_wconf 79' lang='lat' dir='ltr'><strong>quoque</strong></span> <span class='ocrx_word' id='word_1_96' title='bbox 1555 1306 1672 1345; x_wconf 75' lang='lat' dir='ltr'><strong>rea&gt;</strong></span> <span class='ocrx_word' id='word_1_97' title='bbox 1709 1288 1930 1347; x_wconf 81' lang='lat' dir='ltr'><strong>David</strong></span> <span class='ocrx_word' id='word_1_98' title='bbox 1958 1307 1980 1345; x_wconf 94' lang='lat'><strong>.·</strong></span> <span class='ocrx_word' id='word_1_99' title='bbox 2019 1288 2239 1347; x_wconf 76' lang='lat' dir='ltr'><strong>Vocate</strong></span> <span class='ocrx_word' id='word_1_100' title='bbox 2280 1288 2445 1345; x_wconf 71' lang='lat' dir='ltr'><strong>milii</strong></span> <span class='ocrx_word' id='word_1_101' title='bbox 2554 1286 2891 1350; x_wconf 85' lang='lat' dir='ltr'><strong>continens</strong></span> <span class='ocrx_word' id='word_1_102' title='bbox 2915 1286 3126 1349; x_wconf 90' lang='lat' dir='ltr'><strong>oleum</strong></span> <span class='ocrx_word' id='word_1_103' title='bbox 3157 1284 3642 1367; x_wconf 81' lang='lat' dir='ltr'><strong>unctioniS‚quo</strong></span> <span class='ocrx_word' id='word_1_104' title='bbox 3668 1304 3773 1348; x_wconf 82' lang='lat' dir='ltr'><strong>rex</strong></span> <span class='ocrx_word' id='word_1_105' title='bbox 3793 1293 3855 1347; x_wconf 84' lang='lat' dir='ltr'><strong>et</strong></span> <span class='ocrx_word' id='word_1_106' title='bbox 3882 1304 4021 1367; x_wconf 88' lang='lat' dir='ltr'><strong>pon-</strong></span> 
     </span>
     <span class='ocr_line' id='line_1_10' title="bbox 959 1382 4262 1479; baseline 0.001 -36"><span class='ocrx_word' id='word_1_107' title='bbox 959 1382 1170 1443; x_wconf 85' lang='lat' dir='ltr'><strong>Sadoc</strong></span> <span class='ocrx_word' id='word_1_108' title='bbox 1194 1387 1578 1443; x_wconf 76' lang='lat' dir='ltr'><strong>sacerdotem</strong></span> <span class='ocrx_word' id='word_1_109' title='bbox 1606 1394 1664 1444; x_wconf 79' lang='lat' dir='ltr'><strong>el</strong></span> <span class='ocrx_word' id='word_1_110' title='bbox 1685 1386 1954 1447; x_wconf 67' lang='lat' dir='ltr'><strong>Nathan</strong></span> <span class='ocrx_word' id='word_1_111' title='bbox 1977 1388 2357 1462; x_wconf 75' lang='lat' dir='ltr'><strong>prophetam</strong></span> <span class='ocrx_word' id='word_1_112' title='bbox 2386 1394 2445 1445; x_wconf 88' lang='lat' dir='ltr'><strong>et</strong></span> <span class='ocrx_word' id='word_1_113' title='bbox 2555 1384 2714 1448; x_wconf 79' lang='lat' dir='ltr'><strong>tifex</strong></span> <span class='ocrx_word' id='word_1_114' title='bbox 2743 1386 3234 1467; x_wconf 87' lang='lat' dir='ltr'><strong>inungebantur,</strong></span> <span class='ocrx_word' id='word_1_115' title='bbox 3250 1388 3331 1445; x_wconf 90' lang='lat' dir='ltr'><strong>de</strong></span> <span class='ocrx_word' id='word_1_116' title='bbox 3360 1386 3787 1454; x_wconf 65' lang='lat' dir='ltr'><strong>tabernac-um,</strong></span> <span class='ocrx_word' id='word_1_117' title='bbox 3807 1384 3871 1445; x_wconf 86' lang='lat' dir='ltr'><strong>in</strong></span> <span class='ocrx_word' id='word_1_118' title='bbox 3902 1403 4020 1463; x_wconf 88' lang='lat' dir='ltr'><strong>quo</strong></span> <span class='ocrx_word' id='word_1_119' title='bbox 4261 1423 4262 1479; x_wconf 32' lang='grc' dir='ltr'>ἢ</span> 
     </span>
     <span class='ocr_line' id='line_1_11' title="bbox 957 1482 4262 1566; baseline -0.001 -26"><span class='ocrx_word' id='word_1_120' title='bbox 957 1482 1283 1541; x_wconf 84' lang='lat' dir='ltr'><strong>Banaiam</strong></span> <span class='ocrx_word' id='word_1_121' title='bbox 1332 1483 1552 1558; x_wconf 78' lang='lat' dir='ltr'><strong>filium</strong></span> <span class='ocrx_word' id='word_1_122' title='bbox 1596 1483 1866 1543; x_wconf 79' lang='lat' dir='ltr'><strong>Joiadoe.</strong></span> <span class='ocrx_word' id='word_1_123' title='bbox 1925 1484 2051 1551; x_wconf 82' lang='lat' dir='ltr'><strong>Qui</strong></span> <span class='ocrx_word' id='word_1_124' title='bbox 2094 1503 2297 1561; x_wconf 80' lang='lat' dir='ltr'><strong>quum</strong></span> <span class='ocrx_word' id='word_1_125' title='bbox 2345 1484 2447 1541; x_wconf 86' lang='lat' dir='ltr'><strong>in·</strong></span> <span class='ocrx_word' id='word_1_126' title='bbox 2557 1484 2877 1560; x_wconf 71' lang='lat' dir='ltr'><strong>ruituros,</strong></span> <span class='ocrx_word' id='word_1_127' title='bbox 2901 1492 2972 1546; x_wconf 88' lang='lat' dir='ltr'><strong>ut</strong></span> <span class='ocrx_word' id='word_1_128' title='bbox 2998 1483 3204 1566; x_wconf 84' lang='lat' dir='ltr'><strong>patuit</strong></span> <span class='ocrx_word' id='word_1_129' title='bbox 3237 1482 3400 1546; x_wconf 86' lang='lat' dir='ltr'><strong>libro</strong></span> <span class='ocrx_word' id='word_1_130' title='bbox 3430 1483 3806 1557; x_wconf 78' lang='lat' dir='ltr'><strong>seeundo‚et</strong></span> <span class='ocrx_word' id='word_1_131' title='bbox 3832 1486 4019 1542; x_wconf 65' lang='lat' dir='ltr'><strong>unxit</strong></span> <span class='ocrx_word' id='word_1_132' title='bbox 4066 1482 4262 1561; x_wconf 42' lang='lat' dir='ltr'><strong>uni-,sq</strong></span> 
     </span>
     <span class='ocr_line' id='line_1_12' title="bbox 951 1564 4100 1665; baseline 0.001 -26"><span class='ocrx_word' id='word_1_133' title='bbox 951 1582 1157 1655; x_wconf 71' lang='lat' dir='ltr'><strong>qressi</strong></span> <span class='ocrx_word' id='word_1_134' title='bbox 1193 1581 1472 1658; x_wconf 76' lang='lat' dir='ltr'><strong>fuissent</strong></span> <span class='ocrx_word' id='word_1_135' title='bbox 1508 1601 1724 1640; x_wconf 84' lang='lat' dir='ltr'><strong>coram</strong></span> <span class='ocrx_word' id='word_1_136' title='bbox 1763 1600 1930 1658; x_wconf 71' lang='lat' dir='ltr'><strong>reqe,</strong></span> <span class='ocrx_word' id='word_1_137' title='bbox 1957 1582 2134 1641; x_wconf 69' lang='lat' dir='ltr'><strong>dixit</strong></span> <span class='ocrx_word' id='word_1_138' title='bbox 2171 1584 2261 1641; x_wconf 85' lang='lat' dir='ltr'><strong>ad</strong></span> <span class='ocrx_word' id='word_1_139' title='bbox 2294 1600 2393 1640; x_wconf 87' lang='lat' dir='ltr'><strong>eos</strong></span> <span class='ocrx_word' id='word_1_140' title='bbox 2422 1601 2443 1639; x_wconf 94' lang='lat'><strong>.·</strong></span> <span class='ocrx_word' id='word_1_141' title='bbox 2558 1587 2986 1654; x_wconf 79' lang='lat' dir='ltr'><strong>Salomonem,</strong></span> <span class='ocrx_word' id='word_1_142' title='bbox 3024 1583 3309 1644; x_wconf 80' lang='lat' dir='ltr'><strong>adstante</strong></span> <span class='ocrx_word' id='word_1_143' title='bbox 3352 1592 3415 1645; x_wconf 87' lang='lat' dir='ltr'><strong>et</strong></span> <span class='ocrx_word' id='word_1_144' title='bbox 3454 1588 3826 1665; x_wconf 79' lang='lat' dir='ltr'><strong>cooperante</strong></span> <span class='ocrx_word' id='word_1_145' title='bbox 3862 1581 3921 1643; x_wconf 89' lang='lat' dir='ltr'><strong>ei</strong></span> <span class='ocrx_word' id='word_1_146' title='bbox 3960 1581 4017 1642; x_wconf 88' lang='lat' dir='ltr'><strong>in</strong></span> <span class='ocrx_word' id='word_1_147' title='bbox 4045 1564 4100 1602; x_wconf 49' lang='grc' dir='ltr'><strong>’τ’</strong></span> 
     </span>
     <span class='ocr_line' id='line_1_13' title="bbox 967 1678 4262 1763; baseline 0.001 -24"><span class='ocrx_word' id='word_1_148' title='bbox 967 1679 1190 1739; x_wconf 77' lang='lat' dir='ltr'><strong>Tollite</strong></span> <span class='ocrx_word' id='word_1_149' title='bbox 1228 1680 1548 1739; x_wconf 85' lang='lat' dir='ltr'><strong>vobiscum</strong></span> <span class='ocrx_word' id='word_1_150' title='bbox 1583 1700 1794 1739; x_wconf 86' lang='lat' dir='ltr'><strong>servos</strong></span> <span class='ocrx_word' id='word_1_151' title='bbox 1835 1681 2089 1740; x_wconf 82' lang='lat' dir='ltr'><strong>domini</strong></span> <span class='ocrx_word' id='word_1_152' title='bbox 2131 1680 2349 1749; x_wconf 78' lang='lat' dir='ltr'><strong>vestri,</strong></span> <span class='ocrx_word' id='word_1_153' title='bbox 2379 1678 2443 1740; x_wconf 90' lang='lat' dir='ltr'><strong>id</strong></span> <span class='ocrx_word' id='word_1_154' title='bbox 2558 1681 2677 1745; x_wconf 87' lang='lat' dir='ltr'><strong>hoc</strong></span> <span class='ocrx_word' id='word_1_155' title='bbox 2710 1681 2951 1743; x_wconf 85' lang='lat' dir='ltr'><strong>Nathan</strong></span> <span class='ocrx_word' id='word_1_156' title='bbox 2985 1680 3331 1763; x_wconf 85' lang='lat' dir='ltr'><strong>propheta:</strong></span> <span class='ocrx_word' id='word_1_157' title='bbox 3364 1700 3510 1742; x_wconf 89' lang='lat' dir='ltr'><strong>nam</strong></span> <span class='ocrx_word' id='word_1_158' title='bbox 3540 1680 3781 1743; x_wconf 79' lang='lat' dir='ltr'><strong>dixerat</strong></span> <span class='ocrx_word' id='word_1_159' title='bbox 3808 1679 4015 1753; x_wconf 77' lang='lat' dir='ltr'><strong>David,</strong></span> <span class='ocrx_word' id='word_1_160' title='bbox 4261 1694 4262 1705; x_wconf 63' lang='lat'>¹</span> 
     </span>
     <span class='ocr_line' id='line_1_14' title="bbox 959 1777 4021 1861; baseline 0 -22"><span class='ocrx_word' id='word_1_161' title='bbox 959 1783 1056 1839; x_wconf 81' lang='lat' dir='ltr'><strong>est</strong></span> <span class='ocrx_word' id='word_1_162' title='bbox 1093 1777 1385 1839; x_wconf 91' lang='lat' dir='ltr'><strong>robustos</strong></span> <span class='ocrx_word' id='word_1_163' title='bbox 1427 1777 1538 1858; x_wconf 91' lang='lat' dir='ltr'><strong>qui</strong></span> <span class='ocrx_word' id='word_1_164' title='bbox 1580 1786 2066 1860; x_wconf 85' lang='lat' dir='ltr'><strong>permanserunt</strong></span> <span class='ocrx_word' id='word_1_165' title='bbox 2106 1777 2168 1839; x_wconf 90' lang='lat' dir='ltr'><strong>in</strong></span> <span class='ocrx_word' id='word_1_166' title='bbox 2207 1777 2448 1840; x_wconf 85' lang='lat' dir='ltr'><strong>Jerusa-</strong></span> <span class='ocrx_word' id='word_1_167' title='bbox 2554 1781 2760 1861; x_wconf 86' lang='lat' dir='ltr'><strong>Ungat</strong></span> <span class='ocrx_word' id='word_1_168' title='bbox 2786 1799 2933 1843; x_wconf 91' lang='lat' dir='ltr'><strong>eum</strong></span> <span class='ocrx_word' id='word_1_169' title='bbox 2966 1780 3162 1843; x_wconf 85' lang='lat' dir='ltr'><strong>Sadoc</strong></span> <span class='ocrx_word' id='word_1_170' title='bbox 3202 1780 3493 1842; x_wconf 81' lang='lat' dir='ltr'><strong>sacerdos</strong></span> <span class='ocrx_word' id='word_1_171' title='bbox 3521 1786 3583 1841; x_wconf 90' lang='lat' dir='ltr'><strong>et</strong></span> <span class='ocrx_word' id='word_1_172' title='bbox 3614 1778 3849 1842; x_wconf 78' lang='lat' dir='ltr'><strong>Nathan</strong></span> <span class='ocrx_word' id='word_1_173' title='bbox 3888 1797 4021 1860; x_wconf 86' lang='lat' dir='ltr'><strong>pro-</strong></span> 
     </span>
     <span class='ocr_line' id='line_1_15' title="bbox 961 1874 4023 1963; baseline 0 -26"><span class='ocrx_word' id='word_1_174' title='bbox 961 1875 1085 1937; x_wconf 89' lang='lat' dir='ltr'><strong>lem</strong></span> <span class='ocrx_word' id='word_1_175' title='bbox 1122 1884 1185 1938; x_wconf 89' lang='lat' dir='ltr'><strong>et</strong></span> <span class='ocrx_word' id='word_1_176' title='bbox 1213 1876 1278 1937; x_wconf 91' lang='lat' dir='ltr'><strong>in</strong></span> <span class='ocrx_word' id='word_1_177' title='bbox 1311 1875 1567 1956; x_wconf 86' lang='lat' dir='ltr'><strong>palatio,</strong></span> <span class='ocrx_word' id='word_1_178' title='bbox 1592 1876 1702 1957; x_wconf 88' lang='lat' dir='ltr'><strong>qui</strong></span> <span class='ocrx_word' id='word_1_179' title='bbox 1738 1884 1888 1938; x_wconf 87' lang='lat' dir='ltr'><strong>sunt</strong></span> <span class='ocrx_word' id='word_1_180' title='bbox 1922 1876 2087 1939; x_wconf 90' lang='lat' dir='ltr'><strong>servi</strong></span> <span class='ocrx_word' id='word_1_181' title='bbox 2119 1884 2181 1939; x_wconf 89' lang='lat' dir='ltr'><strong>et</strong></span> <span class='ocrx_word' id='word_1_182' title='bbox 2212 1874 2446 1938; x_wconf 83' lang='lat' dir='ltr'><strong>milites</strong></span> <span class='ocrx_word' id='word_1_183' title='bbox 2484 1876 2529 1937; x_wconf 92' lang='lat' dir='ltr'>B</span> <span class='ocrx_word' id='word_1_184' title='bbox 2558 1880 2771 1963; x_wconf 84' lang='lat' dir='ltr'><strong>pheta.</strong></span> <span class='ocrx_word' id='word_1_185' title='bbox 2808 1879 3036 1960; x_wconf 87' lang='lat' dir='ltr'><strong>Sicque</strong></span> <span class='ocrx_word' id='word_1_186' title='bbox 3064 1878 3437 1958; x_wconf 80' lang='lat' dir='ltr'><strong>dignitatem</strong></span> <span class='ocrx_word' id='word_1_187' title='bbox 3467 1876 3675 1942; x_wconf 82' lang='lat' dir='ltr'><strong>officii</strong></span> <span class='ocrx_word' id='word_1_188' title='bbox 3710 1876 4023 1959; x_wconf 77' lang='lat' dir='ltr'><strong>pontifica-</strong></span> 
     </span>
     <span class='ocr_line' id='line_1_16' title="bbox 959 1972 4023 2059; baseline -0 -22"><span class='ocrx_word' id='word_1_189' title='bbox 959 1974 1113 2037; x_wconf 85' lang='lat' dir='ltr'><strong>Joab</strong></span> <span class='ocrx_word' id='word_1_190' title='bbox 1149 1972 1459 2057; x_wconf 87' lang='lat' dir='ltr'><strong>principis</strong></span> <span class='ocrx_word' id='word_1_191' title='bbox 1501 1974 1768 2051; x_wconf 79' lang='lat' dir='ltr'><strong>militiae,</strong></span> <span class='ocrx_word' id='word_1_192' title='bbox 1800 1986 1859 2037; x_wconf 84' lang='lat' dir='ltr'><strong>et</strong></span> <span class='ocrx_word' id='word_1_193' title='bbox 1889 1978 2201 2052; x_wconf 78' lang='lat' dir='ltr'><strong>imponite</strong></span> <span class='ocrx_word' id='word_1_194' title='bbox 2226 1978 2445 2052; x_wconf 77' lang='lat' dir='ltr'><strong>filium</strong></span> <span class='ocrx_word' id='word_1_195' title='bbox 2560 1978 2637 2039; x_wconf 88' lang='lat' dir='ltr'><strong>lis</strong></span> <span class='ocrx_word' id='word_1_196' title='bbox 2668 1977 2873 2059; x_wconf 91' lang='lat' dir='ltr'><strong>ipsius</strong></span> <span class='ocrx_word' id='word_1_197' title='bbox 2900 1975 3220 2053; x_wconf 85' lang='lat' dir='ltr'><strong>Abiathar,</strong></span> <span class='ocrx_word' id='word_1_198' title='bbox 3246 1977 3439 2059; x_wconf 89' lang='lat' dir='ltr'><strong>coepit</strong></span> <span class='ocrx_word' id='word_1_199' title='bbox 3470 1976 3665 2039; x_wconf 85' lang='lat' dir='ltr'><strong>David</strong></span> <span class='ocrx_word' id='word_1_200' title='bbox 3696 1975 4023 2037; x_wconf 81' lang='lat' dir='ltr'><strong>transferre</strong></span> 
     </span>
     <span class='ocr_line' id='line_1_17' title="bbox 963 2073 4024 2156; baseline -0.001 -21"><span class='ocrx_word' id='word_1_201' title='bbox 963 2095 1174 2135; x_wconf 88' lang='lat' dir='ltr'><strong>meum</strong></span> <span class='ocrx_word' id='word_1_202' title='bbox 1225 2077 1632 2135; x_wconf 81' lang='lat' dir='ltr'><strong>Salomonem</strong></span> <span class='ocrx_word' id='word_1_203' title='bbox 1675 2094 1870 2151; x_wconf 82' lang='lat' dir='ltr'><strong>super</strong></span> <span class='ocrx_word' id='word_1_204' title='bbox 1915 2078 2164 2135; x_wconf 87' lang='lat' dir='ltr'><strong>mulam</strong></span> <span class='ocrx_word' id='word_1_205' title='bbox 2214 2094 2447 2143; x_wconf 87' lang='lat' dir='ltr'><strong>meam,</strong></span> <span class='ocrx_word' id='word_1_206' title='bbox 2558 2076 2639 2138; x_wconf 92' lang='lat' dir='ltr'><strong>ad</strong></span> <span class='ocrx_word' id='word_1_207' title='bbox 2670 2074 2889 2138; x_wconf 86' lang='lat' dir='ltr'><strong>Sadoc.</strong></span> <span class='ocrx_word' id='word_1_208' title='bbox 2931 2076 2975 2136; x_wconf 84' lang='lat' dir='ltr'>F</span> <span class='ocrx_word' id='word_1_209' title='bbox 2980 2074 3148 2137; x_wconf 84' lang='lat' dir='ltr'><strong>iebat</strong></span> <span class='ocrx_word' id='word_1_210' title='bbox 3180 2084 3391 2137; x_wconf 83' lang='lat' dir='ltr'><strong>autem</strong></span> <span class='ocrx_word' id='word_1_211' title='bbox 3420 2076 3519 2153; x_wconf 86' lang='lat' dir='ltr'><strong>(ut</strong></span> <span class='ocrx_word' id='word_1_212' title='bbox 3556 2074 3755 2156; x_wconf 88' lang='lat' dir='ltr'><strong>aliqui</strong></span> <span class='ocrx_word' id='word_1_213' title='bbox 3790 2073 4024 2149; x_wconf 83' lang='lat' dir='ltr'><strong>dicunt)</strong></span> 
     </span>
     <span class='ocr_line' id='line_1_18' title="bbox 693 2172 4020 2255; baseline 0.002 -26"><span class='ocrx_word' id='word_1_214' title='bbox 693 2187 920 2231; x_wconf 71' lang='lat' dir='ltr'><strong>‘insidere</strong></span> <span class='ocrx_word' id='word_1_215' title='bbox 963 2172 1066 2237; x_wconf 89' lang='lat' dir='ltr'><strong>cui</strong></span> <span class='ocrx_word' id='word_1_216' title='bbox 1099 2192 1214 2253; x_wconf 87' lang='lat' dir='ltr'><strong>ego</strong></span> <span class='ocrx_word' id='word_1_217' title='bbox 1255 2172 1430 2235; x_wconf 89' lang='lat' dir='ltr'><strong>solus</strong></span> <span class='ocrx_word' id='word_1_218' title='bbox 1467 2173 1687 2235; x_wconf 87' lang='lat' dir='ltr'><strong>sedere</strong></span> <span class='ocrx_word' id='word_1_219' title='bbox 1707 2175 1730 2197; x_wconf 71' lang='lat'>*</span> <span class='ocrx_word' id='word_1_220' title='bbox 1765 2172 2089 2249; x_wconf 82' lang='lat' dir='ltr'><strong>consuevi,</strong></span> <span class='ocrx_word' id='word_1_221' title='bbox 2132 2180 2203 2234; x_wconf 82' lang='lat' dir='ltr'><strong>ut</strong></span> <span class='ocrx_word' id='word_1_222' title='bbox 2242 2178 2451 2253; x_wconf 82' lang='lat' dir='ltr'><strong>pateat</strong></span> <span class='ocrx_word' id='word_1_223' title='bbox 2558 2174 2777 2237; x_wconf 83' lang='lat' dir='ltr'><strong>unctio</strong></span> <span class='ocrx_word' id='word_1_224' title='bbox 2800 2174 2911 2236; x_wconf 88' lang='lat' dir='ltr'><strong>illa</strong></span> <span class='ocrx_word' id='word_1_225' title='bbox 2934 2174 3097 2254; x_wconf 82' lang='lat' dir='ltr'><strong>regis</strong></span> <span class='ocrx_word' id='word_1_226' title='bbox 3127 2174 3195 2235; x_wconf 94' lang='lat' dir='ltr'><strong>in</strong></span> <span class='ocrx_word' id='word_1_227' title='bbox 3226 2174 3434 2236; x_wconf 83' lang='lat' dir='ltr'><strong>fronte</strong></span> <span class='ocrx_word' id='word_1_228' title='bbox 3453 2173 3652 2255; x_wconf 90' lang='lat' dir='ltr'><strong>ipsius</strong></span> <span class='ocrx_word' id='word_1_229' title='bbox 3684 2173 3748 2235; x_wconf 87' lang='lat' dir='ltr'><strong>in</strong></span> <span class='ocrx_word' id='word_1_230' title='bbox 3780 2173 4020 2235; x_wconf 84' lang='lat' dir='ltr'><strong>modum</strong></span> 
     </span>
     <span class='ocr_line' id='line_1_19' title="bbox 961 2269 4023 2353; baseline -0.002 -18"><span class='ocrx_word' id='word_1_231' title='bbox 961 2272 1132 2353; x_wconf 86' lang='lat' dir='ltr'><strong>quod</strong></span> <span class='ocrx_word' id='word_1_232' title='bbox 1162 2271 1536 2353; x_wconf 85' lang='lat' dir='ltr'><strong>dignitatem</strong></span> <span class='ocrx_word' id='word_1_233' title='bbox 1563 2289 1770 2334; x_wconf 89' lang='lat' dir='ltr'><strong>meam</strong></span> <span class='ocrx_word' id='word_1_234' title='bbox 1799 2272 1877 2334; x_wconf 92' lang='lat' dir='ltr'><strong>ad</strong></span> <span class='ocrx_word' id='word_1_235' title='bbox 1910 2270 2121 2333; x_wconf 81' lang='lat' dir='ltr'><strong>filium</strong></span> <span class='ocrx_word' id='word_1_236' title='bbox 2151 2269 2448 2333; x_wconf 85' lang='lat' dir='ltr'><strong>transtuli</strong></span> <span class='ocrx_word' id='word_1_237' title='bbox 2560 2292 2834 2337; x_wconf 80' lang='lat' dir='ltr'><strong>coronae.</strong></span> <span class='ocrx_word' id='word_1_238' title='bbox 2882 2275 2960 2334; x_wconf 86' lang='lat' dir='ltr'><strong>E&#39;t</strong></span> <span class='ocrx_word' id='word_1_239' title='bbox 3008 2274 3376 2335; x_wconf 81' lang='lat' dir='ltr'><strong>cecinerunt</strong></span> <span class='ocrx_word' id='word_1_240' title='bbox 3426 2274 3716 2344; x_wconf 76' lang='lat' dir='ltr'><strong>buccina,</strong></span> <span class='ocrx_word' id='word_1_241' title='bbox 3758 2280 3817 2331; x_wconf 82' lang='lat' dir='ltr'><strong>et-</strong></span> <span class='ocrx_word' id='word_1_242' title='bbox 3858 2273 4023 2330; x_wconf 66' lang='lat' dir='ltr'><strong>dz‘aeit</strong></span> 
     </span>
     <span class='ocr_line' id='line_1_20' title="bbox 965 2370 4024 2448; baseline -0.002 -15"><span class='ocrx_word' id='word_1_243' title='bbox 965 2371 1386 2447; x_wconf 79' lang='lat' dir='ltr'><strong>Salomonem,</strong></span> <span class='ocrx_word' id='word_1_244' title='bbox 1406 2380 1465 2431; x_wconf 76' lang='lat' dir='ltr'><strong>ec</strong></span> <span class='ocrx_word' id='word_1_245' title='bbox 1483 2372 1701 2433; x_wconf 76' lang='lat' dir='ltr'><strong>ducite</strong></span> <span class='ocrx_word' id='word_1_246' title='bbox 1727 2392 1873 2430; x_wconf 87' lang='lat' dir='ltr'><strong>eum</strong></span> <span class='ocrx_word' id='word_1_247' title='bbox 1903 2372 1976 2431; x_wconf 87' lang='lat' dir='ltr'><strong>in</strong></span> <span class='ocrx_word' id='word_1_248' title='bbox 2003 2373 2235 2441; x_wconf 83' lang='lat' dir='ltr'><strong>Gihon,</strong></span> <span class='ocrx_word' id='word_1_249' title='bbox 2261 2370 2323 2432; x_wconf 87' lang='lat' dir='ltr'><strong>id</strong></span> <span class='ocrx_word' id='word_1_250' title='bbox 2356 2376 2451 2431; x_wconf 84' lang='lat' dir='ltr'><strong>est</strong></span> <span class='ocrx_word' id='word_1_251' title='bbox 2560 2374 2769 2433; x_wconf 87' lang='lat' dir='ltr'><strong>omnis</strong></span> <span class='ocrx_word' id='word_1_252' title='bbox 2808 2374 3093 2448; x_wconf 81' lang='lat' dir='ltr'><strong>populus</strong></span> <span class='ocrx_word' id='word_1_253' title='bbox 3126 2388 3150 2431; x_wconf 93' lang='lat'><strong>.·</strong></span> <span class='ocrx_word' id='word_1_254' title='bbox 3188 2373 3373 2431; x_wconf 79' lang='lat' dir='ltr'><strong>Vivat</strong></span> <span class='ocrx_word' id='word_1_255' title='bbox 3420 2392 3536 2430; x_wconf 69' lang='lat' dir='ltr'><strong>rea:</strong></span> <span class='ocrx_word' id='word_1_256' title='bbox 3584 2373 3905 2431; x_wconf 78' lang='lat' dir='ltr'><strong>Salomon.</strong></span> <span class='ocrx_word' id='word_1_257' title='bbox 3948 2370 4024 2429; x_wconf 75' lang='lat' dir='ltr'><strong>Et</strong></span> 
     </span>
     <span class='ocr_line' id='line_1_21' title="bbox 962 2468 4024 2550; baseline -0.002 -18"><span class='ocrx_word' id='word_1_258' title='bbox 962 2471 1041 2532; x_wconf 87' lang='lat' dir='ltr'><strong>ad</strong></span> <span class='ocrx_word' id='word_1_259' title='bbox 1084 2468 1325 2532; x_wconf 82' lang='lat' dir='ltr'><strong>sontem</strong></span> <span class='ocrx_word' id='word_1_260' title='bbox 1357 2470 1448 2533; x_wconf 85' lang='lat' dir='ltr'><strong>sic</strong></span> <span class='ocrx_word' id='word_1_261' title='bbox 1484 2469 1904 2546; x_wconf 86' lang='lat' dir='ltr'><strong>nominatum,</strong></span> <span class='ocrx_word' id='word_1_262' title='bbox 1937 2469 2182 2532; x_wconf 87' lang='lat' dir='ltr'><strong>scilicet</strong></span> <span class='ocrx_word' id='word_1_263' title='bbox 2220 2488 2449 2550; x_wconf 87' lang='lat' dir='ltr'><strong>aquam</strong></span> <span class='ocrx_word' id='word_1_264' title='bbox 2560 2472 2848 2532; x_wconf 81' lang='lat' dir='ltr'><strong>ascendit</strong></span> <span class='ocrx_word' id='word_1_265' title='bbox 2890 2470 3191 2529; x_wconf 77' lang='lat' dir='ltr'><strong>universa</strong></span> <span class='ocrx_word' id='word_1_266' title='bbox 3232 2470 3581 2529; x_wconf 78' lang='lat' dir='ltr'><strong>mullitudo</strong></span> <span class='ocrx_word' id='word_1_267' title='bbox 3614 2478 3755 2547; x_wconf 78' lang='lat' dir='ltr'><strong>post</strong></span> <span class='ocrx_word' id='word_1_268' title='bbox 3780 2488 3943 2536; x_wconf 84' lang='lat' dir='ltr'><strong>eum,</strong></span> <span class='ocrx_word' id='word_1_269' title='bbox 3972 2476 4024 2525; x_wconf 83' lang='lat' dir='ltr'><strong>et</strong></span> 
     </span>
     <span class='ocr_line' id='line_1_22' title="bbox 965 2567 4024 2649; baseline -0.003 -18"><span class='ocrx_word' id='word_1_270' title='bbox 965 2568 1155 2644; x_wconf 90' lang='lat' dir='ltr'><strong>Siloe,</strong></span> <span class='ocrx_word' id='word_1_271' title='bbox 1198 2569 1376 2649; x_wconf 84' lang='lat' dir='ltr'><strong>juxta</strong></span> <span class='ocrx_word' id='word_1_272' title='bbox 1404 2568 1736 2649; x_wconf 85' lang='lat' dir='ltr'><strong>quosdam.</strong></span> <span class='ocrx_word' id='word_1_273' title='bbox 1771 2567 1975 2630; x_wconf 90' lang='lat' dir='ltr'><strong>Gihon</strong></span> <span class='ocrx_word' id='word_1_274' title='bbox 2007 2576 2220 2630; x_wconf 85' lang='lat' dir='ltr'><strong>autem</strong></span> <span class='ocrx_word' id='word_1_275' title='bbox 2251 2585 2453 2648; x_wconf 86' lang='lat' dir='ltr'><strong>quan-</strong></span> <span class='ocrx_word' id='word_1_276' title='bbox 2554 2573 2841 2647; x_wconf 79' lang='lat' dir='ltr'><strong>populus</strong></span> <span class='ocrx_word' id='word_1_277' title='bbox 2896 2570 3267 2628; x_wconf 84' lang='lat' dir='ltr'><strong>canentium</strong></span> <span class='ocrx_word' id='word_1_278' title='bbox 3326 2568 3525 2636; x_wconf 81' lang='lat' dir='ltr'><strong>tibiis,</strong></span> <span class='ocrx_word' id='word_1_279' title='bbox 3571 2578 3631 2627; x_wconf 89' lang='lat' dir='ltr'><strong>et</strong></span> <span class='ocrx_word' id='word_1_280' title='bbox 3678 2567 4024 2627; x_wconf 81' lang='lat' dir='ltr'><strong>loetantium</strong></span> 
     </span>
     <span class='ocr_line' id='line_1_23' title="bbox 687 2664 4025 2749; baseline -0.002 -18"><span class='ocrx_word' id='word_1_281' title='bbox 687 2680 934 2731; x_wconf 61' lang='lat' dir='ltr'><strong>Gemma.</strong></span> <span class='ocrx_word' id='word_1_282' title='bbox 963 2668 1174 2749; x_wconf 91' lang='lat' dir='ltr'><strong>doque</strong></span> <span class='ocrx_word' id='word_1_283' title='bbox 1203 2676 1300 2731; x_wconf 89' lang='lat' dir='ltr'><strong>est</strong></span> <span class='ocrx_word' id='word_1_284' title='bbox 1332 2685 1562 2730; x_wconf 86' lang='lat' dir='ltr'><strong>nomen</strong></span> <span class='ocrx_word' id='word_1_285' title='bbox 1605 2664 1792 2729; x_wconf 82' lang='lat' dir='ltr'><strong>fluvii</strong></span> <span class='ocrx_word' id='word_1_286' title='bbox 1835 2668 1913 2729; x_wconf 91' lang='lat' dir='ltr'><strong>de</strong></span> <span class='ocrx_word' id='word_1_287' title='bbox 1951 2665 2245 2748; x_wconf 84' lang='lat' dir='ltr'><strong>paradiso</strong></span> <span class='ocrx_word' id='word_1_288' title='bbox 2278 2683 2452 2746; x_wconf 82' lang='lat' dir='ltr'><strong>egre·</strong></span> <span class='ocrx_word' id='word_1_289' title='bbox 2554 2669 2799 2746; x_wconf 60' lang='lat' dir='ltr'><strong>glaudio</strong></span> <span class='ocrx_word' id='word_1_290' title='bbox 2830 2686 3087 2744; x_wconf 79' lang='lat' dir='ltr'><strong>ma9n0,</strong></span> <span class='ocrx_word' id='word_1_291' title='bbox 3119 2676 3178 2726; x_wconf 83' lang='lat' dir='ltr'><strong>et</strong></span> <span class='ocrx_word' id='word_1_292' title='bbox 3214 2668 3504 2727; x_wconf 77' lang='lat' dir='ltr'><strong>insonuit</strong></span> <span class='ocrx_word' id='word_1_293' title='bbox 3541 2675 3713 2726; x_wconf 80' lang='lat' dir='ltr'><strong>terra</strong></span> <span class='ocrx_word' id='word_1_294' title='bbox 3740 2687 3783 2725; x_wconf 88' lang='lat' dir='ltr'><strong>a</strong></span> <span class='ocrx_word' id='word_1_295' title='bbox 3810 2669 4025 2725; x_wconf 85' lang='lat' dir='ltr'><strong>clamo·</strong></span> 
     </span>
    </p>

    <p class='ocr_par' dir='ltr' id='par_1_6' title="bbox 963 2759 2899 2847">
     <span class='ocr_line' id='line_1_24' title="bbox 963 2759 2899 2847; baseline -0.003 -18"><span class='ocrx_word' id='word_1_296' title='bbox 963 2766 1221 2843; x_wconf 81' lang='lat' dir='ltr'><strong>dientiS‚</strong></span> <span class='ocrx_word' id='word_1_297' title='bbox 1247 2774 1311 2828; x_wconf 85' lang='lat' dir='ltr'><strong>ct</strong></span> <span class='ocrx_word' id='word_1_298' title='bbox 1341 2759 1574 2829; x_wconf 86' lang='lat' dir='ltr'><strong>terram</strong></span> <span class='ocrx_word' id='word_1_299' title='bbox 1604 2765 1938 2847; x_wconf 80' lang='lat' dir='ltr'><strong>AEthiopiae</strong></span> <span class='ocrx_word' id='word_1_300' title='bbox 1967 2764 2447 2840; x_wconf 83' lang='lat' dir='ltr'><strong>circumeuntiS,</strong></span> <span class='ocrx_word' id='word_1_301' title='bbox 2561 2786 2629 2825; x_wconf 87' lang='lat' dir='ltr'><strong>re</strong></span> <span class='ocrx_word' id='word_1_302' title='bbox 2658 2785 2899 2825; x_wconf 82' lang='lat' dir='ltr'><strong>eor-um.</strong></span> 
     </span>
    </p>

    <p class='ocr_par' dir='ltr' id='par_1_7' title="bbox 685 2863 4047 5412">
     <span class='ocr_line' id='line_1_25' title="bbox 961 2863 4026 2941; baseline -0.002 -15"><span class='ocrx_word' id='word_1_303' title='bbox 961 2873 1032 2927; x_wconf 88' lang='lat' dir='ltr'><strong>ut</strong></span> <span class='ocrx_word' id='word_1_304' title='bbox 1081 2864 1148 2926; x_wconf 85' lang='lat' dir='ltr'><strong>in</strong></span> <span class='ocrx_word' id='word_1_305' title='bbox 1191 2864 1418 2927; x_wconf 87' lang='lat' dir='ltr'><strong>Genesi</strong></span> <span class='ocrx_word' id='word_1_306' title='bbox 1468 2863 1758 2927; x_wconf 86' lang='lat' dir='ltr'><strong>habetur.</strong></span> <span class='ocrx_word' id='word_1_307' title='bbox 1792 2866 1877 2925; x_wconf 86' lang='lat' dir='ltr'><strong>Et</strong></span> <span class='ocrx_word' id='word_1_308' title='bbox 1921 2874 2124 2941; x_wconf 74' lang='lat' dir='ltr'><strong>unyat</strong></span> <span class='ocrx_word' id='word_1_309' title='bbox 2166 2884 2315 2923; x_wconf 89' lang='lat' dir='ltr'><strong>eum</strong></span> <span class='ocrx_word' id='word_1_310' title='bbox 2361 2866 2453 2923; x_wconf 83' lang='lat' dir='ltr'><strong>ibi</strong></span> <span class='ocrx_word' id='word_1_311' title='bbox 2642 2866 2923 2927; x_wconf 78' lang='lat' dir='ltr'><strong>Audivit</strong></span> <span class='ocrx_word' id='word_1_312' title='bbox 2969 2872 3185 2926; x_wconf 78' lang='lat' dir='ltr'><strong>aulem</strong></span> <span class='ocrx_word' id='word_1_313' title='bbox 3226 2865 3541 2932; x_wconf 84' lang='lat' dir='ltr'><strong>Adonias,</strong></span> <span class='ocrx_word' id='word_1_314' title='bbox 3581 2872 3639 2921; x_wconf 82' lang='lat' dir='ltr'><strong>et</strong></span> <span class='ocrx_word' id='word_1_315' title='bbox 3680 2882 3893 2922; x_wconf 82' lang='lat' dir='ltr'><strong>omnes</strong></span> <span class='ocrx_word' id='word_1_316' title='bbox 3922 2863 4026 2940; x_wconf 78' lang='lat' dir='ltr'><strong>qui</strong></span> 
     </span>
     <span class='ocr_line' id='line_1_26' title="bbox 964 2961 4024 3040; baseline -0.003 -14"><span class='ocrx_word' id='word_1_317' title='bbox 964 2967 1173 3026; x_wconf 81' lang='lat' dir='ltr'><strong>Sadoc</strong></span> <span class='ocrx_word' id='word_1_318' title='bbox 1216 2966 1526 3034; x_wconf 80' lang='lat' dir='ltr'><strong>sacerdos,</strong></span> <span class='ocrx_word' id='word_1_319' title='bbox 1576 2974 1635 3023; x_wconf 88' lang='lat' dir='ltr'><strong>et</strong></span> <span class='ocrx_word' id='word_1_320' title='bbox 1687 2965 1954 3024; x_wconf 74' lang='lat' dir='ltr'><strong>Nathan</strong></span> <span class='ocrx_word' id='word_1_321' title='bbox 1991 2966 2333 3040; x_wconf 75' lang='lat' dir='ltr'><strong>propheta,</strong></span> <span class='ocrx_word' id='word_1_322' title='bbox 2378 2963 2451 3021; x_wconf 85' lang='lat' dir='ltr'><strong>in</strong></span> <span class='ocrx_word' id='word_1_323' title='bbox 2562 2964 2835 3024; x_wconf 76' lang='lat' dir='ltr'><strong>invitati</strong></span> <span class='ocrx_word' id='word_1_324' title='bbox 2862 2963 3129 3040; x_wconf 78' lang='lat' dir='ltr'><strong>fuerant</strong></span> <span class='ocrx_word' id='word_1_325' title='bbox 3160 2963 3239 3022; x_wconf 85' lang='lat' dir='ltr'><strong>ab</strong></span> <span class='ocrx_word' id='word_1_326' title='bbox 3266 2964 3646 3040; x_wconf 63' lang='lat' dir='ltr'><strong>casumque</strong></span> <span class='ocrx_word' id='word_1_327' title='bbox 3674 2961 4024 3020; x_wconf 80' lang='lat' dir='ltr'><strong>convivium</strong></span> 
     </span>
     <span class='ocr_line' id='line_1_27' title="bbox 961 3061 4027 3142; baseline -0.002 -18"><span class='ocrx_word' id='word_1_328' title='bbox 961 3082 1168 3140; x_wconf 70' lang='lat' dir='ltr'><strong>reyem</strong></span> <span class='ocrx_word' id='word_1_329' title='bbox 1196 3082 1388 3140; x_wconf 79' lang='lat' dir='ltr'><strong>super</strong></span> <span class='ocrx_word' id='word_1_330' title='bbox 1417 3064 1640 3124; x_wconf 83' lang='lat' dir='ltr'><strong>Israel.</strong></span> <span class='ocrx_word' id='word_1_331' title='bbox 1666 3063 1752 3122; x_wconf 82' lang='lat' dir='ltr'><strong>Et</strong></span> <span class='ocrx_word' id='word_1_332' title='bbox 1779 3063 2019 3122; x_wconf 81' lang='lat' dir='ltr'><strong>canetis</strong></span> <span class='ocrx_word' id='word_1_333' title='bbox 2050 3062 2343 3132; x_wconf 84' lang='lat' dir='ltr'><strong>buccina,</strong></span> <span class='ocrx_word' id='word_1_334' title='bbox 2366 3070 2453 3121; x_wconf 83' lang='lat' dir='ltr'><strong>at·</strong></span> <span class='ocrx_word' id='word_1_335' title='bbox 2490 3061 2535 3126; x_wconf 90' lang='lat' dir='ltr'>C</span> <span class='ocrx_word' id='word_1_336' title='bbox 2563 3062 2835 3142; x_wconf 76' lang='lat' dir='ltr'><strong>finitum</strong></span> <span class='ocrx_word' id='word_1_337' title='bbox 2864 3070 3022 3120; x_wconf 81' lang='lat' dir='ltr'><strong>erat.</strong></span> <span class='ocrx_word' id='word_1_338' title='bbox 3060 3062 3189 3121; x_wconf 89' lang='lat' dir='ltr'><strong>Sed</strong></span> <span class='ocrx_word' id='word_1_339' title='bbox 3216 3070 3276 3120; x_wconf 80' lang='lat' dir='ltr'><strong>et</strong></span> <span class='ocrx_word' id='word_1_340' title='bbox 3304 3062 3462 3121; x_wconf 78' lang='lat' dir='ltr'><strong>Joab</strong></span> <span class='ocrx_word' id='word_1_341' title='bbox 3491 3062 3724 3120; x_wconf 80' lang='lat' dir='ltr'><strong>audita</strong></span> <span class='ocrx_word' id='word_1_342' title='bbox 3764 3079 3904 3119; x_wconf 82' lang='lat' dir='ltr'><strong>voce</strong></span> <span class='ocrx_word' id='word_1_343' title='bbox 3942 3068 4027 3117; x_wconf 79' lang='lat' dir='ltr'><strong>tu-</strong></span> 
     </span>
     <span class='ocr_line' id='line_1_28' title="bbox 961 3157 4031 3242; baseline -0.002 -20"><span class='ocrx_word' id='word_1_344' title='bbox 961 3183 1082 3242; x_wconf 83' lang='lat' dir='ltr'><strong>que</strong></span> <span class='ocrx_word' id='word_1_345' title='bbox 1119 3162 1346 3222; x_wconf 81' lang='lat' dir='ltr'><strong>dicetis</strong></span> <span class='ocrx_word' id='word_1_346' title='bbox 1362 3183 1384 3221; x_wconf 95' lang='lat'><strong>.·</strong></span> <span class='ocrx_word' id='word_1_347' title='bbox 1406 3164 1593 3223; x_wconf 76' lang='lat' dir='ltr'><strong>Vivat</strong></span> <span class='ocrx_word' id='word_1_348' title='bbox 1621 3183 1738 3222; x_wconf 72' lang='lat' dir='ltr'><strong>rea·</strong></span> <span class='ocrx_word' id='word_1_349' title='bbox 1769 3162 2211 3224; x_wconf 81' lang='lat' dir='ltr'><strong>&#39;Salomon.Et</strong></span> <span class='ocrx_word' id='word_1_350' title='bbox 2246 3181 2454 3220; x_wconf 84' lang='lat' dir='ltr'><strong>ascen·</strong></span> <span class='ocrx_word' id='word_1_351' title='bbox 2564 3165 2681 3232; x_wconf 80' lang='lat' dir='ltr'><strong>boe,</strong></span> <span class='ocrx_word' id='word_1_352' title='bbox 2723 3163 2820 3221; x_wconf 69' lang='lat' dir='ltr'><strong>ait</strong></span> <span class='ocrx_word' id='word_1_353' title='bbox 2860 3182 2881 3220; x_wconf 92' lang='lat'><strong>.·</strong></span> <span class='ocrx_word' id='word_1_354' title='bbox 2928 3162 3099 3228; x_wconf 83' lang='lat' dir='ltr'><strong>Quid</strong></span> <span class='ocrx_word' id='word_1_355' title='bbox 3136 3161 3264 3219; x_wconf 83' lang='lat' dir='ltr'><strong>sibi</strong></span> <span class='ocrx_word' id='word_1_356' title='bbox 3300 3163 3455 3222; x_wconf 76' lang='lat' dir='ltr'><strong>vult·</strong></span> <span class='ocrx_word' id='word_1_357' title='bbox 3480 3163 3723 3220; x_wconf 86' lang='lat' dir='ltr'><strong>clamor</strong></span> <span class='ocrx_word' id='word_1_358' title='bbox 3762 3157 4031 3218; x_wconf 75' lang='lat' dir='ltr'><strong>civitatis</strong></span> 
     </span>
     <span class='ocr_line' id='line_1_29' title="bbox 961 3256 4031 3339; baseline -0.003 -17"><span class='ocrx_word' id='word_1_359' title='bbox 961 3263 1126 3322; x_wconf 80' lang='lat' dir='ltr'><strong>detis</strong></span> <span class='ocrx_word' id='word_1_360' title='bbox 1161 3271 1306 3338; x_wconf 79' lang='lat' dir='ltr'><strong>post</strong></span> <span class='ocrx_word' id='word_1_361' title='bbox 1348 3281 1518 3330; x_wconf 88' lang='lat' dir='ltr'><strong>eum,</strong></span> <span class='ocrx_word' id='word_1_362' title='bbox 1547 3271 1606 3322; x_wconf 78' lang='lat' dir='ltr'><strong>et</strong></span> <span class='ocrx_word' id='word_1_363' title='bbox 1651 3261 1916 3320; x_wconf 74' lang='lat' dir='ltr'><strong>venietis</strong></span> <span class='ocrx_word' id='word_1_364' title='bbox 1955 3261 2026 3319; x_wconf 87' lang='lat' dir='ltr'><strong>in</strong></span> <span class='ocrx_word' id='word_1_365' title='bbox 2069 3262 2453 3328; x_wconf 82' lang='lat' dir='ltr'><strong>Jerusalem,</strong></span> <span class='ocrx_word' id='word_1_366' title='bbox 2568 3261 3077 3322; x_wconf 78' lang='lat' dir='ltr'><strong>tumultuantis?</strong></span> <span class='ocrx_word' id='word_1_367' title='bbox 3116 3259 3178 3320; x_wconf 88' lang='lat' dir='ltr'><strong>id</strong></span> <span class='ocrx_word' id='word_1_368' title='bbox 3224 3267 3341 3333; x_wconf 89' lang='lat' dir='ltr'><strong>est,</strong></span> <span class='ocrx_word' id='word_1_369' title='bbox 3376 3257 3531 3339; x_wconf 91' lang='lat' dir='ltr'><strong>quid</strong></span> <span class='ocrx_word' id='word_1_370' title='bbox 3570 3256 3901 3339; x_wconf 80' lang='lat' dir='ltr'><strong>praetendit</strong></span> <span class='ocrx_word' id='word_1_371' title='bbox 3934 3263 4031 3316; x_wconf 86' lang='lat' dir='ltr'><strong>aut</strong></span> 
     </span>
     <span class='ocr_line' id='line_1_30' title="bbox 963 3355 4032 3438; baseline -0.001 -19"><span class='ocrx_word' id='word_1_372' title='bbox 963 3370 1022 3421; x_wconf 78' lang='lat' dir='ltr'><strong>el</strong></span> <span class='ocrx_word' id='word_1_373' title='bbox 1057 3361 1292 3419; x_wconf 78' lang='lat' dir='ltr'><strong>sedebit</strong></span> <span class='ocrx_word' id='word_1_374' title='bbox 1329 3379 1523 3436; x_wconf 80' lang='lat' dir='ltr'><strong>super</strong></span> <span class='ocrx_word' id='word_1_375' title='bbox 1558 3361 1794 3419; x_wconf 87' lang='lat' dir='ltr'><strong>solium</strong></span> <span class='ocrx_word' id='word_1_376' title='bbox 1841 3379 2080 3427; x_wconf 87' lang='lat' dir='ltr'><strong>meum,</strong></span> <span class='ocrx_word' id='word_1_377' title='bbox 2109 3368 2168 3418; x_wconf 85' lang='lat' dir='ltr'><strong>et</strong></span> <span class='ocrx_word' id='word_1_378' title='bbox 2198 3359 2331 3434; x_wconf 82' lang='lat' dir='ltr'><strong>ipse</strong></span> <span class='ocrx_word' id='word_1_379' title='bbox 2362 3378 2456 3417; x_wconf 80' lang='lat' dir='ltr'><strong>re·</strong></span> <span class='ocrx_word' id='word_1_380' title='bbox 2566 3358 2857 3438; x_wconf 80' lang='lat' dir='ltr'><strong>designat</strong></span> <span class='ocrx_word' id='word_1_381' title='bbox 2904 3358 3149 3420; x_wconf 86' lang='lat' dir='ltr'><strong>sonitus</strong></span> <span class='ocrx_word' id='word_1_382' title='bbox 3204 3355 3640 3420; x_wconf 86' lang='lat' dir='ltr'><strong>exsistentium</strong></span> <span class='ocrx_word' id='word_1_383' title='bbox 3694 3356 3761 3417; x_wconf 89' lang='lat' dir='ltr'><strong>in</strong></span> <span class='ocrx_word' id='word_1_384' title='bbox 3805 3355 4032 3418; x_wconf 79' lang='lat' dir='ltr'><strong>Jerusa-</strong></span> 
     </span>
     <span class='ocr_line' id='line_1_31' title="bbox 959 3454 4031 3538; baseline -0.002 -19"><span class='ocrx_word' id='word_1_385' title='bbox 959 3461 1188 3536; x_wconf 79' lang='lat' dir='ltr'><strong>9nabit</strong></span> <span class='ocrx_word' id='word_1_386' title='bbox 1223 3478 1346 3535; x_wconf 81' lang='lat' dir='ltr'><strong>pro</strong></span> <span class='ocrx_word' id='word_1_387' title='bbox 1396 3479 1516 3528; x_wconf 88' lang='lat' dir='ltr'><strong>me,</strong></span> <span class='ocrx_word' id='word_1_388' title='bbox 1557 3459 1788 3538; x_wconf 80' lang='lat' dir='ltr'><strong>illique</strong></span> <span class='ocrx_word' id='word_1_389' title='bbox 1821 3458 2209 3534; x_wconf 59' lang='lat' dir='ltr'><strong>praecipiam</strong></span> <span class='ocrx_word' id='word_1_390' title='bbox 2253 3466 2324 3516; x_wconf 86' lang='lat' dir='ltr'><strong>ut</strong></span> <span class='ocrx_word' id='word_1_391' title='bbox 2372 3458 2457 3516; x_wconf 78' lang='lat' dir='ltr'><strong>sit</strong></span> <span class='ocrx_word' id='word_1_392' title='bbox 2568 3457 2716 3533; x_wconf 91' lang='lat' dir='ltr'><strong>lem,</strong></span> <span class='ocrx_word' id='word_1_393' title='bbox 2751 3456 2864 3538; x_wconf 91' lang='lat' dir='ltr'><strong>qui</strong></span> <span class='ocrx_word' id='word_1_394' title='bbox 2896 3454 3233 3518; x_wconf 85' lang='lat' dir='ltr'><strong>vociferari</strong></span> <span class='ocrx_word' id='word_1_395' title='bbox 3265 3455 3582 3532; x_wconf 88' lang='lat' dir='ltr'><strong>videntur,</strong></span> <span class='ocrx_word' id='word_1_396' title='bbox 3618 3462 3913 3536; x_wconf 86' lang='lat' dir='ltr'><strong>tanquam</strong></span> <span class='ocrx_word' id='word_1_397' title='bbox 3946 3459 4031 3512; x_wconf 82' lang='lat' dir='ltr'><strong>tu—</strong></span> 
     </span>
     <span class='ocr_line' id='line_1_32' title="bbox 967 3551 4031 3636; baseline -0.001 -19"><span class='ocrx_word' id='word_1_398' title='bbox 967 3560 1108 3617; x_wconf 73' lang='lat' dir='ltr'><strong>duoe</strong></span> <span class='ocrx_word' id='word_1_399' title='bbox 1145 3577 1338 3636; x_wconf 82' lang='lat' dir='ltr'><strong>super</strong></span> <span class='ocrx_word' id='word_1_400' title='bbox 1375 3560 1581 3618; x_wconf 85' lang='lat' dir='ltr'><strong>Israel</strong></span> <span class='ocrx_word' id='word_1_401' title='bbox 1618 3566 1677 3616; x_wconf 89' lang='lat' dir='ltr'><strong>et</strong></span> <span class='ocrx_word' id='word_1_402' title='bbox 1713 3575 1903 3633; x_wconf 79' lang='lat' dir='ltr'><strong>super</strong></span> <span class='ocrx_word' id='word_1_403' title='bbox 1928 3559 2195 3616; x_wconf 87' lang='lat' dir='ltr'><strong>Judam.</strong></span> <span class='ocrx_word' id='word_1_404' title='bbox 2232 3557 2315 3616; x_wconf 77' lang='lat' dir='ltr'><strong>Et</strong></span> <span class='ocrx_word' id='word_1_405' title='bbox 2356 3574 2457 3613; x_wconf 85' lang='lat' dir='ltr'><strong>re·</strong></span> <span class='ocrx_word' id='word_1_406' title='bbox 2570 3555 2839 3619; x_wconf 87' lang='lat' dir='ltr'><strong>multum</strong></span> <span class='ocrx_word' id='word_1_407' title='bbox 2873 3562 2982 3616; x_wconf 87' lang='lat' dir='ltr'><strong>aut</strong></span> <span class='ocrx_word' id='word_1_408' title='bbox 3021 3553 3397 3617; x_wconf 86' lang='lat' dir='ltr'><strong>seditionem</strong></span> <span class='ocrx_word' id='word_1_409' title='bbox 3438 3553 3787 3616; x_wconf 74' lang='lat' dir='ltr'><strong>habentes?</strong></span> <span class='ocrx_word' id='word_1_410' title='bbox 3826 3551 3967 3633; x_wconf 87' lang='lat' dir='ltr'><strong>quia</strong></span> <span class='ocrx_word' id='word_1_411' title='bbox 3998 3570 4031 3614; x_wconf 84' lang='lat' dir='ltr'><strong>a</strong></span> 
     </span>
     <span class='ocr_line' id='line_1_33' title="bbox 967 3649 4032 3734; baseline -0.002 -18"><span class='ocrx_word' id='word_1_412' title='bbox 967 3658 1227 3732; x_wconf 80' lang='lat' dir='ltr'><strong>spondit</strong></span> <span class='ocrx_word' id='word_1_413' title='bbox 1275 3657 1567 3717; x_wconf 84' lang='lat' dir='ltr'><strong>Banaias</strong></span> <span class='ocrx_word' id='word_1_414' title='bbox 1611 3657 1794 3731; x_wconf 80' lang='lat' dir='ltr'><strong>filius</strong></span> <span class='ocrx_word' id='word_1_415' title='bbox 1839 3656 2108 3725; x_wconf 82' lang='lat' dir='ltr'><strong>Joiadoe,</strong></span> <span class='ocrx_word' id='word_1_416' title='bbox 2157 3655 2322 3730; x_wconf 62' lang='lat' dir='ltr'><strong>regi,</strong></span> <span class='ocrx_word' id='word_1_417' title='bbox 2358 3655 2460 3712; x_wconf 87' lang='lat' dir='ltr'><strong>di·</strong></span> <span class='ocrx_word' id='word_1_418' title='bbox 2572 3661 2812 3717; x_wconf 87' lang='lat' dir='ltr'><strong>remoto</strong></span> <span class='ocrx_word' id='word_1_419' title='bbox 2840 3672 2969 3715; x_wconf 92' lang='lat' dir='ltr'><strong>non</strong></span> <span class='ocrx_word' id='word_1_420' title='bbox 2992 3660 3237 3734; x_wconf 86' lang='lat' dir='ltr'><strong>poterat</strong></span> <span class='ocrx_word' id='word_1_421' title='bbox 3254 3651 3493 3715; x_wconf 88' lang='lat' dir='ltr'><strong>clamor</strong></span> <span class='ocrx_word' id='word_1_422' title='bbox 3514 3649 3795 3734; x_wconf 81' lang='lat' dir='ltr'><strong>perfecte</strong></span> <span class='ocrx_word' id='word_1_423' title='bbox 3822 3650 4032 3713; x_wconf 86' lang='lat' dir='ltr'><strong>discer-</strong></span> 
     </span>
     <span class='ocr_line' id='line_1_34' title="bbox 971 3750 4029 3833; baseline -0.001 -19"><span class='ocrx_word' id='word_1_424' title='bbox 971 3774 1114 3814; x_wconf 88' lang='lat' dir='ltr'><strong>cens</strong></span> <span class='ocrx_word' id='word_1_425' title='bbox 1145 3775 1167 3813; x_wconf 92' lang='lat'><strong>.·</strong></span> <span class='ocrx_word' id='word_1_426' title='bbox 1198 3757 1427 3824; x_wconf 85' lang='lat' dir='ltr'><strong>Amen,</strong></span> <span class='ocrx_word' id='word_1_427' title='bbox 1463 3753 1526 3815; x_wconf 92' lang='lat' dir='ltr'><strong>id</strong></span> <span class='ocrx_word' id='word_1_428' title='bbox 1559 3760 1674 3828; x_wconf 86' lang='lat' dir='ltr'><strong>est,</strong></span> <span class='ocrx_word' id='word_1_429' title='bbox 1711 3753 1803 3814; x_wconf 91' lang='lat' dir='ltr'><strong>sic</strong></span> <span class='ocrx_word' id='word_1_430' title='bbox 1836 3751 1973 3813; x_wconf 85' lang='lat' dir='ltr'><strong>fiat.</strong></span> <span class='ocrx_word' id='word_1_431' title='bbox 2009 3751 2206 3813; x_wconf 87' lang='lat' dir='ltr'><strong>Amen</strong></span> <span class='ocrx_word' id='word_1_432' title='bbox 2246 3759 2458 3813; x_wconf 88' lang='lat' dir='ltr'><strong>autem</strong></span> <span class='ocrx_word' id='word_1_433' title='bbox 2572 3753 2661 3830; x_wconf 89' lang='lat' dir='ltr'><strong>ni,</strong></span> <span class='ocrx_word' id='word_1_434' title='bbox 2706 3761 2768 3814; x_wconf 89' lang='lat' dir='ltr'><strong>et</strong></span> <span class='ocrx_word' id='word_1_435' title='bbox 2810 3751 3025 3815; x_wconf 83' lang='lat' dir='ltr'><strong>forsan</strong></span> <span class='ocrx_word' id='word_1_436' title='bbox 3066 3750 3505 3833; x_wconf 79' lang='lat' dir='ltr'><strong>suspicabatur</strong></span> <span class='ocrx_word' id='word_1_437' title='bbox 3551 3750 3795 3831; x_wconf 84' lang='lat' dir='ltr'><strong>aliquid</strong></span> <span class='ocrx_word' id='word_1_438' title='bbox 3841 3759 4029 3812; x_wconf 77' lang='lat' dir='ltr'><strong>ortum</strong></span> 
     </span>
     <span class='ocr_line' id='line_1_35' title="bbox 974 3847 4032 3934; baseline -0.003 -19"><span class='ocrx_word' id='word_1_439' title='bbox 974 3853 1357 3934; x_wconf 89' lang='lat' dir='ltr'><strong>quandoque</strong></span> <span class='ocrx_word' id='word_1_440' title='bbox 1399 3848 1806 3914; x_wconf 86' lang='lat' dir='ltr'><strong>nominaliter</strong></span> <span class='ocrx_word' id='word_1_441' title='bbox 1843 3849 2136 3926; x_wconf 89' lang='lat' dir='ltr'><strong>sumitur,</strong></span> <span class='ocrx_word' id='word_1_442' title='bbox 2169 3851 2347 3930; x_wconf 86' lang='lat' dir='ltr'><strong>juxta</strong></span> <span class='ocrx_word' id='word_1_443' title='bbox 2389 3847 2462 3910; x_wconf 87' lang='lat' dir='ltr'><strong>il·</strong></span> <span class='ocrx_word' id='word_1_444' title='bbox 2573 3852 2640 3914; x_wconf 92' lang='lat' dir='ltr'><strong>in</strong></span> <span class='ocrx_word' id='word_1_445' title='bbox 2698 3849 2955 3914; x_wconf 83' lang='lat' dir='ltr'><strong>civitate</strong></span> <span class='ocrx_word' id='word_1_446' title='bbox 3015 3859 3237 3912; x_wconf 87' lang='lat' dir='ltr'><strong>contra</strong></span> <span class='ocrx_word' id='word_1_447' title='bbox 3294 3848 3551 3912; x_wconf 84' lang='lat' dir='ltr'><strong>Adoniae</strong></span> <span class='ocrx_word' id='word_1_448' title='bbox 3610 3847 4032 3930; x_wconf 80' lang='lat' dir='ltr'><strong>praesumptio·</strong></span> 
     </span>
     <span class='ocr_line' id='line_1_36' title="bbox 721 3946 4035 4032; baseline -0.001 -24"><span class='ocrx_word' id='word_1_449' title='bbox 721 3967 861 4022; x_wconf 76' lang='lat' dir='ltr'><strong>Apoc.</strong></span> <span class='ocrx_word' id='word_1_450' title='bbox 891 3981 945 4019; x_wconf 86' lang='lat' dir='ltr'><strong>m,</strong></span> <span class='ocrx_word' id='word_1_451' title='bbox 976 3951 1083 4013; x_wconf 92' lang='lat' dir='ltr'><strong>lud</strong></span> <span class='ocrx_word' id='word_1_452' title='bbox 1125 3951 1188 4012; x_wconf 92' lang='lat' dir='ltr'><strong>in</strong></span> <span class='ocrx_word' id='word_1_453' title='bbox 1220 3949 1622 4032; x_wconf 85' lang='lat' dir='ltr'><strong>Apocalypsi,</strong></span> <span class='ocrx_word' id='word_1_454' title='bbox 1665 3948 1804 4012; x_wconf 81' lang='lat' dir='ltr'><strong>Haec</strong></span> <span class='ocrx_word' id='word_1_455' title='bbox 1844 3947 2000 4010; x_wconf 91' lang='lat' dir='ltr'><strong>dicit</strong></span> <span class='ocrx_word' id='word_1_456' title='bbox 2036 3947 2237 4011; x_wconf 87' lang='lat' dir='ltr'><strong>Amen</strong></span> <span class='ocrx_word' id='word_1_457' title='bbox 2282 3946 2461 4010; x_wconf 87' lang='lat' dir='ltr'><strong>testis</strong></span> <span class='ocrx_word' id='word_1_458' title='bbox 2574 3969 2743 4014; x_wconf 87' lang='lat' dir='ltr'><strong>nem.</strong></span> <span class='ocrx_word' id='word_1_459' title='bbox 2775 3952 3009 4012; x_wconf 78' lang='lat' dir='ltr'><strong>Adhuc</strong></span> <span class='ocrx_word' id='word_1_460' title='bbox 3046 3950 3159 4008; x_wconf 87' lang='lat' dir='ltr'><strong>illo</strong></span> <span class='ocrx_word' id='word_1_461' title='bbox 3191 3952 3501 4027; x_wconf 74' lang='lat' dir='ltr'><strong>loquente,</strong></span> <span class='ocrx_word' id='word_1_462' title='bbox 3532 3947 3843 4010; x_wconf 73' lang='lat' dir='ltr'><strong>Jonatlms</strong></span> <span class='ocrx_word' id='word_1_463' title='bbox 3870 3947 4035 4022; x_wconf 66' lang='lat' dir='ltr'><strong>filius</strong></span> 
     </span>
     <span class='ocr_line' id='line_1_37' title="bbox 686 4031 4037 4131; baseline -0.003 -18"><span class='ocrx_word' id='word_1_464' title='bbox 686 4031 751 4073; x_wconf 71' lang='lat'><strong>¹⁴⁰</strong></span> <span class='ocrx_word' id='word_1_465' title='bbox 979 4049 1223 4124; x_wconf 78' lang='lat' dir='ltr'><strong>ridelis3</strong></span> <span class='ocrx_word' id='word_1_466' title='bbox 1264 4058 1325 4112; x_wconf 92' lang='lat' dir='ltr'><strong>et</strong></span> <span class='ocrx_word' id='word_1_467' title='bbox 1353 4050 1738 4131; x_wconf 86' lang='lat' dir='ltr'><strong>quandoque</strong></span> <span class='ocrx_word' id='word_1_468' title='bbox 1767 4046 2129 4124; x_wconf 82' lang='lat' dir='ltr'><strong>verbaliter,</strong></span> <span class='ocrx_word' id='word_1_469' title='bbox 2154 4064 2270 4128; x_wconf 88' lang='lat' dir='ltr'><strong>pro</strong></span> <span class='ocrx_word' id='word_1_470' title='bbox 2301 4046 2457 4121; x_wconf 90' lang='lat' dir='ltr'><strong>Fiat,</strong></span> <span class='ocrx_word' id='word_1_471' title='bbox 2572 4047 2897 4111; x_wconf 77' lang='lat' dir='ltr'><strong>Abiathar</strong></span> <span class='ocrx_word' id='word_1_472' title='bbox 2923 4048 3266 4108; x_wconf 78' lang='lat' dir='ltr'><strong>sacerdotis</strong></span> <span class='ocrx_word' id='word_1_473' title='bbox 3296 4049 3493 4107; x_wconf 81' lang='lat' dir='ltr'><strong>venit.</strong></span> <span class='ocrx_word' id='word_1_474' title='bbox 3531 4047 3651 4106; x_wconf 75' lang='lat' dir='ltr'><strong>Cui</strong></span> <span class='ocrx_word' id='word_1_475' title='bbox 3684 4047 3861 4105; x_wconf 69' lang='lat' dir='ltr'><strong>dixit</strong></span> <span class='ocrx_word' id='word_1_476' title='bbox 3888 4046 4037 4106; x_wconf 77' lang='lat' dir='ltr'><strong>Ado-</strong></span> 
     </span>
     <span class='ocr_line' id='line_1_38' title="bbox 979 4135 4035 4229; baseline -0.003 -19"><span class='ocrx_word' id='word_1_477' title='bbox 979 4157 1048 4210; x_wconf 86' lang='lat' dir='ltr'><strong>ut</strong></span> <span class='ocrx_word' id='word_1_478' title='bbox 1073 4148 1212 4224; x_wconf 83' lang='lat' dir='ltr'><strong>hic;</strong></span> <span class='ocrx_word' id='word_1_479' title='bbox 1245 4148 1628 4229; x_wconf 89' lang='lat' dir='ltr'><strong>quandoque</strong></span> <span class='ocrx_word' id='word_1_480' title='bbox 1649 4146 2118 4222; x_wconf 85' lang='lat' dir='ltr'><strong>adverbialiter,</strong></span> <span class='ocrx_word' id='word_1_481' title='bbox 2141 4163 2254 4226; x_wconf 91' lang='lat' dir='ltr'><strong>pro</strong></span> <span class='ocrx_word' id='word_1_482' title='bbox 2277 4146 2458 4221; x_wconf 84' lang='lat' dir='ltr'><strong>Vere,</strong></span> <span class='ocrx_word' id='word_1_483' title='bbox 2573 4150 2766 4208; x_wconf 88' lang='lat' dir='ltr'><strong>nias:</strong></span> <span class='ocrx_word' id='word_1_484' title='bbox 2791 4135 3156 4224; x_wconf 60' lang='lat' dir='ltr'><strong>Ingredere,</strong></span> <span class='ocrx_word' id='word_1_485' title='bbox 3180 4146 3337 4224; x_wconf 81' lang='lat' dir='ltr'><strong>quia</strong></span> <span class='ocrx_word' id='word_1_486' title='bbox 3361 4147 3465 4205; x_wconf 83' lang='lat' dir='ltr'><strong>vir</strong></span> <span class='ocrx_word' id='word_1_487' title='bbox 3483 4147 3673 4224; x_wconf 80' lang='lat' dir='ltr'><strong>fortis</strong></span> <span class='ocrx_word' id='word_1_488' title='bbox 3695 4165 3782 4214; x_wconf 90' lang='lat' dir='ltr'><strong>es,</strong></span> <span class='ocrx_word' id='word_1_489' title='bbox 3803 4155 3862 4204; x_wconf 78' lang='lat' dir='ltr'><strong>et</strong></span> <span class='ocrx_word' id='word_1_490' title='bbox 3892 4146 4035 4203; x_wconf 81' lang='lat' dir='ltr'><strong>bona</strong></span> 
     </span>
     <span class='ocr_line' id='line_1_39' title="bbox 699 4243 4036 4329; baseline -0.002 -23"><span class='ocrx_word' id='word_1_491' title='bbox 699 4263 946 4316; x_wconf 61' lang='grc' dir='ltr'><strong>Ιοαηωιι,</strong></span> <span class='ocrx_word' id='word_1_492' title='bbox 979 4249 1144 4310; x_wconf 88' lang='lat' dir='ltr'><strong>sicut</strong></span> <span class='ocrx_word' id='word_1_493' title='bbox 1191 4247 1358 4329; x_wconf 88' lang='lat' dir='ltr'><strong>apud</strong></span> <span class='ocrx_word' id='word_1_494' title='bbox 1404 4246 1706 4310; x_wconf 82' lang='lat' dir='ltr'><strong>Ioannem</strong></span> <span class='ocrx_word' id='word_1_495' title='bbox 1753 4263 1766 4307; x_wconf 75' lang='grc' dir='ltr'><strong><em>ε</em></strong></span> <span class='ocrx_word' id='word_1_496' title='bbox 1815 4245 2037 4322; x_wconf 87' lang='lat' dir='ltr'><strong>Amen,</strong></span> <span class='ocrx_word' id='word_1_497' title='bbox 2087 4263 2271 4307; x_wconf 88' lang='lat' dir='ltr'><strong>amen</strong></span> <span class='ocrx_word' id='word_1_498' title='bbox 2320 4244 2462 4308; x_wconf 90' lang='lat' dir='ltr'><strong>dico</strong></span> <span class='ocrx_word' id='word_1_499' title='bbox 2496 4253 2545 4314; x_wconf 90' lang='lat' dir='ltr'>D</span> <span class='ocrx_word' id='word_1_500' title='bbox 2573 4244 3398 4322; x_wconf 80' lang='lat' dir='ltr'><strong>nuntians.Responditque</strong></span> <span class='ocrx_word' id='word_1_501' title='bbox 3420 4246 3730 4304; x_wconf 80' lang='lat' dir='ltr'><strong>Jonatlzas</strong></span> <span class='ocrx_word' id='word_1_502' title='bbox 3750 4243 4036 4304; x_wconf 78' lang='lat' dir='ltr'><strong>Adonz&#39;oe:</strong></span> 
     </span>
     <span class='ocr_line' id='line_1_40' title="bbox 685 4329 4037 4426; baseline -0.004 -13"><span class='ocrx_word' id='word_1_503' title='bbox 685 4329 753 4369; x_wconf 70' lang='lat'><strong>²⁴⁰</strong></span> <span class='ocrx_word' id='word_1_504' title='bbox 979 4346 1182 4412; x_wconf 79' lang='lat' dir='ltr'><strong>vobis,</strong></span> <span class='ocrx_word' id='word_1_505' title='bbox 1204 4349 1317 4408; x_wconf 79' lang='lat' dir='ltr'><strong>Sic</strong></span> <span class='ocrx_word' id='word_1_506' title='bbox 1340 4351 1646 4426; x_wconf 81' lang='lat' dir='ltr'><strong>loquatur</strong></span> <span class='ocrx_word' id='word_1_507' title='bbox 1665 4347 1982 4406; x_wconf 83' lang='lat' dir='ltr'><strong>Dominus</strong></span> <span class='ocrx_word' id='word_1_508' title='bbox 2009 4348 2179 4406; x_wconf 79' lang='lat' dir='ltr'><strong>Deus</strong></span> <span class='ocrx_word' id='word_1_509' title='bbox 2207 4346 2465 4405; x_wconf 86' lang='lat' dir='ltr'><strong>domini</strong></span> <span class='ocrx_word' id='word_1_510' title='bbox 2576 4348 3001 4425; x_wconf 76' lang='lat' dir='ltr'><strong>Nequaquam</strong></span> <span class='ocrx_word' id='word_1_511' title='bbox 3016 4365 3041 4414; x_wconf 92' lang='lat'><strong>,·</strong></span> <span class='ocrx_word' id='word_1_512' title='bbox 3058 4343 3361 4402; x_wconf 86' lang='lat' dir='ltr'><strong>dominus</strong></span> <span class='ocrx_word' id='word_1_513' title='bbox 3378 4343 3555 4402; x_wconf 87' lang='lat' dir='ltr'><strong>enim</strong></span> <span class='ocrx_word' id='word_1_514' title='bbox 3575 4351 3783 4402; x_wconf 75' lang='lat' dir='ltr'><strong>noster</strong></span> <span class='ocrx_word' id='word_1_515' title='bbox 3801 4362 3915 4400; x_wconf 71' lang='grc' dir='ltr'><strong>γεω</strong></span> <span class='ocrx_word' id='word_1_516' title='bbox 3934 4342 4037 4401; x_wconf 85' lang='lat' dir='ltr'><strong>Da-</strong></span> 
     </span>
     <span class='ocr_line' id='line_1_41' title="bbox 979 4440 4037 4526; baseline -0.004 -18"><span class='ocrx_word' id='word_1_517' title='bbox 979 4448 1106 4508; x_wconf 84' lang='lat' dir='ltr'><strong>mei</strong></span> <span class='ocrx_word' id='word_1_518' title='bbox 1134 4448 1302 4523; x_wconf 74' lang='lat' dir='ltr'><strong>reyis</strong></span> <span class='ocrx_word' id='word_1_519' title='bbox 1332 4464 1355 4506; x_wconf 93' lang='lat'><strong>.·</strong></span> <span class='ocrx_word' id='word_1_520' title='bbox 1382 4445 1569 4526; x_wconf 87' lang='lat' dir='ltr'><strong>quasi</strong></span> <span class='ocrx_word' id='word_1_521' title='bbox 1608 4444 1800 4519; x_wconf 85' lang='lat' dir='ltr'><strong>dicat,</strong></span> <span class='ocrx_word' id='word_1_522' title='bbox 1834 4443 2041 4506; x_wconf 89' lang='lat' dir='ltr'><strong>Verba</strong></span> <span class='ocrx_word' id='word_1_523' title='bbox 2085 4451 2211 4520; x_wconf 88' lang='lat' dir='ltr'><strong>tua,</strong></span> <span class='ocrx_word' id='word_1_524' title='bbox 2247 4463 2286 4506; x_wconf 92' lang='lat' dir='ltr'><strong>o</strong></span> <span class='ocrx_word' id='word_1_525' title='bbox 2331 4463 2458 4520; x_wconf 87' lang='lat' dir='ltr'><strong>rex,</strong></span> <span class='ocrx_word' id='word_1_526' title='bbox 2575 4447 2690 4505; x_wconf 86' lang='lat' dir='ltr'><strong>vid</strong></span> <span class='ocrx_word' id='word_1_527' title='bbox 2736 4463 2947 4519; x_wconf 71' lang='lat' dir='ltr'><strong>reyem</strong></span> <span class='ocrx_word' id='word_1_528' title='bbox 2994 4441 3325 4501; x_wconf 77' lang='lat' dir='ltr'><strong>constituit</strong></span> <span class='ocrx_word' id='word_1_529' title='bbox 3374 4442 3799 4500; x_wconf 83' lang='lat' dir='ltr'><strong>Salomonem.</strong></span> <span class='ocrx_word' id='word_1_530' title='bbox 3850 4440 4037 4499; x_wconf 70' lang='lat' dir='ltr'><strong>Misit-</strong></span> 
     </span>
     <span class='ocr_line' id='line_1_42' title="bbox 980 4540 4036 4625; baseline -0.004 -17"><span class='ocrx_word' id='word_1_531' title='bbox 980 4553 1130 4608; x_wconf 86' lang='lat' dir='ltr'><strong>sunt</strong></span> <span class='ocrx_word' id='word_1_532' title='bbox 1169 4544 1362 4608; x_wconf 80' lang='lat' dir='ltr'><strong>verba</strong></span> <span class='ocrx_word' id='word_1_533' title='bbox 1396 4544 1506 4608; x_wconf 83' lang='lat' dir='ltr'><strong>Dei</strong></span> <span class='ocrx_word' id='word_1_534' title='bbox 1549 4543 1870 4625; x_wconf 88' lang='lat' dir='ltr'><strong>loquentis</strong></span> <span class='ocrx_word' id='word_1_535' title='bbox 1911 4562 2023 4625; x_wconf 88' lang='lat' dir='ltr'><strong>per</strong></span> <span class='ocrx_word' id='word_1_536' title='bbox 2061 4551 2143 4620; x_wconf 90' lang='lat' dir='ltr'><strong>te,</strong></span> <span class='ocrx_word' id='word_1_537' title='bbox 2177 4552 2243 4606; x_wconf 88' lang='lat' dir='ltr'><strong>et</strong></span> <span class='ocrx_word' id='word_1_538' title='bbox 2273 4543 2465 4607; x_wconf 86' lang='lat' dir='ltr'><strong>verba</strong></span> <span class='ocrx_word' id='word_1_539' title='bbox 2575 4563 2696 4622; x_wconf 80' lang='lat' dir='ltr'><strong>que</strong></span> <span class='ocrx_word' id='word_1_540' title='bbox 2733 4560 2880 4600; x_wconf 83' lang='lat' dir='ltr'><strong>eum</strong></span> <span class='ocrx_word' id='word_1_541' title='bbox 2918 4559 2985 4598; x_wconf 86' lang='lat' dir='ltr'><strong>eo</strong></span> <span class='ocrx_word' id='word_1_542' title='bbox 3027 4541 3237 4600; x_wconf 85' lang='lat' dir='ltr'><strong>Sadoc</strong></span> <span class='ocrx_word' id='word_1_543' title='bbox 3264 4541 3669 4609; x_wconf 74' lang='lat' dir='ltr'><strong>sacerdotem,</strong></span> <span class='ocrx_word' id='word_1_544' title='bbox 3700 4547 3759 4598; x_wconf 78' lang='lat' dir='ltr'><strong>et</strong></span> <span class='ocrx_word' id='word_1_545' title='bbox 3788 4540 4036 4600; x_wconf 74' lang='lat' dir='ltr'><strong>Nathan.</strong></span> 
     </span>
     <span class='ocr_line' id='line_1_43' title="bbox 982 4639 4039 4724; baseline -0.004 -18"><span class='ocrx_word' id='word_1_546' title='bbox 982 4653 1088 4706; x_wconf 89' lang='lat' dir='ltr'><strong>tua</strong></span> <span class='ocrx_word' id='word_1_547' title='bbox 1119 4642 1304 4724; x_wconf 87' lang='lat' dir='ltr'><strong>quasi</strong></span> <span class='ocrx_word' id='word_1_548' title='bbox 1347 4643 1457 4706; x_wconf 88' lang='lat' dir='ltr'><strong>Dei</strong></span> <span class='ocrx_word' id='word_1_549' title='bbox 1495 4641 1901 4722; x_wconf 66' lang='lat' dir='ltr'><strong>suscipimus</strong></span> <span class='ocrx_word' id='word_1_550' title='bbox 1937 4641 2012 4702; x_wconf 90' lang='lat' dir='ltr'><strong>Et</strong></span> <span class='ocrx_word' id='word_1_551' title='bbox 2041 4642 2213 4721; x_wconf 90' lang='lat' dir='ltr'><strong>quod</strong></span> <span class='ocrx_word' id='word_1_552' title='bbox 2245 4641 2335 4703; x_wconf 78' lang='lat' dir='ltr'><strong>ait</strong></span> <span class='ocrx_word' id='word_1_553' title='bbox 2362 4641 2467 4702; x_wconf 84' lang='lat' dir='ltr'><strong>Ba-</strong></span> <span class='ocrx_word' id='word_1_554' title='bbox 2568 4642 2973 4719; x_wconf 69' lang='lat' dir='ltr'><strong>proplietam,</strong></span> <span class='ocrx_word' id='word_1_555' title='bbox 3004 4647 3063 4697; x_wconf 86' lang='lat' dir='ltr'><strong>et</strong></span> <span class='ocrx_word' id='word_1_556' title='bbox 3096 4639 3423 4698; x_wconf 83' lang='lat' dir='ltr'><strong>Banaiam</strong></span> <span class='ocrx_word' id='word_1_557' title='bbox 3455 4639 3675 4716; x_wconf 76' lang='lat' dir='ltr'><strong>filium</strong></span> <span class='ocrx_word' id='word_1_558' title='bbox 3701 4639 3963 4705; x_wconf 83' lang='lat' dir='ltr'><strong>Joiadoe,</strong></span> <span class='ocrx_word' id='word_1_559' title='bbox 3988 4643 4039 4694; x_wconf 80' lang='lat' dir='ltr'><strong>et</strong></span> 
     </span>
     <span class='ocr_line' id='line_1_44' title="bbox 921 4737 4037 4821; baseline -0.004 -17"><span class='ocrx_word' id='word_1_560' title='bbox 921 4740 930 4750; x_wconf 80' lang='grc'>’</span> <span class='ocrx_word' id='word_1_561' title='bbox 979 4741 1178 4816; x_wconf 86' lang='lat' dir='ltr'><strong>naiaS,</strong></span> <span class='ocrx_word' id='word_1_562' title='bbox 1223 4740 1324 4803; x_wconf 80' lang='lat' dir='ltr'><strong>Sic</strong></span> <span class='ocrx_word' id='word_1_563' title='bbox 1373 4741 1690 4821; x_wconf 78' lang='lat' dir='ltr'><strong>loquatur,</strong></span> <span class='ocrx_word' id='word_1_564' title='bbox 1734 4739 1895 4801; x_wconf 87' lang='lat' dir='ltr'><strong>dixit</strong></span> <span class='ocrx_word' id='word_1_565' title='bbox 1941 4739 2461 4818; x_wconf 81' lang='lat' dir='ltr'><strong>congratulando.</strong></span> <span class='ocrx_word' id='word_1_566' title='bbox 2580 4739 2831 4802; x_wconf 72' lang='lat' dir='ltr'><strong>cerethi</strong></span> <span class='ocrx_word' id='word_1_567' title='bbox 2872 4748 2930 4799; x_wconf 83' lang='lat' dir='ltr'><strong>et</strong></span> <span class='ocrx_word' id='word_1_568' title='bbox 2970 4737 3295 4806; x_wconf 74' lang='lat' dir='ltr'><strong>Phelethi,</strong></span> <span class='ocrx_word' id='word_1_569' title='bbox 3327 4745 3385 4798; x_wconf 83' lang='lat' dir='ltr'><strong>et</strong></span> <span class='ocrx_word' id='word_1_570' title='bbox 3426 4739 3869 4812; x_wconf 74' lang='lat' dir='ltr'><strong>imposuerunt</strong></span> <span class='ocrx_word' id='word_1_571' title='bbox 3911 4754 4037 4794; x_wconf 83' lang='lat' dir='ltr'><strong>eum</strong></span> 
     </span>
     <span class='ocr_line' id='line_1_45' title="bbox 983 4836 4041 4917; baseline -0.002 -17"><span class='ocrx_word' id='word_1_572' title='bbox 983 4843 1304 4910; x_wconf 76' lang='lat' dir='ltr'><strong>Quomodo</strong></span> <span class='ocrx_word' id='word_1_573' title='bbox 1335 4840 1472 4917; x_wconf 72' lang='lat' dir='ltr'><strong>fuit</strong></span> <span class='ocrx_word' id='word_1_574' title='bbox 1501 4840 1818 4900; x_wconf 81' lang='lat' dir='ltr'><strong>Dominus</strong></span> <span class='ocrx_word' id='word_1_575' title='bbox 1846 4858 1993 4898; x_wconf 87' lang='lat' dir='ltr'><strong>cum</strong></span> <span class='ocrx_word' id='word_1_576' title='bbox 2030 4840 2292 4898; x_wconf 86' lang='lat' dir='ltr'><strong>domino</strong></span> <span class='ocrx_word' id='word_1_577' title='bbox 2334 4859 2466 4898; x_wconf 87' lang='lat' dir='ltr'><strong>meo</strong></span> <span class='ocrx_word' id='word_1_578' title='bbox 2577 4859 2770 4916; x_wconf 81' lang='lat' dir='ltr'><strong>super</strong></span> <span class='ocrx_word' id='word_1_579' title='bbox 2796 4840 3045 4898; x_wconf 86' lang='lat' dir='ltr'><strong>mulam</strong></span> <span class='ocrx_word' id='word_1_580' title='bbox 3076 4839 3270 4913; x_wconf 77' lang='lat' dir='ltr'><strong>re9i8,</strong></span> <span class='ocrx_word' id='word_1_581' title='bbox 3292 4844 3743 4912; x_wconf 76' lang='lat' dir='ltr'><strong>unoeeruntque</strong></span> <span class='ocrx_word' id='word_1_582' title='bbox 3769 4855 3917 4894; x_wconf 81' lang='lat' dir='ltr'><strong>eum</strong></span> <span class='ocrx_word' id='word_1_583' title='bbox 3943 4836 4041 4894; x_wconf 84' lang='lat' dir='ltr'><strong>Sa-</strong></span> 
     </span>
     <span class='ocr_line' id='line_1_46' title="bbox 981 4933 4040 5017; baseline -0.003 -18"><span class='ocrx_word' id='word_1_584' title='bbox 981 4959 1146 5017; x_wconf 71' lang='lat' dir='ltr'><strong>reye,</strong></span> <span class='ocrx_word' id='word_1_585' title='bbox 1187 4941 1281 4998; x_wconf 87' lang='lat' dir='ltr'><strong>sic</strong></span> <span class='ocrx_word' id='word_1_586' title='bbox 1317 4939 1403 4998; x_wconf 81' lang='lat' dir='ltr'><strong>sit</strong></span> <span class='ocrx_word' id='word_1_587' title='bbox 1442 4956 1588 4997; x_wconf 87' lang='lat' dir='ltr'><strong>cum</strong></span> <span class='ocrx_word' id='word_1_588' title='bbox 1633 4940 1995 5008; x_wconf 86' lang='lat' dir='ltr'><strong>Salomone,</strong></span> <span class='ocrx_word' id='word_1_589' title='bbox 2027 4945 2087 4996; x_wconf 74' lang='lat' dir='ltr'><strong>et</strong></span> <span class='ocrx_word' id='word_1_590' title='bbox 2126 4937 2469 4996; x_wconf 84' lang='lat' dir='ltr'><strong>sublimius</strong></span> <span class='ocrx_word' id='word_1_591' title='bbox 2580 4939 2697 4997; x_wconf 84' lang='lat' dir='ltr'><strong>doc</strong></span> <span class='ocrx_word' id='word_1_592' title='bbox 2724 4937 3013 4996; x_wconf 85' lang='lat' dir='ltr'><strong>sacerdos</strong></span> <span class='ocrx_word' id='word_1_593' title='bbox 3034 4945 3094 4995; x_wconf 78' lang='lat' dir='ltr'><strong>el</strong></span> <span class='ocrx_word' id='word_1_594' title='bbox 3116 4936 3385 4998; x_wconf 72' lang='lat' dir='ltr'><strong>Nathan</strong></span> <span class='ocrx_word' id='word_1_595' title='bbox 3409 4935 3721 5012; x_wconf 72' lang='lat' dir='ltr'><strong>propheta</strong></span> <span class='ocrx_word' id='word_1_596' title='bbox 3752 4953 3953 5010; x_wconf 72' lang='lat' dir='ltr'><strong>reyem</strong></span> <span class='ocrx_word' id='word_1_597' title='bbox 3980 4933 4040 4990; x_wconf 77' lang='lat' dir='ltr'><strong>in</strong></span> 
     </span>
     <span class='ocr_line' id='line_1_47' title="bbox 983 5032 4044 5117; baseline -0.003 -20"><span class='ocrx_word' id='word_1_598' title='bbox 983 5039 1191 5117; x_wconf 78' lang='lat' dir='ltr'><strong>faciat</strong></span> <span class='ocrx_word' id='word_1_599' title='bbox 1221 5037 1455 5096; x_wconf 86' lang='lat' dir='ltr'><strong>solium</strong></span> <span class='ocrx_word' id='word_1_600' title='bbox 1485 5035 1626 5113; x_wconf 80' lang='lat' dir='ltr'><strong>ejus</strong></span> <span class='ocrx_word' id='word_1_601' title='bbox 1653 5057 1693 5094; x_wconf 89' lang='lat' dir='ltr'><strong>a</strong></span> <span class='ocrx_word' id='word_1_602' title='bbox 1723 5036 1881 5094; x_wconf 81' lang='lat' dir='ltr'><strong>solio</strong></span> <span class='ocrx_word' id='word_1_603' title='bbox 1919 5036 2174 5096; x_wconf 80' lang='lat' dir='ltr'><strong>domini</strong></span> <span class='ocrx_word' id='word_1_604' title='bbox 2212 5037 2340 5095; x_wconf 87' lang='lat' dir='ltr'><strong>mei</strong></span> <span class='ocrx_word' id='word_1_605' title='bbox 2377 5055 2473 5095; x_wconf 84' lang='lat' dir='ltr'><strong>re·</strong></span> <span class='ocrx_word' id='word_1_606' title='bbox 2588 5036 2915 5106; x_wconf 79' lang='lat' dir='ltr'><strong>Gilzon,·et</strong></span> <span class='ocrx_word' id='word_1_607' title='bbox 2935 5036 3363 5093; x_wconf 79' lang='lat' dir='ltr'><strong>ascenderunt</strong></span> <span class='ocrx_word' id='word_1_608' title='bbox 3386 5034 3543 5092; x_wconf 84' lang='lat' dir='ltr'><strong>inde</strong></span> <span class='ocrx_word' id='word_1_609' title='bbox 3562 5036 3869 5102; x_wconf 80' lang='lat' dir='ltr'><strong>laecantes,</strong></span> <span class='ocrx_word' id='word_1_610' title='bbox 3891 5032 4044 5092; x_wconf 78' lang='lat' dir='ltr'><strong>etin-</strong></span> 
     </span>
     <span class='ocr_line' id='line_1_48' title="bbox 977 5129 4039 5214; baseline -0.002 -20"><span class='ocrx_word' id='word_1_611' title='bbox 977 5138 1082 5214; x_wconf 78' lang='lat' dir='ltr'><strong>9is</strong></span> <span class='ocrx_word' id='word_1_612' title='bbox 1119 5137 1353 5204; x_wconf 80' lang='lat' dir='ltr'><strong>David,</strong></span> <span class='ocrx_word' id='word_1_613' title='bbox 1390 5133 1452 5195; x_wconf 90' lang='lat' dir='ltr'><strong>id</strong></span> <span class='ocrx_word' id='word_1_614' title='bbox 1493 5141 1610 5210; x_wconf 85' lang='lat' dir='ltr'><strong>est,</strong></span> <span class='ocrx_word' id='word_1_615' title='bbox 1655 5132 1942 5196; x_wconf 86' lang='lat' dir='ltr'><strong>latiorem</strong></span> <span class='ocrx_word' id='word_1_616' title='bbox 1968 5133 2470 5196; x_wconf 19' lang='lat' dir='ltr'><strong>&#39;dominationem</strong></span> <span class='ocrx_word' id='word_1_617' title='bbox 2583 5134 2801 5194; x_wconf 77' lang='lat' dir='ltr'><strong>son-uit</strong></span> <span class='ocrx_word' id='word_1_618' title='bbox 2821 5133 3245 5192; x_wconf 53' lang='lat' dir='ltr'><strong>avimus</strong></span> <span class='ocrx_word' id='word_1_619' title='bbox 3265 5141 3355 5192; x_wconf 72' lang='lat' dir='ltr'><strong>est</strong></span> <span class='ocrx_word' id='word_1_620' title='bbox 3387 5151 3511 5190; x_wconf 68' lang='lat' dir='ltr'><strong>voa:</strong></span> <span class='ocrx_word' id='word_1_621' title='bbox 3540 5151 3737 5210; x_wconf 80' lang='lat' dir='ltr'><strong>quam</strong></span> <span class='ocrx_word' id='word_1_622' title='bbox 3762 5129 4039 5190; x_wconf 75' lang='lat' dir='ltr'><strong>audistis.</strong></span> 
     </span>
     <span class='ocr_line' id='line_1_49' title="bbox 989 5227 4040 5312; baseline -0.004 -16"><span class='ocrx_word' id='word_1_623' title='bbox 989 5233 1222 5296; x_wconf 87' lang='lat' dir='ltr'><strong>tribuat</strong></span> <span class='ocrx_word' id='word_1_624' title='bbox 1251 5231 1594 5308; x_wconf 86' lang='lat' dir='ltr'><strong>Salomoni,</strong></span> <span class='ocrx_word' id='word_1_625' title='bbox 1613 5250 1807 5312; x_wconf 88' lang='lat' dir='ltr'><strong>quam</strong></span> <span class='ocrx_word' id='word_1_626' title='bbox 1839 5232 2109 5294; x_wconf 87' lang='lat' dir='ltr'><strong>contulit</strong></span> <span class='ocrx_word' id='word_1_627' title='bbox 2138 5231 2279 5295; x_wconf 85' lang='lat' dir='ltr'><strong>tibi.</strong></span> <span class='ocrx_word' id='word_1_628' title='bbox 2299 5231 2473 5306; x_wconf 89' lang='lat' dir='ltr'><strong>Quod</strong></span> <span class='ocrx_word' id='word_1_629' title='bbox 2588 5235 2717 5294; x_wconf 86' lang='lat' dir='ltr'><strong>Sed</strong></span> <span class='ocrx_word' id='word_1_630' title='bbox 2746 5241 2805 5291; x_wconf 89' lang='lat' dir='ltr'><strong>et</strong></span> <span class='ocrx_word' id='word_1_631' title='bbox 2838 5231 3147 5291; x_wconf 85' lang='lat' dir='ltr'><strong>Salomon</strong></span> <span class='ocrx_word' id='word_1_632' title='bbox 3171 5231 3344 5291; x_wconf 67' lang='lat' dir='ltr'><strong>‚sedet</strong></span> <span class='ocrx_word' id='word_1_633' title='bbox 3372 5248 3564 5305; x_wconf 82' lang='lat' dir='ltr'><strong>super</strong></span> <span class='ocrx_word' id='word_1_634' title='bbox 3591 5230 3831 5290; x_wconf 82' lang='lat' dir='ltr'><strong>solium</strong></span> <span class='ocrx_word' id='word_1_635' title='bbox 3858 5227 4040 5304; x_wconf 68' lang='lat' dir='ltr'><strong>reyni.</strong></span> 
     </span>
     <span class='ocr_line' id='line_1_50' title="bbox 955 5327 4047 5412; baseline -0.004 -16"><span class='ocrx_word' id='word_1_636' title='bbox 955 5345 960 5352; x_wconf 84' lang='grc'>·</span> <span class='ocrx_word' id='word_1_637' title='bbox 988 5332 1178 5396; x_wconf 87' lang='lat' dir='ltr'><strong>etiam</strong></span> <span class='ocrx_word' id='word_1_638' title='bbox 1210 5329 1379 5393; x_wconf 82' lang='lat' dir='ltr'><strong>infra</strong></span> <span class='ocrx_word' id='word_1_639' title='bbox 1411 5329 1642 5412; x_wconf 82' lang='lat' dir='ltr'><strong>legitur</strong></span> <span class='ocrx_word' id='word_1_640' title='bbox 1675 5329 1935 5393; x_wconf 81' lang='lat' dir='ltr'><strong>factum.</strong></span> <span class='ocrx_word' id='word_1_641' title='bbox 2588 5331 2673 5392; x_wconf 86' lang='lat' dir='ltr'><strong>Et</strong></span> <span class='ocrx_word' id='word_1_642' title='bbox 2695 5329 2970 5408; x_wconf 54' lang='lat' dir='ltr'><strong>inpressi</strong></span> <span class='ocrx_word' id='word_1_643' title='bbox 2988 5329 3159 5388; x_wconf 80' lang='lat' dir='ltr'><strong>servi</strong></span> <span class='ocrx_word' id='word_1_644' title='bbox 3188 5327 3853 5405; x_wconf 73' lang='lat' dir='ltr'><strong>reyis,benedia&gt;erunt</strong></span> <span class='ocrx_word' id='word_1_645' title='bbox 3868 5327 4047 5388; x_wconf 79' lang='lat' dir='ltr'><strong>domi·</strong></span> 
     </span>
    </p>
   </div>
   <div class='ocr_carea' id='block_1_4' title="bbox 4246 2012 4278 6162">
    <p class='ocr_par' dir='ltr' id='par_1_8' title="bbox 4246 2012 4278 6162">
     <span class='ocr_line' id='line_1_51' title="bbox 4246 2012 4278 6162; baseline 0 0"><span class='ocrx_word' id='word_1_646' title='bbox 4246 2012 4278 6162; x_wconf 95' lang='lat' dir='ltr'><strong> </strong></span> 
     </span>
    </p>
   </div>
  </div>
 </body>
</html>
