4359 6250
643 1087 767 1129 Dent.
793 1099 862 1136 xx,

604 1153 668 1201 ¹6,
693 1153 756 1192 17.

597 2371 734 2416 Josue
743 2377 862 2424 1137.

641 4738 660 4757 ·
689 4739 840 4795 inique

893 472 1013 550 556

1413 508 1759 555 mantuano
1802 510 1863 555 IN
1907 509 2044 556 CAP.
2087 509 2196 556 xx!
2240 509 2396 555 unm
2438 509 2689 556 8»chan
2730 508 2955 558 amun.
2999 530 3080 542 —
3120 512 3261 558 ΛΒΤ.
3307 512 3455 558 xxxl

894 682 1087 759 quasi
1125 700 1248 756 pro
1288 683 1452 758 filiis
1491 686 1697 743 Israel
1737 693 1796 742 et
1832 685 2060 743 luda:
2098 682 2219 744 hoc
2263 689 2379 755 est,
2414 679 2465 742 A
2493 681 2663 762 quod
2694 681 2841 743 iniit
2870 702 3014 745 cum
3043 683 3329 759 Jonatha,
3364 691 3434 745 ut
3462 683 3699 746 dictum
3732 693 3828 746 est
3858 702 3973 745 sae-
4002 698 4173 742 tama

896 777 1264 842 interficere
1306 779 1510 842 voluit
1537 779 1937 856 GabaonitaS,
1973 789 2033 842 et
2073 780 2382 860 quosdam

895 895 1114 939 eorum
1165 879 1502 960 percussit,
1553 878 1804 959 fingens
1854 888 1916 942 ct
1961 878 2272 941 simulans
2317 898 2384 941 sc

894 975 1016 1038 hoc
1053 975 1261 1039 facere
1291 976 1425 1039 zelo
1458 977 1638 1057 legis,
1674 978 1738 1039 in
1770 998 1898 1060 qua
1927 978 2164 1060 Moyses
2192 977 2385 1060 jussit

897 1074 1295 1138 Amorrhaeos
1343 1075 1605 1139 omnino
1656 1077 2086 1153 exterminari,
2129 1077 2209 1139 ad
2264 1076 2384 1138 uti-

895 1173 1140 1236 litatem
1187 1175 1484 1237 undecim
1529 1175 1812 1237 tribuum
1857 1195 1930 1238 ac
1979 1177 2382 1239 commodum

897 1271 1101 1334 tribus
1140 1272 1320 1349 Juda,
1363 1273 1606 1350 dicenS,
1649 1274 1820 1356 quod
1861 1273 2224 1336 Gabaonitae
2262 1281 2384 1336 ter-

893 1389 1028 1432 ram
1065 1368 1218 1432 filiis
1246 1371 1434 1434 lsrael
1467 1373 1845 1454 promissam
1877 1381 2263 1454 occuparent
2294 1371 2386 1434 in-

891 1469 1083 1551 juste,
1136 1478 1198 1532 et
1255 1470 1552 1552 expedire
1600 1471 1772 1552 quod
1832 1471 2021 1534 urbes
2071 1491 2144 1534 ac
2202 1481 2385 1534 terrae

893 1567 1384 1631 Gabaonitarum
1420 1567 1578 1631 siliis
1611 1569 1797 1632 lsrael
1831 1571 2258 1633 redderentur.
2276 1571 2386 1634 Ve-

895 1675 1250 1730 rumtamen
1283 1667 1454 1730 zelus
1486 1668 1691 1730 Saulis
1730 1667 1757 1729 i
1761 1669 1852 1730 uit
1885 1668 2289 1747 indiscretus,
2322 1676 2385 1731 et

895 1764 1095 1845 magis
1127 1764 1407 1828 creditur
1431 1775 1642 1829 motus
1675 1767 1961 1844 avaritia,
1986 1787 2179 1848 quam
2209 1767 2387 1850 justi-

2493 798 2593 861 pe,
2618 780 2746 843 imo
2776 789 2839 842 et
2869 800 3013 843 cum
3036 781 3204 857 Saul,
3222 791 3289 843 ut
3321 782 3523 864 patuit
3552 781 3760 864 primo
3783 764 4027 853 libro?

2494 877 2603 940 ubi
2654 878 2885 958 legitur
2934 879 3079 941 Saul
3127 878 3361 942 dixisse
3408 881 3483 941 ad
3533 879 3785 943 David:
3826 880 3975 941 Iura

2491 977 2650 1039 mihi
2691 977 2757 1039 in
2797 978 3083 1054 Domino,
3128 997 3208 1041 ne
3244 979 3456 1040 deleas
3494 998 3707 1042 semen
3760 962 4027 1041 meum²

2494 1083 2638 1158 post
2676 1096 2799 1153 me,
2836 1095 3042 1158 neque
3078 1075 3333 1139 auferas
3372 1096 3598 1140 nomen
3640 1095 3853 1140 meum
3896 1078 3974 1140 de

2494 1176 2682 1238 domo
2726 1175 2922 1256 patris
2967 1175 3115 1238 mei.
3151 1175 3225 1237 Et
3262 1176 3497 1257 juravit
3534 1175 3727 1239 David
3774 1175 3969 1238 Sauli.

2493 1273 2660 1336 Dixit
2690 1273 2880 1336 etiam
2917 1272 3107 1337 David
3138 1273 3523 1351 GabaonitiS,
3556 1275 3727 1354 quod
3767 1273 3977 1337 vindi-

2494 1381 2659 1436 ctam
2690 1381 3047 1453 quaererent
3081 1373 3271 1434 nimis
3300 1389 3591 1452 magnam
3616 1391 3631 1434 :
3660 1373 3802 1435 ideo
3826 1381 3977 1436 tem-

2493 1479 2877 1553 peraverunt
2908 1470 3397 1552 postulationem
3428 1491 3626 1546 suam,
3646 1471 3971 1534 dicentes:

2494 1573 2747 1632 Dentur
2778 1573 2954 1630 nobis
2982 1581 3213 1648 septem
3246 1573 3380 1630 viri
3412 1574 3491 1630 de
3518 1573 3682 1648 filiis
3710 1571 3877 1648 ejus,
3911 1571 3974 1632 id

2492 1676 2588 1731 est
2632 1669 2710 1730 de
2754 1667 2997 1730 semine
3040 1667 3203 1750 ejuS‚
3246 1675 3311 1730 et.
3351 1667 3843 1750 propinquiores
3886 1669 3978 1730 ei-

2493 1767 2659 1843 dem,
2694 1777 2767 1828 ut
2806 1767 3267 1844 crucifiyamus
3302 1787 3401 1826 eos
3432 1769 3728 1838 Domin0‚
3770 1766 3835 1828 id
3878 1775 3977 1828 est

893 1863 981 1925 tia
1029 1881 1042 1925 ε
1088 1864 1392 1944 quoniam
1440 1864 1630 1927 urbes
1679 1873 1742 1928 et
1792 1866 2225 1948 possessiones
2268 1865 2385 1929 Ga-
2420 1861 2465 1922 B
2493 1866 2569 1928 ad
2615 1865 2725 1928 Dei
2777 1865 3105 1941 honorem,
3152 1873 3217 1928 et
3261 1865 3337 1927 ad
3380 1864 3613 1927 divinae
3654 1865 3975 1946 aequitatis

892 1961 1295 2025 baonitarum
1327 1971 1508 2025 erant
1539 1963 1604 2025 in
1637 1964 1966 2046 BenJ'amin
2011 1963 2204 2041 tribu,
2241 1965 2384 2028 idco

894 2079 998 2122 eas
1032 2060 1314 2143 optavit3
1349 2069 1540 2143 atque
1572 2071 1640 2123 ut
1673 2061 1896 2138 fertur,
1931 2063 2247 2145 percussit
2275 2061 2385 2125 Ga·

892 2158 1182 2221 baonitas
1212 2178 1290 2221 ex
1319 2160 1465 2223 odio
1497 2161 1893 2223 sacerdotum
1918 2178 2078 2242 quos
2110 2169 2257 2224 ante
2288 2179 2384 2224 oc-

892 2257 1153 2335 ciderat,
1194 2259 1498 2340 quoniam
1537 2259 1901 2323 Gabaonitae
1946 2260 2382 2323 sacerdotibus

893 2356 1278 2433 serviebant,
1298 2357 1471 2438 ligna
1501 2367 1560 2420 et
1594 2377 1787 2439 aquas
1817 2360 2273 2441 comportando
2300 2359 2379 2421 ad

893 2456 1152 2518 domum
1195 2456 1327 2533 Dei,
1373 2465 1560 2539 prout
1612 2456 1676 2518 in
1709 2457 1895 2519 Josue
1940 2456 2243 2519 scribitur
2288 2457 2381 2520 eis

893 2553 1277 2634 injunctum.
1325 2553 1536 2631 Porr0‚
1585 2555 1757 2636 quod
1809 2554 1874 2616 in
1927 2554 2146 2616 multis
2198 2555 2379 2617 libris

890 2651 1317 2734 subjungitur,
1335 2653 1422 2715 Ne
1455 2653 1843 2734 perimerent
1872 2672 1994 2728 θος,
2022 2653 2088 2714 in
2119 2653 2379 2716 Hebraeo

889 2770 1018 2815 non
1057 2751 1324 2814 habetur
1361 2768 1375 2813 ε
1411 2751 1553 2814 ideo
1594 2769 1720 2816 non
1767 2761 1864 2814 est
1905 2753 1983 2814 de
2029 2759 2224 2830 textu,
2270 2753 2380 2816 sed

886 2849 968 2912 ab
1015 2849 1233 2931 aliquo
1284 2850 1642 2932 expositore
1691 2850 1814 2912 suit
1861 2851 2255 2932 adjunctum,
2305 2869 2380 2913 eo

888 2948 1058 3030 quod
1091 2948 1629 3030 subintelligatur.

2491 1964 2943 2040 ostensionem,
2979 1962 3130 2045 quia
3169 1982 3297 2026 non
3336 1963 3541 2027 solum
3580 1963 3867 2044 peccavit
3906 1964 3972 2025 in

2492 2081 2628 2139 nOS‚
2682 2062 2793 2125 sed
2842 2061 2993 2123 item
3046 2061 3111 2124 in
3160 2061 3378 2138 Deum,
3426 2062 3497 2121 in
3545 2063 3765 2122 Gabaa
3816 2061 3975 2124 urbe

2490 2165 2680 2232 Saul,
2734 2160 2799 2222 in
2859 2179 2987 2241 qua
3032 2159 3364 2236 habitavit,
3418 2163 3746 2240 quondam
3792 2162 3977 2220 electi

2490 2262 2779 2331 Domini,
2813 2259 2965 2340 quia
2994 2259 3233 2321 electus
3267 2258 3389 2321 fuit
3426 2278 3501 2321 ex
3544 2265 3675 2321 toto
3706 2258 3969 2340 populo,

2489 2367 2558 2421 ut
2604 2367 2950 2439 ungeretur
2989 2377 3026 2420 a
3064 2357 3353 2420 Samuele
3398 2358 3461 2420 in
3507 2375 3739 2438 regem,
3788 2367 3850 2421 et
3890 2358 3971 2419 ad

2491 2457 2883 2538 regnandum
2934 2457 3365 2539 temporaliter
3422 2476 3613 2539 super
3658 2457 3971 2539 populum
4002 2447 4025 2484 ²
4054 2477 4067 2486 ·

2489 2556 2622 2618 Dei.
2656 2558 2742 2616 Ει
2780 2557 2875 2616 ait
2911 2576 3029 2615 rem
3061 2573 3083 2616 .·
3116 2558 3250 2632 Eyo
3286 2558 3475 2625 dabo,
3513 2555 3665 2636 quia
3714 2556 3840 2618 Deo
3878 2555 3971 2617 sic

2490 2656 2717 2737 placet,
2760 2662 2823 2717 et
2860 2654 3011 2735 quia
3049 2654 3288 2717 bonum
3328 2654 3419 2717 rei
3458 2654 3731 2736 publicae
3772 2653 3835 2716 id
3876 2673 3973 2716 re-

2438 2797 2447 2803 ·
2488 2753 2709 2835 quirit.

2567 2850 2849 2926 Qualiter
2878 2859 3089 2914 autem
3120 2851 3247 2912 filii
3280 2859 3543 2934 propter
3570 2858 3833 2932 peccata
3866 2869 3975 2932 pa-

2489 2950 3159 3033 rentum‚quandoque
3193 2948 3623 3032 temporaliter
3652 2968 3727 3011 ac
3757 2967 3976 3031 corpo-

969 3049 1160 3108 Dioeit
1189 3067 1335 3126 erqo
1366 3051 1585 3109 David
1615 3052 1703 3109 ad
1737 3051 2127 3110 Gabaonicas
2149 3071 2171 3110 .·
2206 3052 2381 3119 Quid
2414 3052 2459 3117 C
2489 3048 2705 3111 raliter
2742 3049 2911 3132 juste
2949 3049 3317 3132 puniantur,
3353 3049 3506 3131 quia
3542 3056 3853 3131 quantum
3892 3048 3973 3109 ad

885 3148 1132 3223 facia-m
1155 3151 1370 3209 vobis?
1387 3159 1447 3210 et
1467 3152 1638 3227 quod
1657 3151 1781 3209 erit
1803 3151 1998 3209 vesi-ri
2019 3152 2379 3226 piaculum,

889 3245 953 3306 id
1003 3254 1099 3308 est
1141 3246 1418 3328 placatio
1459 3267 1532 3309 ac
1578 3246 1928 3310 satisfactio
1977 3266 2092 3329 pro
2141 3248 2380 3329 injuria

887 3344 1072 3406 vobis
1105 3344 1310 3407 illata?
1331 3346 1654 3409 Piaculum
1689 3347 2072 3427 quandoque
2104 3348 2379 3409 sumitur

888 3461 1003 3524 pro
1054 3452 1349 3524 peccat03
1402 3444 1749 3525 aliquando
1790 3462 1904 3525 pro
1943 3443 2378 3508 satisfactione

887 3541 1152 3623 pcccati,
1189 3551 1252 3605 et
1291 3544 1379 3606 ita
1421 3543 1526 3605 hic
1564 3544 1833 3625 capitur.
1880 3548 1958 3605 Uc
1989 3546 2377 3605 benedicatis

886 3644 1232 3702 hereditati
1260 3644 1550 3713 Domini,
1577 3642 1698 3705 hoc
1729 3650 1846 3718 est,
1883 3641 2046 3704 bona
2079 3641 2378 3725 imprece-

885 3739 1046 3801 mini
1081 3738 1242 3801 filiis
1268 3740 1481 3817 Israel,
1516 3740 1754 3803 orando
1787 3758 1901 3822 pro
1934 3740 2091 3823 ipsis
2134 3760 2211 3804 ex
2242 3760 2377 3803 cor-

885 3839 984 3915 de,
1020 3846 1083 3901 et
1122 3858 1238 3921 pro
1281 3847 1462 3901 terrae
1495 3838 1906 3914 fecunditate,
1943 3838 2162 3920 sicque
2195 3840 2375 3902 vobis

885 3937 1332 4012 reconciliatiS,
1355 3937 1516 3999 Deus
1547 3935 1785 4018 populo
1817 3954 1934 3999 suo
1965 3937 2273 4019 peculiari
2303 3958 2375 4001 ac

885 4044 1068 4099 terrae
1098 4036 1457 4100 benedicat.
1493 4039 1944 4116 De'a'eruntque
1971 4040 2033 4095 ei
2057 4041 2377 4099 Gabaoni-

887 4143 964 4195 toe
996 4156 1018 4193 .·
1049 4137 1192 4198 Non
1237 4146 1326 4195 esi
1365 4137 1545 4195 nobis
1587 4156 1782 4211 super
1817 4156 1978 4196 auro
2017 4145 2076 4196 ei
2113 4146 2375 4213 argento

2486 3166 2739 3231 corpuS,
2775 3155 2923 3209 sunt
2954 3146 3196 3230 aliquid
3227 3166 3485 3211 suorum
3518 3155 3876 3229 parentum,
3906 3156 3972 3209 et

2488 3253 2745 3329 propter
2774 3245 2931 3308 alias
2960 3264 3202 3321 causaS,
3220 3246 3459 3308 dictum
3490 3253 3587 3308 est
3616 3264 3805 3327 saepe.
3824 3244 3969 3306 Filii

2484 3352 2697 3407 autem
2730 3362 2857 3407 non
2900 3352 3154 3426 portant
3192 3344 3593 3425 iniquitatem
3636 3351 3971 3426 parentum

2485 3450 2797 3525 quantum
2825 3443 2905 3505 ad
2936 3442 3233 3517 animam,
3272 3442 3361 3505 ita
3397 3443 3567 3524 quod
3604 3441 3794 3504 bonis
3832 3460 3972 3522 gra-

2487 3541 2589 3604 tiae
2637 3560 2765 3605 non
2809 3541 3144 3623 privantur
3187 3550 3445 3623 propter
3490 3548 3823 3623 parentum
3869 3560 3973 3603 ex-

2485 3659 2717 3715 cessuS,
2734 3640 3027 3721 quoniam
3052 3640 3325 3703 animam
3352 3638 3714 3702 immediate
3734 3638 3973 3703 habent

2486 3758 2522 3801 a
2552 3738 2699 3801 Deo.
2719 3739 3023 3802 Praeterea
3052 3738 3283 3801 mirum
3315 3738 3584 3814 videtur,
3604 3738 3777 3820 quod
3807 3738 3971 3800 Deus

2486 3836 2659 3899 filios
2698 3837 2885 3899 lsrael
2932 3846 2995 3900 et
3037 3846 3327 3920 posteros
3368 3836 3514 3899 Saul
3559 3836 3645 3898 ita
3689 3836 3967 3918 punivit,

2484 3943 2744 4017 propter
2782 3934 3087 4016 injuriam
3128 3954 3164 3997 a
3200 3934 3385 3997 Saule
3425 3934 3794 3998 Gabaonitis
3834 3934 3973 3996 illa-

2484 4043 2635 4110 tam,
2671 4042 2735 4096 et
2766 4052 2891 4097 non
2934 4034 3125 4096 etiam
3165 4042 3425 4115 propter
3457 4033 3971 4096 intersectionem

2485 4134 2905 4207 sacerdotum,
2926 4150 3086 4213 quos
3112 4131 3597 4194 sceleratissime
3630 4130 3969 4194 interfecit.

883 4234 1171 4312 quoescio,
1207 4232 1270 4295 id
1302 4242 1418 4309 est,
1453 4232 1793 4315 pecuniam
1835 4251 1962 4295 non
2003 4233 2370 4315 quaerimus,
2408 4238 2456 4300 D
2484 4231 2574 4293 Ad
2606 4232 2777 4312 quod
2809 4231 3009 4313 aliqui
3041 4231 3282 4305 dicunt,
3301 4232 3471 4312 quod
3506 4229 3627 4291 iilii
3659 4238 3721 4293 et
3753 4248 3975 4309 cogna-

881 4334 992 4389 3εά
1036 4340 1259 4392 con-ira
1303 4334 1472 4393 Saul
1511 4342 1571 4391 et
1611 4341 1834 4392 contra
1879 4335 2145 4391 domum
2189 4334 2375 4409 ejus-,-

883 4450 1088 4508 neque
1133 4433 1430 4489 volumus
1466 4438 1539 4490 ui
1586 4432 2027 4509 interficiatur
2069 4433 2252 4491 homo
2297 4434 2374 4490 de

884 4528 1113 4588 Israel.
1139 4530 1246 4588 Ad
1279 4548 1434 4607 quos
1465 4549 1583 4588 νεα)
1614 4530 1711 4588 ait
1742 4548 1764 4587 .·
1801 4530 1973 4595 Quid
1999 4548 2146 4605 erqo
2176 4530 2377 4589 vultis

887 4636 959 4687 ui
987 4627 1242 4703 ‘faciam
1281 4628 1499 4687 vobis?
1541 4628 1662 4695 Qui
1699 4628 2013 4688 differunt
2053 4629 2192 4704 reyi
2221 4648 2244 4686 .·
2276 4631 2376 4687 Vi-

885 4746 1034 4785 rum
1065 4726 1182 4803 qui
1211 4726 1470 4785 attrivit
1500 4745 1614 4784 nos
1642 4735 1702 4784 et
1731 4726 2038 4801 oppressit
2071 4726 2313 4801 injuste
2332 4727 2371 4795 *,

884 4822 1185 4884 videlicet
1217 4822 1425 4903 ipsum
1462 4821 1609 4884 Saul
1642 4841 1753 4883 seu
1795 4830 2081 4903 posteros
2117 4823 2280 4904 eju5‚
2314 4831 2375 4885 et

885 4919 1096 5002 ipsum
1131 4920 1196 4981 in
1228 4940 1342 4983 sua
1373 4918 1742 5002 posteritate
1771 4938 1844 4981 ac
1877 4919 2114 4997 sobole,
2150 4924 2244 4982 ita
2275 4926 2377 4981 de-

885 5023 1013 5078 lere
1054 5020 1372 5090 debemus,
1421 5028 1495 5078 ut
1541 5038 1656 5077 nec
1703 5038 1874 5078 unus
1913 5021 2174 5098 quidem
2224 5022 2377 5079 resi-

882 5120 1056 5176 duus
1083 5118 1168 5176 sit
1197 5120 1276 5176 de
1304 5119 1504 5195 stirpe
1541 5118 1706 5195 ejuS,
1741 5118 1808 5175 z'n
1849 5120 2095 5178 cunctis
2133 5120 2376 5195 finibus

886 5218 1114 5275 lsrael.
1163 5214 1272 5276 His
1321 5214 1577 5292 auditiS,
1630 5214 1826 5277 David
1881 5214 1973 5277 eis
2032 5217 2371 5298 persuasit,

888 5313 1060 5393 quod
1093 5312 1158 5375 id
1191 5311 1398 5375 facere
1429 5331 1558 5376 non
1597 5320 1833 5394 posset,
1869 5322 2128 5397 propter
2169 5313 2375 5377 l'oedus

2484 4330 2531 4391 ti
2564 4330 2961 4393 sacerdotum
2995 4329 3273 4406 illorum,
3297 4328 3699 4391 indulserunt
3734 4337 3971 4391 tantam

2486 4428 2814 4509 injuriam.
2859 4427 3050 4490 Multa
3095 4446 3353 4509 quoque
3403 4436 3551 4489 sunt
3600 4426 3790 4503 facta,
3831 4446 3973 4509 quae

2485 4545 2613 4589 non
2653 4534 2802 4587 sunt
2840 4526 3179 4607 descripta.
3216 4525 3335 4588 Sed
3374 4534 3436 4588 et
3478 4524 3839 4588 interiectio
3878 4546 3975 4587 sa-

2484 4625 2809 4687 cerdotum
2838 4632 2901 4687 et
2929 4623 3256 4706 percussio
3286 4623 3563 4687 civitatis
3593 4642 3833 4698 eorum,
3855 4622 3977 4685 suit

2485 4741 2613 4785 una
2650 4741 2841 4785 causa
2881 4740 3008 4785 non
3048 4721 3336 4798 minima,
3370 4721 3452 4784 ob
3490 4740 3680 4803 quam
3712 4720 3977 4784 interie-

2484 4828 2623 4882 ctus
2662 4829 2725 4883 et
2765 4838 2959 4899 regno
2999 4819 3287 4902 privatus
3326 4827 3421 4882 est
3462 4818 3631 4882 Saul.
3674 4819 3785 4881 Est
3820 4838 3975 4901 quo·

2485 4939 2610 5001 que
2642 4919 2994 5002 probabile,
3029 4919 3200 5001 quod
3239 4919 3517 5002 populus
3545 4919 3733 4981 lsrael
3774 4918 3973 4999 magis

2486 5018 2808 5081 consensit
2838 5018 3010 5080 Sauli
3044 5018 3108 5080 in
3143 5017 3583 5099 persecutione
3612 5016 3975 5080 Gabaonita-

2486 5137 2651 5193 rum,
2693 5136 2886 5198 quam
2930 5117 3353 5180 sacerdotum.

2565 5218 2985 5294 Peperciique
3014 5237 3132 5275 reoe
3162 5218 3586 5294 Mipliibosech
3614 5217 3757 5293 filio
3782 5218 3969 5276 Jona-

2489 5318 2614 5377 chae
2654 5316 2789 5391 filii
2830 5316 2999 5376 Saul
3034 5324 3301 5392 propter
3326 5314 3811 5393 jusjurandum
3852 5316 3968 5373 Do-

4082 775 4150 808 n
4172 765 4229 802 tf.

4024 896 4179 938 1&in
4156 913 4255 945 xm

4060 963 4161 1010 ..3.

4035 2381 4185 2422 Ibida
4218 2383 4249 2424 Ι,

4052 3262 4211 3305 Bacch-

4000 3340 4113 3373 xvm,
4136 3329 4195 3367 ὲὺ.

4016 4153 4147 4207 they.
4162 4167 4243 4193 nu.

4004 4220 4069 4259 ¹8.
