4359 6250
967 511 1315 562 samario
1359 509 1420 554 m
1461 507 1600 554 cu.
1646 505 1730 553 xx
1772 504 1930 551 mam
1959 504 2169 552 ,ram-11
2210 503 2435 552 moun.
2479 523 2560 534 —
2598 504 2743 550 aar.
2788 503 2916 550 xxx
3361 481 3481 545 719

372 692 551 761 tenS,
583 703 658 746 ac
688 682 990 747 omnibus
1018 681 1377 757 dominans,
1411 686 1473 742 et
1504 679 1592 740 ita
1619 694 1882 743 conver-
1911 671 1962 740 A
1990 675 2316 743 missionis
2374 675 2617 739 exstitit
2674 681 3039 750 montuosa,
3078 674 3259 754 juxta
3315 670 3476 733 illud

372 783 542 846 taris
589 785 668 848 ad
718 803 842 846 me.
885 787 972 846 Et
1019 785 1117 844 ait
1148 784 1368 843 Achab
1403 801 1426 840 .·
1456 782 1588 842 Per
1635 797 1826 858 quem
1852 779 1882 834 ,9
1990 774 2459 838 Deuteronomii
2498 793 2512 836 ε
2549 775 2739 837 Terra
2768 775 2845 836 ad
2876 792 3063 854 quam
3099 769 3473 852 ingrederiS,
3520 791 3767 846 Decima,

370 886 704 963 Dixitque
753 886 816 942 ei
857 903 880 944 :
925 885 1080 944 Haec
1120 882 1284 942 dicit
1328 880 1648 940 Dominus
1693 897 1714 936 .·
1750 877 1879 937 Per
1991 883 2327 937 montuosa
2358 881 2454 937 est
2487 881 2549 936 et
2586 872 2981 954 campestris,
3017 871 3185 933 Elias
3221 886 3479 952 quoque
3509 857 3577 900 ¹¹·

365 985 758 1061 pedisequos
792 982 1178 1059 principum
1210 978 1730 1056 provinciarum.
1774 973 1883 1034 Pe-
1993 973 2059 1034 in
2103 979 2321 1036 monte
2360 970 2629 1034 Carmeli
2676 971 2876 1034 erexit
2913 971 3150 1044 altare3
3191 977 3255 1032 et
3292 967 3480 1031 vituli

373 1078 640 1160 disequi
690 1078 796 1140 hic
835 1085 1147 1142 vocantur
1196 1072 1485 1139 scutiferi
1533 1092 1645 1136 seu
1696 1069 1881 1133 armi·
1990 1071 2166 1134 aurei
2198 1089 2357 1153 quos
2396 1070 2522 1133 filii
2561 1070 2749 1136 lsrael
2796 1070 3164 1146 adorabant,
3196 1076 3378 1131 erant
3412 1066 3479 1129 in

372 1177 521 1255 geri
553 1176 942 1259 principum,
980 1175 1044 1238 id
1074 1183 1172 1238 est
1217 1171 1672 1256 principalium
1701 1169 1883 1231 nobi-
1993 1169 2161 1232 fanis
2194 1169 2577 1233 sublimibus
2600 1169 2814 1252 positi,
2840 1167 3135 1232 similiter
3166 1167 3477 1249 templum

374 1274 678 1356 liumque
714 1273 1000 1336 virorum
1045 1273 1265 1336 decem
1311 1270 1616 1333 tribuum.
1665 1266 1882 1347 Aliqui
1993 1268 2059 1330 in
2090 1276 2307 1332 monte
2328 1268 2495 1331 Sion.
2515 1271 2665 1329 Ideo
2686 1264 3481 1348 superaveruntnos,quia

377 1380 602 1435 tamen
646 1371 972 1454 principes
1012 1370 1158 1433 illos
1203 1371 1429 1432 dicunt
1475 1367 1676 1430 fuisse
1713 1363 1884 1428 obsi·
1991 1367 2417 1449 pugnavimus
2465 1375 2687 1431 contra
2732 1385 2840 1430 eos
2891 1366 2958 1428 in
3008 1363 3356 1441 montibuS‚
3412 1363 3479 1426 in

375 1471 500 1532 des
528 1468 982 1552 nobileS,qu0s
1003 1469 1082 1532 de
1101 1467 1246 1531 aliis
1279 1465 1648 1546 regionibus
1668 1463 1884 1527 Achab
1991 1465 2227 1546 quibus
2260 1466 2347 1528 dii
2381 1484 2601 1529 eorum
2634 1473 3007 1548 potestatem
3039 1463 3483 1527 exercent.Pu-

376 1578 742 1652 acceperat.
777 1572 864 1631 Et
892 1570 1032 1631 ait:
1056 1569 1212 1637 Quis
1240 1567 1509 1644 incipiet
1533 1565 1837 1644 praetiari
1855 1565 1884 1622 ἒ
1993 1564 2212 1626 tabant
2242 1574 2453 1628 autem
2484 1564 2779 1643 gentileS‚
2814 1562 3081 1626 diversis
3126 1571 3309 1626 terrae
3341 1580 3483 1643 par-

385 1671 474 1730 E't
505 1671 620 1728 ille
646 1669 824 1728 dixit
854 1688 877 1727 .·
915 1671 1030 1728 Tu.
1063 1666 1408 1728 Recensuit
1435 1683 1609 1741 erqo,
1638 1663 1758 1725 hoc
1788 1668 1885 1725 est
1993 1662 2186 1738 tibus,
2219 1662 2619 1744 diversisque
2650 1661 2983 1726 elementis
3012 1661 3296 1725 diversos
3326 1660 3481 1723 deos

379 1765 775 1842 numeravit,
801 1785 1058 1843 pueros,
1096 1763 1159 1826 id
1189 1771 1286 1827 est
1315 1760 1614 1845 praefatos
1644 1761 1883 1844 pedise-
1994 1779 2285 1841 praeesse,
2322 1761 2491 1824 sicut
2518 1762 2595 1823 de
2634 1761 2757 1823 hoc
2799 1760 2865 1822 in
2909 1760 3075 1823 libro
3105 1760 3183 1823 de
3212 1758 3480 1824 Civitate

379 1883 575 1946 quOS,
603 1866 985 1942 principum
1009 1863 1532 1942 provinciarum,
1563 1869 1621 1920 et
1647 1861 1884 1938 reperit
1921 1857 1968 1920 B
1997 1859 2103 1921 Dei
2134 1858 2386 1940 plenius
2430 1859 2714 1940 loquitur
2742 1858 3155 1938 Augustinus,
3191 1861 3320 1920 Sed
3360 1879 3485 1919 me-

377 1983 737 2025 numerum
781 1966 1208 2026 ducentorum
1255 1963 1530 2039 triqinta
1572 1963 1876 2020 duorum.
1992 1959 2122 2018 lius
2150 1968 2262 2028 est,
2288 1967 2361 2018 ut
2383 1977 2746 2034 puqnemus
2766 1967 2989 2018 contra
3010 1977 3111 2017 eos
3134 1959 3203 2017 in
3226 1976 3474 2033 campe-

381 2063 474 2121 Εἰ
497 2063 815 2122 recensuit
826 2071 969 2138 post
995 2081 1095 2120 eos
1117 2063 1461 2138 poputum,
1481 2077 1696 2119 omnes
1714 2058 1885 2133 filios
1989 2058 2251 2126 stribus,
2271 2066 2330 2117 et
2350 2057 2770 2120 obtinebimus
2786 2076 2906 2116 eos.
2922 2059 3017 2117 Tu
3033 2075 3180 2132 erqo
3202 2057 3465 2115 verbum

381 2161 620 2232 Israel,
668 2168 902 2236 septem
949 2160 1188 2220 millia.
1239 2156 1485 2232 Mirum,
1532 2155 1705 2236 quod
1755 2163 1882 2216 tam
1991 2155 2107 2215 hoc
2133 2157 2263 2235 fae.
2291 2157 2529 2216 Amove
2559 2174 2732 2232 reyes
2760 2156 3049 2232 sinqulos
3078 2157 3156 2215 ab
3183 2157 3471 2217 exercitu

381 2257 582 2338 pauci
613 2256 877 2320 fuerunt
910 2275 923 2318 :
960 2264 1022 2319 et
1049 2255 1314 2318 forsitan
1347 2274 1423 2319 ex
1451 2254 1674 2317 timore
1697 2252 1885 2315 multi
1991 2275 2125 2326 suo,
2169 2253 2234 2316 id
2284 2261 2379 2317 est
2420 2273 2457 2316 a
2506 2252 2730 2316 turmis
2779 2271 2999 2317 corum
3037 2271 3051 2315 ε
3095 2253 3251 2335 quia
3299 2273 3479 2335 reges

379 2355 758 2420 defuerunt.
795 2360 877 2418 Et
904 2357 1139 2433 eqressi
1165 2365 1318 2416 sunt
1347 2356 1639 2416 meridie.
1993 2351 2361 2435 frequenter
2403 2353 2639 2417 inertes
2686 2360 2835 2414 sunt
2878 2361 2940 2416 et
2986 2352 3178 2415 nimis
3219 2353 3477 2417 delicati

470 2459 791 2518 Benadad
834 2465 1052 2515 autem
1099 2455 1340 2514 bibebat
1386 2457 1770 2514 temulentus
1811 2454 1885 2512 in
1993 2451 2073 2512 ad
2130 2450 2575 2514 sustinendum
2624 2450 2909 2532 pericula
2966 2450 3353 2533 praeliorum,
3404 2471 3477 2514 ac

381 2556 768 2616 umbraculo
795 2573 937 2623 suc,
965 2562 1024 2612 et
1052 2571 1226 2642 reyes
1272 2552 1547 2629 triginta
1575 2553 1704 2611 duo
1733 2569 1881 2610 cum
1995 2547 2415 2626 formidolosi,
2453 2569 2535 2612 ne
2582 2549 3040 2631 percutiantur,
3086 2549 3267 2630 juxta
3317 2549 3479 2614 illud

382 2674 484 2725 eo,
507 2655 625 2734 qui
649 2655 738 2713 ad
757 2651 1094 2712 auoeilium
1112 2651 1253 2726 ejus
1277 2658 1605 2710 venerant.
1625 2648 1888 2725 Eqressi
1991 2647 2128 2724 lob,
2149 2648 2457 2729 Angustia
2475 2647 2739 2710 vallabit
2768 2647 3061 2729 impium,
3086 2647 3249 2711 sicut
3270 2665 3482 2730 regem
3525 2668 3609 2712 10⁶
3623 2671 3773 2722 mu.

383 2761 546 2812 sunt
594 2761 810 2812 autem
849 2751 1050 2826 pueri
1087 2749 1470 2824 principum
1511 2746 1887 2824 provincia·
1994 2747 2107 2828 qui
2139 2755 2396 2828 paratur
2421 2747 2499 2809 ad
2530 2745 2822 2828 praelium
2848 2756 2951 2811 :et
2983 2744 3198 2811 forsan
3232 2747 3297 2810 in
3330 2766 3483 2831 prae-

383 2871 544 2912 rum
571 2852 647 2910 in
673 2849 900 2928 prima
940 2847 1178 2924 fronte.
1214 2847 1400 2908 Asisit
1427 2847 1648 2924 itaque
1679 2847 1887 2904 Bena-
1993 2845 2231 2928 scripto
2260 2845 2432 2908 bello
2474 2843 2627 2907 satis
2666 2844 2792 2908 cito
2832 2845 3176 2925 fugerunt3
3211 2857 3272 2909 et
3317 2867 3487 2926 pone

384 2951 563 3020 dad,·
595 2949 712 3027 qui
749 2948 1227 3008 nuntiaverunt
1259 2946 1343 3015 ei,
1374 2945 1654 3005 dicentes
1684 2963 1707 3002 .·
1745 2943 1888 3002 Viri
1989 2945 2318 3021 principes
2350 2964 2473 3021 pro
2514 2945 2631 3014 eis,
2671 2951 2744 3006 ut
2785 2944 3091 3007 exercitui
3136 2945 3483 3025 cujuslibet

383 3049 629 3126 eyressi
655 3055 809 3108 sunt
836 3049 918 3107 de
945 3044 1280 3106 Samaria.
1312 3045 1401 3104 At
1428 3043 1541 3104 ille
1568 3044 1664 3104 ait
1685 3059 1708 3102 ·.·
1729 3043 1883 3104 Sive
1921 3039 1965 3103 C
1995 3042 2160 3124 regis
2193 3041 2407 3125 praesit
2438 3041 2735 3125 princeps
2766 3041 3014 3106 militiae
3046 3051 3384 3117 strenuus;
3428 3055 3487 3106 et

377 3167 510 3225 pro
531 3166 694 3225 pace
723 3146 1017 3215 veniunt,
1051 3143 1512 3221 apprehendite
1537 3161 1637 3201 eos
1665 3142 1842 3200 vivos
1859 3164 1888 3211 ,·
1993 3144 2294 3204 instaura
2342 3162 2686 3204 numerum
2738 3144 3026 3205 militum
3077 3146 3195 3222 qui
3246 3146 3483 3205 cecide-

386 3248 526 3306 sive
554 3255 629 3306 ut
641 3246 1054 3323 praelientur,
1074 3243 1252 3302 vivos
1271 3260 1372 3300 eos
1389 3242 1609 3318 capite.
1627 3239 1886 3317 Eqressi
1993 3251 2150 3303 runt
2179 3245 2259 3301 de
2282 3242 2512 3309 tuis,et
2540 3261 2729 3321 equos
2755 3244 3107 3303 secundum
3136 3262 3327 3322 equos
3352 3244 3490 3321 pri-

385 3355 548 3407 sunt
573 3364 722 3422 erqo
745 3344 943 3422 pueri
953 3340 1339 3419 principum
1357 3339 1881 3417 provinciarum,
1992 3342 2221 3409 stinos,
2265 3350 2326 3401 et
2372 3360 2606 3400 currus
2652 3342 3003 3401 secundum
3052 3360 3283 3401 currus
3333 3361 3489 3421 quos

391 3464 472 3504 ac
505 3444 798 3522 reliquus
839 3440 1158 3500 emere-itus
1196 3440 1598 3517 sequebatur.
1630 3439 1717 3498 Et
1741 3456 1888 3513 per-
1996 3448 2146 3500 ante
2187 3439 2495 3500 habuisti.
2536 3440 2614 3499 Et
2648 3440 3091 3516 puqnabimus
3119 3448 3343 3500 contra
3384 3460 3485 3501 eos

390 3542 592 3601 cussit
622 3539 1066 3617 unusquisque
1099 3538 1316 3596 virum
1359 3535 1437 3598 de
1477 3534 1756 3597 exercitu
1788 3534 1889 3615 Sy·
1995 3539 2070 3598 in
2099 3538 2582 3615 campestribus,
2612 3536 2679 3598 in
2719 3536 2953 3617 quibus
2997 3536 3088 3600 dii
3126 3556 3349 3601 eorum
3393 3538 3515 3601 nil·

393 3656 640 3713 rorum,
672 3638 790 3717 qui
824 3644 1050 3696 contra
1095 3654 1160 3693 se
1208 3635 1498 3694 veniebat
1516 3656 1544 3705 ,·
1572 3634 1888 3710 fuqerunt
1998 3644 2285 3717 possunt,
2319 3645 2378 3695 et
2408 3637 2653 3696 videbis
2695 3639 2866 3715 quod
2902 3637 3325 3698 obtinebimus
3362 3658 3483 3710 eos,

393 3738 584 3814 Syri,
598 3736 724 3798 Deo
754 3731 1179 3815 omnipotenti
1206 3732 1399 3794 corda
1424 3750 1644 3795 eorum
1677 3729 1890 3793 subito
1999 3733 2063 3795 id
2094 3741 2191 3796 est
2222 3733 2574 3796 vincemus.
2616 3734 2904 3795 Credidit
2934 3735 3200 3795 consilio
3238 3756 3482 3810 eorum,

395 3836 801 3909 immutante,
819 3828 1390 3913 obstupefaciente,
1415 3837 1808 3911 perterrente
1829 3836 1892 3893 et
1999 3842 2058 3893 et
2076 3833 2233 3909 fecit
2261 3834 2377 3894 ita.

394 3932 796 4009 debilitante,
813 3942 872 3992 et
883 3939 1252 4009 persecutus
1279 3939 1368 3990 est
1386 3948 1486 3989 eos
1512 3931 1738 3991 Israel.
1757 3932 1890 3991 Fu·
2064 3932 2285 4008 Iqitur
2294 3940 2635 4009 postquam
2655 3951 2871 3991 annus
2896 3932 3264 4003 transierat,
3283 3954 3490 3995 recen-

387 4034 496 4109 9it
541 4051 790 4111 quoque
823 4031 1142 4091 Benadad
1188 4048 1306 4088 rea>
1347 4028 1564 4104 Syrioe
1611 4028 1686 4086 in
1731 4047 1888 4107 equo
1995 4032 2130 4091 suit
2149 4031 2466 4091 Benadad
2483 4032 2706 4106 Syros,
2729 4039 2789 4090 et
2816 4032 3105 4092 ascendit
3132 4032 3206 4092 in
3228 4035 3486 4111 Apkec:

393 4151 550 4191 eum
595 4129 918 4208 equitibus
955 4128 1112 4187 suis.
1163 4127 1426 4189 Necnon
1465 4144 1746 4201 eqressus
1774 4145 1892 4185 rea·
2000 4126 2297 4210 quae‚fuit
2326 4126 2550 4191 civitas
2581 4126 2648 4188 in
2670 4144 2865 4207 regno
2883 4128 3070 4192 Israel
3094 4128 3348 4208 situata,
3376 4135 3485 4197 sed

393 4229 633 4296 Israel,
646 4224 964 4303 Percussit
988 4242 1177 4302 equos
1205 4232 1265 4284 et
1283 4242 1537 4292 currus,
1555 4231 1614 4281 et
1635 4241 1892 4298 percus-
1922 4226 1972 4288 D
1999 4228 2090 4291 eis
2120 4247 2235 4310 per
2265 4226 2450 4309 Syros
2492 4223 2721 4302 ablata,
2753 4226 2931 4306 juxta
2958 4246 3151 4309 quam
3191 4238 3327 4292 erat
3356 4251 3489 4295 ma-

391 4328 484 4387 sit
513 4328 788 4402 Syriam
810 4328 1014 4401 playa
1045 4343 1282 4400 magna
1322 4323 1542 4383 nimis.
1571 4323 1891 4383 Accedens
1994 4342 2122 4405 gna
2150 4322 2360 4404 campi
2410 4320 2707 4404 planities
2732 4345 2748 4397 ς
2780 4332 2854 4383 ut
2890 4336 3215 4401 puynaret
3260 4339 3485 4391 eontra

393 4434 616 4491 autem
633 4425 960 4499 Propheta
988 4424 1077 4483 ad
1097 4440 1305 4497 reqem
1324 4421 1556 4489 Israel,
1577 4422 1755 4480 dimit
1782 4424 1845 4480 ei
1865 4441 1890 4481 .·
2000 4426 2223 4493 Israel,
2257 4420 2319 4483 id
2350 4428 2467 4497 est,
2501 4420 2569 4482 in
2598 4439 2725 4503 qua
2754 4421 3173 4485 decreverunt
3203 4423 3341 4506 Syri
3373 4446 3487 4509 pu-

409 4524 586 4585 Vade
611 4531 673 4582 et
699 4521 1090 4597 confortare,
1117 4528 1178 4579 et
1213 4520 1392 4590 scit0,
1429 4527 1489 4577 et
1533 4519 1681 4578 vide
1727 4521 1891 4597 quid
1996 4539 2213 4601 gnare.
2250 4522 2454 4581 Porro
2484 4521 2620 4595 filii
2650 4521 2859 4581 Israel
2895 4524 3193 4587 recensiti
3218 4534 3392 4596 sunt,
3424 4536 3485 4587 et

388 4622 632 4698 facias,
663 4618 730 4682 id
773 4626 890 4695 est,
923 4616 1190 4699 provide
1223 4615 1361 4692 tibi,
1399 4623 1461 4678 et
1505 4614 1637 4678 noli
1681 4614 1890 4679 offen·
1993 4618 2267 4694 acceptis
2306 4618 2594 4689 cibariis,
2622 4620 2903 4698 profecti
2940 4638 3023 4678 ecc
3068 4622 3335 4681 adverso
3382 4642 3488 4681 ca.-

387 4718 544 4781 dere
583 4718 800 4793 Deum,
842 4715 956 4797 qui
997 4713 1112 4777 tibi
1155 4713 1473 4777 concessit
1511 4713 1883 4789 victoriam3
1991 4716 2355 4776 strametati
2380 4724 2558 4784 sunt,
2587 4714 2653 4777 id
2696 4722 2811 4792 est,
2846 4715 3119 4779 tentoria
3165 4736 3281 4779 sua
3324 4717 3488 4783 fixe-

385 4818 685 4897 sequenti
725 4815 904 4877 enim
949 4834 1122 4874 anno
1170 4833 1289 4873 rem
1325 4814 1544 4890 Syrioe
1593 4816 1888 4875 ascendet
1993 4820 2164 4890 runt,
2205 4822 2429 4873 contra
2468 4832 2591 4883 eos,
2625 4814 2816 4892 quasi
2852 4817 2985 4875 duo
3021 4817 3225 4892 parvi
3263 4835 3485 4894 =qreyes

389 4924 617 4976 contra
649 4922 727 4975 te.
1991 4932 2365 4991 caprarum.
2398 4909 2575 4974 Unde
2610 4910 2885 4987 elicitur,
2919 4913 3092 4993 quod
3132 4914 3477 4977 exercitum

473 5016 670 5076 Servi
695 5032 841 5072 vero
868 5012 1037 5089 reqis
1057 5012 1276 5090 Syrioe
1303 5012 1616 5073 dioeerunt
1646 5013 1752 5073 ei:
1773 5013 1889 5073 Dii
1994 5030 2180 5073 suum
2210 5010 2565 5075 diviserunt
2595 5010 2661 5073 in
2706 5010 2865 5073 duas
2896 5020 3131 5093 parteS,
3166 5030 3311 5093 quae
3352 5032 3488 5075 am-

395 5113 721 5173 mantium
749 5120 903 5172 sunt
921 5112 1025 5171 dii
1052 5131 1296 5183 eorum,
1323 5109 1618 5175 videlicet
1648 5110 1892 5175 lsraeli—
1996 5110 2092 5173 bae
2120 5109 2311 5173 simul
2344 5108 2602 5174 fuerunt
2632 5108 3031 5193 paucissimae
3060 5118 3354 5191 respectu
3379 5110 3489 5194 Sy-

396 5218 631 5273 tarum.
679 5209 808 5272 Hoc
857 5207 1367 5291 suspicabantur,
1409 5209 1562 5289 quia
1609 5208 1890 5271 Samaria
1998 5226 2235 5272 rorum.
2268 5208 2749 5273 Hincsubditur
2784 5226 2799 5273 :
2832 5212 2998 5288 Syri
3036 5218 3253 5271 autem
3286 5213 3489 5287 reple·

403 5308 532 5373 fuit
561 5308 630 5371 in
670 5307 995 5373 montibus
1041 5307 1183 5384 sita,
1221 5306 1348 5395 imo
1381 5312 1512 5368 tota
1554 5313 1720 5367 terra
1749 5322 1895 5387 pro-
2001 5315 2234 5370 verunt
2290 5317 2529 5370 terram
2580 5326 2695 5389 pro
2752 5326 2997 5391 magna⁵
3039 5314 3239 5389 parte.
3293 5307 3487 5375 Erant
