4359 6250
927 474 1048 538 650

1495 496 1844 543 mammo
1887 498 1948 543 m
1989 498 2127 543 cAr.
2173 498 2281 543 vm
2324 499 2482 545 mm
2522 500 2721 545 'tunm
2762 500 2988 547 amun.
3031 520 3113 533 ·-
3152 502 3297 547 Am.
3340 502 3452 548 1111

926 661 1047 725 bus
1095 663 1557 730 circumscribi.
1601 667 1680 729 Ut
1719 666 1890 730 enim
1934 667 2000 729 in
2034 668 2423 733 Scholastica
2448 670 2501 732 A
2528 669 2829 733 clarando
2862 690 2975 753 per
3022 670 3330 735 effectum
3376 672 3807 735 innocentiam
3844 674 3993 753 ejus,

931 764 1134 827 fertur
1179 764 1466 843 historia,
1501 766 1651 828 dum
1700 766 1931 829 nebula
1977 768 2305 830 descendit
2355 768 2419 829 in

935 864 1268 945 templum,
1291 864 1552 928 intravit
1573 864 1807 927 multos
1828 866 2229 947 phantastica
2257 884 2423 947 quae-

930 963 1076 1025 dam
1127 962 1370 1045 opini0,
1422 963 1760 1027 Dominum
1821 964 2106 1028 localiter
2163 967 2423 1029 descen—

927 1061 1097 1123 disse
1137 1061 1202 1122 in
1239 1062 1546 1144 templum
1575 1080 1806 1144 :quem
1847 1083 2123 1128 errorem
2165 1066 2423 1129 rudissi-

929 1179 1104 1222 mum
1155 1168 1219 1223 et
1267 1160 1560 1244 iniquum
1611 1162 1908 1226 Salomon
1958 1183 2071 1247 per
2119 1165 2423 1247 praedicta

930 1259 1264 1321 destruxit.

1012 1357 1140 1421 Hoc
1171 1377 1428 1441 quoque
1460 1362 1878 1441 pensandum,
1901 1363 2072 1443 quod
2105 1371 2236 1425 tota
2256 1362 2424 1427 Salo-

933 1457 1140 1519 monis
1172 1457 1372 1520 oratio
1395 1457 1459 1519 in
1484 1459 1604 1522 isto
1635 1460 1952 1542 descripta
1971 1461 2255 1542 capitulo
2283 1481 2425 1525 con-

939 1557 1098 1619 tinet
1127 1566 1366 1640 septem
1401 1558 1744 1640 particulas
1777 1579 1887 1622 seu
1921 1561 2263 1642 petitiones
2282 1580 2425 1643 par-

2528 769 3067 843 Quemadmodum
3098 779 3307 833 autem
3340 772 3405 834 in
3433 772 3598 835 novo
3614 772 3998 835 Testamento

2528 869 3058 932 excommunicati
3108 878 3393 951 tempore
3430 871 3773 952 primitivae
3808 871 3999 934 Eccle-

2528 968 2639 1030 siae
2688 978 3157 1031 consueverunt
3204 988 3245 1031 a
3290 970 3545 1042 diabolo
3602 970 3997 1052 corporaliter

2530 1066 2765 1143 vexari,
2808 1068 2999 1130 etiam
3039 1088 3207 1150 saepe
3246 1088 3447 1151 usque
3492 1070 3571 1131 ad
3622 1078 3905 1145 mortem,
3932 1078 3997 1131 ut

2527 1167 2608 1229 ad
2655 1166 3016 1230 Corinthios
3055 1169 3257 1248 tangit
3296 1170 3659 1251 ApostoluS,
3703 1169 3771 1231 In
3808 1188 3999 1252 prom·
4026 1188 4239 1235 nemu.

2532 1273 2667 1347 ptu‚
2730 1266 3052 1347 inquienS,
3114 1268 3421 1331 habentes
3480 1268 3705 1331 ulcisci
3762 1286 3999 1331 omnem

2532 1365 3067 1441 inobedientiam;
3118 1365 3203 1428 ita
3250 1366 3316 1429 in
3364 1367 3563 1430 veteri
3615 1367 3999 1430 Testamento

2528 1466 2929 1547 perjurantes
2962 1466 3253 1528 solebant
3296 1466 3614 1529 interdum
3664 1465 3875 1528 statim
3904 1486 4003 1548 pu-

2533 1563 2680 1640 niri,
2716 1565 3249 1645 quemadmodum
3283 1565 3475 1628 etiam
3514 1565 3817 1628 mulieres
3842 1564 4003 1626 adul·

665 1670 901 1722 raum..
941 1655 1260 1733 ticulareS,
1295 1658 1829 1738 quemadmodum
1861 1659 2073 1721 Oratio
2103 1660 2424 1723 dominica
2532 1672 2683 1725 terae
2740 1662 2806 1724 in
2856 1662 3179 1726 sacrificio
3224 1663 3572 1746 zelotypiae,
3607 1673 3683 1727 ut
3728 1670 3899 1745 patet
3941 1663 4000 1723 in
4028 1680 4238 1722 Nau:

638 1735 751 1776 ⁹⁴³·
933 1775 1124 1837 quam
1157 1754 1445 1819 Salvator
1485 1757 1757 1820 edocuit.
1791 1758 1998 1820 Prima
2029 1759 2254 1839 petitio
2299 1757 2423 1821 fuit
2534 1762 2699 1824 libro
2741 1762 3177 1824 Numerorum.
3216 1763 3481 1825 Demum
3516 1764 3597 1825 de
3624 1762 4003 1825 exhibitione
4277 1754 4278 1767 ¹

934 1873 1049 1936 pro
1083 1873 1150 1917 se
1181 1854 1320 1936 ipso
1341 1862 1404 1917 et
1427 1854 1646 1920 sobole
1675 1876 1809 1931 sua,
1837 1866 1906 1919 ut
1939 1858 2415 1930 benevivendo,
2462 1865 2505 1926 B
2531 1859 2875 1941 juramenti
2916 1860 2982 1922 in
3014 1861 3371 1942 perditione
3398 1862 3783 1942 depositi,in
3804 1862 4003 1925 Exodo
4042 1879 4239 1923 emm..
4277 1914 4278 1917 ,

932 1954 1346 2017 succederent
1363 1953 1600 2034 jugiter
1629 1954 1763 2034 regi
1784 1955 1980 2017 David
2015 1955 2080 2017 in
2113 1974 2330 2035 regno,
2353 1964 2423 2018 ut
2532 1959 2822 2022 habetur.
4030 1948 4067 1992 ε’
4086 1946 4142 1985 ¹¹·
4277 1968 4278 2029 ἰ

931 2051 1156 2133 patuit.
2612 2056 2910 2139 Sequitur
2940 2058 3166 2139 petitio
3200 2057 3405 2120 tertia.
3438 2060 3519 2120 Si
3546 2061 3799 2137 fuya-ic
3818 2080 4007 2139 popu·
4277 2036 4278 2097 ἶ

1017 2150 1308 2214 Secunda
1359 2150 1504 2227 fuit,
1553 2160 1624 2213 ut
1671 2152 1834 2214 Deus
1875 2152 2190 2233 justitiam
2241 2174 2418 2217 suam

934 2249 1283 2312 declararet
1315 2250 1382 2312 in
1403 2269 1552 2313 vere
1571 2260 1680 2312 aut
1709 2252 2010 2315 mendose
2030 2251 2415 2332 jurantibus,

932 2348 1108 2411 Unde
1139 2348 1552 2429 subjungitur
1587 2366 1601 2410 ε
1637 2353 1718 2411 Si
1736 2353 2096 2427 peccaverit
2133 2355 2315 2413 homo
2346 2354 2419 2413 in

925 2450 1308 2526 proximum
1327 2468 1518 2509 suum
1540 2466 1653 2529 per
1685 2448 1995 2529 rapinam,
2023 2449 2289 2527 furtum,
2312 2459 2421 2513 aut

936 2546 1207 2627 depositi
1260 2547 1683 2625 negationem,
1717 2558 1777 2608 et
1816 2549 2112 2609 habuerit
2153 2552 2421 2629 aliquod

916 2648 1376 2724 juramentum
1426 2667 1550 2725 quo
1601 2656 1895 2707 teneatur
1939 2651 2315 2720 adstrictam,
2354 2649 2419 2711 id

931 2754 1048 2821 est,
1071 2746 1421 2808 secundum
1445 2745 1646 2825 legem
1669 2745 1984 2826 obligatus
2004 2748 2088 2809 sit
2109 2747 2209 2813 vel
2234 2767 2417 2811 suum

933 2844 1117 2909 fateri
1181 2852 1533 2925 peccatum,
1576 2844 1673 2907 vel
1739 2864 1852 2928 per
1903 2846 2289 2926 jurationem
2352 2868 2419 2910 sc

933 2961 1298 3024 expurgare,
1331 2944 1484 3006 dum
1536 2943 1768 3007 veritas
1813 2943 1997 3007 aliter
2046 2944 2419 3027 investigari

2536 2160 2633 2216 lus
2670 2166 2817 2217 tuus
2847 2160 3055 2217 Israel
3085 2158 3381 2217 inimicos
3417 2176 3585 2229 succ,
3616 2160 3777 2237 quia
3800 2179 4007 2237 pest-a-

2534 2265 2721 2315 mru-s·
2746 2264 2836 2315 est
2864 2257 3063 2315 etiam
3096 2257 3216 2315 tibi
3244 2274 3267 2315 .·
3298 2255 3440 2318 ideo
3480 2255 3546 2317 in
3588 2272 3846 2337 poenam
3888 2276 4007 2319 sua)

2531 2354 3058 2433 transgressionis
3095 2354 3474 2416 destituetur
3514 2363 3638 2417 tuo·
3660 2354 3919 2430 auxilio,
3950 2364 4008 2417 et
4277 2414 4278 2441 ξ

2532 2452 2761 2514 timore
2799 2450 3125 2515 afficietur
3163 2472 3236 2515 ac
3276 2451 3500 2531 fugiet,
3535 2462 3724 2534 prout
3762 2453 3829 2514 in
3865 2454 4009 2515 Deu-
4033 2471 4239 2513 naama.
4277 2442 4278 2519 l

2536 2551 2889 2613 teronomio
2918 2550 3082 2612 Deus
3112 2551 3424 2631 praedixit,
3458 2559 3520 2613 et
3560 2551 3627 2613 in
3660 2550 3825 2615 libro
3850 2552 4008 2614 Judi—

2533 2667 2679 2712 cum
2732 2648 2965 2730 legitur
3014 2667 3182 2730 saepe
3232 2650 3607 2731 impletum3
3656 2661 3717 2710 et
3766 2661 4008 2728 agentes
4036 2661 4235 2705 iamim
4277 2648 4278 2731 ᾗ

2526 2749 3009 2825 paenitentiam,
3056 2757 3116 2808 et
3164 2754 3531 2826 confitentes
3578 2752 3840 2809 nomini
3886 2760 4005 2821 cuc,

2534 2849 2830 2907 venerint
2857 2856 2917 2906 et
2946 2849 3391 2918 adoraverint,
3406 2857 3465 2907 et
3488 2850 3817 2925 deprecati
3846 2858 3903 2907 te
3918 2848 4013 2924 fu-

2532 2947 2705 3005 erint
2748 2947 2821 3004 in
2858 2948 3043 3005 domo
3088 2946 3233 3014 hac,
3263 2945 3363 3008 vel
3408 2945 3827 3027 corporaliter
3862 2945 4013 3008 exsi-

932 3050 996 3103 et
1027 3042 1175 3104 sciri
1209 3060 1336 3105 non
1369 3042 1559 3119 valet,
1592 3054 1651 3103 ec
1681 3045 1926 3105 venerit
1947 3047 2422 3124 propter-jura·
2459 3044 2503 3107 C
2534 3043 2758 3105 stendo
2790 3042 2857 3105 in
2888 3062 2983 3119 ea,
3018 3042 3120 3105 vel
3151 3051 3429 3105 mentem
3474 3063 3649 3105 suam
3687 3044 4012 3126 dirigendo

934 3153 1216 3203 mentum
1279 3143 1724 3220 exhibendum,
1779 3144 1841 3206 id
1891 3153 1990 3207 est
2033 3145 2117 3208 ob
2163 3146 2305 3222 hoc,
2356 3155 2425 3208 ut

931 3241 1100 3322 juret
1151 3261 1219 3304 se
1271 3242 1642 3319 immunem,
1695 3264 1912 3305 coram
1959 3246 2164 3305 altari
2198 3256 2328 3315 cuc,
2360 3246 2423 3308 id

933 3349 1030 3404 est
1060 3342 1136 3404 ad
1169 3341 1399 3404 atrium
1434 3344 1830 3406 sacerdotum
1861 3362 2070 3406 coram
2104 3344 2287 3406 altari
2319 3345 2426 3407 ho-

934 3439 1377 3516 locaustorum,
1399 3442 1472 3502 in.
1490 3445 1749 3502 domum
1779 3453 1981 3514 tuam,
2009 3442 2424 3523 intelligendo

933 3557 1046 3621 per
1093 3539 1375 3616 domum,
1411 3540 1720 3622 templum
1769 3559 1912 3603 cum
1963 3541 2320 3604 attinentiis
2364 3549 2425 3604 et

933 3638 1330 3720 appendiciis
1361 3639 1515 3715 suiS,
1551 3647 1772 3720 utpote
1801 3639 1980 3700 atriis
2009 3649 2201 3720 atque
2230 3641 2425 3721 porti-

931 3738 1133 3815 cibus,
1167 3737 1347 3819 juxta
1376 3758 1568 3820 quem
1601 3739 1858 3802 modum
1892 3739 1954 3800 in
1988 3738 2108 3801 isto
2145 3739 2425 3821 capitulo

931 3836 1101 3899 infra
1153 3839 1538 3919 quandoque
1580 3837 1904 3919 accipitur.
1939 3838 2197 3901 Constat
2252 3858 2427 3901 nam-

930 3936 1252 4019 que‚quod
1271 3935 1336 3997 in
1355 3936 1662 4017 templum
1688 3935 1933 4016 ingredi
1955 3953 2083 3998 non
2101 3937 2284 3999 licuit
2299 3938 2426 3999 vul-

931 4056 1034 4117 gO.
1063 4041 1158 4098 Tu
1177 4038 1484 4096 eoeaudz’es
1505 4037 1576 4095 in
1599 4039 1776 4103 ecclc,
1799 4035 1861 4096 id
1884 4043 1999 4112 est,
2026 4053 2249 4117 precor
2268 4044 2337 4097 ut
2357 4045 2423 4098 tu

934 4137 1000 4198 in
1041 4135 1202 4198 coelo
1247 4133 1579 4211 exsistenS,
1615 4133 1911 4196 exaudire
1959 4133 2241 4215 digneris
2288 4153 2427 4197 ora-

2532 3145 2611 3206 ad
2644 3143 2849 3224 ipsam
2875 3167 2890 3218 ;
2922 3145 3171 3204 emaudi
3196 3146 3271 3203 in
3302 3148 3475 3214 coeln,
3507 3154 3567 3204 et
3603 3146 3865 3204 dimitte
3884 3165 4015 3223 pec-

2532 3253 2748 3303 catum
2771 3243 3005 3319 populi
3037 3244 3136 3302 tui
3161 3245 3389 3302 Israel.
3422 3240 3598 3315 Quod
3635 3251 3851 3304 autem
3894 3261 4011 3304 non

2534 3340 2739 3404 solum
2782 3341 2861 3402 de
2900 3339 3214 3422 corporali
3258 3339 3627 3402 exsistentia
3656 3340 3725 3401 in
3758 3341 4009 3422 templo,

2532 3439 2642 3502 sed
2686 3438 2881 3501 etiam
2926 3440 3005 3501 de
3050 3437 3367 3520 spirituali
3418 3438 3769 3502 directione
3813 3439 4013 3502 cordis

2533 3539 2611 3600 ad
2662 3536 2895 3619 ipsum,
2945 3537 3263 3618 loquatur,
3306 3545 3569 3619 apparet
3618 3557 3693 3600 ex
3739 3556 3817 3601 eo
3852 3539 4009 3619 quod

2534 3636 2829 3698 subditur
2864 3654 2877 3698 :
2912 3645 2972 3696 et
3012 3640 3270 3696 reduces
3298 3657 3398 3696 eos
3428 3639 3499 3696 in
3533 3647 3789 3706 terram,
3822 3657 4011 3716 quam

2533 3737 2773 3794 dedisci
2795 3735 3093 3811 patribus
3120 3754 3363 3794 eorum.
3400 3733 3551 3795 Nam
3594 3733 3707 3796 illa
3737 3733 4012 3797 reductio

2537 3831 2660 3894 suit
2704 3831 2978 3895 effectus
3018 3839 3333 3914 praetactae
3381 3833 3709 3909 orationiS‚
3754 3851 3876 3896 uec
3920 3852 4014 3894 an-

2534 3942 2597 3994 te
2639 3931 3071 3995 reductionem
3116 3930 3198 3993 ad
3243 3938 3473 3994 terram
3520 3949 3697 3993 suam
3738 3940 3884 4014 post
3926 3930 4015 3992 lu-

2533 4037 3010 4113 gam‚poterant
3040 4030 3453 4112 corporaliter
3482 4048 3622 4093 esse
3650 4038 3714 4093 et
3743 4048 3924 4093 orare
3954 4030 4013 4091 in

2538 4131 2795 4212 templo.

934 4235 1144 4297 tiones
1175 4233 1551 4316 petentium,
1581 4241 1650 4294 ut
1673 4232 1987 4314 justitiam
2021 4242 2194 4294 tuam
2228 4233 2427 4296 decla·
2457 4235 2505 4298 D
2624 4228 2924 4310 Sequitur
2955 4227 3178 4310 petitio
3207 4235 3454 4309 quarta.
3486 4229 3567 4289 Si
3592 4232 3892 4288 clausum
3918 4230 4015 4306 fu-

933 4353 1036 4396 res
1069 4333 1136 4393 in
1169 4350 1243 4395 eo
1266 4331 1373 4413 qui
1406 4332 1596 4410 jurat,
1616 4330 2000 4394 vindicando
2031 4331 2170 4412 ejus
2205 4331 2427 4414 impie-

931 4439 1123 4494 tatem
1147 4431 1199 4492 si
1238 4429 1394 4492 false
1411 4429 1740 4510 juraverit.
1765 4429 1942 4493 Unde
1974 4429 2422 4512 subjungitur:

932 4540 992 4591 ec
1010 4531 1212 4607 facies
1233 4528 1396 4591 sicut
1429 4528 1772 4604 oraverint,
1796 4538 1855 4588 et
1861 4529 2199 4606 judicabis
2217 4550 2426 4590 servos

933 4641 1096 4701 cuca,
1133 4628 1456 4691 reddendo
1487 4626 1758 4707 singulis
1787 4629 1956 4709 quod
1981 4636 2327 4704 merentur,
2364 4637 2426 4691 et

929 4728 1313 4791 declarando
1344 4745 1458 4808 per
1487 4725 1794 4789 effectum
1817 4727 1961 4807 quis
1995 4726 2298 4806 injustam
2322 4727 2426 4788 ha-

930 4827 1077 4891 beat
1107 4845 1388 4903 causam,
1413 4829 1870 4896 condemnam,
1895 4827 1959 4888 id
1991 4835 2086 4888 cst
2114 4826 2284 4906 juste
2314 4846 2427 4907 pu-

932 4927 1136 5004 nio-m,
1175 4928 1478 5004 impium,
1509 4935 1568 4985 et
1598 4927 1870 4985 reddens
1899 4927 2076 4985 viam
2104 4945 2294 4986 suam
2322 4947 2428 4986 su-

923 5045 1044 5102 per
1073 5035 1265 5100 caput
1311 5044 1529 5094 suum,
1565 5023 1630 5084 id
1662 5030 1777 5099 est,
1815 5021 1873 5085 ei
1906 5021 2212 5103 infligens
2256 5025 2425 5104 quod

932 5142 1048 5184 sua
1115 5121 1568 5184 commissione
1631 5121 1730 5184 vel
1797 5121 2143 5184 omissione
2206 5121 2427 5202 iniqua

932 5221 1306 5303 promeruit,
1326 5221 1830 5299 justificansque
1844 5223 2130 5297 justum,
2153 5230 2214 5281 et
2236 5224 2427 5282 retri-

935 5323 1128 5382 bueus
1173 5321 1236 5380 ei
1280 5321 1635 5380 secundum
1669 5319 2015 5397 justitiam
2061 5339 2275 5390 suam,
2318 5319 2425 5382 de-

2532 4330 2657 4389 erit
2699 4333 2952 4398 eaelum,
2993 4337 3053 4388 et
3094 4348 3219 4387 non
3260 4329 3529 4403 pluerit,
3572 4325 3637 4389 id
3682 4336 3802 4402 est,
3844 4326 3899 4387 si
3940 4328 4013 4388 de

2534 4427 2697 4491 coelo
2728 4445 2911 4490 aereo
2943 4444 3070 4488 non
3101 4424 3501 4487 descenderit
3530 4425 3769 4506 pluvia,
3794 4432 3860 4488 et
3890 4443 4014 4487 cor-

2534 4545 2689 4609 pora
2710 4526 2995 4590 coelestia
3014 4525 3267 4588 solitam
3290 4523 3695 4587 influentiam
3722 4542 3851 4587 non
3872 4525 4017 4586 emi·

2534 4625 2734 4688 serint
2752 4625 2831 4687 ad
2854 4623 3215 4706 pluviarum
3237 4622 3741 4704 productionem,
3758 4633 4017 4700 propter

2526 4735 2788 4803 peccata
2808 4743 3055 4792 eorum,
3068 4732 3129 4782 ec
3148 4731 3400 4782 orantes
3422 4722 3494 4781 in
3518 4725 3645 4781 loco
3666 4723 4017 4798 ism,poem‘-

2537 4825 2803 4884 tentiam
2842 4822 3091 4899 egerint
3120 4821 3377 4880 nomini
3418 4830 3544 4889 cuc,
3582 4829 3643 4880 et
3677 4840 3719 4878 α
3740 4822 4015 4896 peccatis

2532 4925 2669 4982 suis
2706 4922 2995 4981 conversi
3021 4921 3278 4996 fuerint
3309 4929 3575 4997 propter
3610 4919 4010 4996 afflictionem

2534 5019 3080 5088 suam,vexatione
3110 5017 3203 5080 eis
3227 5017 3623 5080 intellectum
3644 5025 4011 5098 praestante:
4068 5045 4223 5088 taum.

2534 5119 2699 5180 sicut
2742 5117 2807 5179 in
2855 5116 3018 5179 libro
3055 5117 3348 5179 Judicum
3400 5115 3764 5196 frequenter
3803 5115 4015 5195 legun·
4042 5113 4093 5151 ¹⁹·

2534 5227 2637 5280 tur
2669 5217 2977 5280 clamasse
3008 5217 3084 5278 ad
3105 5217 3443 5279 Dominum
3476 5234 3606 5297 prae
3637 5214 4010 5292 afflictione,
4074 5209 4227 5278 ‘'d“*J‘

4042 5276 4095 5317 ¹82
4108 5272 4229 5312 inf-&1³2

2533 5335 2726 5398 quam
2747 5315 2826 5379 ab
2848 5315 3227 5379 adversariis
3250 5314 3635 5388 tolerabant3
3658 5317 3906 5375 exaudi
3922 5335 4015 5375 eos
4038 5349 4085 5385 u,
4100 5337 4201 5384 aar.

4032 2533 4235 2584 25;J1die.1.
4277 2540 4278 2551 ¹

4032 2601 4087 2645 u,
4104 2600 4149 2637 15.
4165 2606 4237 2637 ms.
4277 2574 4278 2647 ἶ
