4359 6250
102 1273 269 1329 lna-9.
286 1291 399 1328 nn,

186 2267 367 2310 Eat-od.

112 2344 171 2372 xx
206 2345 275 2380 m,
310 2335 391 2372 3⁰.

1024 509 1375 557 alumno
1417 510 1475 555 IN
1520 509 1657 555 cAP.
1703 508 1857 555 xxm
1898 509 2058 556 unm
2100 510 2284 558 Palm:
2311 512 2534 560 REGUE.
2582 534 2663 544 —
2706 515 2846 561 ΛΒΤ.
2893 516 2970 562 XL

3419 499 3537 564 385

434 692 659 746 menta
686 703 938 753 eorum,
978 682 1043 745 id
1084 689 1201 760 est,
1236 681 1526 762 jumenta
1562 699 1705 762 quae
1745 680 1938 742 addu-
1966 681 2017 742 A
2048 687 2220 746 remit
2263 705 2411 762 eryo
2450 688 2691 757 David,
2718 698 2778 748 et
2820 689 2956 747 viri
2995 688 3135 764 ejus
3175 691 3364 766 quasi
3391 709 3532 748 sem-

434 788 668 848 xerunt
725 779 1028 843 Philistaei
1090 781 1169 842 ad
1228 779 1684 862 asportandum
1746 777 1935 840 blada

431 879 799 942 Judaeorum
831 879 897 942 in
931 887 1163 942 terram
1203 897 1405 954 suam,
1442 877 1709 941 abstulit
1735 876 1931 939 Phili-

434 977 631 1054 staeiS‚
668 986 733 1040 et
774 997 851 1042 ea
894 978 1166 1044 removit
1206 996 1245 1039 a
1271 977 1465 1040 Ceila.
1499 979 1586 1038 Ει
1617 977 1935 1053 percussit

432 1096 534 1136 cos
554 1081 763 1154 playa
794 1097 1059 1155 magma,
1089 1087 1149 1137 et
1186 1078 1471 1138 salvavit
1499 1076 1720 1136 David
1758 1074 1937 1134 habi-

436 1183 671 1235 tatores
702 1177 916 1238 Ceilae.

515 1275 726 1334 Porro
776 1295 843 1335 eo
897 1285 1199 1354 tempore,
1228 1294 1351 1354 quo
1401 1274 1694 1350 fugiebat
1738 1270 1937 1330 Abia-

436 1372 593 1432 thar
636 1375 824 1450 silius
863 1374 1273 1435 Achimelech
1322 1376 1411 1434 ad
1452 1372 1693 1440 David,
1746 1373 1937 1450 prout

434 1470 825 1549 praecedenti
852 1471 1125 1534 habetur
1152 1470 1455 1553 capitulo,
1478 1472 1551 1530 in
1578 1471 1838 1536 Ceitam,
1858 1483 1935 1526 ex

430 1585 565 1648 quo
610 1579 897 1650 apparet,
931 1570 1103 1651 quod
1144 1577 1208 1632 et
1248 1576 1400 1631 tunc
1430 1567 1627 1630 David
1661 1565 1784 1626 fuit
1815 1563 1934 1625 ibi-

428 1665 581 1728 dem
608 1675 719 1729 aut
744 1686 957 1750 prope,
979 1671 1184 1746 ephod
1202 1688 1410 1728 secum
1434 1669 1671 1728 habens
1689 1668 1933 1724 descen-

428 1767 648 1836 derat,
680 1765 746 1827 id
790 1774 909 1842 est,
942 1766 1151 1848 ephod
1183 1765 1343 1828 illud
1374 1783 1588 1827 secum
1630 1759 1927 1845 portavit.

2045 785 2238 854 ¹tenti,
2282 794 2342 844 et
2387 788 2619 862 cyr-essi
2666 789 2744 846 de
2795 787 2991 856 Ceila,
3041 787 3166 848 huc
3215 797 3404 866 atque
3454 789 3536 847 il-

2049 883 2151 940 lac
2171 885 2578 959 vayabantur
2607 885 2862 945 incerti.
2889 887 3414 964 Nuntiatumque
3443 895 3534 946 est

2044 981 2263 1050 Sauli,
2298 984 2468 1060 quod
2514 985 2785 1061 fuqisset
2830 984 3052 1044 David
3097 987 3176 1044 de
3229 986 3436 1054 Ccila,
3473 994 3533 1044 et

2044 1082 2332 1140 salvatus
2379 1091 2532 1143 essct
2569 1103 2591 1142 .·
2635 1085 3042 1162 quamobrem
3090 1084 3534 1144 dissimulavit

2043 1196 2244 1238 emire.

2126 1277 2507 1338 Morabatur
2549 1289 2766 1340 autem
2805 1281 3026 1340 David
3061 1281 3132 1340 in
3173 1283 3414 1342 deserto
3459 1283 3535 1340 in

2047 1375 2198 1432 locis
2223 1377 2640 1450 firmissimis.
2662 1379 3032 1456 Mansicque
3051 1377 3247 1441 David
3279 1397 3424 1440 cum
3448 1376 3534 1441 vi-

2044 1468 2131 1530 ris
2160 1469 2292 1532 suis
2324 1474 2506 1553 quasi
2537 1474 2872 1551 sexcentiS,
2897 1477 2970 1536 in
3002 1486 3212 1537 monte
3240 1477 3534 1536 solitudi-

2042 1569 2147 1626 nis
2191 1571 2385 1647 Ziph,
2417 1573 2490 1632 in
2534 1583 2746 1634 monte
2788 1594 3026 1651 opaco:
3057 1574 3210 1655 quia
3255 1573 3532 1636 solitudo

2042 1663 2154 1726 illa
2182 1677 2318 1729 erat
2347 1670 2706 1753 propinqua
2736 1672 2971 1754 oppido
3003 1671 3208 1734 tribus
3237 1672 3397 1734 Juda
3427 1690 3533 1735 no-

2042 1763 2216 1827 mine
2260 1766 2436 1849 Ziph,
2473 1776 2536 1830 et
2576 1777 2710 1831 erat
2754 1789 2936 1832 mons
2981 1770 3090 1833 ille
3140 1789 3374 1853 opacus
3415 1789 3530 1833 seu
3559 1790 3821 1895 “103er

3615 1884 3628 1906 ‚
3705 1885 3716 1896 .

426 1862 563 1924 Hoc
586 1864 1020 1947 interponitur
1038 1864 1161 1940 hic,
1178 1865 1255 1926 ad
1280 1863 1735 1926 insinuandum
1758 1858 1926 1942 quod
1967 1860 2014 1922 B
2042 1861 2384 1940 obscurus3
2429 1876 2642 1931 tamen
2682 1889 2758 1932 ex
2801 1887 2876 1931 eo
2913 1868 3102 1949 longe
3148 1877 3394 1951 poterat
3437 1868 3529 1932 vi-

438 1960 642 2024 David
692 1962 1019 2026 consuluit
1069 1961 1407 2025 Dominum
1461 1979 1574 2043 per
1625 1958 1928 2021 Abiathar

430 2059 814 2140 pontificem
860 2061 1154 2124 indutum
1192 2070 1368 2126 veste
1400 2060 1511 2122 illa
1541 2055 1926 2141 pontificali,

428 2145 663 2240 inqua
692 2169 829 2223 erat
866 2161 1176 2224 rationale
1214 2159 1442 2242 judicii
1485 2177 1597 2221 seu
1637 2155 1933 2220 Doctrina

430 2265 497 2319 et
528 2257 799 2336 VeritaS,
832 2268 905 2322 ut
934 2259 1001 2322 in
1033 2260 1245 2322 Exodo
1275 2258 1636 2341 expositum
1665 2263 1780 2333 est,
1818 2273 1931 2337 per

428 2374 581 2436 quae
608 2357 1142 2420 manifestabatur
1173 2357 1503 2439 responsio
1535 2355 1666 2417 Dei.

516 2457 923 2519 Nuntiatum
962 2468 1053 2518 est
1096 2467 1313 2517 autem
1354 2456 1579 2525 Sauli,
1608 2455 1779 2533 quod
1828 2472 1929 2512 ve·-

426 2557 631 2616 nisset
661 2558 882 2617 David
911 2557 985 2616 in
1011 2557 1275 2616 Ceilam.
1299 2557 1381 2616 Et
1412 2557 1509 2614 ait
1543 2555 1708 2613 Saul
1729 2571 1752 2610 .·
1780 2554 1931 2612 Tra-

425 2655 610 2715 didit
638 2655 961 2714 Dominus
989 2675 1137 2714 eum
1173 2656 1245 2714 in
1286 2673 1521 2713 manus
1562 2671 1756 2719 meaS,
1786 2670 1931 2710 con-

424 2756 774 2831 clusasque
815 2763 905 2813 est
946 2753 1370 2829 introyressus
1408 2752 1652 2821 urbem,
1688 2751 1763 2808 in
1797 2769 1927 2828 qua

410 2860 631 2928 portae
658 2861 719 2912 ct
736 2871 893 2913 seroe
920 2861 1093 2912 sunt.
1121 2853 1205 2912 Et
1225 2850 1535 2927 praecepit
1561 2849 1729 2908 Saul
1746 2849 1927 2912 omni

404 2953 687 3027 popum,
722 2959 794 3010 ut
824 2953 913 3011 ad
936 2968 1233 3028 puynam
1262 2950 1661 3008 descenderet
1694 2947 1765 3005 in
1791 2946 1923 3006 Cei-

2038 1962 2198 2024 deri.
2237 1968 2564 2033 Quaerebat
2614 1977 2826 2029 tamen
2873 1987 3021 2028 eum
3064 1972 3232 2030 Saul
3276 1970 3525 2028 cunctis

2038 2065 2286 2134 diebus,
2318 2064 2382 2126 id
2431 2073 2546 2141 est,
2581 2066 2834 2130 assidue
2878 2085 2992 2148 per
3035 2085 3236 2130 annos
3278 2066 3525 2148 aliquot

2041 2161 2484 2244 multipliciter
2512 2163 2827 2229 laboravit
2856 2165 3392 2248 comprehendere
3415 2164 3529 2227 Da-

2040 2259 2185 2338 vid3
2224 2271 2284 2322 et
2313 2283 2440 2322 non
2475 2264 2752 2323 tradidit
2781 2284 2928 2324 eum
2949 2266 3268 2325 Dominus
3296 2267 3371 2324 in
3401 2285 3529 2324 ma-

2039 2379 2163 2420 nus
2209 2361 2368 2436 ejus.
2403 2363 2488 2421 Ει
2537 2364 2708 2423 vidit
2756 2363 2996 2434 David,
3032 2365 3204 2442 quod
3248 2381 3529 2439 cyressus

2036 2469 2190 2518 essct
2221 2461 2387 2519 Saul
2417 2469 2489 2520 ut
2519 2471 2829 2538 quaereret
2859 2463 3156 2524 animam
3184 2460 3344 2538 ejus.
3374 2463 3530 2522 Por-

2037 2578 2109 2617 ro
2137 2559 2358 2618 David
2385 2568 2524 2619 erat
2555 2561 2628 2618 in
2659 2561 2899 2620 deserto
2921 2561 3090 2637 Ziph
3125 2560 3196 2620 in
3225 2561 3416 2619 silva.
3443 2560 3530 2619 Ει

2034 2657 2324 2717 surremit
2353 2647 2660 2717 Jonathas
2688 2659 2872 2734 filius
2902 2661 3095 2727 Saul,
3123 2665 3184 2717 et
3221 2660 3387 2718 abiit
3424 2674 3528 2719 oc-

2036 2753 2207 2815 culte
2249 2758 2338 2814 ad
2376 2757 2593 2816 David
2637 2757 2710 2816 in
2751 2757 3011 2827 silvam,
3043 2765 3104 2816 et
3129 2757 3522 2832 confortavit

2034 2871 2295 2922 manus,
2332 2851 2397 2914 id
2437 2860 2534 2915 est
2581 2861 2956 2934 potestatem
3004 2855 3140 2931 ejus
3191 2871 3302 2916 seu
3353 2851 3522 2916 vires

2034 2950 2414 3031 operativaS,
2449 2958 2512 3012 et
2556 2951 2766 3032 ipsum
2815 2951 3036 3028 David,
3073 2960 3138 3015 et
3181 2971 3257 3014 ex
3306 2969 3526 3015 consc-

419 3051 586 3120 lam,
607 3058 668 3108 et
696 3050 1005 3109 obsideret
1025 3049 1243 3108 David
1268 3056 1329 3107 et
1360 3047 1531 3106 viros
1559 3045 1721 3122 ejus.
1740 3046 1923 3113 Quod
1959 3046 2003 3110 C
2032 3047 2255 3129 quenti
2287 3049 2426 3131 ejus
2457 3049 2827 3127 exercitum,
2864 3052 2938 3111 in
2978 3053 3128 3124 Dec,
3163 3050 3317 3133 quia
3350 3049 3520 3132 juste

411 3168 633 3227 quum
660 3149 884 3209 David
911 3148 1215 3217 rescisset,
1248 3146 1407 3225 quia
1426 3154 1831 3222 praepararet
1861 3145 1921 3203 ei

408 3249 595 3308 Saul
622 3250 793 3307 clam
820 3248 1093 3317 malum,
1119 3244 1185 3306 id
1216 3252 1333 3320 est,
1360 3261 1559 3324 quum
1592 3242 1788 3305 David
1818 3261 1922 3306 60-

406 3345 752 3425 gnovisset
800 3346 973 3426 quod
1023 3342 1171 3406 Saul
1216 3342 1586 3424 disponeret
1632 3361 1778 3404 cum
1822 3362 1923 3404 ex-

410 3444 631 3507 ercitu
679 3444 900 3508 venire
948 3443 1024 3505 ad
1067 3440 1490 3505 obsidendum
1540 3440 1799 3517 ceilam,
1842 3442 1919 3503 ad

409 3542 1099 3625 comprehendendum
1131 3540 1343 3622 ipsum
1374 3540 1593 3615 David,
1626 3542 1806 3601 dixit
1833 3543 1920 3600 ad

410 3643 757 3705 Abiatlzar
797 3644 1185 3701 sacerdotem
1212 3659 1235 3701 .·
1264 3640 1545 3717 Applica
1594 3642 1821 3717 ephod,
1854 3637 1918 3699 id

410 3749 547 3817 est,
581 3739 776 3801 induc
819 3738 1001 3815 illud,
1040 3746 1109 3799 ut
1148 3737 1216 3803 in
1254 3754 1329 3800 eo
1368 3736 1665 3799 consulas
1709 3736 1931 3799 Domia.

410 3857 607 3901 num.
640 3841 727 3900 Et
758 3840 856 3898 ait
884 3838 1103 3899 David
1133 3837 1213 3898 ad
1244 3836 1441 3897 Deum
1482 3853 1597 3916 per
1632 3835 1920 3898 sacerdo-

410 3940 887 4001 tem:Domine
916 3940 1083 3998 Deus
1116 3939 1346 4005 Israel,
1376 3936 1637 3996 audivit
1666 3939 1917 4016 famam

402 4058 645 4099 servus
676 4045 852 4106 tuus,
872 4038 1044 4115 qaod
1070 4037 1373 4113 disponat
1404 4037 1575 4095 Saul
1606 4036 1824 4094 venire
1847 4036 1917 4093 in

410 4138 694 4206 ceilam,
712 4146 786 4196 ut
809 4144 1051 4195 evertat
1074 4142 1341 4212 propter
1362 4153 1457 4193 mc
1484 4134 1703 4193 urbem
1730 4132 1915 4209 hanc,

2030 3156 2093 3209 et
2136 3148 2457 3229 sapienter
2500 3148 2620 3211 hoc
2666 3147 2840 3225 fecit,
2877 3157 2940 3211 et
2973 3148 3280 3212 fiduciam
3314 3148 3518 3231 ipsius

2028 3245 2248 3321 David,
2284 3264 2476 3326 quam
2505 3245 2570 3307 in
2600 3246 2727 3309 Deo
2757 3245 3003 3324 habuit,
3038 3247 3213 3309 auxit
3243 3256 3307 3310 et
3337 3246 3520 3309 robo-

2030 3344 2215 3407 ravit.
2242 3346 2555 3425 Dimitque
2581 3347 2644 3405 ei
2665 3366 2687 3405 .·
2712 3348 2809 3407 Ne
2841 3348 3091 3416 timeas,
3121 3366 3324 3427 neque
3341 3348 3516 3407 enim

2027 3446 2095 3503 in
2108 3444 2313 3505 veniet
2343 3454 2400 3504 te
2428 3464 2659 3504 manus
2690 3446 2858 3505 Saul
2877 3446 3092 3522 patris
3123 3446 3272 3516 mei,
3295 3443 3359 3506 id
3391 3452 3507 3520 ost,

2028 3561 2155 3604 non
2201 3542 2695 3623 comprehendet
2741 3550 2820 3605 16.
2857 3541 3094 3605 Tamen
3138 3542 3330 3625 paulo
3374 3550 3520 3624 post

2027 3640 2278 3704 invenit
2323 3659 2490 3717 eum,
2528 3640 2616 3701 ita
2657 3641 2827 3721 quod
2874 3640 3061 3704 scivit
3104 3641 3216 3703 ubi
3268 3638 3413 3717 fuit,
3449 3649 3516 3704 ct

2029 3737 2153 3800 fuit
2181 3757 2380 3820 prope
2410 3740 2726 3802 eumdem.
2767 3742 2846 3801 Ει
2879 3749 2950 3799 tu
2989 3742 3286 3816 reynabis
3323 3760 3518 3817 super

2025 3840 2232 3897 Israel
2275 3858 2297 3896 .·
2339 3837 2510 3917 quod
2556 3836 2854 3899 Jonathas
2905 3836 3092 3901 scivit
3141 3837 3265 3919 ipsi
3314 3837 3510 3901 David

2026 3955 2165 3998 esse
2209 3934 2594 4017 promissum
2631 3954 2668 3997 a
2705 3936 2970 4013 Deopet
2997 3956 3107 4014 eqo
3137 3958 3242 3997 ero
3278 3938 3398 3997 tibi
3425 3958 3516 3997 se-

2024 4037 2302 4103 cundus,
2323 4033 2386 4094 id
2419 4041 2514 4094 est
2542 4033 2785 4115 primus
2816 4042 2960 4116 post
2992 4042 3073 4096 te.
3100 4038 3232 4096 Sed
3258 4046 3318 4096 et
3347 4024 3525 4097 Saul

2021 4142 2207 4210 pater
2225 4152 2401 4193 meus
2427 4134 2546 4192 scit
2575 4135 2710 4203 hoc,
2735 4132 2981 4195 scilicet
3009 4133 3181 4214 quod
3213 4132 3508 4214 regnabis

406 4234 551 4297 nisi
582 4233 971 4297 habitatores
1003 4232 1143 4314 ejus
1176 4230 1555 4293 tradiderint
1586 4250 1689 4293 me
1719 4231 1917 4293 mani-
1943 4234 1993 4295 D
2026 4239 2170 4312 post
2213 4250 2382 4293 eum.
2419 4229 2481 4293 Si
2527 4230 2674 4293 Saul
2722 4231 2844 4294 hoc
2893 4230 3099 4308 scivit,
3135 4251 3250 4295 cur
3297 4250 3509 4314 perse-

402 4334 543 4397 bus
575 4332 737 4413 ejuS.
762 4334 844 4395 Si
874 4334 1131 4393 tradent
1163 4350 1263 4389 me
1292 4332 1425 4390 viri
1459 4331 1647 4391 Ceiloe
1679 4332 1752 4389 in
1788 4352 1916 4391 ma·

400 4453 547 4495 nus
575 4432 738 4508 ejus,
771 4440 830 4491 et
862 4432 922 4489 si
950 4432 1281 4491 descendet
1311 4431 1503 4498 Saul,
1532 4430 1699 4489 sicut
1728 4430 1917 4488 audi-

405 4532 517 4592 vit
535 4550 756 4589 servus
780 4530 967 4589 tuus?
978 4529 1254 4589 Domine
1265 4529 1437 4587 Deus
1454 4529 1680 4595 Israel,
1694 4527 1917 4587 indica

400 4649 601 4690 servo
641 4637 770 4688 tuo·
812 4628 893 4689 E't
924 4627 1023 4687 ait
1049 4626 1370 4686 Dominus
1398 4646 1420 4684 .·
1449 4627 1819 4695 Descendet,
1851 4624 1914 4687 id

402 4734 539 4804 est,
578 4725 791 4789 veniet
820 4724 968 4800 huc,
1002 4722 1127 4786 nisi
1160 4722 1287 4786 cito
1316 4721 1567 4785 exieris.
1601 4724 1917 4802 Dimitque

396 4825 641 4889 David
669 4844 935 4884 rursum
956 4842 979 4882 .·
999 4824 1079 4884 Si
1110 4824 1366 4883 tradent
1404 4840 1504 4881 me
1534 4823 1667 4881 viri
1701 4824 1913 4891 Ceiloe,

392 4933 471 4985 et
500 4923 678 4983 viros
705 4922 823 5001 qui
842 4940 1093 4982 mecum
1120 4930 1295 4992 sunt,
1329 4921 1403 4979 in
1436 4939 1666 4980 manus
1690 4921 1858 4980 Saul
1881 4923 1913 4979 Ρ

394 5024 497 5085 Ec
523 5022 708 5080 ἀίωίι
744 5021 1065 5080 Dominus
1094 5038 1119 5077 .·
1158 5020 1458 5089 Tradent‚
1495 5016 1547 5078 si
1600 5017 1910 5079 manseris

392 5121 517 5184 hic
546 5136 889 5201 quousque
918 5118 1073 5180 urbs
1108 5115 1479 5179 obsideatur
1508 5135 1545 5178 a
1575 5115 1763 5179 Saule
1799 5134 1813 5178 :
1848 5125 1913 5180 et

398 5221 478 5283 in
524 5217 653 5280 hoc
699 5215 976 5278 fuissent
1018 5215 1249 5296 ingrati
1299 5212 1637 5277 beneficiis
1686 5215 1905 5293 David,

396 5328 633 5382 tamen
654 5334 733 5379 ex
761 5314 992 5377 timore
1013 5312 1232 5377 forsan
1265 5312 1570 5377 fecissent
1600 5314 1913 5376 hoc.Sur-

673 5448 739 5503 T.
776 5449 823 5500 3.

2024 4328 2340 4410 quebatur
2382 4327 2622 4391 David?
2654 4328 2730 4389 Et
2769 4330 3306 4412 respondendum,‘
3339 4331 3508 4412 quod

2026 4427 2172 4490 Saul
2201 4428 2280 4490 ad
2311 4434 2591 4490 mentem
2623 4427 2895 4505 rediens,
2915 4436 2980 4492 et
3007 4436 3186 4509 gesta
3213 4448 3286 4492 ac
3317 4428 3514 4493 verba

2026 4525 2336 4589 Samuelis
2383 4525 2734 4602 revolvenS,
2781 4525 2945 4589 bene
2993 4527 3287 4604 advertit,
3336 4529 3508 4608 quod

2024 4622 2223 4686 David
2263 4622 2486 4703 utique
2524 4630 2668 4703 post
2697 4641 2766 4685 se
2797 4630 3108 4703 regnaret.
3143 4623 3353 4686 Nihilo
3398 4624 3516 4686 mi-

2026 4740 2146 4783 nus
2176 4720 2582 4803 passionibus
2602 4728 2665 4783 et
2685 4718 3206 4802 perversitatibus
3234 4730 3516 4785 mentem

2023 4822 2163 4901 ojus
2211 4818 2798 4897 obtenebrantibuS,
2847 4820 2924 4881 ad
2973 4820 3286 4883 humanas
3337 4821 3506 4884 vires

2024 4916 2394 4999 respicienS,
2431 4917 2710 4999 speravit
2739 4936 2808 4980 se
2836 4937 3022 5000 posse
3060 4918 3272 5001 ipsum
3312 4918 3506 4983 David

2021 5016 2332 5094 occidere,
2386 5016 2605 5097 sicque
2654 5014 2856 5099 ipsius
2911 5018 3378 5099 promotionem
3429 5016 3520 5082 ad'

2020 5133 2287 5196 regnum
2331 5114 2663 5196 impedire.
2695 5118 3022 5177 Percussit
3062 5137 3208 5195 erqo
3238 5114 3504 5198 aterque

2018 5216 2234 5291 soedus
2279 5233 2493 5273 coram
2536 5215 2838 5284 Domino,
2881 5214 2947 5277 id
2995 5223 3112 5291 ost,
3161 5214 3514 5298 pristinum-

2020 5312 2318 5376 amicitiae
2360 5318 2615 5393 pactum
2655 5310 3124 5377 innovaverunt
3167 5324 3232 5379 ct
3279 5314 3517 5381 confir-

3206 5448 3268 5503 25
