4359 6250
917 485 1031 548 176

1703 499 2048 546 mammo
2092 500 2151 544 ΙΝ
2195 499 2334 545 CAP-
2379 497 2444 544 11
2483 499 2756 548 sumnum.
2803 520 2883 531 --
2922 502 3066 549 ΛΒΤ.
3113 503 3220 549 xlx

904 692 1039 736 non
1070 673 1446 750 immolavit,
1484 671 1593 735 sed
1632 672 1804 754 quod
1836 679 2055 733 votum
2096 671 2238 751 ejus
2281 668 2404 730 fuit
2431 670 2481 732 A
2516 689 2619 732 re:
2646 680 2708 733 et
2740 672 2818 734 de
2848 671 3082 734 talibus
3119 672 3240 735 suit
3277 683 3494 737 votum
3522 675 3819 756 Jephthe,
3859 675 4006 738 ideo

912 791 1025 852 pcr
1052 771 1321 834 Phinees
1362 771 1727 833 relaxatum.
1761 768 1838 829 Et
1877 769 2137 849 quidam
2176 786 2398 831 eorum

909 867 1265 947 affirmant,
1291 870 1460 950 quod
1492 867 1617 930 fuit
1650 868 2133 950 interpretatum
2168 886 2282 948 per
2313 885 2404 928 sa-

909 968 1181 1049 pienteS,
1232 969 1319 1030 ita
1357 969 1527 1049 quod
1581 976 1797 1031 votum
1852 966 2009 1028 illud
2052 985 2178 1028 non
2234 973 2402 1028 esset

910 1067 1305 1148 implendum
1344 1087 1456 1149 per
1496 1074 1763 1130 mortem
1805 1065 1963 1128 filiae
2008 1065 2393 1128 innocentis,

906 1165 1083 1229 Unde
1113 1175 1177 1229 et
1207 1185 1398 1247 super
1424 1165 1877 1241 illud,Dimitte
1904 1183 2005 1226 me
2028 1171 2097 1225 ut
2130 1164 2399 1225 circum-

902 1284 1044 1328 eam
1078 1273 1345 1342 monteS‚
1382 1264 1537 1328 dicit
1570 1265 1780 1344 glossa
1808 1264 2099 1345 quaedam
2135 1261 2398 1324 Hebrai-

906 1383 1019 1426 ca:
1056 1366 1119 1427 ld
1151 1373 1265 1440 est,
1292 1364 1609 1446 sapientes
1638 1363 1704 1426 in
1736 1363 1873 1441 lege
1906 1362 2225 1437 accedam,
2245 1358 2398 1441 quia

908 1463 1197 1526 fortassis
1256 1463 1619 1526 invenirent
1671 1463 1931 1523 modum
1982 1459 2390 1522 relaxationis

907 1581 1018 1624 seu
1046 1560 1587 1644 interpretationis
1612 1560 1741 1623 voti
1773 1559 1965 1620 istius
1982 1558 2224 1620 Deinde
2256 1576 2396 1639 pro-

904 1659 1201 1723 babiliter
1235 1660 1375 1722 sine
1415 1659 1669 1722 incauta
1708 1657 2059 1720 assertione
2100 1655 2396 1738 sequitur

902 1759 1089 1820 istam
1140 1757 1533 1840 opinionem,
1577 1757 1869 1832 dicend0,
1909 1756 2078 1836 quod
2118 1754 2390 1836 Jephthe

2513 777 2726 831 votum
2750 771 2890 850 eJus
2923 771 3045 833 fuit
3076 771 3591 854 incautum,quia
3621 772 4006 855 simpliciter

2511 868 2708 944 vovit,
2764 870 2934 950 quod
2985 870 3222 932 malum
3281 872 3490 953 potuit
3541 873 3755 934 sortiri
3805 891 4003 935 even-

2511 974 2669 1028 tum.
2704 967 3154 1032 Verumtamen
3184 971 3487 1050 quoniam
3521 989 3711 1053 supra
3743 970 3997 1050 legitur,

2509 1068 2678 1146 quod
2713 1067 2919 1130 factus
2951 1077 3046 1131 est
3087 1089 3277 1151 super
3309 1089 3455 1132 eum
3489 1069 3763 1151 Spiritus
3795 1071 4004 1134 Domi·

2510 1164 2598 1242 ni,
2633 1165 2776 1228 ideo
2819 1166 2981 1229 fides
3027 1167 3166 1247 ejus
3208 1176 3400 1250 atque
3444 1168 3720 1244 devotio,
3760 1187 3836 1231 ex
3873 1187 4002 1249 qua

2509 1263 2881 1326 movebatur
2928 1266 3006 1328 ad
3057 1266 3441 1344 vovendum,
3497 1266 3621 1328 fuit
3669 1286 3707 1329 a
3757 1265 4000 1348 Spiritu

2509 1359 2758 1424 Sancto.
2792 1363 3030 1444 Estque
3069 1364 3398 1446 probabile
3435 1383 3579 1428 eum
3619 1364 4000 1447 poenituisse

2507 1459 2586 1521 de
2629 1469 2831 1523 morte
2873 1460 3028 1524 siliae
3068 1463 3450 1526 innocentis,
3487 1463 3605 1526 Sed
3646 1472 3706 1526 et
3752 1463 3994 1526 factum

2507 1557 2643 1637 ejus
2673 1559 2933 1640 aliquod
2965 1559 3206 1623 bonum
3236 1561 3694 1643 praefiguravit.

2603 1657 2915 1738 Amplius,
2967 1658 3188 1741 opinio
3239 1659 3349 1722 illa
3397 1660 3800 1723 Hebraeorum
3864 1678 3992 1722 non

2504 1765 2812 1818 consonat
2853 1757 3075 1834 textui,
3113 1758 3178 1819 in
3223 1777 3351 1840 quo
3399 1758 3726 1822 euidenter
3769 1758 3996 1821 asseri-

852 1871 861 1880 ·
903 1857 1135 1920 obtulit
1164 1875 1325 1932 eam,
1364 1875 1490 1919 non
1526 1875 1637 1938 per
1668 1862 1934 1918 mortem
1968 1852 2386 1934 corporalem,
2429 1849 2476 1912 B
2509 1860 2627 1929 tur,
2649 1855 2819 1934 quod
2865 1854 3019 1918 filiae
3063 1875 3192 1919 suae
3233 1865 3376 1938 post
3413 1857 3570 1920 duos
3611 1877 3864 1921 menses
3911 1856 3990 1920 ad

902 1957 1013 2020 sed
1048 1956 1325 2033 civilem,
1362 1964 1548 2038 prout
1578 1954 1859 2035 religiosi
1890 1951 2257 2017 coenobium
2296 1951 2390 2014 in-

906 2057 1127 2119 trando
1157 2056 1455 2118 dicuntur
1481 2055 1641 2118 mori
1676 2054 1932 2130 mund0,
1953 2051 2106 2133 quia
2134 2071 2171 2113 a
2204 2069 2394 2113 saecu-

904 2156 1143 2218 laribus
1193 2154 1439 2217 actibus
1490 2152 1888 2234 sequestrati,
1943 2149 2393 2231 mancipantur

901 2253 1165 2317 omnino
1196 2252 1432 2315 divinis
1469 2271 1483 2315 :
1520 2251 1611 2314 sic
1644 2250 1782 2312 filia
1810 2249 2079 2331 Jephthe
2115 2247 2240 2309 fuit
2277 2247 2392 2309 Do-

903 2353 1079 2415 mino
1102 2359 1468 2414 consecrata
1498 2369 1610 2432 per
1630 2347 2012 2430 virginitatis
2045 2344 2393 2409 observati-

900 2469 1110 2526 onem,
1146 2450 1497 2512 insistendo
1534 2447 1821 2529 jejuniiS,
1856 2445 2276 2520 orationibuS,
2317 2462 2389 2506 ac

900 2549 1026 2631 piis
1060 2549 1382 2632 operibus,

980 2649 1158 2711 Circa
1188 2649 1321 2711 haec
1353 2647 1497 2710 dico
1527 2646 1681 2708 satis
1712 2663 1850 2707 esse
1879 2642 2387 2723 credibile,quod

900 2749 1159 2830 quidam
1190 2750 1480 2812 doctores
1510 2745 1755 2808 Hebraei
1787 2745 1849 2806 id
1882 2744 2117 2819 dicant,
2142 2762 2270 2806 non
2305 2752 2389 2804 ta-

900 2867 1047 2911 men
1078 2867 1321 2924 omneS‚
1356 2845 1709 2929 praesertim
1731 2862 1927 2924 quum
1956 2841 2268 2923 losephus
2299 2842 2388 2904 di—

899 2956 1020 3024 cat,
1035 2947 1207 3028 quod
1233 2945 1501 3027 Jephthe
1523 2963 1661 3006 eam
1694 2941 2038 3005 occidendo
2059 2939 2383 3003 obtulerit.

2503 1970 2571 2014 se
2600 1970 2868 2017 reversae
2901 1953 3053 2017 feeit
3083 1955 3247 2018 sicut
3278 1965 3558 2019 voverat.
3578 1957 3851 2020 Intentio
3882 1979 3990 2020 au-

2507 2057 2629 2112 tem
2663 2071 2775 2114 sua
2807 2051 2872 2113 in
2901 2053 3188 2116 vovendo
3221 2053 3416 2136 [fuit],
3455 2074 3567 2136 per
3595 2057 3988 2138 corporalem

2502 2150 2888 2214 occisionem
2917 2152 3044 2214 Deo
3083 2150 3530 2235 offerre-eum,
3565 2155 3674 2237 qui
3723 2155 3848 2217 sibi
3893 2175 3990 2218 re-

2501 2248 2724 2311 deunti
2776 2249 3000 2312 victori
3051 2250 3330 2332 primum
3381 2253 3729 2316 occurrerit
3777 2272 3792 2317 :
3845 2253 3988 2316 ideo

2502 2347 2620 2410 hoc
2650 2347 2962 2430 implevit,
2998 2357 3061 2410 et
3087 2349 3276 2431 quale
3307 2350 3548 2412 exstitit
3577 2360 3817 2429 votum,
3855 2353 3990 2415 sive

2501 2445 2769 2523 licitum,
2806 2446 2942 2510 sive
2974 2447 3294 2526 illicitum,
3330 2448 3471 2511 talis
3503 2457 3567 2512 et
3595 2450 3734 2530 ejus
3768 2451 3988 2532 imple-

2503 2544 2610 2607 tio.
2655 2545 2778 2608 Nec
2819 2545 3008 2622 valet,
3052 2547 3226 2626 quod
3270 2547 3528 2627 quidam
3575 2548 3684 2624 ait,
3735 2548 3800 2611 Si
3845 2569 3984 2612 eam

2499 2643 2856 2720 occidisset,
2910 2652 3126 2707 votum
3179 2665 3363 2707 suum
3415 2647 3590 2710 nullo
3639 2649 3828 2711 modo
3879 2649 3988 2711 im-

2500 2742 2735 2823 plesset
2768 2760 2782 2804 :
2815 2743 2968 2825 quia
2997 2743 3258 2806 emissio
3291 2744 3419 2808 voti
3461 2764 3588 2809 non
3630 2755 3838 2828 potest
3871 2747 3986 2810 fie-

2500 2841 2574 2918 ri,
2611 2841 2736 2903 nisi
2766 2843 2845 2904 de
2875 2842 3064 2905 bono.
3085 2841 3239 2904 Nam
3269 2844 3562 2924 quamvis
3595 2855 3814 2911 votum
3849 2867 3988 2932 pro-

2498 2941 2636 3022 prie
2667 2951 3012 3023 sumptum,
3049 2942 3130 3004 sit
3160 2951 3336 3005 actus
3367 2944 3644 3024 virtutis,
3678 2956 3742 3010 et
3773 2950 3980 3013 solum

899 3046 1137 3109 Deinde
1176 3045 1395 3128 opinio
1436 3043 1546 3105 illa
1591 3040 1921 3105 catholicis
1962 3039 2386 3102 contrariatur
2414 3035 2458 3098 C
2496 3040 2575 3101 de
2623 3039 2829 3115 boniS‚
2885 3048 3162 3102 attamen
3223 3044 3616 3108 consuetudo
3676 3045 3979 3128 loquendi

898 3145 1287 3209 doctoribuS.
1321 3144 1455 3206 Jam
1495 3144 1666 3206 enim
1708 3161 1783 3204 ex
1824 3139 2035 3204 verbis
2078 3139 2138 3201 S.
2173 3138 2387 3217 Augu-

896 3244 1049 3307 stini
1082 3243 1308 3327 patuit,
1334 3243 1501 3325 quod
1534 3261 1673 3305 eam
1706 3259 1818 3323 per
1848 3238 2241 3320 corporalem
2275 3237 2386 3299 ob-

898 3343 1043 3405 tulit
1090 3351 1380 3419 mortem‚
1436 3340 1782 3403 secundum
1824 3338 1995 3419 quod
2047 3337 2212 3400 Deus
2252 3336 2384 3417 jus—

896 3442 978 3503 sit
1013 3440 1299 3517 Abrahae‚
1348 3448 1420 3503 ut
1458 3438 1581 3501 sibi
1624 3438 1787 3500 Isaac
1828 3436 1895 3498 in
1936 3435 2374 3498 holocaustum

892 3540 1179 3603 offerret.
1232 3539 1408 3602 Unde
1466 3536 2000 3620 quemadmodum
2059 3533 2376 3596 Abraham

893 3639 1261 3703 intendebat
1291 3639 1501 3719 ipsum
1522 3637 1689 3699 lsaac
1722 3634 1929 3717 primo
1950 3633 2239 3697 occidere
2259 3630 2378 3710 gla-

890 3739 1017 3817 dio,
1043 3740 1276 3802 deinde
1306 3738 1453 3819 igne
1482 3754 1715 3817 corpus
1746 3734 2129 3797 exstinctum
2161 3731 2378 3793 incen-

890 3840 1061 3915 dere,
1087 3845 1346 3920 propter
1376 3836 1544 3916 quod
1579 3834 1791 3913 ignem
1823 3840 1887 3894 et
1918 3830 2200 3911 gladium
2234 3829 2379 3891 tulit

890 3957 1104 4000 secum
1132 3960 1147 4010 ;
1185 3936 1271 3998 ita
1298 3933 1685 3997 credendum
1718 3928 2179 4011 videtur,quod
2199 3927 2380 4009 Jeph-

888 4038 999 4099 the
1038 4033 1263 4098 fecerit
1295 4032 1451 4095 riliae
1480 4050 1631 4093 suae.
1671 4030 1933 4110 Insuper
1963 4028 2027 4088 B.
2073 4027 2378 4108 Hierony-

888 4154 1031 4197 mus
1053 4129 1629 4216 protestatur,quod
1649 4127 1917 4209 Jephthe
1941 4126 1966 4186 f
1971 4126 2062 4187 uit
2084 4126 2378 4188 indiscre-

2495 3146 2612 3215 est,
2648 3147 2719 3201 ut
2755 3139 2947 3202 etiam
2987 3138 3258 3203 incautae
3283 3160 3410 3203 ⁸seu
3449 3146 3798 3211 temerariae
3841 3167 3984 3230 pro-

2495 3235 2829 3300 missiones
2860 3238 2987 3301 Deo
3029 3238 3228 3315 factae,
3262 3244 3571 3304 vocentur
3613 3252 3778 3322 vota,
3815 3248 3982 3311 sicut

2493 3343 2557 3397 et
2582 3336 2944 3415 juramenta
2984 3336 3227 3413 illicita,
3257 3338 3618 3419 juramenta
3649 3342 3974 3409 dicuntur.

2490 3434 2733 3496 Dicitur
2771 3453 3027 3515 quoque
3065 3434 3132 3497 in
3173 3443 3368 3513 textu,
3405 3440 3573 3518 quod
3603 3458 3679 3504 ex
3707 3460 3786 3506 eo
3825 3454 3983 3509 tem-

2490 3550 2664 3615 pore,
2717 3551 2846 3614 quo
2890 3532 3162 3614 Jephthe
3212 3534 3364 3597 fecit
3423 3556 3553 3600 suae
3605 3538 3758 3603 riliae
3809 3544 3976 3609 sicut

2491 3631 2804 3713 promisit,
2838 3633 3229 3695 consuetudo
3262 3632 3328 3694 in
3360 3634 3546 3697 lsrael
3577 3646 3674 3701 est
3703 3652 3970 3719 servata,

2491 3738 2561 3792 ut
2592 3729 2715 3790 filii
2747 3729 2934 3792 lsrael
2966 3729 3269 3811 plangant
3299 3730 3506 3795 filiam
3525 3734 3793 3817 Jephthe
3822 3759 3978 3821 quo-

2492 3827 2648 3891 libet
2684 3847 2853 3891 anno
2892 3836 3164 3909 quatuor
3201 3828 3426 3892 diebus
3461 3848 3476 3893 z
3511 3836 3680 3913 quod
3719 3855 3848 3901 non
3884 3840 3978 3903 fe-

2489 3927 2747 4004 cissent,
2783 3926 2907 3988 nisi
2935 3925 3162 3989 fuisset
3190 3927 3424 3991 occisa.

2568 4025 2888 4089 Postremo
2919 4025 3260 4089 dicendum
3291 4028 3562 4108 videtur,
3597 4032 3748 4113 quia
3777 4034 3832 4097 si
3873 4040 3974 4116 (ut

2487 4124 2711 4186 asserit
2732 4124 3150 4205 Augustinus)
3161 4124 3429 4207 Jephthe
3458 4127 3826 4195 intendebat
3845 4136 3976 4200 Deo

889 4243 991 4295 tus
1022 4232 1089 4293 in
1116 4229 1561 4313 promittendo,
1588 4234 1650 4289 et
1672 4225 1907 4307 impius
1938 4224 2371 4305 adimplendo.
2407 4224 2456 4286 D
2489 4223 3064 4305 promittere,quod
3097 4222 3456 4288 immolaret
3487 4227 3547 4289 ei
3577 4228 3644 4290 in
3674 4230 3975 4297 holocau-

886 4332 1055 4393 Idem
1102 4328 1411 4410 Iosephus
1463 4326 1767 4407 loquitur.
1821 4324 1973 4399 lmo,
2020 4323 2371 4386 secundum

882 4429 1249 4510 Iosephum,
1288 4426 1411 4489 suit
1440 4424 1673 4487 stultus
1707 4423 2016 4494 vovend0‚
2044 4430 2107 4485 et
2140 4420 2374 4502 impius

886 4522 1669 4611 prosequend0,quoniam
1700 4520 1933 4584 obtulit
1962 4520 2371 4594 sacrificium,

886 4646 1003 4690 nec
1048 4624 1425 4706 legitimum,
1482 4641 1596 4685 nec
1641 4621 1766 4683 Deo
1810 4639 2050 4683 carum.
2097 4618 2274 4693 Quod
2317 4620 2372 4681 si

882 4744 1108 4790 canem
1147 4722 1410 4786 obvium
1450 4720 1796 4798 habuisset,
1831 4738 1913 4782 an
1959 4737 2104 4781 eum
2151 4718 2372 4781 immo-

884 4824 1129 4887 lasset?
1179 4822 1449 4885 Thomas
1498 4838 1774 4901 quoque,
1833 4818 1897 4879 in
1948 4818 2227 4880 secunda
2277 4836 2374 4879 se-

882 4924 1125 4999 cundae,
1151 4920 1504 5003 quaestione
1532 4918 1612 4979 88
1646 4934 1661 4979 :
1696 4916 2012 4993 Quaedam,
2041 4916 2275 4997 inquit,
2301 4916 2369 4977 in

881 5040 1135 5085 omnem
1180 5026 1477 5083 eventum
1520 5024 1669 5077 sunt
1708 5015 1896 5092 bona,
1933 5024 2000 5077 ut
2033 5025 2211 5078 actus
2243 5015 2370 5078 vir-

882 5128 1113 5196 tutum,
1161 5128 1224 5182 et
1270 5118 1423 5181 talia
1470 5114 1760 5179 absolute
1808 5122 2075 5196 possunt
2124 5114 2365 5177 voveri.

881 5218 1020 5281 Alia
1052 5225 1219 5292 sunt,
1254 5236 1398 5297 quae
1428 5214 1577 5278 licet
1607 5213 1672 5275 in
1706 5231 1774 5276 se
1804 5212 2222 5290 considerata,
2241 5212 2372 5274 sint

880 5319 1069 5397 bona,
1104 5316 1344 5379 exitum
1376 5324 1584 5377 tamen
1618 5313 1853 5376 malum
1886 5320 2153 5393 possunt
2184 5311 2372 5375 babe-

2487 4330 2654 4384 stum
2705 4321 3030 4385 hominem
3077 4321 3200 4384 sibi
3247 4323 3471 4387 victori
3517 4327 3818 4407 primitus
3863 4334 3974 4395 ob-

2487 4420 2788 4498 viantem,
2837 4430 3053 4483 votum
3103 4422 3243 4502 ejus
3289 4422 3414 4485 fuit
3455 4424 3742 4491 absolute
3788 4430 3975 4495 illici-

2484 4528 2642 4597 tum,
2679 4528 2740 4581 et
2779 4528 3000 4582 contra
3038 4519 3147 4582 Dei
3185 4530 3572 4603 praeceptum
3615 4532 3968 4593 secundum

2486 4618 2688 4699 legem
2739 4636 3142 4681 communem
3185 4642 3199 4693 ;
3255 4638 3370 4683 nec
3423 4620 3546 4683 suit
3595 4644 3742 4688 vere
3790 4638 3970 4693 actus

2482 4717 2758 4793 virtutiS,
2778 4736 2895 4779 nec
2925 4715 3204 4779 elicitive
3237 4725 3346 4779 aut
3375 4719 3614 4785 directe
3642 4742 3717 4785 ex
3743 4724 3878 4789 fide
3905 4737 3968 4791 et

2481 4817 2840 4892 devotione,
2887 4815 2994 4877 sed
3039 4833 3115 4877 ex
3154 4834 3368 4879 errore
3407 4826 3470 4880 et
3514 4820 3970 4889 indiscretione

2481 4914 2853 4996 procedenS,
2887 4914 3039 4994 quia
3077 4914 3177 4992 (ut
3226 4913 3509 4995 loquitur
3551 4918 3969 5005 Augustinus)

2479 5013 2715 5077 virtute
2760 5030 2946 5075 nemo
2989 5012 3155 5074 male
3185 5014 3406 5075 utitur.
3443 5015 3518 5077 Et
3563 5016 3726 5081 idem
3757 5021 3969 5086 dicen-

2480 5116 2631 5178 dum
2683 5114 2762 5177 de
2813 5111 2943 5175 voti
2987 5111 3162 5174 illius
3207 5112 3605 5195 impletione.
3642 5117 3704 5181 Si
3754 5129 3966 5185 autem

2479 5233 2555 5276 ex
2597 5212 2845 5276 occulto
2891 5210 3164 5293 Spiritus
3209 5211 3421 5275 Sancti
3466 5214 3778 5281 instinctu
3821 5240 3968 5303 pro-

2477 5312 2670 5375 cessit
2706 5311 2790 5374 ob
2832 5310 3166 5393 mysticam
3211 5312 3540 5391 rationem,
3575 5316 3966 5383 futurorum-
