4359 6250
101 1792 272 1834 Jmnn.
287 1807 372 1843 vn,

83 1859 122 1900 ³3.
147 1858 216 1897 ¹0.

995 528 1346 575 ENAlmATio
1389 529 1452 574 IN
1494 530 1631 576 GAr.
1678 530 1758 575 XV
1801 529 1960 574 unm
2001 528 2170 574 1⁵le
2214 529 2437 575 REGUH.
2488 548 2567 558 —
2606 528 2747 574 Am.
2794 526 2948 573 XXIX

3399 507 3517 572 347

411 695 684 760 satisfac
715 716 832 779 pro
861 699 1104 776 eadem,
1127 708 1187 760 ec
1216 707 1528 761 revertere
1557 719 1826 771 mecum,
1845 710 1918 761 ut
1947 699 2000 762 Α
2029 698 2289 781 patitur.
2342 696 2554 762 Nihilo
2597 697 2811 761 minus
2860 716 3011 760 vere
3058 695 3517 778 poenitentibus

410 797 684 858 adorem
716 799 1098 869 Dominum,
1132 805 1448 879 quatenus
1493 817 1568 861 cx
1611 806 1720 860 tua
1761 817 1920 880 prae-

411 895 630 958 sentia
660 896 1089 960 exaudibilior
1119 896 1239 960 fiat
1267 898 1470 960 oratio
1505 917 1669 974 mea,
1707 907 1766 962 te
1805 917 1918 980 per

411 1001 596 1056 tuam
657 995 1010 1060 orationem
1071 996 1410 1078 supplente
1467 1016 1682 1060 meum
1743 995 1918 1059 defe-

411 1100 616 1154 ctum.
657 1097 745 1155 Ec
789 1098 886 1156 ait
931 1097 1202 1156 Samuel
1239 1099 1329 1156 ad
1369 1099 1538 1157 Saul
1569 1116 1592 1156 .·
1633 1097 1780 1158 Non
1821 1116 1918 1155 re-

409 1201 640 1252 vertar
673 1202 900 1254 tecum.
941 1193 1068 1256 Hoc
1106 1192 1268 1255 dixit
1302 1192 1578 1269 Samuel,
1611 1192 1764 1274 quia
1802 1211 1917 1275 pro

411 1296 574 1352 tunc
621 1289 710 1352 ita
755 1290 1145 1368 intendebat,
1190 1291 1486 1372 quamvis
1535 1290 1726 1372 paulo
1775 1300 1918 1373 post

408 1388 496 1450 ad
530 1407 829 1469 magnam
851 1389 1058 1453 Saulis
1080 1391 1450 1454 instantiam
1479 1390 1750 1453 mutavit
1780 1409 1918 1473 pro-

413 1486 728 1566 positum,
748 1487 894 1550 ideo
927 1506 1052 1551 non
1087 1488 1518 1552 mentiebatur
1538 1487 1912 1552 formaliter.

411 1585 536 1646 Vel
584 1585 800 1648 dicere
848 1585 1076 1662 voluit,
1117 1588 1288 1668 quod
1331 1606 1459 1650 non
1498 1587 1734 1650 rediret
1771 1607 1916 1650 cum

413 1683 568 1764 ipso
613 1702 732 1765 pro
777 1691 950 1748 tunc.
992 1685 1106 1748 Cui
1146 1684 1360 1748 simile
1397 1694 1513 1762 est,
1549 1686 1719 1767 quod
1749 1687 1916 1767 apud

407 1781 726 1846 loannem
767 1781 859 1843 ait
897 1780 1204 1859 Salvator,
1239 1783 1372 1864 Ego
1409 1802 1537 1846 non
1579 1784 1916 1846 ascendam

409 1878 498 1942 ad
545 1878 718 1941 diem
770 1879 1006 1944 festum
1061 1881 1234 1944 hunc
1288 1898 1302 1942 :

409 1986 564 2058 post
605 1979 896 2042 ascendit
935 1980 1012 2041 ad
1049 1998 1218 2042 eum.
1244 1979 1381 2057 Vel,
1416 1980 1548 2043 Non
1577 1981 1914 2044 ascendam

410 2085 655 2152 tecum,
694 2085 765 2138 ut
807 2095 983 2140 orem
1023 2096 1138 2159 pro
1178 2085 1261 2154 te,
1298 2097 1373 2141 eo
1417 2079 1604 2142 modo
1643 2098 1772 2160 quo
1806 2099 1918 2162 op-

409 2185 536 2251 taS,
571 2184 645 2237 ut
676 2174 922 2239 scilicet
953 2176 1116 2239 Deus
1150 2176 1239 2239 ita
1268 2176 1554 2256 ignoscat
1585 2178 1724 2254 tibi,
1744 2179 1916 2260 quod

403 2274 480 2336 in
533 2291 738 2352 regno
779 2293 1155 2356 permaneas
1201 2275 1268 2336 in
1314 2275 1534 2340 sobole
1574 2283 1682 2338 tua
1715 2295 1730 2338 ε
1765 2295 1917 2358 quo-

403 2371 592 2433 niam
627 2371 882 2434 Samuel
916 2372 1106 2436 scivit
1133 2373 1329 2436 Deum
1360 2373 1726 2455 oppositum
1755 2374 1916 2437 defi-

403 2470 684 2534 nirisse.
705 2471 780 2534 Et
799 2471 952 2536 huic
971 2472 1354 2554 expositioni
1384 2474 1723 2536 concordat
1743 2475 1914 2555 quod

403 2565 717 2634 subditur
757 2587 770 2632 :
811 2573 970 2651 quia
1007 2573 1347 2649 projecisti
1393 2593 1744 2634 sermonem
1791 2577 1916 2635 Do-

2027 797 2283 879 culpam
2328 796 2613 874 dimittit,
2650 798 2777 860 imo
2814 804 2879 859 et
2916 813 3171 878 poenam
3215 801 3515 858 aeternam

2027 915 2221 978 quam
2265 905 2659 974 meruerunt,
2700 903 3049 959 commutat
3094 893 3158 956 in
3205 903 3518 975 tempora-

2028 995 2176 1057 lem.
2212 994 2369 1058 Hinc
2400 995 2468 1056 in
2498 994 2663 1058 libro
2696 993 3035 1076 Sapientiae
3071 992 3307 1057 dicitur
3340 992 3460 1055 Deo
3497 1009 3510 1054 :

2025 1093 2116 1157 Ob
2161 1093 2281 1156 hoc
2318 1094 2490 1175 quod
2535 1092 2821 1156 omnium
2852 1093 3157 1156 Dominus
3190 1111 3280 1168 eS,
3312 1090 3518 1154 omni-
3544 1113 3808 1170 swanus.

2027 1192 2148 1254 bus
2199 1200 2257 1254 te
2308 1210 2567 1274 parcere
2616 1191 2773 1254 facis
2828 1209 2841 1252 :
2894 1192 3064 1273 quod
3122 1191 3313 1254 etiam
3374 1190 3517 1253 ideo

2027 1290 2271 1352 dictum
2327 1299 2444 1366 est,
2505 1290 2811 1372 quoniam
2871 1291 3035 1354 Deus
3090 1289 3251 1353 citra
3306 1287 3519 1354 condi·

2027 1407 2225 1468 gnum
2270 1388 2480 1471 punit,
2515 1398 2642 1452 tam
2684 1388 2751 1451 in
2794 1389 3182 1471 purgatorio,
3216 1407 3409 1469 quam
3449 1387 3517 1448 in

2027 1486 2307 1550 inferno.
2327 1491 2415 1550 Ec
2428 1491 2843 1566 poeniludine
2862 1508 2991 1548 non
3010 1489 3303 1563 flectetur
3322 1508 3349 1546 .·
3366 1486 3527 1568 quia.

2029 1585 2095 1647 in
2128 1585 2637 1649 incommutabili
2668 1587 2794 1649 Deo
2826 1604 2954 1648 non
2986 1591 3197 1667 potest
3223 1584 3521 1648 consiste-

2029 1703 2097 1746 re
2129 1684 2483 1765 poenitudo,
2499 1684 2679 1747 dolor
2699 1703 2809 1748 seu
2842 1681 3218 1765 poenitentia
3234 1683 3521 1764 (proprie

2029 1783 2227 1862 dicta)
2274 1784 2351 1846 de
2400 1783 2715 1846 sententia
2764 1783 2843 1845 ab
2892 1783 3031 1864 ipso
3079 1781 3344 1863 prolata.
3394 1781 3519 1845 Nec

1355 1889 1418 1944 et
1463 1890 1675 1944 tamen
1726 1883 1916 1964 paulo
1953 1885 2000 1946 B
2029 1882 2222 1944 etiam
2267 1881 2551 1958 flectitur
2594 1881 2992 1963 poenitudine
3038 1880 3274 1964 nost'ra,
3317 1880 3405 1942 ita
3449 1889 3519 1942 ut

2028 1980 2095 2042 in
2139 1999 2207 2042 se
2254 1980 2391 2062 ipso
2439 1989 2721 2042 mutetur
2758 1979 2859 2043 vel
2912 1986 3164 2042 revocet
3202 1979 3372 2060 quod
3412 1979 3519 2040 de-

2028 2079 2267 2154 finivit,
2303 2079 2596 2160 quamvis
2645 2078 2711 2140 in
2762 2077 2986 2141 Genesi
3035 2079 3301 2158 legatur,
3342 2077 3515 2158 quod

2027 2185 2229 2241 tactus
2262 2178 2482 2240 dolore
2512 2178 2722 2241 cordis
2756 2177 3160 2253 intrinsecuS,
3186 2177 3365 2252 dixit,
3390 2176 3517 2238 Poe·
3570 2197 3807 2250 censae,

2027 2275 2184 2338 nitet
2235 2295 2336 2338 me
2389 2275 2619 2338 fecisse
2668 2275 2991 2338 hominem
3038 2293 3053 2337 t
3102 2275 3272 2356 quod
3320 2283 3517 2342 meta·
3545 2265 3589 2306 ⁷·

2027 2375 2287 2456 phorice
2331 2373 2815 2455 intelligendum
2860 2381 2978 2450 est,
3012 2373 3178 2436 sicut
3217 2382 3281 2436 ct
3318 2371 3519 2434 multa

2027 2472 2283 2536 similia.
2330 2473 2521 2536 Porro
2564 2493 2755 2555 super
2799 2492 2907 2536 eos
2951 2472 3062 2554 qui
3110 2491 3235 2535 non
3280 2471 3517 2534 habent

2025 2571 2475 2634 contritionem
2510 2590 2589 2633 ex
2616 2572 2828 2648 corde,
2863 2571 3030 2634 sicut
3068 2590 3185 2633 nec
3220 2569 3367 2633 Saul
3398 2568 3516 2632 hac

2025 2671 2189 2746 vice,
2246 2688 2373 2731 non
2423 2670 2628 2758 parcit
2676 2689 2792 2733 nec
2856 2668 3137 2732 flectitur
3184 2669 3511 2745 DominuS,

2019 2769 2205 2850 juxta
2243 2768 2401 2832 illud
2452 2768 2924 2832 Deuteronomii
2972 2785 2986 2830 :
3033 2768 3261 2831 Reddit
3299 2769 3517 2831 odien-
3586 2795 3808 2847 namu,

491 2868 584 2928 Ει
613 2887 952 2928 conversus
989 2878 1078 2930 esc
1119 2871 1391 2930 Samuel
1429 2878 1502 2928 uc
1532 2870 1758 2930 abiret.
1794 2873 1916 2930 Ille
2025 2869 2197 2931 tibus
2238 2888 2305 2932 se
2344 2867 2583 2944 statim,
2628 2867 2717 2930 ita
2758 2877 2828 2930 ut
2874 2867 3197 2949 disperdat
3244 2866 3408 2943 illos,
3453 2875 3516 2930 et
3547 2860 3611 2901 ¹⁰·

401 2975 662 3036 autem,
702 2965 1005 3029 videlicet
1051 2967 1220 3044 Saul,
1276 2970 1704 3046 apprehendit
1745 2989 1916 3030 sum-
2027 2967 2195 3030 ultra
2235 2986 2362 3030 non
2402 2964 2689 3042 differat,
2725 2966 3017 3047 protinus
3047 2965 3141 3029 eis
3174 2965 3515 3029 restituens

403 3067 712 3128 mitatem
733 3068 941 3143 pallii
970 3068 1134 3146 ejus,
1170 3075 1391 3150 utpote
1433 3066 1768 3145 SamueliS,
1800 3069 1914 3151 qui
1945 3071 1990 3135 C
2024 3067 2196 3148 quod
2236 3074 2581 3129 merentur.
2626 3068 2845 3146 Neque
2881 3067 3057 3127 enim
3096 3067 3279 3127 homo
3318 3075 3409 3126 est
3448 3066 3512 3129 in

399 3172 696 3227 verterat
737 3182 806 3227 se
844 3164 923 3227 ad
964 3165 1411 3243 recedendum,
1455 3175 1527 3229 ut
1563 3167 1914 3231 retraheret
2025 3166 2285 3248 propria
2323 3174 2568 3242 natura,
2603 3176 2675 3227 ul
2715 3175 2868 3243 aqat
2890 3168 3373 3243 poenitenciam,
3400 3166 3513 3229 sed

399 3282 560 3325 eum
591 3286 606 3337 ς
649 3283 796 3342 quoe
830 3273 891 3323 et
916 3265 1114 3324 scissa
1141 3274 1230 3324 esc
1269 3284 1345 3325 ex
1381 3266 1445 3328 vi
1487 3265 1908 3329 retractionis
2023 3273 2117 3328 est
2139 3264 2517 3328 invariabile
2536 3263 3357 3347 etsupersimplicissimum
3380 3284 3508 3339 enS,

397 3364 500 3423 Ec
530 3362 630 3422 αἰι
661 3364 933 3423 Samuel
961 3364 1050 3421 ad
1077 3382 1225 3423 eum
1246 3384 1270 3421 .·
1300 3366 1537 3435 Scidit,
1562 3364 1626 3425 id
1657 3372 1774 3440 est,
1795 3364 1910 3427 hac
2021 3364 2134 3445 qui
2167 3384 2281 3446 per
2310 3364 2673 3427 Malachiam
2708 3372 3127 3445 protestatur:
3152 3354 3280 3444 Ego
3310 3364 3513 3427 Domi·
3540 3385 3807 3435 ,namma

397 3459 729 3523 scissione
751 3458 932 3541 pallii
956 3460 1083 3523 mei
1105 3458 1908 3541 praesiguravissDominus,
2025 3482 2167 3539 nuS,
2214 3471 2277 3525 et
2322 3481 2448 3526 non
2497 3470 2728 3526 mutor.
2776 3464 2935 3525 Hinc
2982 3462 3048 3524 in
3094 3462 3509 3525 Numerorum
3540 3453 3582 3491 ⁶·

397 3558 840 3622 scindendum
883 3577 1022 3622 esse
1060 3579 1336 3636 reqnum
1374 3563 1582 3621 Israel
1623 3583 1665 3622 a
1711 3572 1766 3621 te
1806 3564 1913 3623 ho·
2023 3561 2191 3624 libro
2222 3561 2471 3624 Balaam
2505 3562 2593 3623 ait
2624 3580 2639 3625 t
2674 3563 2807 3625 Non
2848 3571 2944 3625 est
2984 3562 3147 3625 Deus
3185 3561 3370 3643 quasi
3402 3561 3512 3624 ho-
3552 3584 3807 3635 mmmm.

395 3659 524 3719 die
555 3678 579 3717 .·
621 3656 762 3732 hoc,
809 3656 1095 3738 inquam,
1144 3657 1334 3720 hodie
1379 3658 1808 3739 praesignavit,
1853 3671 1913 3721 et
2021 3680 2128 3723 mo
2157 3669 2223 3722 ut
2253 3660 2620 3736 mentiatur,
2655 3680 2771 3723 nec
2801 3669 2871 3723 ut
2902 3659 3079 3725 filius
3122 3660 3401 3722 hominis
3442 3668 3519 3723 ut
3544 3648 3608 3692 ¹⁹·

401 2671 612 2741 mini,
655 2679 716 2730 el
747 2672 1028 2749 projecit
1074 2681 1130 2732 te
1173 2673 1493 2733 Dominus
1545 2693 1624 2732 ne
1665 2674 1755 2732 sis
1798 2694 1916 2733 rea>

397 2776 611 2844 super
637 2770 870 2830 Israel.

399 3758 727 3825 tradidit,
758 3756 822 3818 id
854 3763 973 3832 est,
1011 3756 1216 3819 tradet
1254 3776 1366 3819 seu
1409 3758 1654 3820 tradere
1683 3756 1914 3820 defini-

396 3854 530 3929 vit,
567 3857 742 3915 illud
769 3858 1076 3931 promimo
1122 3864 1229 3915 cuo
1265 3858 1524 3916 meliori
1555 3866 1636 3926 ce,
1667 3856 1914 3920 scilicet

397 3952 540 4035 ipsi
572 3952 794 4028 David,
829 3952 942 4033 qui
983 3952 1084 4016 vel
1130 3960 1282 4016 tunc
1323 3962 1479 4030 erat,
1516 3963 1624 4015 aut
1655 3953 1911 4017 futurus

401 4050 543 4112 suit
575 4049 922 4113 virtuosior
960 4050 1170 4113 Saule.
1204 4053 1413 4113 Porro
1452 4053 1914 4130 Trz‘umplzator

395 4152 490 4209 in
529 4151 765 4218 Israel,
807 4148 870 4210 id
913 4156 1012 4211 est
1055 4149 1222 4211 Deus
1265 4149 1693 4232 omnipotenS,
1728 4151 1912 4232 cujus

2023 3767 2327 3821 mutetur.
2348 3760 2653 3841 Denique,
2674 3778 2871 3840 quum
2893 3759 3056 3822 Deus
3079 3759 3161 3821 sit
3182 3758 3512 3841 sapientiai

2025 3855 2322 3934 infinitae,
2358 3857 2571 3919 omnia
2614 3856 2996 3919 aeternaliter
3044 3856 3511 3939 perfectissime

2023 3955 2300 4031 intuenS,
2336 3974 2463 4018 non
2500 3964 2711 4037 potest
2748 3955 2813 4017 in
2858 3975 3005 4017 eum
3044 3956 3269 4018 cadere
3314 3956 3511 4037 poeni-

2023 4053 2225 4116 tentia
2252 4056 2330 4117 de
2362 4071 2437 4116 eo
2467 4054 2639 4136 quod
2670 4054 2831 4116 dixit
2862 4061 2971 4117 aut
3000 4053 3173 4117 fecit.

2101 4157 2191 4216 At
2220 4155 2334 4213 ille
2364 4156 2461 4215 ait
2490 4174 2513 4216 .·
2542 4156 2841 4215 Peccavi.
2886 4158 3016 4215 Sed
3056 4174 3232 4215 nune
3268 4157 3512 4215 honora

395 4246 654 4311 virtute
691 4255 754 4309 et
793 4247 998 4327 gratia
1037 4248 1409 4311 conceditur
1449 4249 1716 4311 victoria
1759 4250 1914 4311 lsra-
1941 4252 1992 4314 D
2023 4274 2122 4313 me
2153 4274 2371 4313 coram
2400 4255 2762 4313 senioribus
2778 4255 3021 4331 'populi
3051 4255 3179 4313 mei
3204 4263 3265 4313 el
3294 4273 3511 4313 coram

395 4344 522 4421 eli,
557 4353 622 4407 et
649 4345 754 4407 cui
785 4346 994 4408 omnis
1026 4346 1447 4410 adscribenda
1485 4356 1580 4410 cst
1617 4347 1908 4424 victoria,

393 4462 614 4527 quum
665 4452 878 4507 tamen
917 4452 986 4506 tu
1029 4444 1362 4509 victoriam
1412 4466 1448 4509 a
1490 4446 1616 4509 Deo
1659 4466 1914 4510 conces-

395 4561 572 4618 sam,
623 4541 764 4619 tibi,
813 4541 960 4624 plus
1007 4562 1200 4624 quam
1251 4543 1422 4621 licet,
1471 4545 1905 4627 adscripseriS,

393 4658 540 4702 non
565 4650 814 4717 parcet,
849 4640 914 4703 id
954 4648 1072 4717 est,
1108 4642 1436 4723 praefatam
1483 4662 1736 4724 poenam
1782 4662 1908 4706 non

397 4738 745 4816 relaxabit,
787 4738 945 4820 quia
990 4738 1406 4803 immobiliter
1447 4742 1690 4818 statuit,
1737 4742 1908 4823 quod

379 4838 472 4901 ‘in
508 4846 624 4899 tua
651 4836 1058 4901 successione
1089 4838 1319 4918 regalis
1352 4838 1747 4921 principatus
1778 4859 1908 4903 non

399 4936 839 5019 permanebit.
891 4936 1032 5013 Vel,
1081 4936 1218 4999 Non
1274 4947 1509 5019 parcet,
1568 4938 1722 5020 quia
1781 4958 1908 5003 non

399 5033 730 5119 permittit
753 5043 1086 5116 peccatum
1117 5035 1380 5099 omnino
1410 5036 1686 5101 inultum
1715 5046 1911 5099 trans-

399 5134 526 5211 ire,
565 5133 681 5214 qui
712 5132 966 5196 nullum
995 5133 1234 5197 bonum
1267 5133 1532 5197 dimittit
1562 5134 1910 5201 irremune-

399 5241 647 5309 ratum,
685 5231 1067 5313 nullumque
1095 5233 1336 5295 malum
1367 5234 1780 5315 impunitum,
1817 5256 1910 5299 se-

96 5348 174 5391 m
185 5352 362 5401 mma
395 5331 693 5395 cundum
724 5329 887 5392 illud
912 5330 1028 5394 Job
1054 5347 1069 5393 :
1093 5330 1256 5394 Deus
1280 5331 1554 5396 inultum
1578 5332 1754 5397 abire
1777 5353 1904 5398 non

2024 4354 2250 4413 Israel.
2289 4350 2351 4413 Si
2383 4370 2460 4412 ex
2492 4350 2810 4431 condigna
2846 4360 2909 4414 et
2948 4349 3271 4432 profunda
3306 4351 3515 4413 humi-

2024 4450 2200 4512 litate
2231 4449 2517 4525 dixisset,
2550 4448 2832 4526 Peccavi,
2870 4468 2996 4513 non
3040 4458 3165 4512 tarn
3198 4449 3513 4513 sollicitus

2022 4547 2250 4611 fuisset
2288 4549 2367 4611 de
2408 4568 2524 4610 sua
2563 4548 2981 4612 honoratione
3016 4567 3029 4611 :
3071 4547 3200 4611 imo
3240 4567 3356 4630 pro
3398 4568 3515 4631 pu-

2022 4646 2192 4709 blico
2233 4654 2515 4728 peccato,
2548 4664 2762 4710 coram
2803 4647 3102 4710 omnibus
3148 4646 3407 4729 publice
3446 4667 3515 4710 se

2021 4743 2444 4821 humiliasset,
2483 4746 2852 4827 honoreque
2893 4746 3067 4826 regio
3108 4764 3175 4808 se
3220 4762 3519 4825 recogno-

2019 4843 2217 4907 visset
2259 4844 2613 4924 indignum.
2659 4848 2737 4906 Ec
2767 4855 3075 4906 revertere
3106 4866 3377 4917 mecum,
3412 4862 3517 4907 co-

2020 4941 2306 5005 mitando
2347 4949 2409 5003 et
2446 4942 2771 5023 sequendo
2803 4960 2903 5005 me
2936 4950 3235 5023 tanquam
3282 4959 3513 5021 regem,

2030 5051 2102 5101 ul
2122 5044 2382 5101 adorem
2398 5042 2753 5101 Dominum
2770 5043 2975 5101 Deum
2998 5043 3521 5101 tuum.Reversus

2025 5158 2175 5217 erqo
2208 5142 2501 5209 Samuel,
2532 5149 2785 5199 secutus
2816 5148 2904 5198 est
2937 5142 3231 5206 Saulem,
3262 5144 3522 5219 propter

2026 5236 2265 5316 regiam
2299 5235 2673 5314 dignitatem
2704 5235 3218 5298 condescendens
3249 5254 3321 5297 ac
3350 5233 3521 5297 defe-

2019 5354 2162 5397 rens
2186 5334 2268 5412 ci,
2294 5342 2597 5415 tanquam
2621 5332 2862 5397 vicario
2894 5334 3079 5414 Regis
3110 5332 3515 5396 altissimi.At
