4359 6250
872 489 991 552 416

1425 504 1772 551 ENARRA‘rlo
1816 505 1877 549 ΙΝ
1920 505 2054 550 CAP-
2102 505 2231 551 XXX
2274 505 2431 550 unm
2473 506 2644 553 Pium
2687 507 2910 554 amun.
2955 526 3036 536 —
3076 507 3218 554 ΛΒΤ.
3265 508 3409 554 xux

870 696 1058 739 suum
1078 675 1273 741 David
1300 677 1367 740 in
1393 677 1583 739 tantis
1609 675 2131 741 tribulationibus
2163 683 2356 756 atque
2382 675 2434 738 A
2462 683 2849 742 comedentes
2875 691 2935 741 et
2966 682 3263 751 bibentes,
3284 690 3344 741 et
3373 681 3564 761 quasi
3591 680 3828 756 festum
3863 699 3958 738 ce·

870 775 1180 856 angustiis
1224 776 1525 858 positum,
1560 775 1849 840 celeriter
1878 775 1951 857 {ci
1999 772 2350 855 respondit,

868 873 1493 957 consolatoriumque
1530 874 1792 938 donavit
1832 892 2230 956 responsum.
2265 872 2356 932 Ex

867 970 969 1034 his
1016 973 1289 1035 sumitur
1338 982 1804 1054 argumentum,
1838 973 2010 1055 quod
2055 972 2354 1054 princeps

868 1088 997 1134 non
1027 1070 1254 1135 debeat
1282 1071 1523 1134 bellum
1556 1089 1813 1135 movere
1840 1070 2108 1134 Domino
2140 1069 2356 1131 incon-

867 1168 1057 1246 sultu,
1094 1169 1305 1251 ipsum
1354 1171 1654 1251 rogando,
1692 1178 1761 1231 ut
1811 1188 1925 1251 per
1968 1188 2035 1231 se
2081 1175 2191 1230 aut
2241 1186 2355 1248 per

866 1287 1053 1332 suum
1076 1268 1385 1332 vicarium
1408 1268 1704 1349 dignetur
1733 1267 1856 1330 sibi
1894 1267 2250 1342 ost-endere,
2274 1284 2353 1327 an

864 1365 1090 1430 debeat
1121 1386 1398 1449 pugnam
1430 1386 1720 1441 movere3
1762 1376 1825 1430 et
1868 1375 2017 1428 tunc
2048 1364 2352 1427 Dominus

864 1466 923 1528 ei
956 1465 1314 1548 inspirabit,
1350 1485 1462 1528 seu
1494 1465 1769 1529 vicarius
1800 1465 1910 1528 Dei
1940 1471 2235 1546 exponet,
2269 1481 2349 1524 an

862 1565 1097 1645 justam
1136 1565 1367 1628 habeat
1396 1584 1651 1629 causam
1680 1581 1910 1645 :quam
1943 1562 1996 1624 si
2027 1561 2347 1637 habuerit,

863 1671 1071 1745 potest
1118 1683 1422 1746 pugnare,
1476 1665 1530 1725 si
1580 1663 1854 1727 vicarius
1904 1670 2015 1724 aut
2059 1661 2170 1724 alii
2221 1678 2349 1723 non

861 1771 1107 1843 queunt
1135 1781 1537 1845 componere.
1558 1761 1622 1824 Si
1655 1780 1807 1827 vero
1837 1761 2078 1842 injusta
2106 1761 2191 1822 sit
2210 1760 2350 1840 ejus

2466 781 2776 840 lebrantes
2793 782 2966 842 diem
2989 801 3112 858 pro
3131 790 3366 841 cuncta
3379 782 3602 857 praeda
3625 787 3684 838 et
3699 780 3956 856 spoliis,

2462 897 2604 956 quae
2633 889 2932 956 ceperant
2958 883 3036 939 de
3070 890 3241 940 terra
3262 878 3634 940 Philistiim
3653 879 3811 936 etde
3835 886 3954 935 ter-

2463 995 2542 1035 ra
2559 979 2756 1038 Iuda.
2775 979 2859 1038 E't
2870 979 3186 1054 percussit
3205 996 3305 1036 eos
3324 977 3544 1036 David
3560 985 3618 1034 et
3641 975 3772 1034 viri
3787 975 3948 1050 ejus,

2459 1094 2502 1134 a
2523 1095 2778 1153 vespera
2797 1097 2987 1156 usque
3005 1079 3094 1137 ad
3113 1065 3431 1153 vesperam
3447 1075 3705 1136 alterius
3719 1071 3955 1132 diefflx

2462 1190 2592 1253 quo
2621 1182 2888 1251 constat,
2914 1175 3085 1256 quod
3115 1173 3382 1238 victoria
3408 1171 3604 1236 David
3636 1190 3827 1253 super
3857 1177 3952 1232 tot

2462 1270 2776 1349 homineS,
2799 1271 2922 1335 suit
2951 1273 3135 1338 valde
3164 1271 3567 1346 miraculosa,
3595 1269 3947 1352 praesertim

2461 1369 2766 1449 quoniam
2797 1371 3012 1435 nullus
3043 1372 3122 1435 de
3151 1372 3306 1436 viris
3338 1370 3536 1434 David
3570 1370 3636 1431 in
3669 1368 3782 1431 illo
3811 1385 3952 1430 cor-

2463 1478 2675 1531 ruerat
2699 1469 2884 1533 bello.
2903 1474 2985 1532 Et
3004 1491 3134 1532 non
3151 1472 3355 1531 evasit
3372 1491 3452 1529 eoe
3470 1471 3563 1528 eis
3579 1470 3950 1548 quisquam,

2461 1569 2597 1626 nisi
2627 1578 2882 1629 tantum
2915 1569 3383 1649 quadringenti
3421 1568 3557 1628 viri
3591 1569 3954 1626 adolescen-

2463 1673 2574 1735 tes,
2602 1668 2721 1745 qui
2749 1671 3168 1728 ascenderant
3197 1670 3487 1739 camelos,
3519 1675 3580 1726 et
3607 1666 3944 1742 fuqerant.

2458 1762 2548 1823 Ex
2589 1781 2718 1845 quo
2762 1783 2980 1827 rursus
3025 1773 3293 1841 constat,
3328 1764 3498 1846 quod
3537 1762 3722 1826 valde
3757 1757 3946 1822 multi

860 1880 1071 1939 causa,
1102 1863 1429 1944 praecipiet
1467 1861 1769 1926 Dominus
1811 1881 1925 1943 per
1966 1879 2152 1923 suum
2185 1859 2351 1922 vica·
2385 1857 2432 1921 B
2461 1859 2721 1925 suerunt
2748 1864 2963 1941 occisi,
2985 1883 3256 1946 quorum
3287 1863 3764 1945 comparatione
3793 1877 3951 1941 qua-

861 1959 1048 2036 rium‚
1085 1969 1154 2023 ut
1186 1978 1314 2024 non
1332 1969 1596 2024 moveat
1625 1959 1941 2043 praelium.

938 2062 1123 2123 Abiit
1160 2081 1306 2139 erqo
1344 2063 1565 2123 David
1604 2062 1759 2138 ipse,
1792 2069 1853 2119 et
1890 2059 2172 2118 sexcenti
2215 2057 2348 2116 viri

858 2163 974 2240 qui
1014 2171 1199 2222 erant
1244 2180 1389 2221 cum
1432 2177 1523 2232 e0,
1564 2169 1623 2220 et
1660 2167 1977 2219 venerunt
2015 2176 2216 2236 usque
2259 2157 2348 2215 ad

860 2269 1201 2322 torrentem
1230 2263 1450 2329 Besor,
1480 2268 1539 2319 et
1572 2260 1725 2318 lassi
1754 2258 2027 2338 quidam
2054 2255 2347 2315 substite-

858 2369 1038 2421 runt.
1072 2363 1450 2422 Persecutus
1486 2367 1574 2418 est
1615 2367 1831 2418 autem
1872 2357 2089 2417 David
2118 2355 2256 2432 ipse
2285 2363 2346 2413 et

856 2459 1323 2539 quadrinyenti
1381 2459 1515 2516 viri
1565 2477 1713 2516 cum
1763 2476 1853 2516 ec.
1906 2454 2344 2516 Substiterant

853 2559 1031 2618 enim
1070 2559 1359 2625 ducenti,
1390 2557 1508 2636 qui
1544 2557 1724 2624 lassi,
1758 2554 2035 2616 transire
2071 2571 2202 2612 non
2233 2569 2346 2628 po-

856 2665 1066 2717 terant
1099 2665 1439 2716 torrentem
1466 2658 1681 2716 Besor.
1710 2656 1793 2715 Et
1824 2654 2220 2713 invenerunt
2252 2651 2345 2708 vi-

852 2775 1001 2815 rum
1039 2756 1431 2832 AEyyptium
1481 2756 1555 2813 in
1604 2772 1786 2830 ayro,
1814 2761 1873 2810 et
1920 2752 2342 2812 adduxerunt

852 2873 999 2914 eum
1030 2855 1119 2912 ad
1151 2855 1386 2913 David.
1413 2855 1869 2930 Dederuntque
1894 2852 1957 2908 ei
1982 2868 2242 2925 panem,
2269 2855 2344 2906 ut

852 2953 1197 3010 comederet
1245 2959 1304 3011 et
1353 2951 1583 3010 biberet
1632 2967 1869 3027 aquam
1891 2970 1917 3017 ‚·
1954 2948 2063 3006 sed
2104 2955 2165 3005 et
2206 2944 2344 3020 fra-

2459 1958 2777 2041 dringenti
2816 1963 2938 2025 viri
2981 1971 3358 2046 reputantur
3386 1960 3710 2045 perpauci.
3747 1961 3952 2022 Emit

2455 2080 2601 2137 erqo
2631 2063 2851 2122 David
2879 2063 3102 2123 omnia
3129 2082 3273 2142 quoe
3315 2065 3598 2122 tulerant
3624 2058 3952 2122 Amalec-1·-

2459 2167 2557 2229 toe,
2589 2169 2648 2220 et
2675 2162 2844 2221 duas
2873 2181 3102 2222 uxores
3139 2181 3290 2221 suas
3319 2161 3513 2220 eruit.
3551 2159 3686 2220 Nec
3723 2157 3950 2234 defuit

2454 2261 2799 2338 quisquam
2826 2281 2868 2320 a
2885 2280 3094 2337 parvo
3127 2279 3323 2340 usque
3342 2262 3430 2319 ad
3453 2276 3792 2334 maynum,
3813 2264 3949 2314 tam

2451 2359 2532 2416 de
2558 2357 2723 2434 filiis
2751 2377 2949 2437 quam
2977 2361 3056 2418 de
3083 2359 3373 2435 filiabus,
3402 2365 3461 2416 et
3488 2359 3570 2416 de
3595 2355 3849 2432 spoliis,
3883 2361 3949 2412 et

2453 2476 2866 2536 quaecumque
2885 2464 3262 2534 rapuerant,
3287 2458 3402 2515 red
3407 2457 3526 2515 uoei
3529 2464 3552 2514 t
3571 2455 3794 2515 David
3819 2472 3950 2511 om-

2452 2555 2610 2625 nia,·
2637 2565 2698 2616 et
2729 2557 2882 2616 tulit
2917 2557 3249 2616 universos
3272 2573 3492 2631 qreyes
3521 2562 3582 2613 et
3611 2559 3942 2621 armenta,

2450 2662 2510 2712 et
2531 2654 2813 2714 minavit
2835 2663 2984 2714 ante
3001 2654 3236 2731 faciem
3257 2674 3468 2714 suam.
3491 2653 3946 2728 Dia-eruntqtoe

2451 2751 2572 2814 viri
2605 2759 2667 2814 et
2696 2752 2850 2816 socii
2881 2753 3076 2816 David
3103 2769 3117 2813 ε
3143 2756 3298 2815 Haec
3325 2762 3414 2812 est
3437 2753 3666 2831 praeda
3689 2751 3936 2810 David.

2449 2849 2637 2924 Quasi
2673 2852 2891 2914 dicant
2924 2869 2938 2914 :
2984 2851 3134 2915 Tam
3176 2851 3541 2934 praeclaram
3583 2848 3946 2930 copiosam·

2451 2968 2574 3029 que
2624 2952 2901 3033 praedam
2950 2950 3164 3014 decuit
3211 2951 3421 3033 ipsum
3473 2948 3669 3012 David
3714 2945 3944 3011 divina

844 3068 1039 3125 ymen
1072 3068 1292 3109 massae
1321 3049 1787 3118 caricarum,et
1816 3049 1984 3106 duas
2018 3045 2339 3121 liyaturas
2376 3047 2420 3111 C
2450 3048 2686 3112 virtuto
2714 3050 3064 3134 acquirere,

853 3168 996 3209 uvae
1024 3165 1251 3226 passae.
1285 3152 1435 3217 Quae
1473 3169 1671 3228 quum
1712 3147 2098 3215 comedisset,
2132 3164 2340 3202 rever-

848 3266 957 3306 sus
1002 3256 1092 3307 est
1138 3249 1409 3324 spiritus·
1456 3248 1621 3325 ejus,
1660 3257 1720 3306 et
1770 3245 2169 3321 refocillatus
2218 3251 2327 3301 est.

851 3347 1000 3406 Non
1048 3347 1223 3406 enim
1270 3349 1625 3406 comederat
1661 3364 1902 3422 panem
1932 3362 2135 3421 neque
2172 3342 2338 3400 bibe-

849 3454 955 3505 rat
976 3464 1213 3523 aquam
1247 3446 1449 3505 tribus
1469 3446 1691 3505 diebus
1710 3453 1769 3503 et
1798 3444 2000 3503 tribus
2030 3441 2332 3501 noctibus.

849 3544 1040 3603 Dixit
1087 3544 1149 3601 ei
1195 3544 1415 3622 itaque
1463 3544 1682 3603 David
1712 3562 1735 3601 .·
1776 3542 1974 3616 Gujus
2010 3560 2072 3598 es
2118 3548 2186 3599 tu
2210 3538 2240 3597 ἓ
2275 3536 2336 3597 id

847 3649 962 3718 est,
996 3641 1075 3704 ad
1106 3660 1297 3721 quem
1326 3641 1652 3722 pertines?
1683 3644 1782 3700 vel
1814 3642 1985 3699 unde
2014 3656 2081 3699 es
2122 3643 2330 3710 natm,

847 3758 957 3801 seu
1005 3740 1085 3803 de
1132 3759 1259 3821 qua
1310 3739 1609 3819 regione?
1650 3748 1765 3799 aut
1813 3756 1936 3817 quo
1978 3735 2228 3813 peryis,
2269 3732 2332 3795 id

845 3846 942 3900 est
966 3856 1227 3920 pergere
1256 3838 1476 3920 cupis?
1499 3838 1948 3900 Verumtamen
1982 3835 2115 3896 haec
2146 3832 2334 3896 tertia

844 3937 1133 4017 quaestiO,
1169 3946 1240 4000 ut
1272 3936 1494 4014 fertur,
1522 3956 1647 3999 non
1681 3943 1776 3997 est
1806 3935 1873 3996 in
1907 3933 2188 4008 HebraeO,
2215 3949 2332 3993 nec

844 4044 1133 4098 movetur
1172 4054 1207 4097 a
1243 4034 1536 4117 Josepho.
1575 4036 1701 4104 Qui
1745 4037 1841 4095 ait
1870 4055 1891 4093 .·
1923 4037 2100 4096 Puer
2128 4033 2334 4107 [Ερμ-

836 4135 1019 4210 ptius
1047 4153 1157 4210 eqo
1183 4155 1355 4205 sum,
1376 4154 1595 4195 servus
1627 4135 1760 4193 viri
1788 4133 2186 4195 Amalecitoe.
2213 4131 2330 4189 De-

2547 3152 2730 3211 Veni!
2771 3161 2988 3212 autem
3029 3151 3248 3211 David
3291 3152 3378 3210 ad
3415 3152 3718 3209 ducentos
3759 3149 3944 3207 viros

2449 3251 2567 3327 qui
2597 3252 2752 3309 lassi
2777 3251 3211 3319 substiterant,
3247 3266 3360 3308 nec
3386 3248 3568 3327 sequi
3583 3254 3944 3324 potuerant

2448 3349 2688 3418 David,
2720 3358 2780 3409 et
2821 3350 3095 3408 residere
3128 3366 3226 3407 eos
3251 3347 3542 3423 jusserat
3579 3347 3648 3404 in
3695 3354 3940 3405 torren-

2449 3455 2524 3516 te,
2545 3446 2609 3507 id
2631 3454 2728 3508 est
2749 3445 2929 3526 juxta
2954 3452 3298 3509 torrentem
3317 3447 3531 3505 Besor.
3555 3443 3683 3511 Qui
3699 3445 3940 3519 eqressi

2441 3554 2595 3603 sunt
2614 3545 2864 3604 obviam
2887 3545 3204 3613 David,et
3217 3546 3458 3620 populo
3477 3542 3595 3621 qui
3620 3550 3759 3601 erat
3777 3561 3931 3600 cum

2441 3662 2531 3703 eo,
2575 3646 2893 3703 Accedens
2931 3652 3148 3703 autem
3188 3644 3406 3703 David
3451 3644 3538 3701 ad
3577 3643 3928 3717 populum,

2445 3738 2508 3801 id
2546 3747 2642 3801 est
2679 3740 2757 3802 ad
2794 3741 2964 3803 viros
3002 3741 3308 3803 ducentos
3339 3738 3448 3820 qui
3484 3743 3930 3801 remanserunt

2442 3838 2521 3900 ad
2551 3838 2852 3915 sarcinas,
2876 3840 3188 3899 salutavit
3217 3858 3315 3897 eos
3337 3840 3630 3915 pacifice.
3653 3839 3936 3911 Respon-

2441 3940 2718 4017 densque
2747 3940 2956 3998 omnis
2985 3939 3090 3997 vir
3108 3938 3428 4014 pessimus
3455 3944 3514 3995 et
3547 3936 3814 4013 iniquus
3849 3936 3934 3993 de

2443 4035 2604 4095 viris
2634 4036 2752 4114 qui
2777 4046 2965 4097 erant
2993 4056 3140 4096 cum
3177 4036 3420 4097 David.
3457 4034 3546 4095 Ex
3587 4031 3708 4095 hoc
3751 4030 3934 4094 elici-

2442 4140 2564 4209 tur,
2589 4135 2759 4214 quod
2791 4133 2989 4215 aliqui
3021 4131 3235 4196 vitiosi
3268 4130 3528 4195 fuerunt
3561 4130 3726 4193 inter
3753 4128 3928 4191 viros

844 4234 1110 4311 reliquit
1158 4243 1371 4294 autem
1422 4255 1520 4295 me
1567 4235 1871 4293 dominus
1918 4251 2121 4300 meus,
2170 4230 2332 4309 quia
2360 4232 2409 4293 D
2439 4231 2678 4305 David3
2721 4240 2783 4295 et
2822 4232 2998 4309 item,
3031 4232 3199 4313 quod
3241 4230 3362 4293 viri
3403 4230 3600 4295 David
3643 4228 3934 4292 contule-

841 4340 1148 4407 oeyrotare
1166 4335 1328 4409 coepi
1346 4334 1843 4393 nudiustertius.
1860 4331 2198 4410 Siquidem
2219 4350 2332 4391 nos

840 4432 1179 4506 erupimus
1221 4435 1308 4491 ad
1351 4435 1701 4491 australem
1740 4433 2005 4507 plaqam
2055 4430 2330 4497 Ceretlii,

840 4538 901 4588 et
936 4538 1158 4589 contra
1184 4532 1425 4590 Judam
1454 4539 1514 4589 et
1542 4533 1630 4589 ad
1660 4529 1995 4589 meridiem
2032 4529 2238 4598 Caleb,
2271 4535 2330 4585 et

840 4628 1088 4704 Siceley
1114 4631 1558 4689 succendimus
1588 4628 1753 4705 iyni.
1772 4628 2086 4706 Dixitque
2113 4628 2175 4685 ei
2204 4628 2330 4686 Da-

842 4728 955 4786 vid
984 4743 1007 4786 .·
1037 4728 1223 4787 Potes
1249 4742 1347 4787 me
1375 4728 1603 4786 ducere
1640 4728 1729 4786 ad
1766 4745 2041 4785 cuneum
2081 4726 2279 4783 istum
2300 4726 2330 4783 ἓ

840 4827 969 4895 Qui
996 4826 1094 4886 ait
1122 4845 1147 4884 .·
1172 4828 1339 4885 Jura
1380 4826 1547 4885 mihi
1574 4844 1695 4902 per
1732 4827 1941 4885 Deum
1978 4826 2149 4903 quod
2196 4841 2327 4883 non

837 4925 1087 4985 occidas
1134 4944 1259 4994 me,
1289 4933 1347 4984 et
1391 4943 1523 4983 non
1570 4926 1790 4983 tradas
1836 4943 1933 4983 me
1975 4923 2047 4982 in
2094 4941 2327 4981 manus

836 5024 1091 5083 domini
1131 5023 1285 5092 mei,
1312 5032 1373 5083 et
1408 5042 1517 5099 eqo
1554 5025 1790 5082 ducam
1834 5030 1889 5081 te
1926 5024 2013 5081 ad
2043 5039 2322 5081 cuneum

837 5121 1057 5181 istum.
1093 5124 1175 5181 E't
1188 5122 1458 5197 juravit
1486 5122 1548 5180 ei
1575 5122 1815 5181 David.

922 5220 1051 5287 Qui
1086 5239 1288 5298 quum
1325 5222 1614 5281 duxisset
1652 5224 1825 5291 eum,
1854 5239 1988 5279 ecce
2039 5220 2147 5278 illi
2194 5220 2326 5278 dis-

834 5320 1207 5380 cumbebant
1252 5338 1446 5395 super
1480 5319 1720 5395 faciem
1770 5319 2089 5379 universce
2140 5326 2326 5379 terrce

2443 4339 2588 4392 runt
2625 4330 2690 4392 in
2733 4330 2836 4394 via
2871 4332 2950 4394 de
2990 4331 3216 4412 praedae
3245 4330 3582 4393 divisione.
3615 4328 3922 4407 Tuncque

2437 4429 2644 4491 omnis
2689 4428 2788 4491 vir
2831 4428 3166 4511 pessimuS,
3211 4428 3272 4491 id
3324 4436 3421 4491 est
3465 4428 3646 4491 valde
3691 4425 3922 4501 maluS,

2434 4529 2640 4608 quoad
2673 4529 2890 4604 Deum,
2912 4535 2977 4591 et
3007 4527 3288 4609 iniquuS,
3323 4528 3536 4609 quoad
3565 4525 3912 4607 proximOS‚

2435 4628 2610 4688 dimit
2651 4648 2674 4686 .·
2721 4630 2888 4696 Quia
2935 4647 3063 4687 non
3117 4636 3430 4686 venerunt
3477 4625 3804 4685 nobiscum
3856 4622 3926 4684 in

2437 4724 2676 4787 bellum
2707 4724 2810 4786 isti
2842 4724 3124 4801 ducenti,
3143 4746 3273 4785 non
3292 4726 3594 4785 dabimus
3615 4724 3708 4782 eis
3737 4724 3932 4801 quid-

2435 4844 2633 4903 quam
2672 4828 2751 4885 de
2791 4826 3013 4901 praeda
3050 4844 3246 4903 quam
3284 4825 3599 4892 eruimus,
3631 4823 3741 4880 sed
3777 4821 3928 4896 suf-

2433 4924 2616 4999 ficiat
2663 4924 3020 5001 unicuique
3067 4942 3236 4983 uccor
3273 4942 3420 4991 sua,
3449 4930 3511 4980 et
3545 4920 3680 4997 filii
3707 4939 3731 4977 .·
3760 4938 3922 4997 quos

2433 5042 2635 5100 quum
2683 5022 3068 5097 acceperint,
3107 5023 3424 5081 recedant.
3460 5020 3649 5080 Dioeit
3693 5026 3918 5077 autem

2437 5122 2652 5181 David
2681 5141 2704 5180 .·
2736 5121 2884 5183 Non
2919 5122 3012 5179 sic
3044 5120 3328 5196 facietis,
3374 5121 3614 5198 fratres
3660 5116 3808 5186 mei,
3841 5118 3926 5175 de

2431 5220 2533 5278 liis
2579 5238 2721 5296 quoe
2765 5218 3042 5278 tradidit
3087 5220 3266 5278 nobis
3304 5218 3646 5286 Dominus,
3696 5224 3759 5275 et
3805 5234 3926 5273 cu-

2429 5318 2694 5377 stodivit
2723 5336 2862 5386 nos,
2892 5326 2952 5377 et
2981 5318 3160 5377 dedit
3190 5319 3588 5376 latrunculos
3618 5314 3738 5394 qui
3773 5332 3930 5373 eru-
