4359 6250
600 2570 735 2628 lfley.
749 2585 846 2624 xvu,

587 2640 652 2681 ¹5.

888 482 1006 548 366
1408 501 1756 551 ENARRA'I'IO
1801 505 1860 550 IN
1903 505 2039 550 CAP.
2087 501 2239 549 xvul
2280 502 2437 548 LIBRI
2478 502 2647 549 Pium
2690 505 2913 552 amun.
2958 526 3040 536 —
3080 507 3223 554 ΛΒΤ.
3270 507 3457 555 xxxiv

885 685 1156 754 creatuS,
1203 678 1314 740 sed
1363 677 1720 740 voluntarie
1767 675 2026 758 impiuS,
2075 678 2267 747 Saul,
2315 684 2373 734 et
2403 670 2455 734 A
2484 681 2691 756 ipsam
2725 683 2843 741 tibi
2872 683 3031 742 dabo
3064 701 3371 752 umorem,·
3402 681 3981 741 tantummodoes-

877 779 1300 855 prophetabat
1338 779 1408 838 in
1453 779 1658 838 medio
1697 779 1924 836 domus
1951 795 2110 844 sace,
2147 773 2210 835 id
2252 780 2369 848 est,

887 894 1061 940 more
1089 875 1573 958 arrepticiorum
1605 873 1872 956 protulit
1904 872 2134 949 aliena,
2169 879 2233 933 et
2280 871 2374 931 in-

885 981 1013 1037 star
1063 973 1584 1057 prophetantium
1635 972 2014 1054 loquebatur
2063 970 2246 1052 quasi
2296 969 2375 1031 de

885 1072 1073 1135 rebus
1106 1073 1388 1148 secretiS,
1409 1080 1478 1134 ut
1509 1072 1768 1154 exponit
1788 1070 2230 1151 Hieronymus
2253 1067 2377 1130 Sic-

882 1191 1028 1253 que,
1081 1172 1462 1254 Prophetare
1512 1171 1614 1233 hic
1667 1169 2014 1252 improprie
2069 1166 2369 1242 sumitur,

881 1290 1080 1352 quum
1114 1268 1444 1352 prophetia
1473 1269 1557 1330 sit
1583 1269 1819 1332 donum
1844 1267 2117 1349 Spiritus
2141 1264 2374 1340 Sancti,

2486 787 2543 838 to
2576 781 2681 838 vir
2707 780 2921 856 fortis,
2954 789 3013 839 et
3034 780 3344 858 proeliare
3384 781 3549 839 bella
3578 778 3873 845 Domini,
3906 775 3973 836 id

2484 884 2598 951 est,
2636 876 2755 939 hoc
2807 885 3053 939 tantum
3103 877 3361 959 requiro
3404 897 3443 939 a
3489 885 3571 952 te,
3608 885 3675 938 ut
3714 883 3979 936 strenue

2485 974 2815 1055 praelieriS,
2849 985 3165 1057 quatenus
3204 974 3447 1039 scilicet
3487 973 3802 1037 desiderio
3844 973 3981 1054 pri-

2485 1074 2821 1153 mogenitae
2858 1073 3015 1138 filiae
3054 1095 3210 1138 meae
3250 1094 3526 1157 exponas
3568 1083 3631 1137 te
3672 1070 3979 1155 periculis

2484 1172 2847 1254 praeliorum
2890 1173 3163 1249 incaute,
3198 1181 3261 1237 et
3300 1174 3507 1236 cadas.
3540 1177 3719 1234 Saul
3754 1181 3977 1232 atatem

2481 1273 2817 1348 reputabat
2856 1274 3075 1332 dicens
3106 1289 3129 1332 .·
3163 1275 3310 1334 Non
3339 1275 3423 1332 sit
3452 1292 3688 1332 manas
3729 1291 3869 1330 mea
3894 1273 3975 1327 in

883 1388 1010 1433 non
1043 1369 1330 1448 maligni.
1350 1369 1570 1430 David
1589 1378 1804 1428 autem
1827 1369 2143 1444 psallebat
2171 1384 2373 1424 manu
2478 1372 2686 1437 eo,sed
2702 1372 2787 1430 sit
2806 1391 2999 1448 super
3016 1391 3163 1432 eum
3186 1391 3417 1432 manus
3440 1371 3973 1432 Philistinorum.

879 1468 1098 1530 suain
1130 1468 1392 1544 cithara,
1425 1469 1594 1528 sicat
1629 1487 1748 1545 per
1775 1468 2066 1542 sinqutos
2104 1465 2243 1523 dies
2284 1461 2374 1523 fa·
2480 1470 2597 1529 Ait
2647 1479 2861 1530 aute-m
2912 1473 3132 1530 David
3180 1474 3267 1530 ad
3314 1473 3504 1540 Saul,
3540 1487 3667 1532 non
3719 1475 3972 1530 tantum

881 1585 1024 1629 cere
1067 1566 1419 1641 consuevit,
1454 1566 1711 1647 quando
1759 1563 1905 1626 Saul
1957 1561 2373 1640 affligebatur
2479 1567 2849 1647 conjugium
2904 1569 3275 1644 recusando,
3330 1568 3453 1630 sed·
3492 1565 3975 1648 comparatione

878 1684 916 1728 a
949 1665 1179 1747 spiritu
1213 1683 1509 1748 nequam.
1545 1666 1934 1742 Tenebatque
1963 1664 2132 1722 Saul
2165 1664 2373 1720 tance—
2482 1665 2709 1746 regalis
2737 1665 2973 1746 fastigii
3006 1686 3074 1728 se
3104 1667 3345 1730 urbane
3365 1665 3790 1728 humiliando:
3810 1667 3975 1733 Quis

879 1785 1012 1834 am,
1041 1775 1100 1824 et
1133 1765 1332 1835 misit,
1369 1762 1432 1825 id
1467 1771 1563 1824 est
1595 1760 1899 1836 extendit,
1933 1780 2074 1819 eam
2117 1758 2197 1820 ad
2238 1775 2372 1839 pet·-
2476 1783 2586 1840 eqo
2628 1768 2824 1826 sum?
2853 1777 2969 1827 aut
3009 1787 3154 1845 quae
3196 1776 3283 1826 est
3328 1768 3467 1826 vita
3513 1774 3823 1834 mea,⁷aat
3866 1781 3971 1822 m·—

881 1862 1251 1925 fodiendum
1303 1860 1520 1936 David,
1546 1870 1794 1938 putans
1841 1861 2014 1940 quod
2055 1861 2371 1934 confiyere
2404 1855 2451 1918 B
2470 1865 2699 1938 quatio
2720 1866 2935 1940 patris
2965 1867 3090 1925 mei
3120 1867 3195 1924 in
3224 1867 3451 1937 Israel,
3476 1874 3549 1924 uc
3576 1869 3737 1940 fiam
3767 1881 3973 1938 ρεπεν

871 1971 1076 2040 posset
1117 1963 1354 2032 David,
1390 1960 1453 2023 id
1493 1967 1590 2022 est
1629 1957 2028 2037 transfigere,
2065 1977 2215 2015 eum
2254 1975 2369 2031 pa-

877 2061 1060 2128 riete,
1093 2059 1178 2121 ita
1210 2059 1379 2140 quod
1413 2059 1630 2121 lancea
1662 2055 2094 2143 pertransiens
2135 2071 2369 2134 corpus

878 2157 1097 2234 David,
1135 2157 1400 2219 intraret
1433 2174 1691 2238 quoque
1731 2154 2062 2236 parietem,
2097 2159 2159 2214 et
2190 2151 2248 2214 ei
2278 2148 2371 2211 af-

881 2255 1107 2335 figeret
1134 2256 1344 2338 ipsum
1378 2254 1596 2317 David.
1635 2257 1720 2314 Et
1761 2256 1978 2314 David
2014 2249 2369 2312 declinavit

879 2369 918 2416 ‘a
961 2350 1132 2433 facie
1170 2357 1312 2434 ejus
1352 2357 1648 2414 secunde.
1696 2352 1846 2414 Nam
1898 2359 1961 2414 et
2009 2358 2155 2413 ante
2204 2349 2369 2410 hanc

880 2454 1096 2519 horam
1131 2454 1326 2517 semel
1358 2453 1618 2516 recessit
1648 2471 1684 2514 a
1716 2449 1885 2528 Saul,
1923 2449 2247 2513 redeundo
2288 2445 2369 2508 ad

879 2554 1208 2638 proprium
1260 2561 1503 2635 patrem
1555 2551 1830 2612 instante
1880 2549 2070 2625 bello,
2115 2548 2197 2610 de
2237 2563 2365 2626 quo

877 2653 1148 2716 habetur
1179 2651 1557 2734 proecedenti
1591 2649 1892 2731 capitulo.
1921 2648 2038 2710 Sed
2071 2646 2225 2728 quia
2257 2644 2365 2706 ille

879 2772 1164 2816 recessus
1197 2751 1320 2814 fuit
1350 2750 1608 2813 alterius
1642 2748 1907 2811 rationis
1938 2747 2018 2810 ab
2049 2747 2195 2822 isto,
2216 2763 2361 2806 nam

877 2851 998 2914 fuit
1027 2859 1435 2933 spontaneus,
1455 2849 1575 2912 iste
1597 2866 1746 2911 vero
1773 2866 1848 2910 ex
1877 2847 2104 2909 timore
2132 2853 2197 2906 et
2216 2862 2363 2927 qua-

875 2949 928 3012 si
972 2957 1262 3024 coactus3
1305 2949 1449 3011 ideo
1489 2947 1746 3029 quidam
1795 2952 2120 3028 exponunt
2165 2944 2358 3018 istud,

2478 1962 2643 2038 reyis
2674 1963 2704 2022 ἓ
2742 1963 2922 2043 quasi
2969 1963 3158 2039 dicat,
3202 1962 3327 2026 Nec
3377 1961 3621 2025 ratione
3670 1977 3969 2042 persona

2478 2077 2655 2135 meae,
2676 2078 2793 2122 nec
2823 2061 3069 2123 ratione
3094 2061 3261 2138 vitre,
3284 2080 3397 2124 nec
3428 2079 3504 2124 ex
3533 2068 3711 2143 parte
3740 2075 3974 2138 cogna-

2480 2156 2671 2220 tionis
2708 2159 2941 2240 dignus
2986 2179 3127 2221 sum
3171 2168 3345 2222 tanto
3387 2158 3708 2223 connubio
3743 2175 3759 2218 ε
3790 2157 3969 2238 quod

2475 2254 2691 2337 aliquo
2742 2259 2929 2321 modo
2980 2258 3183 2340 potuit
3228 2257 3573 2334 verificari,
3608 2256 3967 2319 secundum

2477 2355 2646 2433 quod
2680 2355 3031 2419 locutiones
3063 2376 3137 2419 ex
3169 2355 3525 2419 humilitate
3555 2354 3847 2437 prolatae,
3866 2371 3975 2414 so-

2479 2451 2613 2514 lent
2660 2455 3007 2517 secundum
3057 2455 3335 2537 aliquam
3382 2453 3967 2518 considerationem

2478 2567 2641 2614 verae
2689 2553 2957 2615 censeri.
3004 2552 3307 2616 Absolute
3356 2562 3567 2615 tamen
3615 2551 3963 2634 loquendo,

2476 2649 2671 2712 David
2704 2660 2836 2714 erat
2856 2653 3271 2733 dignissimus
3302 2650 3710 2715 matrimonio
3741 2650 3969 2726 illo,et

2475 2768 2589 2812 suo
2619 2757 2839 2812 contra
2867 2750 3115 2814 Goliath
3148 2750 3474 2832 triumpho
3504 2750 3855 2832 promeruit
3888 2749 3967 2810 il-

2476 2847 2607 2910 lud.
2644 2853 2914 2911 Factum
2956 2861 3047 2910 est
3087 2857 3295 2912 autem
3342 2860 3585 2926 tempus
3624 2869 3825 2930 quum.
3856 2853 3969 2910 de-

2474 2949 2637 3007 beret
2680 2951 2835 3009 dari
2874 2951 3090 3010 Merob
3131 2951 3280 3027 filia
3318 2953 3483 3010 Saul
3526 2950 3769 3018 David,
3796 2951 3967 3008 data

872 3049 1043 3131 quod
1075 3048 1222 3111 Saul
1255 3047 1370 3110 hac
1403 3045 1505 3109 dic
1535 3046 1712 3108 nisus
1743 3053 1840 3108 est
1870 3044 1968 3106 bis
2001 3044 2214 3127 ipsum
2246 3042 2363 3104 Da·
2390 3043 2435 3108 C
2469 3055 2559 3106 est
2601 3048 2910 3108 Hadrieli
2957 3050 3317 3109 Molathitoe
3365 3067 3533 3107 umor
3560 3065 3583 3108 .·
3614 3047 3839 3129 sicque
3887 3047 3961 3107 in

872 3147 980 3211 vid
1029 3146 1385 3229 perfodere,
1421 3154 1484 3209 et
1527 3145 1670 3208 ideo
1715 3144 1814 3208 bis
1857 3162 1927 3208 se
1970 3143 2227 3207 retraxit
2281 3140 2361 3204 ab

873 3248 984 3311 illo
1022 3264 1036 3309 :
1071 3247 1289 3330 sicque
1317 3244 1579 3328 exponit
1608 3243 1807 3307 Rabbi
1836 3244 2086 3307 Paulus.

952 3349 1037 3408 Et
1071 3348 1292 3407 timuit
1322 3348 1488 3406 Saul
1518 3342 1730 3426 ipsum
1763 3344 2005 3412 David,
2028 3341 2094 3403 id
2125 3349 2244 3417 est,
2272 3359 2361 3403 re-

872 3466 1068 3530 gnum
1114 3444 1326 3508 timuit
1370 3462 1510 3507 esse
1551 3440 2065 3505 transferendum
2095 3462 2132 3505 a
2167 3462 2235 3505 se
2275 3442 2354 3503 ad

871 3545 1066 3609 David
1105 3564 1177 3607 ac
1217 3552 1502 3626 posteros
1543 3542 1704 3623 ejuS,
1738 3562 1807 3602 eo
1837 3544 2008 3621 quod
2037 3544 2358 3602 Dominus

867 3655 1020 3706 esset
1038 3664 1184 3705 cum
1214 3663 1282 3703 eo
1309 3661 1420 3724 per
1439 3640 1706 3722 gratiam
1741 3639 2062 3721 copiosam
2095 3658 2169 3701 ac
2201 3639 2357 3700 mul-

871 3744 1214 3818 tiformem,
1245 3751 1304 3801 et
1334 3762 1374 3801 a
1402 3761 1467 3800 se
1502 3742 1864 3801 recessisset.
1902 3740 2165 3799 Amovit
2211 3756 2355 3813 erqo

868 3847 1035 3905 Saul
1054 3862 1202 3902 eum
1223 3862 1262 3901 a
1281 3861 1369 3910 se,
1392 3838 1458 3901 id
1490 3847 1586 3901 est
1615 3858 1652 3901 a
1683 3856 1794 3899 sua
1828 3835 2184 3919 praesentia,
2205 3834 2357 3918 quia

868 3960 944 4003 ex
975 3939 1122 4003 odio
1151 3957 1296 4001 eum
1332 3936 1530 3999 invite
1561 3936 1742 4010 vidit,
1770 3953 1898 3998 non
1934 3943 2142 3997 tamen
2171 3952 2209 3996 a
2243 3953 2357 3997 suo

869 4038 1127 4121 palatio,
1161 4049 1220 4099 et
1249 4038 1403 4113 fecit
1433 4057 1581 4097 eum
1615 4038 1951 4096 tribunum
1981 4053 2176 4110 super
2207 4035 2355 4092 mil-

869 4142 923 4197 le
969 4141 1161 4211 viros,
1197 4136 1262 4198 id
1306 4143 1401 4198 est
1444 4134 1864 4197 chiliarchum
1910 4152 2022 4195 seu
2066 4131 2355 4193 millena-

2471 3146 2589 3209 hoc
2619 3145 2883 3210 violavit
2914 3147 3083 3224 Saul,
3117 3147 3289 3229 quod
3322 3147 3443 3229 ipsi
3484 3146 3679 3209 David
3720 3146 3967 3228 promi.-

2470 3244 2574 3307 sit.
2597 3245 2797 3307 Causa
2830 3253 3039 3308 tamen
3072 3246 3265 3327 hujus
3296 3244 3665 3309 mutationis
3698 3262 3823 3307 non
3854 3262 3967 3307 ex·

2471 3344 2769 3425 primitur
2800 3344 2865 3406 in
2896 3343 3017 3407 hoc
3049 3343 3208 3407 loco.

2540 3444 2786 3503 Dileoeit
2805 3453 3023 3504 autem
3040 3445 3261 3503 David
3280 3444 3520 3504 Mic-hot
3547 3444 3759 3520 filiam
3782 3444 3963 3503 Saul

2468 3545 2763 3603 alteram.
2781 3544 2867 3603 Et
2894 3542 3275 3602 nuntiatum
3296 3550 3383 3601 est
3402 3543 3590 3613 Saul,
3612 3552 3672 3602 et
3694 3545 3961 3620 placuit

2465 3642 2548 3701 ei.
2572 3642 2888 3720 Dim-itque
2916 3643 3086 3701 Saul
3116 3660 3139 3698 .·
3172 3642 3346 3700 Dabo
3384 3660 3521 3701 eam
3568 3642 3695 3713 illi,
3730 3650 3799 3701 ut
3828 3646 3961 3717 fiat

2464 3740 2527 3798 ei
2556 3741 2631 3799 in
2659 3742 3067 3808 scandalum,
3098 3748 3157 3798 et
3186 3740 3271 3798 sit
3307 3758 3501 3815 super
3527 3760 3673 3799 eum
3714 3760 3951 3800 manus

2466 3839 2993 3905 Philistinorum,
3009 3836 3073 3898 id
3095 3844 3190 3898 est
3214 3836 3462 3900 occasio
3487 3836 3685 3901 ruinae
3704 3845 3766 3900 et
3786 3856 3959 3901 mor-

2468 3936 2570 3998 tis·
2605 3938 2918 4015 Dioeitque
2955 3938 3123 3996 Saul
3150 3937 3239 3994 ad
3267 3937 3488 3996 David
3516 3953 3541 3995 .·
3572 3939 3653 3997 In
3690 3938 3949 3996 duabus

2464 4038 2647 4095 rebus
2670 4054 2866 4112 yener
2888 4054 3061 4095 meus
3089 4034 3217 4093 eris
3247 4035 3457 4095 hodie.
3481 4033 3548 4095 In
3578 4034 3860 4109 HebraeO,
3883 4044 3957 4096 ut

2465 4132 2866 4209 dicitur,non
2900 4130 3276 4206 habetur,1n
3296 4132 3543 4195 duabus
3578 4131 3785 4209 rebuS,
3806 4133 3947 4209 sed,

869 4236 1035 4298 rium
1070 4254 1083 4297 :
1119 4236 1289 4317 quod
1331 4234 1484 4297 fecit
1524 4252 1821 4315 perversa
1863 4230 2238 4306 intentione,
2286 4238 2355 4291 ut
2382 4226 2433 4288 D
2466 4231 2530 4292 In
2562 4230 2810 4293 duabus
2838 4248 3032 4310 gener
3070 4247 3083 4290 :
3122 4238 3191 4291 ut
3224 4229 3304 4291 sit
3344 4248 3592 4306 sensus,
3626 4230 3691 4292 ln
3737 4231 3957 4293 amba-

868 4334 1112 4398 scilicet
1151 4332 1347 4397 David
1385 4352 1527 4395 cum
1573 4331 1702 4393 illis
1742 4338 1963 4395 contra
2001 4329 2354 4392 Philistaeos

866 4432 1354 4515 congrediendo,
1403 4432 1815 4495 occideretur.
1863 4433 1948 4492 Et
1994 4430 2355 4507 eyredieba-

870 4544 999 4603 tur,
1041 4542 1100 4591 et
1147 4532 1434 4592 intrabat
1483 4533 1557 4591 iri
1605 4540 1939 4610 conspectu
1977 4530 2231 4606 populi.
2268 4530 2349 4588 In

865 4633 1158 4693 omnibus
1196 4650 1444 4709 quoque
1482 4632 1608 4689 viis
1644 4630 1778 4689 suis
1816 4630 2036 4689 David
2065 4629 2352 4703 pruden-

868 4742 961 4792 ter
989 4752 1052 4790 se
1082 4732 1324 4807 ayebat,
1347 4738 1405 4788 et
1437 4729 1757 4789 Dominus
1786 4736 1922 4787 erat
1953 4746 2101 4785 cum
2131 4746 2223 4785 ee.
2248 4726 2352 4783 Vi-

862 4832 963 4891 dit
993 4832 1212 4909 itaque
1233 4831 1404 4889 Saul
1433 4829 1604 4905 quod
1621 4828 1910 4902 prudens
1937 4835 2092 4885 esset
2123 4825 2347 4896 nimis,

861 4941 921 4991 et
951 4930 1137 5005 coepit
1167 4946 1390 4987 cavere
1417 4944 1584 4985 eum.
1623 4926 2102 4987 Omnis‘autem
2143 4926 2350 4984 Israel

861 5040 920 5090 et
949 5030 1124 5088 Juda
1151 5026 1462 5101 ditiqebat
1490 5024 1707 5082 David
1715 5069 1728 5083 .
1761 5025 1903 5098 Ipse
1931 5025 2106 5081 enim
2139 5023 2350 5097 ἐπῃνε-

859 5130 1159 5189 diebatur
1188 5134 1247 5183 et
1277 5123 1720 5199 egrediebatur
1750 5128 1899 5180 ante
1927 5141 2048 5181 e08.

950 5226 1266 5303 Dimitque
1311 5223 1480 5282 Saul
1526 5221 1613 5279 ad
1660 5219 1879 5279 David
1923 5238 1945 5278 .·
1989 5221 2150 5280 Ecce
2198 5222 2348 5296 filia

859 5346 1005 5388 mea
1035 5322 1268 5401 major,
1304 5318 1370 5380 id
1408 5325 1504 5379 est
1541 5316 1773 5394 senior,
1809 5316 2068 5381 nomine
2093 5320 2349 5387 'Mei-ob,

2464 4330 2583 4391 bus
2628 4328 2889 4392 filiabus
2928 4329 3086 4391 meis
3126 4330 3253 4391 eris
3293 4348 3464 4391 nunc
3506 4348 3700 4410 gener
3736 4348 3941 4407 meus,

2462 4428 2613 4510 quia
2653 4428 3139 4509 primogenitam
3179 4427 3483 4504 habuisti,
3520 4436 3825 4509 quantum
3870 4430 3955 4491 a'd

2461 4526 2803 4608 sponsalia,
2828 4534 2891 4590 et
2921 4546 3091 4589 nunc
3120 4526 3312 4589 aliam
3343 4526 3609 4590 habebis
3644 4546 3943 4610 sponsam

2460 4634 2524 4687 et
2552 4624 2912 4706 conjugem.
2948 4624 3084 4700 Vel,
3119 4625 3184 4686 In
3214 4625 3463 4687 duabus
3497 4625 3703 4702 rebuS,
3740 4626 3801 4687 id
3846 4636 3944 4689 est

2462 4742 2577 4805 pro
2611 4723 3055 4786 interfectione
3086 4722 3357 4799 Goliath,
3377 4732 3439 4785 et
3471 4742 3587 4804 pro
3619 4726 3951 4806 praeputiis

2458 4821 2959 4899 philistinorum,
2993 4840 3135 4902 quae
3165 4820 3485 4901 requiram
3516 4842 3554 4884 a
3586 4831 3667 4897 te,
3702 4822 3951 4887 obtine-

2460 4920 2558 4982 bis
2590 4920 2653 4981 in
2686 4920 3057 5002 conjugium
3101 4918 3304 4981 filiam
3350 4938 3577 4982 meam.
3614 4920 3947 4984 Verumta-

2462 5039 2605 5083 men
2663 5019 3081 5100 Hieronymus
3140 5018 3318 5096 dicit,
3369 5019 3527 5081 duas
3588 5038 3687 5082 res
3740 5018 3944 5083 fuisse

2458 5126 2713 5182 centum
2759 5117 3069 5199 praeputia
3112 5115 3611 5194 philistinorum,
3646 5137 3787 5199 quae
3828 5120 3949 5183 Da-

2457 5218 2564 5281 vid
2596 5216 2774 5298 prius
2814 5217 3071 5279 dederat
3114 5215 3285 5278 Sauli
3330 5234 3446 5298 pro
3486 5215 3627 5279 filia
3656 5218 3798 5299 ejus
3826 5218 3953 5283 Me-

2460 5315 2593 5392 rob,
2648 5323 2837 5397 atque
2884 5315 3155 5377 ducenta
3203 5313 3533 5397 praeputia,
3576 5334 3717 5396 quae
3765 5318 3953 5383 dedit
