4359 6250
108 1157 354 1212 mevam
361 1191 374 1209 ,

97 1223 162 1262 19.

115 3044 382 3094 Muthaxv,

119 3111 179 3152 13.

943 485 1292 532 ΕΝΑΒΒΑΤΙΟ
1336 487 1394 532 ΙΝ
1441 488 1575 532 ΟΑΡ.
1625 489 1728 533 XIV
1771 488 1928 533 unm
1971 489 2222 534 summm
2266 489 2490 535 REGUM.
2536 509 2615 521 -—-
2656 491 2799 536 Am'.
2846 491 2997 536 xxm

3398 475 3518 538 5¹9

407 673 554 735 qua
581 657 798 718 cultus
829 665 925 718 est
955 657 1091 720 veri
1121 658 1228 720 Dei
1257 683 1272 734 ς
1306 669 1378 720 ut
1405 671 1614 736 peccet
1646 635 1782 743 ipse
1813 679 1920 722 rex
1949 658 2000 720 A
2032 659 2163 721 suis
2198 660 2497 741 peccatiS,
2534 669 2721 742 prout
2755 661 2817 722 in
2850 661 3176 724 Ezechiele
3206 661 3511 726 habetur:

411 752 489 814 in
537 753 662 817 hoc
707 755 847 837 ipso
892 775 1007 838 per
1056 757 1544 821 immoderatum
1593 759 1864 839 rigorem
1902 776 1914 820 ε

407 853 734 932 quoniam
767 853 1045 917 Absalon
1077 864 1140 918 et
1167 857 1447 918 ministri
1479 855 1618 938 ejus
1649 859 1714 919 in
1756 867 1920 920 terra

413 951 538 1013 illa
565 953 934 1032 gentilium,
972 964 1264 1037 poterant
1305 956 1581 1020 faciliter
1613 959 1690 1019 ad
1724 957 1920 1020 idolo-

411 1049 680 1114 latriam
712 1053 1054 1117 declinare.
1090 1054 1267 1118 Unde
1297 1063 1360 1118 et
1391 1075 1584 1138 supra
1612 1055 1820 1138 primo
1850 1057 1920 1118 li-

411 1147 542 1214 bro
571 1151 772 1213 David
800 1151 962 1214 dixit
991 1154 1066 1215 ad
1097 1153 1244 1216 Saul
1282 1172 1296 1215 :
1331 1155 1640 1218 Maledicti
1671 1165 1821 1218 sunt
1852 1155 1918 1217 in

407 1259 775 1332 conspectu
817 1251 1091 1328 Domini,
1139 1253 1252 1334 qui
1295 1253 1622 1335 ejecerunt
1668 1274 1770 1317 me
1813 1255 1921 1318 ho-

410 1348 555 1426 die,
580 1359 654 1412 ut
685 1369 814 1414 non
846 1349 1130 1413 habitem
1161 1351 1227 1413 in
1260 1352 1610 1415 hereditate
1639 1353 1914 1430 Domini,

411 1448 713 1510 dicentes
739 1465 754 1509 ε
783 1447 957 1512 Vade
985 1458 1048 1512 et
1078 1449 1243 1514 servi
1278 1450 1400 1512 diis
1422 1450 1670 1513 alienis,
1689 1450 1918 1534 Sicquc

407 1547 598 1628 quod
626 1547 868 1610 dictum
901 1556 1019 1624 est,
1053 1559 1151 1619 ut,
1183 1557 1436 1612 tenetur
1467 1549 1570 1612 hic
1602 1568 1729 1612 non
1759 1550 1920 1613 dire-

407 1655 521 1708 cte
571 1646 933 1724 causaliter,
984 1648 1094 1710 sed
1141 1647 1662 1711 concomitanter.
1709 1648 1920 1712 Potest

409 1763 696 1826 quoque
732 1745 821 1808 ita
859 1745 1090 1828 exponi
1131 1763 1144 1807 :
1180 1746 1452 1810 Locutus
1493 1755 1590 1811 est
1635 1767 1740 1810 rex
1781 1768 1918 1812 ver-

2031 759 2349 840 Numquid
2382 759 2728 823 voluntatis
2768 780 2923 824 meae
2963 769 3058 823 est
3096 779 3266 824 mors
3306 761 3509 842 impii,
3598 787 3767 831 3:001..

2029 857 2186 920 dicit
2208 858 2533 933 DominuS‚
2554 868 2615 922 et
2644 877 2772 922 non
2805 868 2873 920 ut
2904 867 3307 922 convertatur
3337 880 3374 922 a
3393 861 3515 924 viis
3544 863 3655 900 ”¹¹¹³
3678 853 3744 894 ’3-

2030 955 2185 1032 suis,
2212 964 2273 1018 et
2302 956 2519 1020 vivat?
2548 957 2692 1020 Ideo
2721 957 3034 1034 subditur,
3051 961 3160 1018 sed
3185 968 3512 1031 retractat,

2031 1054 2094 1116 id
2127 1062 2245 1130 est,
2280 1056 2661 1118 sententiam
2704 1057 3130 1119 damnationis
3175 1056 3421 1134 differt,
3452 1065 3517 1120 et

2031 1171 2437 1216 communem
2491 1155 2691 1234 legem
2747 1155 2825 1217 de
2877 1154 3058 1236 impii
3108 1155 3517 1218 damnatione

2029 1251 2271 1314 dudum
2324 1253 2811 1334 promulgatam,
2848 1253 3031 1335 quasi
3079 1272 3376 1317 revocare
3424 1253 3517 1317 vi-

2027 1351 2214 1412 detur
2246 1352 2309 1413 in
2341 1351 2903 1432 particulari,dum
2935 1352 2994 1415 ei
3024 1352 3137 1434 qui
3166 1353 3514 1415 secundum

2028 1451 2233 1530 legem
2266 1469 2666 1514 communem
2699 1451 3098 1514 meruitmox
3119 1452 3519 1534 puniri,con-

2028 1549 2197 1611 cedit
2240 1549 2451 1611 locum
2497 1557 2560 1612 et
2604 1558 2853 1630 tempus
2898 1550 3273 1632 poenitendi,
3310 1569 3381 1613 ac
3416 1571 3517 1614 ve·

2028 1647 2201 1709 niam
2237 1648 2639 1729 promerendi
2670 1665 2683 1708 :
2723 1648 2850 1711 imo
2882 1667 2995 1730 per
3026 1668 3094 1712 se
3132 1648 3367 1730 ipsum,
3402 1669 3518 1732 per

2028 1746 2390 1826 angelicum
2440 1765 2697 1827 quoque
2747 1747 3143 1824 instinctum,
3198 1766 3311 1829 per
3360 1747 3517 1811 Scri-

413 1843 578 1905 bum
613 1843 806 1920 istud,
828 1843 905 1906 Ut
937 1853 1156 1926 peccet
1179 1845 1455 1927 populus
1476 1845 1602 1922 Dei,
1620 1846 1917 1910 videlicet.
1953 1853 2000 1914 B
2029 1853 2272 1927 pturaS,
2308 1863 2421 1926 per
2453 1845 2919 1926 praedicatoreS,
2954 1865 3067 1928 per
3094 1845 3415 1910 beneficia
3452 1857 3515 1910 et

411 1941 704 2005 Absalon
747 1949 811 2004 et
850 1942 950 2004 sui
987 1942 1266 2005 ministri
1302 1961 1316 2005 :
1351 1944 1504 2025 quia
1541 1944 1620 2007 ad
1649 1944 1914 2008 verbum

409 2040 586 2122 ejuS‚
633 2059 764 2122 quo
803 2041 998 2123 jussit
1037 2060 1146 2105 eos
1191 2061 1449 2106 manere
1494 2043 1559 2104 in
1605 2052 1770 2106 terra
1810 2043 1918 2106 illa

408 2138 784 2220 gentilium,
822 2140 1240 2204 concomitari
1271 2150 1517 2223 poterat
1545 2150 1916 2224 praetactum

411 2238 804 2302 idololatriae
848 2240 1077 2304 vitium
1122 2241 1186 2303 in
1227 2242 1489 2304 eisdem.
1533 2245 1618 2304 Et
1657 2262 1786 2303 non
1827 2264 1917 2302 re·

409 2342 618 2398 ducat
659 2339 931 2416 ejectum
959 2357 1175 2412 suum,
1221 2339 1284 2400 id
1325 2348 1441 2416 est,
1482 2339 1618 2421 ipse
1653 2359 1760 2402 rex
1790 2358 1916 2401 non

411 2438 527 2499 det
556 2436 865 2500 Absaloni
896 2457 970 2500 ac
1000 2438 1133 2500 suis
1166 2438 1490 2501 licentiam
1521 2438 1848 2502 redeundi.

501 2541 738 2599 Omnes·
777 2539 1116 2610 morimur,
1153 2548 1214 2599 et
1250 2540 1442 2618 quasi
1470 2558 1657 2618 aquae
1684 2541 1920 2598 dilabi-

415 2655 578 2696 mur
606 2637 682 2695 in
730 2644 970 2696 terram
1007 2657 1150 2716 quse
1187 2657 1312 2698 non
1355 2647 1772 2698 revertuntur
1801 2659 1824 2697 .·
1855 2637 1920 2699 id

413 2743 538 2808 est,
577 2733 770 2797 etiam
816 2753 893 2796 ex
934 2734 1052 2797 hac
1092 2734 1600 2799 consideratione
1640 2737 1820 2799 decet
1861 2743 1920 2798 te

417 2851 640 2913 regem
685 2851 826 2895 esse
869 2833 1219 2916 propitium
1257 2833 1580 2911 Absaloni,
1617 2835 1919 2915 quoniam

415 2951 648 2996 omnes
676 2950 900 2994 sumus
929 2933 1246 3008 mortaleS,
1263 2941 1327 2995 et
1355 2932 1641 3014 quotidie
1671 2933 1925 3015 propin-

2027 1943 2338 2024 exempla,
2376 1962 2489 2025 per
2518 1962 2823 2026 prospera
2852 1954 2914 2007 et
2942 1946 3227 2018 adversa,
3262 1965 3377 2029 per
3406 1947 3515 2009 mi-

2029 2041 2245 2104 racula
2273 2050 2333 2104 et
2368 2043 2687 2104 naturales
2727 2053 3013 2120 eventus,
3049 2044 3337 2106 hortatur
3366 2064 3511 2107 eum

2027 2142 2104 2203 ad
2145 2140 2679 2203 emendationem.
2712 2141 2871 2204 Hinc
2911 2143 2988 2204 ad
3026 2141 3385 2205 Corinthios
3425 2143 3513 2206 ait

2025 2239 2366 2321 Apostolus
2416 2255 2431 2300 :
2476 2238 2593 2302 Pro
2641 2239 2889 2302 Christo
2937 2239 3255 2321 legatione
3303 2239 3515 2320 fungi·
3544 2263 3803 2315 ucenae

2027 2357 2193 2413 mur,
2214 2346 2519 2419 tanquam
2540 2337 2665 2401 Deo
2695 2338 3066 2402 exhortante
3096 2358 3209 2421 per
3240 2358 3385 2414 nos;
3409 2341 3518 2403 ob-

2029 2455 2351 2500 secramus
2383 2455 2497 2518 pro
2526 2436 2796 2514 Christo,
2833 2437 3337 2501 reconciliamini
3365 2439 3514 2502 Deo.

2033 2539 2359 2612 Coqi-tans,
2391 2535 2452 2596 id
2488 2543 2585 2598 est
2623 2535 2729 2617 pie
2767 2544 2830 2598 et
2868 2537 3279 2617 paternaliter
3309 2537 3521 2618 provi-

2029 2636 2210 2710 denS,
2240 2654 2321 2694 ne
2342 2636 2608 2710 penitus
2630 2645 2853 2711 pereat
2883 2653 2995 2716 per
3025 2635 3517 2698 obstinationem

2030 2742 2093 2796 et
2123 2732 2721 2796 condemnationem
2753 2742 3075 2811 aeternam,
3094 2737 3212 2815 qui
3238 2737 3519 2814 abjectus

2028 2842 2144 2902 esc,
2177 2831 2240 2894 id
2272 2840 2365 2894 est
2398 2851 2435 2893 a
2462 2832 2587 2895 Deo
2618 2850 2878 2895 aversus
2909 2841 3099 2914 atque
3137 2832 3391 2896 diabolo
3430 2833 3521 2895 in·

2031 2940 2423 3013 corporatus
2458 2930 2576 3006 Qui
2606 2931 2776 2994 enim
2808 2941 3027 3015 peccat
3056 2933 3427 3011 mortaliter,
3452 2953 3522 2997 se

415 3047 702 3114 quamus
751 3031 1084 3113 sepulcro,
1107 3031 1461 3094 nescientes
1504 3032 1671 3094 diem
1711 3040 1774 3095 et
1812 3032 1924 3096 ho-
1957 3035 2000 3098 C
2033 3031 2242 3113 ipsum
2276 3029 2499 3111 abjicit
2530 3049 2567 3092 a
2594 3030 2743 3107 Deo,
2778 3049 2816 3092 a
2843 3039 3009 3093 statu
3041 3031 3286 3108 salutiS,
3322 3052 3361 3094 a
3388 3051 3523 3122 myf

417 3151 588 3207 ram,
621 3130 716 3194 sic
761 3130 936 3212 quod
986 3140 1246 3212 propter
1287 3131 1632 3193 humanam
1682 3130 1924 3213 fragili-

417 3237 620 3291 tatem
661 3247 736 3290 ac
783 3228 1168 3309 pronitatem
1219 3229 1298 3291 ad
1347 3228 1534 3305 mala,
1578 3229 1924 3291 elementer

418 3327 745 3406 agendum
775 3334 889 3400 est,
913 3346 994 3389 ne
1023 3346 1167 3389 reus
1195 3335 1402 3389 morte
1424 3336 1922 3409 praeoccupatuS,

421 3428 490 3489 in
529 3435 700 3488 statu
736 3426 1099 3508 periculoso
1129 3428 1413 3490 decedat.
1438 3426 1924 3509 Quidam'expo-

419 3534 591 3589 nunt
613 3525 706 3588 sic
729 3542 743 3586 :
767 3524 999 3588 Omnes
1021 3525 1342 3600 morimur,
1370 3526 1433 3587 id
1456 3533 1571 3601 est,
1593 3546 1790 3607 quum
1821 3547 1925 3589 su-

421 3644 570 3686 mus
601 3624 926 3700 mortaleS,
963 3642 1080 3686 nec
1111 3632 1256 3706 post
1284 3632 1550 3686 mortem
1584 3642 1922 3705 possumus

419 3722 807 3785 naturaliter
844 3722 922 3784 ad
963 3721 1160 3786 vitam
1205 3722 1368 3785 banc
1409 3723 1714 3799 revocari,
1758 3723 1922 3786 sicut

421 3842 544 3886 nec
567 3840 752 3903 aquae
772 3820 837 3882 in
859 3828 1090 3883 terram
1113 3821 1568 3883 descendentes
1601 3830 1923 3886 revertun-

423 3930 530 3983 tur
568 3920 808 3983 eaedem
847 3937 1115 3982 numero
1153 3920 1230 3981 ad
1272 3938 1502 3995 aerem,
1546 3920 1657 3982 sed
1695 3938 1922 3983 consu-

421 4026 694 4081 muntur
725 4025 788 4081 ct
818 4015 1243 4079 absorbentur
1265 4016 1333 4077 in
1363 4025 1549 4093 terra,
1577 4026 1640 4079 et
1659 4018 1712 4079 si
1735 4037 1922 4101 vapo-

421 4115 718 4179 rabiliter
748 4114 1100 4192 eleventur,
1130 4132 1257 4177 non
1291 4122 1498 4177 tamen
1528 4116 1762 4178 eaedem
1794 4116 1918 4180 huc

2032 3130 2191 3193 stico
2224 3148 2489 3212 corpore
2520 3129 2863 3193 Salvatoris
2894 3130 2959 3192 in
2992 3130 3313 3210 regionem
3346 3133 3525 3197 dissi-

2031 3228 2419 3290 militudinis
2450 3236 2513 3292 et
2544 3236 2777 3291 statum
2811 3228 3262 3292 damnationis,
3299 3230 3416 3294 Sed
3460 3242 3525 3295 et

2031 3327 2324 3389 diabolus
2356 3326 2581 3408 abjicit
2614 3346 2759 3389 eum
2794 3346 2831 3388 a
2860 3326 3097 3391 virtute
3124 3336 3189 3390 et
3217 3329 3439 3407 gratia,
3461 3339 3525 3393 et

2031 3445 2068 3487 a
2109 3425 2503 3489 sublimitate
2546 3425 2732 3507 justae
2772 3426 3297 3504 conversationiS,
3333 3428 3400 3490 in
3436 3429 3525 3491 la-

2031 3543 2176 3586 cum
2199 3523 2463 3605 peccati,
2487 3524 2553 3585 in
2573 3523 2941 3602 voraginem
2964 3522 3284 3602 vitiorum,
3300 3525 3365 3587 in
3388 3545 3524 3608 pro-

2033 3622 2415 3684 funditatem
2459 3629 2523 3685 et
2567 3621 2879 3683 vilitatem
2924 3622 3323 3704 perditionis.
3358 3625 3521 3687 Deus

2031 3739 2181 3784 vero
2214 3738 2341 3783 non
2374 3719 2462 3782 ita
2491 3719 2713 3800 abjicit
2742 3738 2887 3782 eum
2920 3739 2957 3781 a
2985 3738 3073 3797 se,
3109 3720 3289 3801 quin,
3323 3740 3522 3803 quan-

2031 3828 2164 3881 tum
2212 3818 2279 3880 in
2326 3837 2393 3880 εθ
2436 3826 2551 3893 est,
2588 3836 2837 3899 semper
2876 3828 3133 3900 paratus
3172 3818 3256 3881 sit
3298 3820 3376 3882 ad
3416 3841 3521 3884 ve-

2029 3917 2226 3993 niam,
2261 3916 2379 3979 hac
2423 3916 2555 3979 vita
2598 3917 2886 3993 durante,
2922 3916 3225 3998 recipere.
3258 3917 3519 4000 Propter

2028 4017 2199 4097 quod
2244 4015 2310 4076 in
2354 4014 2621 4077 Threnis
2669 4012 2873 4077 fertur
2916 4031 2930 4075 :
2966 4014 3101 4079 Non
3146 4016 3411 4097 repellet
3449 4016 3515 4079 in
3586 4044 3809 4095 mamm,

2027 4115 2487 4196 sempiternum
2518 4112 2823 4176 Dominus
2856 4130 2869 4175 :
2905 4113 3058 4194 quia
3088 4114 3141 4175 si
3172 4114 3429 4197 abjecit,
3456 4123 3518 4179 et
3546 4109 3691 4150 ³¹·³³·

159 4234 301 4284 lau.
322 4238 390 4279 ιο.
423 4216 720 4289 redeunt,
754 4212 932 4293 juxta
963 4212 1122 4275 illud
1154 4212 1221 4274 in
1252 4212 1430 4289 Isaia,
1465 4212 1788 4287 Quomodo
1819 4216 1918 4277 de-
1949 4216 1999 4278 D
2029 4212 2436 4275 miserebitur
2479 4213 2827 4274 secundum
2881 4212 3355 4275 multitudinem
3404 4214 3520 4275 mi-

129 4522 208 4565 Job
223 4537 308 4572 ni,
322 4526 391 4565 23.

171 4622 288 4665 1⁶56.
307 4637 392 4673 nv,

135 4686 194 4728 12.

425 4312 678 4377 scendit
711 4311 917 4374 imber
956 4312 1034 4373 de
1074 4311 1258 4388 coelo,
1293 4320 1355 4373 et
1399 4310 1553 4373 illuc
1594 4312 1759 4374 ultra
1789 4331 1916 4376 non

422 4411 793 4486 revertitur,
847 4410 957 4473 sed
1006 4409 1283 4473 inebriat
1331 4418 1600 4486 terram'3
1651 4412 1818 4474 unde
1859 4418 1921 4473 et

423 4519 688 4573 sanctus
716 4508 855 4585 Job,
891 4508 1072 4570 Viam
1102 4508 1371 4589 (inquit)
1409 4528 1522 4589 per
1561 4528 1750 4589 quam
1792 4528 1920 4573 non

426 4618 732 4684 never-tar,
783 4607 1078 4682 ambu103
1126 4607 1429 4688 itemque,
1475 4608 1673 4671 Homo
1720 4627 1917 4689 quum

419 4708 781 4785 dormierit,
799 4725 926 4771 non
949 4714 1235 4787 resurget
1265 4723 1278 4768 :
1303 4706 1444 4770 ideo
1467 4715 1556 4783 tu,
1572 4726 1696 4783 rex,
1713 4708 1824 4788 qui
1850 4705 1922 4768 fi-

427 4807 588 4870 lium
619 4816 805 4869 tuum
834 4804 1118 4868 occisum
1152 4824 1280 4868 non
1314 4805 1486 4869 vales
1520 4806 1597 4867 ad
1634 4805 1828 4867 vitam
1851 4806 1924 4867 is-

427 4915 557 4969 tam
588 4905 918 4981 reducere,
955 4922 1214 4986 parcere
1242 4904 1434 4967 debes
1465 4903 1728 4979 viventi,
1755 4922 1834 4967 ne
1863 4912 1927 4967 et

429 5005 624 5066 istum
666 5010 930 5085 propter
976 5001 1150 5063 illius
1196 5001 1581 5065 occisionem
1624 5001 1926 5063 interfici-

426 5103 594 5165 endo
627 5110 738 5163 aut
767 5100 1536 5181 derelinquendo,perdas
1558 5106 1920 5180 utrumque.

525 5203 660 5264 Neo
697 5202 839 5259 vult
868 5201 1040 5259 Deus
1075 5200 1290 5276 perire
1328 5199 1649 5269 animam,
1696 5196 1759 5257 id
1804 5205 1919 5271 est,

423 5298 761 5364 hominem
811 5305 1208 5378 peccatorem
1269 5314 1397 5357 non
1446 5295 1585 5357 vult
1643 5294 1804 5356 mori
1859 5294 1921 5355 in

2027 4310 2517 4375 sericordiarum
2557 4299 2838 4372 suarum.
2872 4310 3007 4373 Non
3050 4311 3221 4375 enim
3262 4312 3520 4375 humili-

2028 4411 2160 4474 avit
2197 4429 2273 4473 ex
2312 4410 2501 4472 corde
2540 4427 2675 4485 suo,
2721 4416 2783 4472 et
2824 4408 3058 4490 abjecit
3100 4409 3273 4472 filios
3317 4410 3520 4473 homi-

2030 4528 2206 4571 num.
2227 4508 2385 4571 Hinc
2414 4526 2671 4590 quoque
2700 4516 2861 4571 teste
2884 4508 3199 4589 Apost010‚
3218 4508 3353 4589 ipse
3383 4510 3521 4573 vult
3550 4516 3819 4577 ιΤι-ηι.ιι,ι.·

2031 4626 2251 4671 omnes
2284 4608 2494 4669 salvos
2530 4605 2697 4682 sieri,
2731 4615 2793 4668 et
2825 4608 2902 4669 ad
2936 4606 3325 4686 agnitionem
3360 4607 3523 4671 veri-

2033 4707 2178 4769 tatis
2230 4706 2469 4769 venire.
2517 4705 2585 4767 In
2635 4704 2735 4765 his
2782 4703 2995 4767 verbis
3039 4705 3271 4768 mulier
3314 4705 3526 4785 tetigit

2031 4806 2223 4867 aliam
2258 4804 2589 4879 rationem,
2626 4821 2742 4864 cur
2772 4801 2968 4865 David
3012 4802 3233 4865 debuit
3264 4821 3525 4884 parcere

2031 4902 2353 4978 Absaloni,
2373 4901 2527 4983 quia
2555 4900 2853 4964 videlicet
2883 4900 3046 4963 Deus
3079 4909 3204 4963 tarn
3239 4901 3383 4983 pius
3403 4912 3520 4981 est,

2031 5018 2180 5080 ergo
2214 5008 2277 5062 et
2308 5000 2603 5081 princeps
2625 4999 2735 5063 Dei
2768 4998 3066 5076 vicarius,
3089 4998 3277 5062 debet
3307 5000 3373 5061 in
3405 5000 3527 5064 hoc

2031 5099 2229 5161 Deum
2282 5098 2542 5159 imitari.
2594 5098 2771 5159 Unde
2821 5097 3022 5178 pictas
3074 5098 3395 5179 praecipuc
3447 5101 3524 5162 ad

2033 5196 2391 5278 principem
2419 5202 2683 5276 spectat,
2715 5196 3251 5275 quemadmodum
3285 5195 3350 5257 in
3381 5196 3527 5260 Pro-

2035 5294 2275 5357 verbiis
2306 5293 2537 5373 legitur
2562 5292 2953 5356 :Roboretur
2983 5292 3322 5357 clementia
3352 5295 3523 5359 thro-
3548 5320 3820 5368 manas.
