4359 6250
108 2385 226 2428 Josue
242 2398 322 2436 xlx,

107 2979 316 3038 ‘eoquod

920 525 1268 572 RNARRATIO
1312 528 1372 572 IN
1416 529 1552 574 cAP.
1599 528 1703 574 xv1
1745 528 1904 575 LIBRI
1945 528 2144 574 Tuan!
2184 529 2409 576 REGUH.
2450 547 2531 558 -·
2573 530 2715 575 ART.
2760 530 2907 576 xxlv

3332 511 3453 576 693

354 716 507 756 cum
533 700 628 756 eis
673 699 747 756 in
788 700 1050 758 civitate
1079 701 1298 759 David
1332 701 1550 778 patris
1577 701 1705 760 sui.
1737 702 1854 761 Re·
1883 697 1934 759 A
1963 719 2134 768 eum,
2149 700 2359 776 juoeta
2391 703 2653 760 verbum
2685 702 2972 770 Domini,
3005 704 3175 779 quod
3206 703 3451 760 locutus

347 797 716 876 quavitque
740 799 1049 874 Josapkat
1078 801 1260 874 filius
1289 799 1430 876 ejus
1453 817 1575 875 pro
1603 818 1694 858 ρο.

438 893 918 976 Consequenter
947 895 1272 977 Scriptura
1300 896 1638 961 revertitur
1667 897 1746 959 ad
1767 914 1858 958 re-

355 1008 468 1070 ges
509 991 726 1070 lsrael,
759 993 874 1074 qui
917 992 1178 1056 fuerunt
1227 994 1346 1056 sub
1395 1001 1682 1077 tempore
1708 993 1851 1056 Asa.

356 1091 600 1152 Nadab
637 1111 782 1152 vero
827 1095 1014 1170 filius
1049 1095 1380 1154 Jeroboam
1417 1096 1716 1170 reynavit
1755 1115 1858 1153 su-

347 1209 472 1266 per
499 1192 714 1250 Israel
740 1210 914 1252 anno
933 1195 1208 1252 secundo
1227 1193 1364 1253 Asa
1380 1193 1550 1269 reyis
1577 1195 1774 1262 Iuda,
1790 1190 1855 1253 id

358 1294 478 1363 est,
516 1305 688 1351 anno
720 1287 834 1351 illo
870 1289 1150 1352 secundo
1179 1289 1375 1372 coepit
1419 1307 1702 1369 regnare.
1737 1293 1858 1351 Re-

350 1387 716 1468 gnavitque
761 1407 957 1466 super
997 1390 1203 1449 Israel
1234 1390 1481 1449 duobus
1519 1391 1736 1450 annis.
1771 1390 1856 1449 Et

355 1487 517 1560 lecit
547 1489 722 1566 quod
759 1490 1010 1547 malum
1047 1497 1138 1548 est
1169 1488 1241 1546 in
1279 1497 1610 1564 conspectu
1637 1488 1857 1548 Domi-

355 1587 456 1658 ni,
488 1593 550 1644 et
589 1587 954 1646 ambulavit
999 1588 1072 1648 in
1111 1587 1240 1646 viis
1267 1588 1486 1664 patris
1529 1588 1658 1658 sui,
1691 1596 1752 1646 et
1781 1589 1854 1647 in

347 1686 636 1762 peccatis
672 1686 815 1761 ejus
853 1686 1086 1764 quibus
1120 1704 1385 1762 peccare
1420 1686 1578 1762 fecit
1621 1687 1849 1746 Israel.

355 1783 728 1844 Insidiatus
756 1792 847 1843 est
876 1793 1092 1844 autem
1121 1785 1183 1842 ei
1197 1786 1441 1854 Baasa,
1460 1784 1644 1860 filius
1664 1785 1854 1844 Ahiae

1962 798 2185 875 fuerat
2230 801 2303 858 in
2368 818 2565 858 manu
2617 800 2788 858 servi
2829 800 2935 858 sui
2972 800 3162 859 Ahioe
3208 800 3453 860 Siloni-

1968 906 2071 966 tce,
2080 907 2348 974 propter
2366 906 2630 974 peccata
2646 899 2976 958 Jeroboam
3006 916 3147 976 quoe
3168 915 3455 974 peccave-

1967 1005 2095 1066 rat,
2117 1004 2176 1055 et
2199 997 2431 1073 quibus
2446 1015 2709 1072 peccare
2726 998 2963 1073 fecerat
2982 999 3212 1065 Israel,
3236 1005 3295 1055 et
3305 1014 3457 1072 pro-

1956 1104 2105 1172 pter
2152 1096 2463 1154 delictum
2511 1114 2636 1174 quo
2686 1095 3065 1155 irritaverat
3102 1096 3457 1156 Dominum

1965 1196 2173 1253 Deum
2223 1194 2449 1253 Israel.
2499 1194 2783 1271 Reliqua
2828 1201 3045 1253 autem
3090 1212 3458 1254 sermonum

1967 1292 2228 1360 Nadab,
2259 1301 2319 1350 et
2348 1293 2571 1351 omnia
2606 1312 2749 1370 qua>
2778 1300 3075 1368 operatus
3100 1301 3211 1362 est,
3244 1310 3458 1352 nonne

1964 1391 2098 1450 hoec
2113 1391 2359 1466 scripta
2379 1399 2532 1450 sunt
2552 1391 2621 1449 ire
2650 1391 2813 1449 libro
2840 1390 3177 1450 Verborum
3196 1390 3455 1451 dierum

1963 1508 2191 1564 reyum
2216 1488 2463 1548 Israel?
2481 1490 2615 1548 Fui
2620 1498 2763 1566 tque
2786 1489 3021 1550 bellum
3051 1489 3222 1548 inter
3240 1491 3375 1548 Asa
3392 1499 3455 1550 et

1962 1590 2178 1647 Baasa
2206 1605 2417 1664 reyem
2446 1589 2653 1647 Israel
2680 1587 2927 1647 cunctis
2954 1587 3175 1646 diebus
3200 1606 3446 1648 eorum.

2040 1687 2235 1746 Anno
2270 1687 2455 1745 tertio
2486 1688 2618 1746 Asa
2649 1686 2817 1760 reyis
2844 1687 3021 1746 Iuda
3049 1684 3450 1762 reynavit,id

1961 1792 2077 1860 est,
2105 1782 2275 1846 circa
2305 1781 2507 1846 finem
2540 1780 2715 1846 illius
2745 1781 2897 1844 anni
2928 1782 3123 1865 coepit
3161 1801 3445 1863 regnare,

354 1885 436 1942 de
463 1883 652 1942 domo
671 1884 992 1953 Issacliar,
1013 1892 1076 1942 et
1087 1883 1406 1960 percussit
1433 1886 1582 1942 eu‘m
1607 1884 1683 1942 in
1707 1883 1856 1943 Geb-
1883 1882 1930 1946 B
1962 1887 2180 1946 Baasa
2208 1885 2391 1960 filius
2423 1885 2613 1944 Ahioe
2641 1901 2835 1959 super
2864 1901 3115 1943 omnem
3143 1885 3370 1953 Israel,
3386 1881 3449 1945 id

357 1982 588 2040 bethon
617 1999 762 2058 quoe
790 1989 880 2040 est
911 1981 1062 2040 urbs
1081 1981 1594 2041 Philistinorum
1615 2001 1637 2039 .·
1659 1981 1856 2060 siqui-

355 2081 506 2138 dem
531 2079 767 2139 Nadab
789 2087 849 2138 et
873 2080 1084 2138 omnis
1101 2081 1330 2150 Israel,
1355 2077 1419 2140 id
1443 2085 1540 2140 est
1565 2077 1752 2140 multi
1777 2078 1856 2141 de

357 2175 638 2256 singulis
669 2176 888 2239 decem
921 2176 1228 2254 tribuum,
1248 2179 1614 2238 obsidebant
1633 2179 1856 2238 Gebbe-

359 2279 544 2344 then,
576 2273 642 2337 id
683 2283 780 2337 est
820 2274 1044 2337 urbem
1083 2275 1178 2339 sic
1219 2274 1600 2358 appellatam
1639 2293 1653 2338 :
1688 2294 1849 2357 qum,

355 2381 428 2436 ut
459 2373 528 2436 in
559 2374 748 2436 Josue
776 2373 1030 2454 legitur,
1055 2374 1134 2436 ad
1166 2372 1404 2436 tribum
1425 2375 1557 2437 Dan
1577 2374 1858 2457 pertine-

357 2472 489 2546 bat,
511 2473 624 2535 sed
645 2471 950 2535 Philistaei
981 2491 1121 2535 eam
1151 2471 1690 2550 inhabitaverunt,
1714 2473 1854 2537 ideo

355 2571 575 2634 Nadab
605 2590 754 2634 cum
785 2571 1026 2654 populo
1058 2589 1172 2634 suo
1203 2591 1340 2636 eam
1373 2571 1643 2649 obsedit,
1671 2579 1741 2634 ut
1769 2591 1856 2636 re-

353 2670 624 2734 duceret
651 2687 797 2732 eam
841 2670 920 2732 ad
959 2688 1224 2750 regnum
1273 2689 1483 2732 suum.
1521 2673 1854 2749 Interfecit

354 2788 504 2845 erqo
535 2771 736 2829 illum
761 2773 982 2831 Baasa
1003 2771 1076 2829 in
1105 2790 1280 2831 armo
1311 2771 1495 2831 tertio
1523 2772 1657 2832 Asa
1687 2773 1856 2847 reyis

353 2871 557 2929 Iuda.
593 2867 798 2941 Quare
827 2886 956 2932 non
985 2867 1075 2931 ait
1095 2867 1439 2951 Scriptura,
1463 2869 1636 2950 quod
1667 2869 1857 2932 inter-

359 2965 519 3030 fecit
559 2985 709 3030 eum
749 2986 920 3030 anno
952 2977 1180 3048 quarto
1211 2966 1376 3047 regis
1405 2966 1551 3045 Asa,
1584 2987 1660 3030 ex
1688 2971 1854 3050 quo*

1963 1989 2059 2044 est
2087 1981 2421 2044 universas
2452 1981 2671 2043 decem
2706 1979 2931 2056 tribus,
2960 1982 3033 2040 in
3071 1983 3324 2053 Thersa,
3347 2000 3453 2042 ur-

1962 2080 2044 2143 be
2075 2079 2327 2161 imperii
2369 2077 2490 2156 sui,
2526 2081 2769 2157 viyinti
2805 2089 3083 2158 quatuor
3114 2081 3333 2140 annis.
3368 2081 3453 2142 Et

1963 2181 2116 2260 fecit
2135 2182 2385 2239 malum
2413 2197 2628 2238 coram
2647 2179 2945 2250 DominO,
2967 2180 3455 2257 ambulavitque

1963 2280 2036 2338 in
2068 2278 2197 2337 viis
2226 2279 2581 2348 Jeroboam,
2614 2284 2673 2336 et
2702 2277 2776 2337 in
2806 2277 3085 2353 peccatis
3116 2277 3279 2354 ejus,
3314 2279 3455 2356 qui-

1963 2379 2078 2436 bus
2098 2395 2364 2454 peccare
2384 2377 2538 2454 fecit
2555 2378 2782 2436 Israel.
2807 2373 2896 2436 lta
2916 2373 2983 2436 in
3004 2373 3137 2438 vita
3157 2375 3454 2457 praesenti

1962 2472 2190 2537 habuit
2218 2492 2398 2536 suam
2428 2471 2785 2535 mercedem
2814 2490 2931 2554 pro
2960 2472 3267 2554 obsequio
3296 2473 3456 2536 divi-

1965 2592 2063 2635 nae
2102 2571 2388 2654 Justitiae,
2428 2570 2711 2634 exhibito
2749 2570 2817 2633 in
2860 2571 3315 2654 exstirpatione
3354 2590 3453 2636 co-

1962 2670 2283 2754 gnationis
2314 2679 2378 2734 et
2406 2669 2643 2735 sobolis
2676 2669 2877 2752 ipsius
2897 2669 3227 2733 Jeroboam
3258 2671 3446 2750 regis.

1962 2772 2104 2834 Haec
2152 2770 2369 2833 littera
2413 2767 2869 2832 difficultatem
2920 2787 3047 2832 non
3091 2767 3283 2832 habet
3314 2785 3331 2831 ε
3363 2769 3453 2832 id·

1964 2870 2134 2933 circo
2165 2867 2479 2951 prolixam
2510 2867 2972 2950 expositionem
3004 2885 3133 2930 non
3152 2865 3367 2947 exigit.

2042 2955 2227 3032 Juxta
2274 2966 2716 3050 tropologiam,
2770 2984 2884 3048 per
2930 2965 3053 3028 Asa
3099 2973 3163 3029 et
3211 2974 3454 3030 ceteros

361 3066 578 3131 Nadab
609 3065 807 3149 coepit
834 3084 1098 3146 regnare
1127 3084 1295 3130 anno
1327 3065 1502 3130 illius
1531 3068 1856 3132 secundo?
1886 3070 1931 3136 C
1965 3068 2166 3131 bonos
2200 3085 2383 3149 reges
2408 3064 2587 3143 Juda,
2615 3063 3060 3146 intelliguntur
3078 3064 3213 3128 veri
3237 3062 3458 3128 Catho-

359 3165 823 3248 Respondetur,
839 3166 1011 3247 quod
1033 3165 1246 3229 Nadab
1278 3184 1404 3229 non
1438 3166 1726 3246 regnavit
1745 3186 1859 3250 per

359 3265 526 3327 duos
565 3263 846 3345 integros
889 3282 1115 3328 annOS.
1142 3268 1230 3326 Et
1271 3267 1568 3343 regnavit
1597 3285 1721 3342 pro
1763 3287 1854 3328 eo.

363 3367 710 3444 Quumque
750 3374 1097 3441 regnasset,
1119 3367 1436 3441 percussit
1465 3385 1716 3425 omnem
1752 3368 1862 3426 do-

357 3482 542 3524 mum
573 3464 928 3525 Jeroboam.
951 3466 1100 3525 Non
1117 3465 1375 3524 dimisit
1394 3482 1476 3523 ne
1504 3483 1706 3523 unam
1726 3465 1863 3543 qui-

357 3562 510 3623 dem
539 3562 836 3623 animam
855 3564 936 3621 de
953 3564 1197 3623 semine
1222 3562 1386 3639 ejus,
1401 3564 1602 3622 donec
1627 3563 1862 3623 deleret

1967 3166 2118 3241 lici3
2154 3185 2269 3248 per
2315 3165 2549 3248 impios
2599 3183 2777 3247 reges
2826 3185 2901 3229 ac
2950 3164 3221 3247 populos
3268 3164 3456 3228 lsrael

1967 3264 2358 3343 idololatraS,
2393 3264 2677 3328 haeretici
2726 3263 3023 3327 infideles
3059 3271 3250 3345 atque
3296 3262 3461 3326 schi-

1969 3362 2241 3440 smatici,
2275 3362 2389 3444 qui
2419 3362 2521 3426 vel
2555 3361 2722 3426 idola
2750 3362 2851 3425 vel
2881 3380 3169 3426 errorum
3198 3379 3458 3425 suorum

1969 3462 2281 3542 figmenta
2310 3462 2531 3526 colunt
2559 3479 2676 3543 pro
2706 3480 2858 3525 vero
2888 3461 3013 3525 Deo
3050 3478 3064 3523 ε
3100 3458 3268 3523 inter
3295 3478 3457 3543 quos

1970 3568 2120 3623 sunt
2148 3559 2405 3622 assidua
2435 3559 2673 3641 praelia.

1412 3960 2060 4079 ARTIGULU'S
2133 3991 2415 4075 xxlv

601 4270 921 4317 Exposl‘rlo
964 4269 1244 4316 CAPITULI
1285 4267 1668 4315 sEx'rmsscnss
1707 4268 1720 4311 :
1767 4266 1998 4312 FAGTUS
2043 4266 2151 4311 EST
2194 4265 2400 4310 AUTEM
2444 4264 2639 4311 SERHO
2680 4263 2895 4310 nomm
2934 4264 3019 4309 An
3058 4263 3229 4309 mnu·

513 4550 767 4614 GITUR
805 4549 1047 4613 mentio
1083 4550 1148 4611 in
1184 4548 1306 4611 isto
1341 4547 1620 4629 capitulo
1653 4547 1732 4609 de
1764 4547 1867 4609 Ba·
1897 4545 1947 4607 D
1977 4544 2143 4627 patri
2174 4562 2289 4608 suo
2328 4562 2456 4607 non
2496 4542 2702 4606 solum
2742 4542 2809 4603 in
2841 4543 3321 4625 temporalibus,
3352 4545 3465 4607 sed

531 4670 664 4727 asa,
697 4650 966 4732 ejusque
997 4646 1140 4710 filio
1170 4646 1303 4723 Ela,
1338 4654 1399 4709 et
1429 4646 1572 4708 aliis
1605 4645 1870 4727 quibus-

371 4750 524 4813 dam
571 4748 830 4829 regibus
869 4747 1083 4810 Israel.
1116 4750 1354 4809 Factus
1381 4756 1471 4807 est
1507 4756 1724 4808 autem
1751 4766 1872 4805 ser-

369 4870 478 4909 mo
493 4848 768 4910 Domini
795 4850 883 4907 ad
911 4848 1076 4906 Jehu
1104 4846 1326 4924 filium
1347 4847 1624 4907 Hanani
1649 4852 1873 4904 contra

371 4951 622 5015 Baasa‚
651 4947 892 5006 dicens.
923 4942 1214 5006 Secundo
1233 4941 1755 5025 Paralipomenon
1788 4940 1876 5003 le-

93 5054 340 5132 flPar-xvn
371 5046 573 5127 gitur,
607 5042 778 5125 quod
810 5042 1056 5105 Hanani
1087 5040 1400 5123 propheta
1428 5039 1878 5122 corripuitAsa

97 5120 196 5159 s-lo.

377 5161 596 5225 regem
625 5160 640 5204 ε
677 5146 939 5223 propter
968 5141 1142 5223 quod
1174 5138 1300 5201 fuit
1329 5138 1410 5202 ab
1441 5158 1515 5203 eo
1547 5138 1780 5200 missus
1811 5137 1876 5200 in

375 5260 677 5307 nervum.
703 5238 938 5321 Sicque
967 5239 1125 5302 Jehu
1159 5238 1280 5301 iste
1309 5238 1409 5301 vir
1439 5246 1716 5313 sanctuS,
1751 5254 1880 5299 cre-

375 5344 555 5407 ditur
587 5339 792 5402 l'uisse
821 5336 1000 5401 filius
1030 5334 1277 5400 Hanani
1309 5334 1506 5414 illius,
1533 5336 1879 5399 succedens

1977 4650 2040 4708 et
2070 4642 2136 4705 in
2167 4641 2406 4705 divinis
2436 4639 2924 4705 charismatibus
2960 4642 3179 4721 gratiae
3213 4650 3465 4722 gratum

1983 4740 2273 4805 facientis
2305 4749 2369 4805 et
2398 4739 2617 4821 gratiae
2634 4738 2831 4820 gratis
2852 4739 3035 4802 datae.
3057 4744 3190 4802 Pro
3210 4761 3279 4801 eo
3297 4744 3469 4821 quod

1980 4843 2271 4902 exaltavi
2317 4851 2372 4902 te
2413 4843 2493 4901 de
2528 4842 2825 4917 pulvere,
2870 4837 2938 4900 id
2981 4845 3097 4915 est,
3146 4838 3226 4902 de
3273 4857 3471 4921 parvo

1983 4948 2151 5002 statu
2184 4938 2472 5022 promovi
2498 4937 2578 4999 ad
2608 4952 2873 5015 regnum
2906 4936 3129 4999 saltem
3161 4936 3479 5018 permissi-

1985 5057 2085 5115 ve,
2104 5048 2164 5099 et
2177 5037 2375 5115 posui
2399 5046 2454 5097 te
2472 5038 2701 5096 ducem
2719 5053 2915 5112 super
2924 5039 3244 5112 populum
3264 5056 3479 5096 meum

1987 5140 2195 5199 Israel
2208 5159 2237 5208 ,·
2266 5145 2336 5196 tu
2370 5144 2587 5195 autem
2626 5133 2977 5193 ambulasti
3012 5134 3082 5193 in
3124 5134 3259 5203 via,
3289 5133 3351 5195 id
3384 5141 3483 5195 est

1990 5233 2351 5297 idololatria
2382 5242 2445 5295 et
2476 5230 2754 5314 pessima
2780 5230 3283 5310 conversatione,
3313 5236 3479 5293 Jero-

1989 5334 2195 5403 boam,
2243 5342 2302 5393 ct
2342 5350 2605 5410 peccare
2645 5330 2861 5408 fecisti
2896 5332 3219 5407 populum
3266 5351 3478 5392 meum
