4359 6250
76 1341 288 1396 Νόμια

955 471 1304 518 sulianum
1349 472 1407 519 ιΝ
1451 472 1587 524 car.
1635 471 1699 518 lx
1741 472 1898 518 mam
1941 473 2190 518 saeuum
2233 474 2457 522 ascum.
2502 495 2583 506 ·-
2623 477 2766 523 Am.
2812 478 2917 524 xv1
3355 463 3473 528 493

353 639 694 705 miliando
723 662 791 705 se
819 661 1033 706 coram
1072 659 1220 722 rege
1258 663 1336 706 ex
1373 651 1548 706 tanta
1588 643 1752 722 regis
1782 642 1877 705 di·
1905 641 1957 703 A
1985 661 2167 724 agros
2218 647 2357 727 ejus
2406 647 2673 711 colendo
2731 668 2804 712 ac
2862 650 3030 713 bona
3088 651 3355 716 levando
3404 660 3469 716 et

349 739 682 817 gnatione
712 741 791 802 ad
823 759 892 802 se
913 759 926 804 :
951 744 1109 810 Quis
1137 761 1246 820 eyo
1275 763 1420 802 sum
1447 763 1668 802 servus
1702 751 1872 812 tuuc,

353 840 694 916 quoniam
723 842 1060 917 respexisti
1085 861 1277 918 super
1295 861 1518 901 canem
1549 851 1876 901 mortuum

350 939 660 1000 similem
709 940 838 1000 mei
869 943 899 998 θ
939 947 1240 1020 tanquam
1293 939 1465 1003 dicat
1510 957 1523 1001 :
1572 939 1874 1018 Indignus

355 1053 520 1097 sum
565 1044 744 1100 tanta
786 1036 1156 1118 dignatione
1193 1057 1266 1100 ac
1307 1037 1738 1100 beneficentia
1769 1045 1876 1098 tua

354 1133 446 1196 ad
481 1153 613 1211 me,
648 1143 712 1198 et
746 1137 918 1216 quod
965 1144 1092 1199 tam
1127 1135 1405 1217 gratiose
1444 1154 1546 1199 me
1586 1133 1879 1217 adspexi-

355 1231 478 1308 sti,
514 1234 632 1315 qui
665 1234 896 1297 similis
928 1255 1069 1298 sum
1100 1244 1352 1298 mortuo
1381 1234 1524 1298 cani
1555 1235 1638 1298 oh
1667 1253 1876 1297 meam

295 1358 318 1394 ι,
355 1329 935 1396 defectuositatem
974 1351 1047 1396 ac
1079 1333 1414 1410 vilitatem,
1449 1333 1633 1415 cujus
1670 1338 1870 1415 pater,

361 1447 561 1507 avuS,
599 1440 662 1494 et
693 1432 903 1514 patrui
935 1440 1085 1494 sunt
1113 1432 1331 1496 occisi.
1365 1432 1526 1495 Ecce
1564 1438 1876 1514 quantum

361 1528 750 1594 humiliavit
792 1549 860 1593 se
903 1530 1112 1594 bonus
1155 1531 1275 1593 iste
1321 1530 1765 1613 miphiboseth,
1799 1531 1878 1592 de

363 1627 558 1707 regia
588 1628 788 1710 stirpe
819 1638 1028 1706 natus,
1067 1628 1092 1690 f
1097 1629 1243 1691 ilius
1279 1628 1665 1692 nobilissimi
1694 1629 1879 1691 Jona-

361 1726 526 1802 thae,
566 1745 695 1790 non
741 1727 948 1791 solum
994 1728 1205 1790 carnis
1251 1727 1730 1810 propagatione,
1765 1728 1875 1790 sed

358 1825 571 1887 etiam
605 1826 961 1889 imitatione
994 1826 1328 1889 virtutum.

437 1927 706 1986 Vocavit
732 1928 950 2006 itaque
971 1946 1087 1986 rex
1105 1928 1335 1987 Sibam
1357 1945 1662 2003 puerum,
1687 1924 1750 1986 id
1779 1933 1874 1986 est

355 2041 649 2101 servum,
666 2027 860 2094 Saul,
877 2034 937 2085 et
967 2026 1145 2084 dimit
1172 2025 1236 2084 ei
1255 2045 1278 2083 .·
1302 2025 1537 2084 Omnia
1561 2043 1876 2102 quaecum-

353 2143 494 2202 que
540 2123 819 2199 fuerunt
869 2126 1056 2193 Saul,
1085 2133 1144 2184 et
1189 2125 1561 2183 universam.
1608 2124 1872 2182 domum

352 2222 534 2296 ejus,
567 2220 632 2282 id
667 2230 766 2284 est
813 2229 1006 2284 totam
1047 2220 1471 2283 substantiam
1510 2218 1681 2295 Saul,
1715 2221 1869 2279 dedi

354 2319 512 2394 filio
540 2319 799 2379 domini
838 2321 964 2387 tui,
1001 2317 1066 2381 id
1109 2327 1206 2381 est
1250 2317 1402 2381 huic
1445 2316 1869 2399 miphiboseth

360 2415 516 2478 filio
547 2416 719 2494 Saul,
755 2417 869 2499 qui
903 2416 1026 2480 fuit
1065 2416 1362 2480 dominus
1398 2425 1566 2478 tuus.
1602 2414 1868 2489 Quidam

361 2523 590 2578 tamen
639 2524 966 2597 exponunt
1010 2515 1180 2578 istud
1217 2516 1295 2578 de
1333 2513 1536 2578 Micha
1574 2514 1716 2577 filio
1767 2513 1874 2575 Mi-

365 2614 720 2698 phiboseth
758 2632 774 2676 :
817 2615 991 2696 quod
1031 2633 1158 2678 non
1201 2622 1478 2696 oportet3
1514 2614 1622 2676 sed
1655 2612 1872 2693 aliqua

363 2733 520 2797 quaa
569 2721 948 2795 sequuntur,
981 2713 1062 2776 de
1104 2712 1213 2776 illo
1255 2713 1456 2775 Micha
1495 2720 1644 2774 sunt
1683 2728 1876 2792 expo-

367 2815 612 2877 nenda.
642 2815 922 2891 Operare
949 2813 1162 2890 ἐρίων
1187 2814 1249 2872 ei
1279 2823 1518 2873 terram
1553 2821 1622 2872 tu
1651 2821 1712 2872 et
1740 2813 1874 2888 filii

366 2915 478 2974 tui
505 2923 566 2973 et
595 2913 768 2972 servi
801 2913 902 2972 tui
915 2935 942 2983 ,·
969 2921 1030 2971 et
1061 2912 1324 2988 inferes,
1355 2911 1418 2972 id
1449 2919 1546 2973 est
1576 2917 1873 2991 apporta-

1983 742 2405 824 disponendO.
2444 749 2648 807 Porro
2682 749 3105 826 imphibosetk
3138 751 3468 814 habitabat

1987 843 2060 900 in
2104 844 2482 916 Jerusalem,
2535 847 2693 924 quia
2740 849 2819 906 de
2872 867 3090 908 mensa
3149 850 3317 925 reyis
3352 849 3472 926 ju-

1979 941 2150 1016 9iter
2196 943 2579 1015 vescebatur,
2611 953 2671 1002 et
2707 954 2844 1005 erat
2882 948 3156 1006 claudus
3204 957 3475 1028 utroque

1977 1041 2161 1114 pede.

2063 1129 2379 1195 Moraliter
2427 1153 2503 1196 ex
2554 1133 2677 1196 isto
2726 1134 3009 1216 capitulo
3057 1138 3475 1202 admonemur
3555 1162 3717 1206 son-m

1987 1230 2168 1312 sequi
2202 1229 2579 1295 fidelitatem
2611 1252 2684 1296 ac
2716 1233 3018 1315 pietatem
3048 1236 3245 1300 David
3286 1245 3475 1319 atque
3502 1225 3691 1270 mmm·

1986 1328 2411 1392 humilitatem
2462 1329 2904 1412 Miphiboseth.
2944 1331 3019 1394 Et
3066 1333 3120 1394 si
3170 1333 3476 1416 Miphibo-

1987 1427 2126 1490 seth
2161 1435 2405 1491 tantum
2437 1428 2799 1492 humiliavit
2822 1449 2891 1492 se
2909 1449 3122 1494 coram
3148 1452 3295 1515 rege
3316 1453 3477 1498 mor-

1989 1527 2099 1590 tali
2133 1535 2404 1604 terreno,
2426 1548 2502 1592 ex
2524 1528 3031 1594 consideratione
3062 1532 3474 1613 dignationiS,

1987 1625 2583 1709 beneficiorumque
2606 1627 2769 1707 regis
2794 1627 2965 1690 illius
2988 1630 3065 1691 ad
3088 1650 3176 1708 se,
3198 1631 3287 1694 ita
3304 1635 3479 1714 quod

1988 1724 2382 1806 comparavit
2412 1744 2479 1787 se
2510 1735 2759 1788 mortuo
2789 1727 2929 1788 cani
2958 1745 2971 1788 ε
3005 1736 3246 1809 quanto
3275 1732 3478 1811 magis

1912 1829 1958 1890 B
1986 1822 2523 1904 contemplatione
2555 1822 2966 1904 dignationiS,
2998 1825 3253 1907 pietatis
3280 1838 3343 1891 et
3374 1829 3479 1892 be-

1987 1920 2366 1984 neficiorum
2388 1921 2572 2000 Regis
2599 1923 2817 1985 aeterni
2851 1923 3247 1988 invariabilis
3276 1935 3341 1991 et
3370 1927 3478 1991 im-

1984 2020 2213 2096 mensi,
2249 2019 2553 2083 debemus
2588 2039 2702 2083 nos
2735 2020 3235 2103 profundissime
3266 2025 3477 2090 humi-

1987 2117 2162 2194 liare,
2201 2118 2551 2200 praesertim
2583 2118 2739 2200 quia
2767 2120 2846 2181 de
2877 2139 3099 2184 mensa
3125 2123 3343 2187 altaris
3375 2127 3475 2188 sui

1987 2215 2239 2280 assidue
2270 2216 2601 2280 reficimur
2633 2218 3092 2300 pretiosissimo
3115 2221 3477 2286 Sacramen-

1986 2323 2072 2378 to.
2105 2315 2366 2392 RursuS,
2385 2334 2499 2397 per
2528 2317 2723 2380 David
2757 2317 3134 2400 intelligitur
3164 2321 3471 2400 ChristuS,

1985 2433 2098 2495 per
2125 2413 2549 2496 Miphiboseth
2588 2415 2799 2478 filium
2836 2416 3142 2498 Jonathae,
3181 2422 3477 2502 quicum-

1982 2531 2109 2594 que
2153 2511 2366 2575 fidelis
2411 2511 2590 2574 filius
2628 2514 2867 2594 gratiae,
2905 2535 3053 2580 vere
3096 2517 3360 2582 humilis
3402 2541 3473 2584 ac

1984 2611 2132 2673 vilis
2164 2611 2231 2673 in
2262 2611 2464 2674 oculis
2497 2611 2651 2674 suis.
2688 2612 2900 2676 Talem
2942 2615 3157 2697 itaque
3186 2617 3471 2683 Christus

1985 2709 2483 2772 misericorditer
2511 2709 2798 2792 suscipit,
2819 2712 2971 2792 quia
3000 2713 3264 2780 infirma
3286 2725 3349 2780 et
3370 2719 3475 2782 ab·
3520 2746 3765 2798 100„‚.,27,

1981 2808 2148 2889 jecta
2191 2807 2415 2872 mundi
2460 2808 2621 2870 Deus
2661 2807 2873 2889 elegit.
2906 2811 2984 2872 Et
3014 2812 3180 2876 sicut
3208 2816 3300 2878 ait
3327 2816 3475 2880 Gre-
3502 2811 3571 2854 ²⁸·

1981 2907 2221 2987 goriuS‚
2241 2907 2357 2970 hos
2388 2906 2580 2987 clegit
2610 2908 2973 2990 DeuS,quos
2994 2911 3265 2994 despicit
3295 2935 3477 2979 mun-

365 3011 498 3087 bis,
519 3013 665 3090 filio
689 3011 951 3072 domini
982 3010 1083 3070 tui
1110 3011 1277 3069 cibos
1309 3018 1380 3069 ut
1400 3013 1666 3070 alatur:
1695 3009 1868 3089 quod
1908 3009 1951 3071 C
1983 3005 2296 3068 dus,Talis
2315 3023 2572 3087 quoque
2593 3005 2661 3068 in
2679 3005 2912 3070 Christi
2932 3027 3155 3073 mensa
3174 3013 3471 3092 nutritur,

364 3132 503 3175 non
557 3119 766 3194 potest
813 3107 1046 3193 exponi
1097 3108 1176 3171 de
1221 3107 1667 3189 Miphibosetb‚
1717 3107 1875 3190 quia

367 3210 438 3271 in
489 3228 714 3271 mensa
759 3208 946 3289 regiS‚
1001 3208 1080 3269 de
1129 3206 1390 3269 cibariis
1442 3207 1582 3287 eJus
1631 3207 1874 3270 nutrie-

371 3307 588 3370 batur.
643 3308 1070 3384 mphibosetlz
1123 3315 1342 3366 autem
1388 3308 1572 3383 filius
1621 3308 1876 3368 domini

371 3408 510 3475 tui,
555 3408 836 3467 comedet
880 3424 1125 3481 semper
1167 3424 1408 3482 panem
1461 3424 1654 3481 super
1702 3425 1872 3466 men-

369 3526 520 3565 sam
545 3524 776 3565 meam.
812 3506 1018 3565 Erant
1051 3513 1265 3563 autem
1299 3504 1470 3565 Sibae
1497 3504 1868 3581 quindecim

369 3605 516 3679 filii
539 3613 602 3663 et
632 3604 868 3680 viqinti
895 3602 1087 3662 servi.
1123 3602 1438 3679 Dixitque
1471 3604 1630 3663 Siba
1661 3604 1750 3662 ad
1779 3623 1876 3662 re-

363 3723 520 3779 yem
541 3719 566 3763 .·
587 3703 774 3763 Sicut
788 3702 1081 3777 jussisti,
1111 3702 1372 3760 domine
1403 3700 1497 3760 mi
1525 3721 1668 3769 rex,
1695 3721 1873 3761 servo

375 3812 516 3870 tac,
533 3801 630 3859 sic
655 3800 855 3876 faciet
884 3818 1104 3858 servus
1137 3807 1308 3857 tuus,
1334 3799 1416 3857 Et
1445 3799 1872 3874 impkibosetk

371 3901 660 3959 comedet
686 3916 879 3973 super
911 3916 1194 3971 mensam
1226 3916 1460 3965 meam,
1483 3899 1674 3975 quasi
1707 3918 1876 3958 unus

369 4000 454 4057 cle
475 3996 642 4073 filiis
671 3996 862 4072 reyis.
887 3995 1172 4056 Habebat
1201 4002 1414 4053 autem
1443 3994 1870 4069 imphibosetlz

369 4098 598 4174 filium
639 4095 904 4155 nomine
933 4094 1176 4154 ΜίσΙια.
1217 4094 1439 4152 Omnis
1471 4112 1617 4151 vero
1647 4112 1875 4169 ceyna-

1982 3104 2046 3167 id
2093 3111 2210 3182 est,
2247 3104 2314 3168 in
2358 3103 2577 3169 divina
2626 3103 2973 3188 Scriptura,
3008 3128 3081 3173 ac
3126 3111 3469 3195 multiplici

1981 3204 2120 3284 ejus
2166 3203 2592 3285 intelligentia
2635 3204 2987 3269 delectatur
3026 3210 3215 3273 corde
3253 3230 3326 3275 ac
3356 3212 3473 3275 ali-

1983 3311 2098 3365 tur.
2116 3302 2488 3384 Specialiter
2509 3302 2699 3365 etiam
2730 3322 2847 3384 per
2866 3304 3286 3387 Miphiboseth
3308 3310 3475 3374 clau-

1983 3403 2156 3479 dum,
2196 3411 2466 3483 possunt
2510 3401 2785 3483 intelligi
2826 3404 3149 3488 simplices
3191 3409 3473 3491 religiosi

1984 3519 2134 3564 vere
2170 3500 2433 3577 interni,
2468 3501 2544 3562 ad
2576 3520 2651 3565 ea
2678 3522 2823 3585 quae
2852 3504 3074 3567 mundi
3108 3515 3275 3584 sunt,
3300 3527 3475 3589 pror-

1983 3619 2090 3661 sus
2121 3599 2365 3662 debiles
2396 3606 2459 3662 et
2490 3600 2689 3682 inepti
2716 3620 2730 3664 :
2759 3621 2921 3684 quos
2952 3604 3115 3666 Deus
3147 3604 3211 3667 in
3244 3625 3467 3671 mensa

1984 3717 2118 3775 sua,
2153 3698 2217 3760 id
2250 3706 2347 3761 est
2386 3697 2452 3759 in
2492 3717 2607 3760 sua
2643 3700 3009 3780 provisione
3052 3712 3335 3783 paterna,
3370 3724 3471 3769 ec-

1982 3794 2355 3858 clesiasticis
2386 3795 2599 3859 reficit
2625 3799 3059 3875 sacramentis,
3080 3802 3469 3885 contempla-

1984 3894 2269 3957 tionibus
2290 3895 2677 3973 divinorum‚
2700 3896 3009 3961 suavitate
3040 3897 3469 3980 spiritualium

1981 3994 2379 4071 gaudiorum.
2416 3993 2491 4055 Et
2521 3992 2687 4057 sicut
2716 3993 2864 4058 Siba
2893 4015 3039 4059 cum
3080 4017 3195 4060 sua
3227 3997 3471 4064 familia

1983 4090 2247 4153 servivit
2277 4090 2719 4173 Miphiboseth,
2739 4092 2828 4155 ita
2858 4094 3047 4157 activi
3069 4096 3305 4159 debent
3324 4116 3471 4161 con-

375 4198 470 4256 tio
500 4196 731 4255 domus
765 4194 962 4261 Sibae,
996 4188 1294 4253 videlicet
1332 4188 1700 4270 quindecim
1745 4188 1871 4251 filii
1904 4197 1953 4259 D
1988 4187 2373 4269 templativis
2407 4189 2667 4267 servire,
2704 4210 2777 4254 ac
2818 4193 3068 4274 corpori
3112 4197 3471 4261 necessaria

372 4293 516 4376 ejus
548 4300 614 4355 et
635 4290 864 4371 viginti
887 4288 1077 4366 servi,
1095 4290 1407 4349 serviebat
1425 4290 1870 4365 Miplzibosetlz‚

1983 4304 2361 4368 praeparare.
