4359 6250
952 511 1302 558 mammo
1345 511 1406 556 IN
1450 512 1587 557 CAP.
1633 510 1760 556 xvu
1801 512 1960 558 LIBRI
2001 513 2171 558 Palm
2214 515 2435 560 REGUM.
2482 535 2563 546 —-·
2603 518 2745 562 ART.
2792 517 2967 563 xxxu

3378 500 3495 564 357

483 683 801 742 Surrexit
851 684 1070 763 itaque
1119 703 1310 744 mane
1356 684 1603 751 David,
1632 692 1691 742 et
1738 702 1902 742 com-
1931 680 1981 741 A
2013 685 2249 744 tributo
2293 687 2365 745 in
2411 690 2636 748 Israel.
2684 665 2812 749 Hoc
2853 687 2983 766 jam
3024 686 3495 767 promulgatum

397 782 746 840 mendavit
771 800 1028 858 qreqem
1059 784 1327 853 custodi,
1347 791 1406 842 et
1425 791 1692 842 onustus
1711 783 1899 852 abiit,

393 879 576 938 sicut
610 891 1007 956 praeceperat
1043 882 1106 939 ei
1143 883 1304 941 Isai.
1339 883 1424 941 Et
1465 882 1638 940 venit
1681 881 1770 940 ad
1819 883 1904 938 lo-

395 996 555 1036 cum
577 980 864 1054 Maqala,
887 977 951 1040 id
976 985 1073 1040 est
1101 979 1194 1042 sic
1225 978 1623 1041 nominatum
1646 996 1660 1040 :
1683 976 1904 1059 sicque

395 1073 645 1154 Magala
685 1082 782 1138 est
820 1078 1150 1158 proprium
1201 1095 1435 1140 nomen
1480 1077 1626 1141 loci.
1661 1076 1799 1153 Vel,
1833 1085 1902 1138 ut

397 1171 609 1253 aliqui
641 1173 885 1250 dicunt,
920 1181 1017 1237 est
1047 1165 1280 1238 nomen
1313 1193 1673 1252 commune,
1709 1176 1905 1256 signi-

399 1269 617 1334 l'icans
666 1271 980 1335 circulum
1031 1292 1144 1335 seu
1198 1272 1531 1350 fossatum,
1582 1273 1735 1355 quia
1790 1293 1903 1355 per

397 1387 634 1452 gyrum
666 1370 981 1434 exercitus
1011 1370 1268 1452 expedit
1300 1369 1445 1434 fieri
1478 1370 1758 1453 aliquam
1781 1373 1905 1436 fos-

398 1489 557 1545 sam,
573 1488 704 1550 qua
723 1478 946 1533 contra
975 1470 1482 1534 adversariorum
1503 1470 1902 1552 repentinam

397 1575 466 1630 et
513 1567 932 1650 improvisam
972 1567 1524 1651 impugnationem
1554 1569 1900 1645 muniatur,

397 1673 467 1729 et
505 1666 730 1748 aliquo
769 1667 960 1730 modo
999 1675 1260 1730 tutetur.
1294 1670 1381 1729 Et
1409 1671 1496 1729 ad
1522 1671 1903 1740 emercitum,

397 1767 522 1845 qui
559 1785 848 1844 eqressus
877 1769 966 1828 ad
983 1785 1308 1844 puqnam,
1341 1768 1730 1843 vociferatus
1766 1777 1906 1828 erat

2013 779 2136 842 fuit
2165 801 2241 844 ex
2273 781 2541 864 imperio
2574 784 2763 866 regiS,
2791 793 3131 866 antequam
3172 783 3364 846 David
3398 784 3501 846 ad-

2011 888 2293 958 venerat,
2314 890 2383 943 ut
2413 881 2708 945 fortiores
2740 903 2815 946 ex
2844 883 3031 946 Israel
3064 883 3501 946 animarentur

2011 1000 2124 1062 spe
2153 981 2400 1062 praemii
2436 981 2593 1044 tanti
2621 983 2701 1044 ad
2732 982 3168 1046 dimicandum
3196 983 3502 1047 adversus

2009 1079 2282 1143 Goliath.

2090 1181 2176 1240 Ec
2199 1180 2295 1240 ait
2315 1181 2535 1241 David
2555 1184 2642 1241 ad
2661 1182 2833 1240 viros
2852 1182 2970 1260 qui
2986 1182 3243 1241 stabant
3262 1200 3500 1250 secum,

2010 1279 2271 1338 dicens:
2296 1280 2468 1347 Quid
2506 1281 2773 1340 dabitur
2803 1281 2944 1338 viro
2971 1280 3087 1358 qui
3117 1281 3502 1357 percusserit

2011 1377 2427 1438 Philistoeum
2472 1379 2669 1447 hunc,
2710 1386 2771 1437 et
2816 1379 3037 1438 tulerit
3087 1379 3501 1454 opprobrium

2009 1479 2089 1536 de
2107 1477 2312 1536 Israel
2328 1479 2359 1534 ?
2380 1473 2443 1536 id
2476 1483 2591 1552 est,
2613 1474 2920 1556 populum
2943 1473 3357 1537 Israelitieum
3388 1493 3503 1556 per

2012 1591 2199 1637 suum
2234 1571 2631 1654 triumphum
2672 1572 3039 1637 liberaverit
3077 1572 3158 1635 ab
3190 1573 3505 1655 imprope-

2013 1671 2126 1732 riis
2173 1679 2238 1734 et
2285 1670 2693 1735 irrisionibus
2738 1671 3041 1734 Philistaei
3092 1671 3297 1733 istiuS.
3346 1673 3504 1740 Quis

2009 1781 2098 1831 est
2125 1772 2303 1832 enim
2324 1772 2431 1830 hic
2448 1771 2828 1833 Philistoeus
2858 1771 3367 1838 incircumcisae,
3388 1771 3505 1849 qui

396 1866 478 1926 in
507 1867 892 1936 certamine,
919 1866 1459 1946 quemadmodum
1505 1865 1573 1927 in
1613 1883 1906 1945 congres-
1941 1870 1985 1931 B
2011 1870 2429 1947 eaprobravit
2459 1870 2628 1929 acies
2650 1870 2769 1930 Dei
2798 1870 3075 1929 viventis
3092 1871 3121 1928 ἓ
3139 1867 3261 1930 Ista
3291 1875 3504 1949 protu-

399 1962 584 2026 sibus
605 1963 770 2027 solet
791 1962 1158 2027 vociferatio
1179 1963 1636 2027 exhortationis
1654 1964 1733 2026 ad
1755 1982 1906 2044 prae-

399 2062 565 2124 lium
614 2061 785 2126 fieri.
821 2063 912 2125 Ex
956 2079 1084 2144 quo
1127 2069 1396 2140 constat,
1433 2063 1601 2144 quod
1631 2062 1902 2143 singulis

398 2161 635 2225 diebus
655 2161 922 2243 quidam
954 2161 1280 2225 hincinde
1307 2161 1796 2242 egrediebantur
1823 2163 1903 2226 ad

409 2279 723 2343 pugnam.
775 2263 1123 2322 Direoeerat
1171 2262 1348 2321 enim
1394 2262 1600 2321 aciem
1645 2263 1852 2322 Israel
1878 2285 1906 2333 ,-

397 2363 516 2419 sed
539 2368 602 2419 et
633 2361 1008 2422 Philistiim
1037 2380 1120 2420 em
1148 2361 1416 2420 adverso
1443 2359 1714 2436 fuerant
1735 2379 1904 2436 prce-

393 2459 654 2535 parati.
687 2459 1160 2538 Derelinquens
1189 2477 1337 2535 erqo
1368 2459 1589 2519 David
1627 2479 1808 2528 vasa,
1840 2457 1903 2520 id

401 2564 503 2620 est
562 2556 992 2619 instrumenta
1040 2576 1154 2620 seu
1215 2556 1461 2619 modios
1521 2556 1794 2638 polentae
1843 2564 1906 2619 et

401 2654 796 2733 consimilia,
833 2655 1082 2719 scilicet
1128 2675 1325 2738 panes
1375 2664 1439 2719 et
1488 2674 1728 2733 caseos,
1762 2678 1906 2736 quoe

399 2759 722 2816 attulerat
751 2773 776 2816 .·
806 2754 1282 2835 derelinquens,
1320 2754 1605 2836 inquam,
1627 2757 1744 2814 sub
1774 2775 1907 2815 ma-

397 2875 500 2916 nu
530 2856 816 2915 custodis
845 2857 936 2914 ad
962 2856 1282 2923 sarcinas,
1305 2853 1456 2934 quia
1483 2853 1805 2916 commisit
1833 2872 1906 2916 ea

401 2952 605 3015 alicui
643 2951 1060 3014 custodienda
1092 2951 1158 3013 in
1191 2951 1330 3015 loco
1359 2950 1472 3014 ubi
1514 2951 1665 3014 talia
1703 2958 1906 3014 custo-

2010 1967 2088 2028 lit
2107 1966 2304 2031 David
2334 1967 2468 2031 zelo
2500 1966 2658 2030 fidei
2689 1975 2753 2029 et
2776 1966 3187 2029 ·aemulatione
3212 1964 3498 2046 justitiae,

2011 2073 2203 2148 atque
2245 2083 2458 2129 amore
2498 2065 2650 2128 boni
2692 2063 3074 2142 communiS‚
3097 2073 3161 2127 et
3197 2070 3499 2144 tanquam

2012 2184 2123 2228 rex
2157 2173 2368 2227 motus
2396 2172 2513 2242 est,
2552 2171 2968 2227 contemnens
3010 2161 3279 2244 impium
3317 2159 3500 2223 illum

2011 2264 2203 2327 corde
2262 2261 2701 2344 magnanimo,
2754 2261 3293 2344 quemadmodum
3340 2258 3497 2323 scri-

2011 2369 2191 2445 ptum
2227 2369 2355 2424 est:
2375 2361 2467 2423 Ad
2500 2360 2775 2424 nihilum
2804 2361 3113 2423 deductus
3144 2367 3241 2422 est
3270 2359 3339 2422 in
3358 2377 3499 2423 con·
3542 2386 3773 2440 Pam*

2015 2469 2236 2548 spectu
2266 2459 2405 2540 ejus
2428 2459 2766 2538 malignus
2787 2458 2875 2521 Ac
2906 2458 2961 2518 si
2990 2456 3499 2521 dicattlnfidelis

2014 2559 2132 2621 iste
2173 2556 2529 2634 idololatra,
2575 2556 2768 2618 nimis
2808 2555 2956 2619 vilis
3000 2563 3063 2618 et
3107 2554 3501 2618 detestabilis

2013 2666 2109 2720 est
2158 2657 2239 2719 ad
2287 2655 2726 2738 injuriandum
2785 2655 2877 2718 sic
2931 2652 3104 2736 plebi
3160 2652 3342 2716 fideli
3392 2671 3501 2716 ve-

2015 2776 2156 2818 rum
2186 2756 2385 2817 Deum
2418 2754 2678 2830 colenti,
2711 2754 2897 2834 eujus
2928 2751 3163 2835 injuria
3204 2750 3269 2814 in
3307 2752 3502 2814 Deum

2015 2853 2348 2917 redundat.
2401 2851 2687 2933 Denique
2742 2850 2937 2915 David
2987 2859 3115 2912 tam
3164 2850 3504 2929 diligenter

2015 2951 2353 3034 inquisivit
2382 2951 2461 3013 de
2493 2950 2783 3013 mercede
2814 2947 3043 3011 victori
3074 2947 3324 3011 Goliath
3352 2967 3505 3030 prae-

317 3077 332 3084 ·
383 3050 778 3129 diebantur,
811 3054 1106 3113 cucurrit
1135 3055 1224 3112 ad
1255 3056 1466 3112 locum
1505 3051 1905 3121 certaminis,
1938 3054 1982 3118 C
2013 3051 2259 3128 standa‚
2311 3067 2440 3112 non
2484 3048 2655 3129 quod
2704 3047 2940 3110 intuitu
2986 3056 3253 3109 terrenae
3300 3065 3505 3109 remu-

401 3150 562 3233 quia
593 3149 763 3212 ultra
789 3158 996 3213 castra
1018 3150 1247 3228 fuerat,
1266 3161 1324 3212 et
1355 3152 1793 3228 interroqabat
1820 3152 1903 3221 si,

405 3249 471 3312 id
504 3258 605 3312 est
635 3268 740 3327 an,
761 3251 985 3310 omnia
1012 3259 1176 3311 recte
1205 3260 1550 3325 afferentur
1578 3269 1728 3328 crya
1764 3251 1922 3328 fra-·

405 3360 533 3410 tres
559 3368 732 3409 suos,

489 3450 828 3527 Quumque
857 3450 1070 3508 adhuc
1099 3447 1213 3507 ille
1244 3450 1609 3525 loqueretur
1636 3448 1753 3516 eis,
1784 3446 1904 3509 sci—

405 3546 562 3608 licet
603 3544 914 3607 fratribus
951 3544 1084 3607 suis
1126 3544 1428 3619 inventiS‚
1463 3544 1588 3622 vel,
1621 3547 1712 3604 eis
1741 3562 1903 3626 quos

405 3642 852 3723 interrogavit,
889 3646 1204 3721 apparuit
1237 3645 1344 3703 vir
1373 3646 1485 3703 ille
1512 3645 1778 3721 spurius
1806 3664 1906 3704 as-

403 3746 709 3812 cendenS,
759 3744 1018 3803 Goliam
1071 3743 1357 3813 nomine,
1400 3744 1781 3803 Philistoeus
1825 3744 1905 3802 de

409 3843 602 3910 Geth,
633 3842 712 3899 de
741 3841 971 3901 castris
988 3839 1522 3902 Philistinorum.
1539 3842 1623 3901 Et
1655 3844 1906 3920 loquen-

409 3950 470 4000 te
489 3960 588 4009 ec,
611 3945 834 4020 utpote
853 3936 1128 4014 Goliath,
1143 3941 1276 3999 koec
1293 3940 1516 3998 eadem
1539 3941 1750 4011 verba,
1773 3939 1905 4019 qui-

407 4036 532 4099 bus
571 4042 722 4098 ante
757 4033 1166 4116 exprobravit
1200 4032 1362 4095 siliis
1393 4033 1607 4111 lsrael,
1641 4037 1905 4096 audivit

403 4138 636 4198 David
663 4134 1182 4215 exprobratorem
1225 4132 1407 4195 illum
1448 4140 1576 4195 tam
1615 4150 1906 4213 arrogan-

2015 3148 2363 3214 nerationis
2402 3154 2509 3211 aut
2544 3164 2760 3209 amore
2802 3144 3167 3227 temporalis
3210 3144 3497 3222 honoriS,

2014 3248 2457 3333 principaliter
2511 3244 2901 3309 incitabatur
2952 3245 3031 3307 ad
3087 3242 3501 3326 pugnandum

2012 3356 2233 3412 contra
2266 3345 2541 3423 Goliam,
2577 3344 2689 3407 sed
2720 3343 2855 3406 zelo
2891 3341 3093 3407 divini
3134 3340 3395 3405 honoris
3427 3360 3502 3404 ac

2009 3446 2163 3510 boni
2189 3444 2579 3518 communis;
2613 3440 2991 3505 secundario
3024 3447 3234 3503 autem
3264 3446 3329 3502 et
3354 3457 3499 3502 eon-

2010 3545 2388 3610 comitanter
2436 3560 2649 3607 amore
2703 3539 2985 3623 praesatae
3040 3538 3498 3602 remuneratio-

2011 3645 2134 3721 niS,
2171 3641 2525 3725 praesertim
2558 3639 2709 3721 quia
2744 3658 2780 3701 a
2813 3639 2938 3702 Deo
2972 3637 3161 3701 etiam
3202 3637 3500 3700 moveba-

2010 3752 2114 3807 tur
2161 3743 2240 3805 ad
2290 3741 2434 3804 hoc.
2477 3740 2815 3817 Referebat
2862 3747 3079 3798 autem
3122 3739 3185 3795 ei
3216 3740 3497 3813 populus

2010 3844 2306 3903 eumdem
2340 3858 2714 3908 sermonem,
2750 3837 2967 3896 dicens
2999 3856 3021 3895 .·
3062 3836 3215 3896 Hoec
3253 3837 3497 3895 dabun-

2014 3951 2122 4001 tur
2151 3941 2294 3999 viro
2324 3939 2443 4016 qui
2462 3936 2847 4013 percusserit
2874 3954 3045 3993 eum.

2093 4040 2275 4107 Quod
2319 4056 2523 4113 quum
2566 4034 2850 4095 audisset
2878 4033 3074 4093 Eliab
3112 4033 3325 4107 frater
3356 4031 3499 4107 ejus
3528 4054 3790 4110 meamus.

2013 4137 2246 4213 major,
2269 4132 2568 4197 videlicet
2596 4130 3084 4214 primogenitus,
3111 4134 3403 4209 loquente
3430 4150 3499 4190 eo

405 4242 564 4297 tem.
604 4235 831 4294 Omnes
871 4242 1090 4293 autem
1117 4233 1435 4293 Israelitoe
1473 4252 1675 4311 quum
1707 4234 1906 4293 vidis·
1936 4233 1984 4294 D
2011 4255 2158 4296 cum
2190 4234 2371 4303 aliis,
2401 4234 2612 4291 iratus
2640 4240 2729 4290 est
2758 4238 2981 4290 contra
3009 4229 3252 4299 David,
3285 4225 3501 4290 formi-

403 4342 548 4393 sent
567 4333 814 4403 virum,
833 4331 1152 4408 fuyerunt
1180 4351 1221 4390 a
1240 4331 1414 4407 facie
1431 4332 1591 4407 ejuS,
1619 4333 1906 4393 timentes

403 4452 560 4491 eum
589 4432 780 4491 valde
808 4450 831 4489 .·
873 4429 938 4491 id
983 4436 1100 4505 est,
1136 4426 1353 4489 nullus
1385 4446 1604 4491 eorum
1633 4429 1907 4491 audehat

405 4536 636 4593 contra
667 4526 853 4589 illum
883 4527 1248 4609 procedere,
1274 4534 1338 4589 et
1368 4526 1810 4607 unusquisque
1837 4545 1907 4589 se

406 4626 738 4707 elongavit
767 4625 848 4689 ab
880 4624 994 4689 illo
1025 4643 1142 4707 pro
1170 4642 1358 4707 posse
1383 4648 1397 4699 ;
1443 4634 1502 4685 et
1529 4626 1706 4685 dimit
1734 4644 1908 4685 unus

407 4728 768 4807 quispiam,
801 4723 865 4786 id
915 4731 1012 4785 est
1055 4722 1317 4803 quidam
1359 4742 1469 4786 seu
1518 4722 1907 4804 quicumque

408 4829 488 4886 de
517 4821 762 4907 populo
781 4826 1030 4884 Israel:
1046 4825 1226 4884 Num
1247 4822 1476 4882 vidisti
1495 4823 1716 4882 virum
1735 4824 1909 4882 hunc

407 4926 528 5003 qui
547 4924 839 4984 ascendit
851 4924 1000 4983 Md
1014 4918 1491 5000 explorandum
1508 4922 1686 4981 enim
1703 4924 1910 4981 Israel

409 5022 726 5085 ascendit.
752 5022 982 5081 Virum
1009 5039 1158 5097 cryc
1188 5020 1307 5099 qui
1329 5020 1718 5096 percusserit
1735 5039 1907 5089 eum,

413 5120 478 5183 id
509 5128 629 5195 est,
657 5117 910 5181 Goliath
941 5117 1135 5180 istum
1168 5116 1496 5195 occiderit,
1527 5119 1764 5178 ditabit
1792 5138 1910 5177 rea·

413 5220 560 5283 Saul
585 5219 850 5281 divitiis
883 5219 1163 5294 maynis,
1189 5227 1250 5277 et
1275 5218 1490 5293 filiam
1510 5237 1699 5277 suam
1729 5219 1910 5277 dabit

412 5321 476 5379 ei
520 5334 809 5393 uxorem,
843 5324 905 5377 et
951 5318 1216 5377 domum
1258 5316 1399 5393 ejus
1441 5316 1639 5391 faciet
1680 5318 1912 5393 absque

2011 4334 2168 4395 dans
2210 4331 2382 4412 quod
2418 4327 2614 4390 David
2654 4325 2927 4409 juvenili
2968 4326 3231 4390 audacia
3262 4325 3503 4408 arripe-

2015 4438 2110 4492 ret
2131 4436 2351 4492 contra
2371 4425 2620 4489 Goliath
2653 4423 3026 4489 conflictum
3059 4432 3123 4488 et
3151 4425 3504 4502 caderet,et

2016 4528 2103 4589 ita
2132 4546 2210 4589 ex
2244 4526 2526 4587 fraterno
2565 4542 2780 4586 amore
2822 4522 2915 4585 ira
2954 4523 3065 4585 illa
3094 4523 3410 4597 manavit3
3442 4533 3504 4583 ec

2015 4627 2110 4687 ait
2147 4645 2169 4683 .·
2205 4627 2418 4693 Quare
2454 4622 2692 4681 venisti
2713 4624 2743 4681 ἓ
2780 4631 2839 4680 et
2869 4641 3070 4699 quare
3096 4622 3506 4700 dereliquisti

2008 4724 2331 4802 pauculas
2375 4721 2526 4780 illas
2564 4738 2704 4779 oves
2752 4720 2827 4779 in
2867 4720 3159 4778 deserto?
3187 4717 3367 4798 quasi
3418 4718 3507 4779 di-

2015 4827 2117 4884 cat
2152 4837 2166 4881 ε
2200 4817 2429 4881 Utilius
2459 4815 2577 4878 tibi
2610 4822 2798 4891 esset,
2833 4814 3005 4895 quod
3038 4832 3163 4877 non
3192 4814 3500 4892 venisses,

2017 4920 2094 4981 ad
2129 4936 2322 4999 quem
2354 4915 2565 4997 potius
2596 4913 2875 4996 pertinet
2912 4912 3212 4993 pauculas
3246 4932 3505 4994 pascere

2017 5036 2193 5091 oveS‚
2228 5034 2421 5096 quam
2461 5021 2683 5076 contra
2727 5011 3047 5092 gigantem
3080 5010 3364 5074 duellum
3403 5032 3504 5074 as-

2017 5133 2294 5177 sumere.
2338 5116 2472 5190 E'qo
2517 5111 2671 5171 novi
2705 5112 3079 5188 superbiam
3126 5118 3326 5183 tuam,
3378 5129 3505 5192 qua

2017 5212 2314 5293 adspiras
2358 5210 2435 5271 ad
2480 5208 2851 5289 conjugium
2899 5206 3053 5270 filiae
3096 5207 3281 5287 regiS.
3328 5208 3506 5274 Unde

2017 5308 2218 5391 aliqui
2250 5307 2494 5382 dicunt,
2520 5306 2693 5387 quod
2714 5305 2895 5367 Eliab
2924 5304 3263 5369 aestimavit
3293 5306 3503 5389 ipsum
