4359 6250
634 2357 770 2400 Prov.
790 2371 859 2410 xx,

622 2423 647 2450 ο

890 477 1007 546 191

1649 496 1997 543 mannum
2040 497 2101 542 ΙΝ
2144 495 2280 542 cAP.
2327 494 2408 541 XV
2449 494 2722 542 Junlcuu.
2770 514 2850 525 —
2888 497 3031 543 ΛΒΤ.
3076 496 3224 543 xxvl

886 667 1123 746 dicant,
1144 668 1319 732 Servi
1341 677 1404 733 et
1426 669 1745 731 tributarii
1768 667 1963 734 vestri
1986 687 2230 744 sumuS,
2257 686 2374 729 nec
2407 666 2458 727 A
2487 677 2741 744 eventu,
2761 668 2870 750 qui
2903 668 3093 750 paulo
3122 676 3267 750 post
3297 667 3637 742 recitatur;
3667 675 3730 727 et
3759 669 3978 729 Phili-

889 785 1241 847 repugnare
1272 767 1693 848 disponimus
1717 769 1843 836 Qui
1873 769 2377 843 responderunt:

902 869 976 926 Ut
999 869 1267 942 ligemus
1293 869 1583 936 Samson,
1609 869 1922 936 venimus,
1946 875 2003 925 et
2032 867 2380 926 reddamus

887 966 949 1024 ei
977 986 1120 1044 quse
1154 967 1222 1025 in
1254 986 1367 1026 nos
1396 975 1693 1042 opemtus
1722 975 1837 1034 esc,
1871 965 1933 1027 id
1975 972 2090 1035 est,
2127 971 2199 1024 ut
2232 983 2378 1026 eum

890 1062 1174 1126 vinctum
1240 1065 1561 1126 tradamus
1621 1063 2058 1144 superioribus
2118 1062 2374 1138 nostriS‚

888 1170 1203 1242 quatenus
1239 1161 1453 1226 debite
1495 1162 1799 1224 illudatur
1836 1170 1898 1224 et
1935 1162 2282 1224 occidatur.

966 1265 1445 1324 Descenderam
1480 1281 1626 1338 erqo
1662 1263 1791 1322 tria
1830 1263 2047 1321 millia
2086 1262 2378 1320 virorum

887 1364 966 1422 de
1002 1365 1178 1424 Juda
1222 1364 1309 1421 acl
1351 1379 1607 1438 specum
1644 1362 1851 1419 silicis
1882 1361 2102 1429 Elam,
2133 1357 2378 1420 scilicet

890 1459 968 1520 ad
1008 1457 1335 1540 praefatam
1376 1458 1773 1539 speluncam.
1808 1459 2264 1536 Dixeruntque
2291 1459 2378 1516 ad

888 1561 1160 1618 Samson
1178 1579 1199 1616 .·
1216 1559 1436 1619 Nescis
1466 1561 1637 1637 quod
1655 1558 2027 1619 Pleilistiim
2059 1557 2376 1641 imperent

886 1657 1067 1716 ‘nobis
1103 1659 1137 1724 ἒ,
1178 1659 1389 1725 Quare
1436 1675 1583 1733 erqo
1630 1658 1746 1716 hoe
1791 1656 2005 1731 facere
2053 1655 2378 1714 voluisti?

886 1753 1069 1833 quasi
1089 1754 1325 1828 dicant,
1346 1752 1707 1835 Exposuisti
1737 1772 1853 1816 nos
1880 1770 2101 1815 omnes
2135 1751 2379 1833 pericu·

2485 768 2664 827 stiim
2695 768 3116 845 vociferantes
3155 783 3283 848 prae
3305 765 3578 847 gaudio,
3611 764 3800 846 quasi
3839 764 3976 844 jam

2487 865 2640 928 certi
2689 865 2767 926 de
2814 864 3016 927 hostis
3067 865 3166 927 sui
3217 863 3582 946 captivitate
3629 870 3694 925 et
3741 871 3972 936 morte,

2487 965 2905 1024 occurrissent
2941 965 3028 1034 ei,
3058 982 3250 1044 quem
3282 962 3405 1025 viri
3435 962 3594 1024 Juda
3633 959 3974 1022 trahebant

2490 1069 2558 1122 ut
2589 1081 2767 1124 reum
2801 1070 2864 1124 et
2899 1061 3129 1137 furem,
3165 1063 3368 1122 irruit
3402 1064 3472 1122 in
3502 1083 3648 1121 eum
3680 1061 3976 1137 Spiritus

2487 1161 2777 1233 Domini,
2799 1160 3002 1236 idest,
3027 1180 3062 1223 a
3093 1161 3218 1222 Deo
3247 1169 3456 1222 motus
3487 1168 3549 1222 ct
3577 1157 3974 1220 confortatus

2489 1267 2585 1320 est
2630 1260 2708 1321 ad
2759 1258 3119 1322 faciendum
3166 1278 3310 1340 quae
3357 1258 3853 1338 subjunguntur.
3885 1257 3974 1318 Ee

2486 1361 2654 1418 sicut
2684 1363 2884 1418 solent
2903 1362 2992 1420 ad
3019 1362 3276 1419 odorem
3303 1359 3500 1435 iqui-3,
3534 1357 3598 1418 id
3629 1364 3725 1419 est
3755 1375 3831 1418 ex
3863 1355 3977 1416 im-

2489 1457 2815 1538 pressione
2843 1457 3095 1533 caloriS‚
3136 1459 3320 1534 liqna
3351 1458 3666 1524 consumi,
3704 1458 3800 1515 ita
3833 1456 3978 1514 vin-

2486 1560 2636 1616 cula
2665 1557 2896 1634 quibus
2928 1551 3170 1633 liyatus
3197 1565 3358 1626 erac,
3390 1557 3711 1631 dissipata
3731 1563 3884 1614 sunt
3915 1563 3976 1610 et

2485 1657 2716 1725 soluta,
2737 1653 2800 1714 id
2833 1661 3095 1730 est,tam
3127 1653 3419 1716 celeriter
3445 1671 3516 1715 ac
3550 1651 3830 1716 faciliter
3850 1650 3976 1712 dis-

2487 1751 2720 1833 sipavit
2770 1760 2832 1814 et
2881 1752 3052 1833 rupit
3099 1771 3195 1814 ea.
3233 1756 3697 1830 Inventamque
3739 1751 3978 1810 mamil-

889 1850 972 1913 lo.
1011 1855 1253 1920 Quibus
1298 1855 1411 1912 ille
1448 1855 1587 1913 ait:
1620 1855 1809 1912 Sicut
1844 1853 2137 1928 fecerunt
2182 1851 2376 1920 mihi,
2413 1855 2460 1917 B
2488 1854 2644 1919 Iam,
2679 1853 2748 1910 id
2776 1861 2866 1911 esc
2903 1853 3356 1911 mandibulam
3399 1851 3600 1919 asini,
3631 1869 3774 1929 quoe
3797 1849 3978 1924 jace·

884 1951 977 2010 sic
995 1952 1123 2027 feei
1141 1952 1256 2020 eis,
1277 1950 1337 2012 id
1369 1957 1485 2025 cst,
1508 1969 1622 2031 pro
1654 1949 1910 2030 injuriis
1942 1949 2099 2010 mihi
2133 1949 2374 2029 injuste

887 2049 1082 2110 illatis
1130 2048 1316 2110 intuli
1363 2049 1454 2111 eis
1497 2049 1699 2129 justas
1740 2048 2076 2123 vindictaS,
2112 2067 2378 2128 praescr-

888 2146 999 2208 tim
1022 2155 1281 2229 propter
1299 2166 1701 2211 communem
1723 2145 2049 2212 'israelitici
2072 2145 2292 2227 populi
2319 2145 2380 2206 li·

886 2246 1302 2310 bei-ationem.
1332 2245 1454 2308 Nec
1485 2245 1604 2308 1100
1637 2243 1664 2305 f
1669 2245 1761 2306 uit
1789 2253 2009 2308 contra
2040 2244 2200 2306 illud
2232 2244 2378 2306 Pro-

889 2344 1275 2420 verbiorum,
1308 2345 1396 2406 Ne
1442 2344 1637 2420 dicaS,
1667 2344 1924 2406 reddam
1974 2343 2212 2405 malum
2259 2363 2374 2424 pro

890 2443 1096 2506 malo:
1128 2443 1281 2524 quia
1322 2461 1437 2524 pro
1480 2442 1647 2504 malo
1690 2443 1916 2524 culpae,
1954 2460 2079 2504 non
2111 2450 2209 2504 est
2245 2461 2377 2503 ma·-

889 2541 1021 2603 lum
1053 2541 1257 2623 culpae
1289 2540 1790 2616 retribuendum.
1812 2541 2129 2602 Interdum
2160 2549 2372 2602 tamen

887 2640 1125 2702 malum
1181 2657 1387 2721 poenae
1435 2645 1531 2701 est
1587 2639 1975 2700 reddendum
2037 2657 2153 2720 pro
2204 2637 2372 2701 malo

884 2739 1108 2820 culpae,
1142 2747 1214 2800 ut
1250 2745 1539 2801 servetur
1571 2737 1761 2798 decor
1795 2736 2080 2817 justititia,
2114 2756 2373 2818 praeser-

886 2837 998 2900 tim
1040 2857 1154 2920 pro
1190 2835 1671 2900 conservatione
1708 2835 1796 2896 rei
1839 2834 2132 2916 publicae.
2176 2838 2371 2914 Liya-

882 2956 973 3007 re,
996 2938 1335 3016 inquiunt,
1359 2945 1415 2996 te
1445 2936 1741 2994 ven-imus
1761 2944 1820 2994 et
1853 2937 2105 2994 tradere
2140 2937 2208 2995 in
2241 2957 2373 2996 ma-

2487 1947 2989 2028 bat‚arripiens,'
3001 1950 3326 2026 interfecit
3356 1951 3426 2008 in
3458 1970 3531 2008 ea
3559 1951 3738 2008 mille
3763 1949 3978 2008 viros:

2485 2048 2656 2128 quod
2703 2049 2855 2109 satis
2905 2047 3196 2110 mirabile
3245 2047 3389 2124 suit,
3442 2047 3611 2128 quod
3665 2046 3831 2108 inter
3877 2053 3976 2108 tot

2486 2146 2928 2208 concussiones
2951 2145 3183 2208 mansit
3204 2146 3438 2208 illaesus
3459 2163 3530 2208 ac
3551 2144 3752 2219 vivuS,
3771 2163 3972 2224 quum

2486 2252 2652 2307 esset
2681 2244 2964 2306 inermiS.
2999 2245 3127 2307 Hoc
3156 2264 3413 2327 quoque
3449 2243 3766 2319 mirabile,
3801 2243 3972 2324 quod

2486 2348 2697 2403 tantus
2723 2351 3057 2423 pugnator,
3079 2343 3287 2406 scie-ns
3314 2363 3381 2404 se
3402 2351 3494 2404 tot
3524 2350 3784 2423 tamque
3807 2361 3978 2404 acer-

2486 2440 2678 2503 rimos
2717 2441 2930 2504 hostes
2967 2441 3225 2517 habere,
3259 2460 3385 2504 non
3427 2441 3648 2503 habuit
3685 2440 3972 2521 gladium

2484 2559 2721 2616 secum,
2774 2559 2892 2604 nec
2941 2540 3222 2623 aliquam
3269 2548 3675 2615 armaturam,
3733 2540 3844 2602 sed
3893 2540 3976 2602 de

2483 2659 2598 2702 sua
2621 2638 2992 2702 fortitudine
3023 2648 3084 2701 et
3115 2639 3222 2702 Dei
3256 2639 3495 2702 auxilio
3525 2639 3678 2702 satis
3709 2659 3976 2702 securus

2485 2736 2512 2797 f
2515 2737 2628 2798 uit.
2649 2737 2964 2818 Imaginor
2981 2746 3216 2814 autem,
3236 2738 3408 2820 quod
3430 2737 3583 2801 visis
3605 2736 3970 2810 philistaeis,

2482 2855 2628 2899 mox
2658 2837 3194 2918 impetuosissime
3213 2837 3494 2900 cucurrit
3524 2836 3591 2898 in
3621 2855 3756 2913 eOS,
3781 2844 3976 2918 atque

2481 2942 2608 2996 tam
2648 2933 3048 2996 velocissime
3085 2953 3284 2996 unum
3323 2953 3513 3015 super
3541 2933 3742 2995 alium
3779 2933 3974 2995 trusit

884 3055 1007 3094 nus
1036 3036 1567 3096 Philistinorum.
1608 3033 1735 3095 Hoc
1776 3031 1986 3095 facere
2026 3033 2370 3097 voluerunt
2400 3035 2445 3099 C
2480 3052 2552 3094 ac
2587 3032 2892 3113 plurimos
2923 3032 3114 3094 simul
3146 3033 3507 3114 prostravit,
3532 3041 3596 3094 et
3624 3049 3850 3095 omnes
3878 3032 3974 3094 sic

884 3133 1006 3195 viri
1046 3133 1206 3196 Juda
1243 3134 1469 3195 timore
1514 3132 2020 3208 Philistinorum‚
2057 3152 2093 3194 a
2133 3132 2369 3213 quibus

883 3232 1181 3297 viderunt
1209 3252 1277 3295 sc
1321 3241 1383 3295 et
1426 3239 1629 3294 totum
1669 3230 1977 3311 populum
2017 3230 2204 3293 lsrael
2249 3231 2367 3293 im-

884 3332 1318 3413 pugnandum,
1354 3330 1477 3391 nisi
1523 3329 1843 3391 traderent
1887 3328 2256 3391 Samsonem
2305 3330 2394 3391 in-

884 3448 1109 3491 manus
1138 3448 1381 3491 eorum.
1405 3429 1649 3498 Quibus
1673 3430 1988 3488 Samson:
2006 3431 2258 3497 horale,
2279 3432 2378 3489 in-

882 3530 1050 3609 quit,
1078 3539 1137 3588 et
1178 3531 1475 3605 spondete
1516 3526 1706 3595 milzi,
1738 3528 1911 3605 quod
1953 3547 2083 3587 non
2132 3548 2230 3588 me
2277 3548 2375 3587 oc-

882 3628 1143 3695 cidatis,
1192 3625 1245 3685 si
1296 3644 1397 3685 me
1448 3623 1632 3702 ligari
1681 3623 2053 3704 permisero.
2106 3624 2372 3688 Samson

884 3724 1071 3788 scivit
1110 3724 1283 3804 quod
1323 3741 1449 3785 non
1494 3730 1753 3803 possent
1790 3741 1935 3783 eum
1977 3722 2253 3784 invitum
2300 3724 2376 3786 li-

884 3842 1056 3903 gare,
1090 3841 1208 3885 nec
1257 3821 1509 3884 volebat
1554 3821 1646 3883 eis
1698 3820 2011 3897 resistere,
2045 3822 2200 3902 quia
2245 3840 2373 3885 non

886 3921 1091 3985 voluit
1136 3920 1362 3983 laedere
1406 3937 1513 3981 cos
1549 3936 1563 3979 ε
1603 3918 1746 3980 1(100
1796 3938 1863 3980 sc
1912 3918 2092 3999 ligari
2143 3921 2376 4001 permi-

887 4019 991 4094 sit,
1026 4026 1237 4079 tamen
1270 4016 1388 4078 sub
1418 4016 1535 4078 hac
1566 4016 1950 4079 conditione.
1976 4017 2194 4079 Maluit
2224 4038 2376 4100 quo-

2482 3132 2900 3214 perturbavit,
2940 3133 3112 3215 quod
3155 3133 3371 3196 nullus
3422 3132 3680 3196 illorum
3725 3141 3976 3215 poterat

2481 3251 2625 3293 eum
2673 3232 2972 3294 accedere
3019 3234 3097 3295 ad
3149 3232 3529 3294 nocendum.
3569 3234 3656 3292 Εε
3707 3233 3806 3291 ait
3837 3253 3860 3290 .·
3889 3234 3977 3292 In

2481 3332 2762 3390 mamilla
2808 3333 3011 3400 asini,
3057 3330 3118 3392 id
3167 3338 3265 3393 est
3312 3349 3458 3392 cum
3507 3329 3791 3402 maxilla,
3835 3338 3978 3392 tan—

2480 3448 2672 3509 quam
2726 3449 2840 3510 per
2889 3429 3408 3506 instrumentum,
3461 3432 3533 3490 in
3583 3432 3977 3511 mandibula

2473 3530 2652 3606 pulli
2695 3531 3058 3598 asinarum,
3094 3528 3213 3590 hoc
3258 3536 3356 3590 est
3389 3527 3647 3607 juvenis
3688 3527 3854 3589 asini
3895 3546 3976 3591 ex

2481 3627 2781 3689 asinabus
2814 3626 2968 3701 nati,
2999 3629 3209 3687 delevi
3235 3646 3359 3699 eos,
3382 3625 3445 3688 id
3480 3634 3598 3702 est,
3620 3626 3978 3689 Philistaeos

2483 3726 2709 3798 occidi,
2742 3736 2800 3785 ec
2827 3728 3115 3803 percussi
3147 3726 3328 3785 mille
3365 3727 3537 3785 viros
3567 3724 3647 3787 de
3687 3726 3976 3788 exercitu

2481 3824 2971 3886 Philistaeorum.
2994 3822 3116 3884 Alii
3149 3831 3362 3885 autem
3396 3822 3696 3903 fugerunt
3725 3825 3980 3903 (secun-

2483 3922 2634 3983 dum
2672 3921 3046 4002 Joscphum)
3073 3939 3149 3982 cx
3187 3920 3434 3983 timore.
3471 3924 3812 4001 Quumque
3845 3925 3980 3983 haz-

2483 4039 2718 4079 canens
2749 4021 2936 4079 verba
2953 4018 3594 4097 complesset.Cecinit
3625 4020 3798 4082 enim
3833 4038 3978 4083 can·

886 4136 1015 4197 que
1044 4115 1411 4197 permittere
1432 4115 1605 4195 quod
1638 4114 1960 4193 ligaretur,
1979 4135 2171 4197 quam
2202 4119 2374 4199 quod
2486 4116 2682 4179 ticum
2715 4116 2904 4193 istud,
2940 4118 3174 4197 gratias
3205 4134 3402 4196 agens
3431 4117 3556 4180 Deo
3585 4118 3666 4180 de
3699 4126 3828 4180 tam
3859 4119 3982 4181 mi-

889 4213 1013 4275 silii
1050 4213 1211 4275 Juda
1238 4221 1301 4274 et
1330 4212 1470 4274 aliae
1511 4212 1713 4274 tribus
1753 4212 1937 4275 lsrael
1970 4232 2007 4275 a
2039 4214 2376 4277 Philistaeis
2407 4220 2455 4281 D
2487 4233 2555 4277 ro
2584 4214 2932 4296 triumpho,
2967 4224 3158 4297 atque
3185 4216 3284 4295 (ut
3323 4216 3391 4276 in
3421 4215 3814 4279 Scholastica
3856 4215 3980 4281 fer-

890 4311 1368 4374 inl'cstarentur.
1392 4310 1677 4390 Denique
1709 4310 1894 4391 petiit
1922 4312 2265 4375 certificari
2298 4315 2374 4377 de
2486 4321 2587 4374 tur
2613 4312 2906 4391 historia)
2935 4313 3198 4375 metrice
3225 4313 3461 4377 cecinit
3493 4313 3978 4378 ista.·Praeterea

890 4409 1032 4485 hoc,
1064 4410 1236 4491 quod
1268 4428 1395 4471 non
1426 4408 1840 4483 occideretur,
1877 4428 2002 4472 non
2035 4410 2242 4473 solum
2277 4412 2376 4493 ju-

892 4516 1194 4583 ramento,
1234 4507 1343 4569 sed
1376 4506 1570 4569 etiam
1610 4506 2051 4588 promissione,
2094 4527 2238 4589 quae
2281 4510 2376 4571 in·-

892 4607 1139 4669 terdum
1194 4604 1423 4667 fortius
1476 4604 1627 4683 ligat
1674 4624 1866 4687 quam
1912 4606 2368 4687 juramentum.

890 4709 1020 4777 Qui
1054 4709 1368 4767 dia-erunt
1399 4726 1422 4763 .·
1456 4706 1601 4767 Non
1645 4714 1703 4764 te
1738 4706 2119 4775 occidemus,
2152 4714 2216 4768 et
2253 4706 2372 4770 hoc

884 4806 1262 4887 juraverunt
1306 4822 1379 4865 ac
1428 4802 1897 4884 promiserunt3
1930 4806 2039 4863 sed
2082 4806 2374 4866 vinetum

888 4908 1235 4965 trademus.
1256 4905 1780 4980 Liyaveruntque
1807 4922 1955 4961 eum
1989 4904 2236 4961 duobus
2266 4923 2374 4963 no-

887 5004 983 5062 vis
1022 5004 1315 5081 funibus,
1348 5000 1459 5081 qui
1510 4998 1719 5061 solent
1763 5018 1902 5060 esse
1952 4997 2270 5075 fortioreS,
2315 5013 2373 5062 et

888 5104 1181 5161 tulerunt
1210 5119 1355 5158 eum
1384 5100 1463 5155 de
1488 5108 1675 5172 petra
1704 5098 1925 5157 Edam.
2009 5124 2015 5131 ·

895 5234 905 5245 ·
968 5202 1095 5267 Qui
1114 5202 1455 5275 quum'ven
1467 5195 1656 5253 issent
1686 5197 1775 5254 ad
1808 5198 2014 5254 locum
2036 5197 2372 5257 Maxilloe:

885 5296 1057 5377 quod
1106 5311 1341 5358 nomen
1386 5290 1526 5353 1000
1576 5290 1671 5353 1111
1724 5291 2093 5373 impositum
2142 5295 2369 5358 est-ab

2484 4410 2683 4492 aliqui
2725 4418 3043 4493 quaerunt,
3078 4430 3158 4472 an
3199 4418 3400 4474 totum
3439 4412 3758 4475 canticum
3793 4411 3974 4476 'istud

2483 4508 2804 4571 Samsonis
2824 4509 3213 4591 descriptum
3244 4510 3344 4571 sit.
3361 4510 3600 4592 Estque
3618 4510 3973 4593 probabile,

2481 4608 2650 4688 quod
2699 4625 2849 4683 non,
2880 4607 3036 4688 quia
3078 4626 3252 4671 nunc
3288 4608 3528 4671 dictum
3571 4617 3704 4671 est:
3741 4609 3978 4684 Quum-

2481 4724 2606 4786 que
2643 4705 2778 4769 11ωο
2815 4724 3051 4768 canens
3091 4706 3286 4769 verba
3325 4706 3752 4789 complesset;
3787 4710 3974 4791 quasi

2479 4802 2748 4880 dicatur,
2781 4803 3008 4865 Omnia
3045 4803 3239 4867 verba
3284 4803 3460 4866 illius
3499 4804 3806 4868 carminis
3837 4826 3964 4871 non

2479 4900 2930 4963 describuntur
2958 4901 3078 4964 hoc
3110 4901 3272 4964 loco.
3305 4903 3594 4980 Projecic
3625 4908 3976 4965 mandibu-

2484 5003 2609 5059 lam
2633 5002 2714 5059 de
2735 5020 2959 5071 manu,
2985 5018 3106 5061 usu
3138 5000 3277 5080 ejus
3310 5000 3668 5082 complet03
3701 5014 3764 5063 et
3797 5025 3976 5065 voea-

2483 5100 2578 5157 υίι
2604 5117 2835 5158 nomen
2867 5100 2989 5158 loci
3019 5100 3229 5169 illius,
3263 5102 3717 5161 Ramathleeki
3741 5120 3766 5161 .·
3789 5103 3970 5183 quod

2480 5196 2636 5277 quid
2695 5195 3041 5275 significet,
3095 5204 3318 5260 auctor
3369 5199 3654 5279 exponit,
3705 5201 3970 5271 addens,

2481 5298 2652 5375 quod
2681 5296 3168 5373 interpretatur,
3201 5298 3472 5357 elevatio
3509 5300 3827 5361 maxilloe.
3863 5299 3978 5361 De·-
