4359 6250
1077 497 1428 544 mammo
1469 498 1530 543 IN
1573 497 1708 544 CAP-
1757 497 1842 543 vu
1883 497 2040 543 unm
2081 497 2253 543 Pium
2294 495 2516 542 amun.
2562 515 2643 526 —-
2686 495 2827 541 ΛΒΤ.
2874 495 2955 542 XV

3438 474 3555 540 297

453 669 648 731 nium
689 668 803 748 ibi,
845 677 916 732 ut
957 668 1023 730 in
1063 667 1292 732 Genesi
1327 667 1636 743 habetur3
1678 666 1956 748 Galgala,
1989 666 2040 728 A
2068 666 2656 741 erudiendum.Quo
2680 668 2867 750 plane
2898 665 3189 748 exemplo
3217 664 3559 746 reprehen-

109 783 274 826 σωκ..-
291 789 414 836 aa·
453 776 732 852 propter
771 770 1117 852 secundam
1154 767 1706 830 circumcisionem
1753 767 1843 828 ibi
1875 766 1962 829 fa-

93 851 165 890 ¹⁰·
452 876 658 944 ctam,
683 877 754 930 ut
780 867 1014 931 dicitur
1035 867 1101 929 in
1120 867 1330 944 Josue,
1347 873 1410 928 et
1437 873 1696 948 propter
1723 864 1961 928 Pascha

449 966 858 1030 celebratum
907 966 1180 1040 ibidem;
1229 965 1503 1047 Maspha,
1538 972 1798 1047 propter
1839 962 1961 1026 fre

449 1065 795 1148 quentiam
815 1066 1004 1129 Josue
1036 1065 1102 1127 in
1125 1065 1368 1128 eadem.
1384 1064 1460 1124 Et
1490 1063 1666 1145 juxta
1691 1063 1828 1138 hoc,
1845 1082 1960 1145 per

451 1164 683 1226 Bethel
714 1171 882 1227 esset
921 1163 1042 1227 hoc
1081 1163 1223 1226 loco
1264 1161 1682 1242 intelligenda
1713 1161 1960 1224 Jerusa-

451 1262 613 1324 lem.
639 1262 784 1325 Fuit
815 1271 1027 1326 autem
1060 1270 1124 1326 et
1152 1262 1280 1324 alia
1309 1263 1550 1325 Bethel.
1589 1262 1742 1324 Nam
1774 1270 1837 1324 et
1864 1261 1959 1324 Je-

106 1376 404 1432 macoma,
449 1361 728 1424 roboam
761 1361 978 1443 posuit
1007 1380 1208 1423 unum
1239 1379 1577 1426 aureorum
1610 1360 1957 1425 vitulorum

93 1441 166 1484 ³⁹·
449 1460 529 1521 in
570 1460 813 1524 Bethel.
848 1461 1066 1542 Itaque
1107 1460 1174 1521 in
1217 1460 1422 1523 tribus
1467 1458 1958 1523 solennitatibus

445 1558 1002 1634 hebdomadariis,
1049 1577 1320 1640 quarum
1369 1558 1614 1622 scilicet
1656 1558 1960 1639 quaelibet

443 1657 718 1722 duravit
763 1676 892 1719 una
939 1656 1359 1734 hebdomada,
1411 1665 1632 1739 utpote
1679 1656 1951 1733 Paschae,

441 1757 883 1832 PentecosteS,
909 1765 972 1818 et
1004 1755 1430 1837 Scenopegiae‚
1465 1753 1850 1818 ascendebat
1877 1755 1958 1816 ad

437 1854 696 1937 oppida
726 1853 859 1932 illa,
877 1863 940 1917 et
968 1854 1281 1936 judicavit
1301 1853 1554 1936 plebem
1576 1853 1643 1915 in
1666 1853 1956 1917 eis.Aliis
1985 1855 2030 1915 B
2063 1852 2275 1933 jussit,
2312 1859 2381 1914 ut
2423 1870 2550 1914 non
2598 1851 2722 1912 nisi
2770 1851 2835 1913 in
2878 1870 3007 1914 uno
3054 1851 3193 1914 loco
3238 1848 3556 1912 sacrificia

437 1952 684 2016 diebus
715 1953 1006 2016 ascendit
1035 1953 1116 2015 ad
1151 1972 1296 2016 eum
1329 1953 1607 2035 populus
1643 1951 1709 2014 in
1742 1953 1958 2034 Rama·

443 2052 588 2128 tha,
625 2059 696 2113 ut
731 2050 1131 2133 judicaretur
1171 2058 1235 2114 et
1279 2050 1702 2113 instrueretur
1743 2051 1824 2112 ab
1855 2068 1951 2113 eo.

436 2150 634 2213 Unde
657 2149 1074 2231 subjungitur
1110 2166 1123 2211 ε
1157 2152 1744 2229 Revercebaturque
1777 2148 1955 2212 festis

445 2249 590 2310 illis
633 2247 906 2330 expletis
949 2251 1024 2309 in
1069 2251 1420 2320 Ramatha,
1475 2247 1542 2310 in
1593 2267 1720 2329 qua
1770 2256 1956 2310 natus

119 2368 324 2422 ωας-ι,
347 2371 394 2408 ι.
443 2355 575 2410 est.
612 2349 718 2408 Ibi
752 2349 929 2408 em'm
965 2357 1105 2408 erat
1147 2351 1376 2407 domus
1418 2347 1559 2425 ejus
1589 2355 1852 2428 paterna
1895 2355 1957 2410 et

443 2445 864 2508 hereditaria.
900 2445 1134 2509 Levitae
1177 2463 1454 2526 namque
1492 2453 1554 2507 et
1599 2447 1957 2508 sacerdotes

443 2544 823 2606 habuerunt
851 2543 992 2607 loca
1023 2543 1283 2625 propria
1313 2543 1392 2606 ad
1425 2544 1834 2606 manendum.
1871 2546 1956 2605 Ει

443 2645 552 2704 ibi
564 2645 886 2721 judicavi
890 2654 911 2704 ι
929 2647 1257 2705 Israelem.
1283 2641 1466 2716 Infra,
1491 2641 1742 2705 Samuel
1766 2641 1853 2704 ait
1875 2643 1954 2705 ad

109 2764 400 2814 manna.
445 2742 772 2824 populum
811 2759 826 2803 ι
871 2741 933 2804 Si
965 2742 1044 2804 de
1071 2760 1266 2803 manu
1306 2741 1687 2823 cujusquam
1721 2760 1954 2804 munus

439 2840 712 2923 accepi3
755 2839 942 2922 quasi
988 2840 1176 2916 dicat,
1213 2839 1348 2903 Non
1394 2839 1609 2921 accepi
1648 2857 1663 2901 :
1707 2858 1784 2902 ex
1827 2858 1954 2920 quo

439 2939 731 3016 videtur,
786 2939 960 3021 quod
1011 2936 1290 3020 propriis
1331 2936 1627 3020 expensis
1670 2937 1955 3000 visitavit

2069 768 2331 842 duntur,
2367 766 2478 847 qui
2512 766 2578 827 in
2608 765 3084 828 visitationibus
3116 771 3381 846 gravant
3410 763 3559 826 visi-

2069 873 2234 928 tatos
2274 865 2589 947 expensiS,
2638 874 2701 928 et
2746 871 3009 926 sumunt
3045 862 3125 926 ab
3165 862 3258 926 eis
3297 881 3559 924 munus-

2068 963 2233 1041 cula,
2268 965 2437 1046 quod
2470 964 2539 1026 in
2575 964 2721 1046 jure
2760 964 3127 1045 frequenter
3166 981 3239 1025 ac
3272 962 3557 1025 districte

2069 1063 2262 1126 etiam
2304 1062 2421 1124 sub
2466 1081 2657 1145 poena
2695 1059 3371 1126 excommunicationis
3415 1079 3559 1142 pro-

2066 1161 2346 1224 hibetur.

2147 1262 2539 1339 issdifi'cavic
2566 1262 2764 1321 etiam
2804 1260 2923 1330 ibi,
2956 1258 3201 1322 scilicet
3231 1257 3297 1319 in
3337 1256 3556 1320 Rama·

2069 1358 2197 1435 tha,
2214 1363 2422 1420 altare
2438 1360 2735 1420 Domino,
2751 1357 2817 1420 ln
2840 1357 3004 1421 libro
3023 1357 3211 1420 Josue
3230 1355 3551 1432 scribitur,
3606 1372 3740 1417 Jeme
3752 1387 3847 1424 nu.

2066 1456 2345 1540 qualiter
2386 1475 2613 1520 novem
2648 1456 2853 1520 tribus
2884 1455 3187 1520 volebant
3217 1455 3557 1518 ascendere
3589 1437 3637 1478 ¹⁰
3656 1439 3699 1478 θ’
3718 1448 3811 1492 ⁸³⁹·

2067 1557 2144 1618 ad
2177 1555 2600 1638 praeliandum
2632 1564 2855 1619 contra
2876 1557 3034 1618 duas
3056 1574 3127 1618 ac
3146 1553 3423 1617 mediam
3446 1551 3557 1614 tri-

2066 1654 2209 1732 buS,
2246 1673 2321 1718 eo
2352 1655 2523 1736 quod
2553 1654 2732 1736 juxta
2758 1654 3094 1717 Iordanem
3127 1651 3557 1716 aedificassent

2067 1754 2286 1816 altare.
2322 1753 2387 1815 In
2428 1752 2917 1816 Deuteronomio
2956 1771 3212 1834 quoque
3249 1749 3555 1814 Dominus
3585 1767 3849 1872 ὄιξωωιι,

2068 1952 2321 2014 fierent.
2363 1950 2687 2024 Quomodo
2729 1949 2924 2030 igitur
2964 1949 3145 2012 licuit
3176 1947 3452 2012 Samueli
3485 1946 3551 2008 in

2065 2049 2373 2113 Ramatha
2393 2049 2593 2111 altare
2624 2050 3035 2111 construere?
3066 2046 3143 2108 Et
3173 2047 3556 2128 responden-

2064 2150 2240 2226 dum,
2276 2149 2447 2229 quod
2484 2148 2703 2210 eadem
2738 2145 3113 2209 auctoritate
3140 2153 3203 2208 et
3232 2144 3556 2226 dispensa-

2063 2247 2258 2324 tione,
2294 2266 2421 2328 qua
2452 2245 2839 2310 sacrificavit
2872 2264 3071 2328 quum
3105 2263 3231 2308 non
3264 2251 3431 2306 esset
3461 2262 3555 2305 sa-

2063 2347 2307 2421 cerdOS,
2352 2353 2424 2407 ut
2467 2353 2701 2407 tactum
2748 2353 2864 2407 est.
2900 2344 3054 2406 Nam
3099 2351 3161 2406 et
3191 2342 3441 2406 Gedeon
3481 2361 3554 2405 ac
3624 2358 3848 2410 aaran.

2063 2445 2255 2521 Elias,
2305 2444 2415 2526 qui
2468 2463 2585 2506 nec
2626 2443 2859 2507 Levitae
2904 2452 3107 2517 erant,
3152 2440 3553 2504 sacrificasse
3582 2424 3715 2540 ffgfff
3732 2421 3847 2538 Νᾞ

2063 2552 2437 2608 noscuntur.
2473 2543 2664 2606 Porro
2713 2543 2886 2625 quod
2936 2563 3011 2606 ex
3062 2540 3551 2606 Deuteronomio
3584 2549 3722 2590 ³⁰-38-

2061 2643 2404 2722 allegatum
2438 2649 2554 2718 est,
2592 2640 3077 2720 intelligendum
3112 2648 3228 2717 est,
3274 2639 3437 2703 sicut
3475 2657 3551 2702 ex

2065 2748 2237 2803 textu
2272 2739 2509 2802 ibidem
2557 2739 2901 2820 colligitur,
2938 2759 3053 2821 pro
3101 2747 3383 2821 tempore
3422 2756 3550 2820 quo

2062 2839 2365 2901 Dominus
2386 2839 2610 2902 urbem
2631 2837 2835 2902 divini
2856 2837 3065 2900 cultus
3086 2835 3545 2912 determinavit,
3580 2857 3844 2908 omanus.

2061 2947 2126 3000 et
2157 2937 2465 3018 templum
2489 2956 2600 2999 seu
2637 2934 3113 2998 tabernaculum
3145 2933 3253 2996 Dei
3286 2952 3432 2996 cum
3463 2953 3553 2995 ar-

439 3038 596 3102 loca
643 3037 910 3119 praefata
950 3037 1030 3099 ad
1076 3036 1387 3118 populum
1425 3037 1845 3118 judicandum
1891 3045 1954 3100 et
1988 3035 2031 3098 C
2062 3055 2136 3100 ca
2156 3035 2222 3098 in
2256 3034 2413 3098 urbe
2444 3034 2556 3097 illa
2577 3034 2784 3098 suerat
2814 3033 3129 3098 stabiliter
3148 3032 3544 3096 collocatum.

1571 3480 2221 3569 ARTICULUS
2295 3482 2445 3565 XV

1117 3758 1205 3801 DE
1261 3755 1568 3802 MYs'rlco
1626 3755 1920 3803 SEP'rlm
1975 3756 2195 3802 umus
2250 3756 2589 3802 caPl'rum

591 4038 980 4100 ENERUN
980 4041 1035 4098 T
1057 4038 1194 4097 viri
1226 4037 1722 4105 Cariatleiarim,
1761 4044 1822 4095 cc
1851 4056 1946 4095 re-

605 4140 944 4197 duxerunt
986 4156 1230 4196 arcam.
1263 4135 1378 4197 Per
1425 4133 1596 4197 viros
1646 4133 1792 4195 illos
1831 4131 1943 4214 qui

437 4238 624 4301 cives
657 4242 840 4299 erant
878 4234 1058 4297 urbis
1088 4233 1449 4297 Israeliticae
1488 4232 1716 4315 plebiS‚
1763 4231 1946 4294 intel·
1999 4274 2004 4278 -

439 4336 739 4415 liguntur
783 4334 1073 4397 conversi
1119 4352 1196 4395 ex
1238 4331 1584 4407 Judaismo,
1618 4330 1729 4412 qui
1769 4329 1946 4391 Chri-

436 4443 618 4496 stum
654 4451 768 4516 per
786 4450 998 4494 arcam
1022 4430 1449 4511 designatum,
1475 4448 1617 4492 cum
1653 4448 1946 4491 reveren-

441 4533 538 4595 tia
591 4529 872 4593 fideliter
923 4536 1363 4611 susceperunt.
1416 4528 1529 4591 Per
1577 4527 1943 4591 Eleazarum

439 4648 625 4706 vero,
662 4628 1022 4691 sacerdotes
1072 4626 1184 4708 qui
1233 4645 1309 4689 ex
1358 4627 1498 4707 lege
1546 4625 1622 4687 ad
1662 4625 1946 4707 Evange-

443 4729 612 4792 lium
645 4735 796 4789 sunt
816 4725 1133 4802 conversi,
1153 4724 1578 4807 accipiuntur,
1598 4726 1678 4788 de
1708 4723 1942 4806 quibus

137 4854 402 4905 ,icam-1.
445 4828 510 4891 S.
550 4827 753 4889 Lucas
783 4824 1120 4888 aittltiulta
1153 4822 1336 4885 turba
1367 4823 1766 4886 sacerdotum
1796 4824 1945 4887 obe-

137 4952 206 4995 ι..
227 4968 316 5003 m,
343 4956 396 4995 s.
441 4925 666 4990 dicbat
697 4922 877 4987 fidei.
911 4922 990 4985 Et
1017 4922 1247 4985 Isaias:
1283 4922 1408 4985 Vos
1439 4922 1796 4985 sacerdotes
1827 4922 1944 4985 Do-

439 5023 609 5088 mini
655 5020 1070 5085 vocabimini.
1107 5022 1192 5083 De
1234 5020 1472 5102 quibus
1513 5029 1576 5082 et
1606 5020 1941 5083 Malachias

2646 3757 2887 3803 SENSU.

2058 4044 2226 4099 esset
2268 4054 2475 4099 arcam
2520 4036 2863 4115 custodire,
2899 4038 3379 4120 praefiguratum
3424 4048 3539 4115 est,

2056 4154 2249 4217 quam
2283 4153 2477 4217 puros
2507 4144 2570 4198 et
2611 4134 3046 4199 sanctificatos
3086 4156 3227 4201 esse
3256 4145 3545 4220 oporteat

2058 4235 2416 4296 sacerdotes
2460 4252 2637 4297 novae
2678 4234 2859 4315 legiS,
2895 4234 3008 4316 qui
3048 4234 3366 4297 Christum
3397 4236 3546 4298 Uni-

2056 4331 2344 4412 genitum
2386 4332 2583 4393 Patris
2633 4340 3026 4410 consecrant,
3070 4333 3379 4411 offerunt,
3421 4344 3546 4397 tra-

2057 4438 2253 4507 ctant,
2288 4438 2351 4493 et
2385 4439 2665 4493 sumunt.

2137 4532 2483 4609 Requievit
2513 4534 2724 4592 omnis
2751 4535 2959 4593 Israel
2991 4544 3133 4611 post
3168 4535 3541 4595 Dominum.

2056 4628 2144 4690 Ita
2184 4636 2247 4691 et
2290 4647 2428 4705 noS‚
2466 4629 2689 4692 relicta
2737 4630 3180 4713 inquietudine
3220 4631 3542 4710 vitiorum,

2057 4727 2587 4792 immoderatione
2647 4730 3050 4811 passionum,
3115 4730 3550 4794 sollicitudine

2056 4825 2367 4902 saeculari,
2405 4827 2681 4890 stabiliri
2712 4837 2777 4891 et
2814 4828 3267 4910 conquiescere
3298 4830 3547 4892 studea-

2055 4944 2199 4985 mus
2236 4924 2301 4985 in
2334 4926 2482 4987 Deo.
2517 4926 2655 5007 lpse
2686 4926 2857 4988 enim
2880 4934 2975 4989 est
3007 4925 3163 4987 finis
3196 4936 3429 5003 noster,
3466 4930 3543 4991 ad

2053 5042 2245 5103 quem
2283 5042 2533 5105 semper
2564 5024 2880 5105 respicere
2909 5022 2977 5087 et‘
3002 5024 3327 5106 adspirare
3354 5027 3543 5091 debe-

99 5150 392 5201 nda-hm„
435 5126 576 5188 ait:
613 5124 816 5185 Erunt
847 5120 1116 5183 Domino
1147 5119 1497 5183 offerentes
1533 5118 1853 5183 sacrificia
1873 5120 1940 5182 in
1973 5123 2023 5185 D
2053 5142 2218 5199 muS‚
2264 5122 2329 5183 in
2375 5140 2503 5203 quo
2548 5122 2683 5185 solo
2726 5141 2877 5185 vera
2916 5132 2980 5185 et
3017 5124 3311 5187 salutaris
3355 5126 3539 5207 quies

101 5218 142 5257 ³·
427 5222 713 5307 justitia.
747 5220 864 5283 Per
913 5220 1034 5282 hoc
1083 5219 1341 5281 demum
1390 5219 1562 5301 quod
1608 5220 1939 5282 Eleazarus
2050 5220 2363 5296 consistit,
2398 5228 2461 5282 et
2492 5219 2557 5281 in
2592 5220 2729 5301 ipso
2759 5240 2872 5304 per
2904 5220 3123 5299 fidem,
3159 5222 3533 5304 sapientiam

427 5322 736 5387 sacerdos
768 5318 1208 5383 sanctificatus
1229 5325 1675 5399 est‚quatenus
1708 5318 1938 5399 dignus
2049 5326 2113 5381 et
2139 5318 2407 5381 virtutes
2430 5316 2795 5399 defigimur.
2810 5318 3132 5400 Optimum
3154 5320 3389 5383 etenim
3412 5332 3529 5401 est,
3564 5339 3829 5389 mommio.
