4359 6250
1250 513 1595 559 ENARRATlo
1639 514 1699 557 IN
1743 513 1878 558 CAP-
1925 514 2034 558 xm
2075 514 2276 559 Josuss.
2324 534 2404 543 —
2446 515 2585 560 AnT.
2633 516 2740 562 xxl
3454 494 3525 557 71

437 689 696 761 reyulos
753 686 1126 747 Philistiim
1184 686 1536 757 dividitur,
1592 683 1653 745 id
1715 691 1811 744 est
1869 682 1934 744 in
1965 681 2013 742 A
2048 693 2176 742 tam
2210 682 2505 746 Chanaan
2540 704 2681 765 quae
2712 685 2941 766 partim
2977 682 3288 764 acquisita
3318 690 3433 757 est,
3470 690 3533 743 et

434 782 730 864 quinque
780 792 992 865 partes
1041 791 1103 844 et
1155 783 1347 844 urbes
1398 782 1808 864 principaleS‚
1855 782 1936 844 ad
2045 781 2275 860 partim
2310 782 2720 863 acquirenda,
2738 786 2809 843 in
2826 785 3277 861 possessionem
3308 800 3525 841 nove-m

431 882 726 964 quinque
776 882 1029 960 regulos
1079 902 1190 944 seu
1243 890 1524 962 satrapas
1573 879 1936 943 Philistino-
2045 882 2355 952 tribubuS,
2388 892 2448 942 et
2476 884 2776 943 dimidiae
2809 882 3012 942 tribui
3042 884 3355 948 Manae-se,
3386 900 3529 939 cum

432 1000 576 1042 rum
623 988 1006 1063 spectantes,
1052 980 1268 1061 Itaque
1312 979 1628 1042 Philistaea
1675 988 1934 1042 vocatur
2040 1000 2196 1059 qua,
2228 979 2291 1041 id
2323 988 2417 1041 est
2449 999 2593 1042 cum
2626 982 2809 1061 cujus
2843 980 3044 1043 tribus
3074 980 3273 1041 altera
3302 978 3531 1041 medie-

429 1088 602 1141 terra
633 1078 955 1156 Chanaan,
975 1080 1282 1160 quoniam
1314 1078 1678 1160 pertinebat
1707 1079 1787 1140 ad
1821 1086 1936 1139 ter·
2042 1086 2190 1153 tate,
2228 1080 2448 1139 Ruben
2479 1090 2537 1139 et
2572 1083 2735 1151 Gad,
2763 1080 2826 1142 id
2857 1088 2953 1143 est
2986 1078 3184 1141 tribus
3216 1078 3435 1141 Ruben
3467 1086 3530 1140 et

430 1197 570 1241 ram
623 1178 786 1240 filiis
831 1178 1020 1241 Israel
1073 1178 1546 1261 repromissam,
1581 1187 1644 1240 et
1692 1178 1931 1259 posteri
2043 1176 2245 1238 tribus
2277 1177 2429 1255 Gad,
2458 1182 2875 1255 possederunt
2908 1190 3147 1239 terram
3174 1198 3371 1259 quam
3405 1188 3529 1238 tra-

427 1276 630 1339 Cham
681 1277 1133 1340 habitaverunt
1173 1276 1240 1337 in
1273 1295 1368 1339 ea.
1415 1280 1694 1349 Gazoeos,
1731 1276 1795 1337 id
1837 1284 1931 1337 est.
2037 1277 2215 1335 didit
2244 1277 2333 1335 eis
2354 1279 2624 1354 MoyseS‚
2651 1285 2770 1339 etc.
2792 1282 2933 1355 Ipse
2961 1279 3097 1354 fait
3122 1280 3201 1337 de
3230 1278 3529 1355 reliquiis

425 1375 688 1456 regulos
721 1395 834 1439 seu
867 1376 1139 1458 populos
1166 1374 1528 1437 habitantes
1557 1374 1622 1436 in
1653 1374 1812 1436 Gaza
1835 1394 1931 1436 ur·
2039 1376 2383 1449 Rapkaim,
2417 1373 2480 1436 id
2523 1381 2639 1451 est,
2684 1373 2775 1454 Og
2818 1392 2924 1436 rex
2971 1373 3094 1435 fuit
3137 1374 3216 1437 de
3256 1373 3525 1456 posteris
3554 1394 3821 1445 ausuum.

428 1474 512 1537 bc
542 1460 905 1551 philistiim,
930 1486 990 1535 ec
1013 1476 1292 1545 AzocioS,
1318 1474 1429 1554 qui
1461 1472 1833 1535 habitabant
1863 1475 1928 1536 in
2036 1470 2390 1550 gigantum,
2442 1480 2513 1533 ut
2574 1472 2816 1535 dictum
2864 1481 2960 1535 est
3014 1472 3078 1534 in
3130 1471 3526 1554 expositione

429 1572 646 1649 Azot0,
683 1576 1113 1645 AscalonitaS,
1148 1572 1262 1653 qui
1303 1571 1676 1635 habitabant
1716 1572 1782 1633 in
1821 1571 1932 1635 As·
2039 1570 2454 1651 praecedentis
2486 1571 2771 1653 capituli,
2808 1572 2959 1652 quia
2998 1572 3171 1634 solus
3212 1570 3529 1633 restiterat
3559 1590 3827 1641 ommuni,

429 1669 682 1747 calone,
723 1675 1026 1744 Getleoeos,
1061 1671 1173 1752 qui
1205 1670 1618 1733 morabantur
1648 1670 1716 1733 in
1747 1670 1926 1747 Geth,
2038 1668 2116 1729 de
2149 1669 2349 1749 stirpe
2378 1670 2706 1751 gigantum
2736 1688 2896 1733 :non
2930 1670 3102 1752 quod
3132 1670 3294 1731 nulli
3316 1688 3529 1751 super-

427 1782 492 1830 et
521 1774 973 1840 AccaronitaS,
1005 1770 1115 1851 qui
1149 1770 1493 1833 manebant
1525 1770 1591 1831 in
1621 1770 1925 1833 Accaron.
2037 1774 2219 1829 erant
2275 1777 2502 1849 praeter
2560 1789 2705 1831 eum
2763 1770 3073 1850 giganteS‚
3135 1769 3265 1832 imo
3322 1768 3530 1831 adhuc

430 1870 574 1932 Istae
610 1869 872 1933 fuerunt
903 1869 1190 1951 quinque
1231 1868 1422 1931 urbes
1451 1868 1928 1931 philistinorum
1959 1864 2004 1926 B
2038 1874 2221 1927 erant
2264 1865 2466 1948 aliqui
2511 1866 2799 1947 gigantes
2843 1867 2908 1929 in
2950 1867 3201 1931 Hebron
3247 1875 3311 1929 et
3340 1866 3530 1930 Azoto

431 1968 799 2051 praecipuae.

511 2070 622 2129 Ad
669 2069 1010 2127 meridiem
1053 2088 1199 2127 vero
1239 2076 1394 2127 sunt
1424 2068 1672 2135 Heu-cei,
1700 2066 1813 2146 qui
1865 2066 1929 2127 in

419 2170 612 2248 'parte
665 2164 1075 2227 meridionali
1125 2164 1460 2243 degebant,
1506 2167 1716 2224 omnis
1761 2175 1933 2225 terra

433 2263 862 2333 Chanaan,id
895 2272 992 2325 est
1025 2262 1349 2325 residuum
1383 2262 1573 2325 totius
1609 2270 1790 2325 terrae
1820 2263 1933 2325 hu-

426 2362 532 2444 jus
580 2362 872 2425 nondum
917 2362 1271 2437 obtentum,
1308 2362 1492 2443 cujus
1530 2362 1660 2442 jam
1704 2380 1934 2443 magna

429 2480 580 2543 pars
613 2460 740 2523 fuit
772 2460 800 2521 s
805 2460 934 2522 iliis
966 2460 1155 2522 lsrael
1189 2460 1549 2542 subjugata,
1583 2471 1642 2521 et
1673 2463 1929 2533 Mam-a,

433 2560 496 2621 id
529 2568 628 2621 est
659 2567 828 2621 terra
869 2578 981 2621 seu
1035 2558 1209 2639 regio
1241 2560 1666 2620 Sidoniorum
1707 2558 1798 2621 sic
1829 2578 1934 2641 ap-

428 2659 692 2741 pellata,
748 2680 948 2738 usque
997 2661 1284 2735 Apheca,
1338 2657 1401 2720 id
1452 2665 1548 2719 est
1603 2676 1803 2739 usque
1854 2658 1933 2720 ad

429 2758 646 2821 locum
699 2758 791 2819 sic
835 2758 1102 2833 dictum,
1147 2767 1207 2818 et
1251 2778 1447 2835 usque
1497 2760 1584 2816 ad
1635 2759 1934 2817 terminos

425 2858 825 2927 Amorrhoei,
883 2857 1148 2935 ejusque
1198 2857 1509 2933 confinia,
1562 2874 1705 2937 quae
1753 2864 1935 2917 erant

427 2956 508 3017 ab
553 2954 682 3017 alia
722 2962 902 3036 parte
939 2952 1253 3028 ,tm-danis,
1294 2960 1354 3015 et
1395 2954 1542 3015 data
1575 2955 1709 3035 jam
1754 2962 1935 3017 erant

2039 1982 2112 2025 ac
2145 1962 2345 2039 Gaza:
2388 1966 2496 2028 sed
2535 1966 2707 2029 solus
2745 1974 3072 2049 supererat
3105 1966 3183 2027 de
3216 1966 3530 2046 giganteis

2040 2062 2331 2143 reliquiis
2353 2063 2657 2146 Raphaim
2689 2063 3231 2127 commorantibus
3265 2064 3328 2125 in
3360 2065 3531 2126 Asta-

2038 2160 2182 2224 roth
2215 2169 2278 2223 et
2307 2161 2517 2223 Edrai.
2554 2165 3005 2240 Percussitque
3032 2183 3131 2221 eos
3164 2165 3409 2238 [Moyses
3440 2173 3532 2223 at-

2040 2280 2160 2339 que
2192 2263 2447 2321 delevit.
2485 2264 2973 2340 Noluerumque
2999 2263 3371 2339 disperdere
3398 2263 3533 2338 filii

2039 2362 2247 2419 Israel
2282 2360 2541 2419 Ges-suri
2568 2368 2627 2418 et
2650 2362 2959 2431 Μαοήαιί,
2979 2358 3041 2420 id
3072 2368 3190 2437 est,
3211 2367 3431 2439 gentes
3463 2358 3528 2419 in

2043 2456 2228 2519 terris
2277 2456 2405 2518 illis
2449 2465 2937 2533 commorantcS,
2984 2476 3111 2521 non
3162 2456 3531 2521 occiderunt

2041 2544 2339 2617 Israelita}
2385 2554 2449 2617 in
2496 2563 2647 2631 toto,
2684 2564 2747 2617 et
2798 2554 2864 2616 in
2914 2556 3033 2618 hoc
3080 2565 3526 2636 peccaverunt,

2043 2672 2159 2716 nec
2214 2653 2337 2715 fuit
2388 2654 2591 2735 pietas
2636 2673 2805 2731 vera,
2842 2654 2994 2736 quia
3035 2664 3255 2717 contra
3303 2673 3531 2736 praece-

2043 2760 2225 2834 ptum
2250 2752 2381 2828 Dei,
2401 2763 2459 2813 et
2480 2755 2936 2814 habitaverunt
2966 2756 3037 2814 in
3070 2756 3276 2813 medio
3302 2758 3532 2825 Israel,

2042 2850 2104 2913 id
2141 2860 2238 2913 est
2267 2850 2335 2912 in
2371 2860 2536 2913 terra
2566 2859 2629 2913 et
2658 2852 2897 2933 populo
2928 2852 3197 2914 duarum
3228 2852 3527 2932 tribuum,

2043 2971 2242 3030 usque
2280 2952 2353 3010 in
2386 2961 2768 3029 praesentem
2806 2954 3003 3011 diem.
3045 2953 3275 3013 Tribui
3316 2962 3533 3013 autem

431 3052 732 3116 tribubus
763 3051 987 3114 Ruben
1019 3060 1082 3114 et
1111 3050 1264 3113 Gad.
1299 3054 1537 3113 Libani
1566 3074 1813 3134 quoque
1842 3074 1934 3112 re·
1969 3048 2014 3111 C
2043 3052 2202 3111 Levi
2226 3070 2357 3111 non
2386 3051 2565 3109 dedit
2586 3052 3053 3129 possessionem,
3074 3048 3141 3111 id
3161 3059 3277 3128 est,
3296 3050 3533 3134 Moyses

418 3153 532 3227 ‚qz'o
565 3159 797 3210 contra
825 3150 1139 3208 orientem
1170 3169 1210 3208 a
1246 3153 1550 3226 Baalyad
1576 3152 1694 3210 sub
1725 3159 1934 3210 monte
2043 3167 2168 3211 non
2205 3149 2379 3212 dedit
2420 3148 2657 3211 Levitis
2692 3149 3139 3212 hereditariam
3173 3150 3532 3231 portionem

428 3251 750 3317 Hermon,
780 3249 978 3307 donec
1011 3248 1412 3324 inyrediaris
1444 3250 1710 3316 Emach,
1742 3246 1807 3309 id
1839 3255 1935 3310 est
2042 3248 2581 3329 quemadmodum
2627 3247 2771 3309 aliis
2817 3247 3133 3324 tribubuS,
3182 3267 3300 3311 nec
3342 3247 3533 3310 etiam

429 3355 688 3409 extenta
718 3354 780 3408 et
813 3345 1051 3408 durans
1083 3344 1286 3426 usque
1318 3343 1437 3407 iter
1469 3345 1569 3408 vel
1603 3344 1933 3408 introitum
2041 3347 2268 3419 Josue3
2304 3353 2580 3408 attamen
2612 3346 2924 3408 dederunt
2962 3345 3055 3408 eis
3095 3347 3286 3409 urbes
3316 3347 3392 3409 ad
3428 3346 3536 3409 ha-

429 3444 808 3508 Antiochiae.
850 3446 1156 3506 Omnium
1188 3446 1305 3524 qui
1334 3447 1635 3505 habitant
1668 3446 1739 3504 in
1766 3466 1936 3504 mon-

433 3554 491 3605 le
530 3565 571 3604 α
604 3545 857 3603 Libano
902 3563 1100 3622 usque
1143 3547 1230 3602 ad
1277 3563 1482 3622 aquas
1512 3545 1931 3619 Maserephot,

433 3643 858 3720 universique
889 3642 1179 3702 Sidonii.

513 3743 654 3818 Eyo
683 3761 830 3799 sum
861 3742 979 3818 qui
1007 3743 1218 3799 delebo
1249 3759 1347 3799 eos
1375 3761 1416 3798 a
1445 3741 1616 3816 facz'e
1643 3741 1937 3817 filiorum

433 3843 665 3910 Israel,
704 3837 768 3899 id
801 3845 919 3912 est,
956 3855 1179 3899 omnes
1208 3837 1324 3898 has
1359 3837 1649 3900 nationes
1685 3846 1747 3900 et
1785 3856 1939 3917 gen-

433 3945 530 3998 tes
565 3935 724 3998 filiis
756 3935 944 3998 Israel
981 3934 1348 4016 subjiciam,
1369 3944 1478 3998 aut
1511 3956 1624 4018 per
1645 3955 1754 4000 eos
1776 3936 1938 4000 occi-

430 4035 604 4111 dam,
625 4053 738 4096 seu
771 4034 849 4095 de
886 4042 1052 4096 terra
1074 4034 1938 4117 eorumexpellamNerum-

433 4143 648 4195 tamen
685 4133 750 4193 in
785 4139 915 4196 toto
959 4133 1192 4195 veteris
1226 4133 1610 4195 Testamenti
1653 4141 1936 4215 tempore

2042 3445 2402 3520 bitandum,
2436 3452 2500 3507 et
2532 3444 2895 3506 suburbana
2926 3464 3144 3507 earum
3185 3445 3266 3507 ad
3306 3463 3535 3527 pecora

2045 3543 2455 3605 sustentanda
2482 3567 2497 3616 3
2530 3547 2639 3602 sed
2667 3545 2996 3621 sacrificia
3022 3555 3082 3605 et
3110 3546 3390 3605 victimae
3422 3548 3537 3605 Do-

2045 3643 2215 3702 mini
2253 3643 2375 3702 Dei
2418 3645 2643 3712 Israel,
2681 3641 2743 3702 id
2790 3649 2906 3718 est,
2951 3661 3094 3722 quae
3137 3642 3261 3704 Deo
3306 3640 3537 3705 offere-

2046 3739 2280 3801 bantur
2312 3739 2392 3801 ab
2431 3738 2575 3800 aliis
2620 3739 2933 3815 tribubuS,
2972 3742 3113 3816 ipsa
3142 3750 3233 3800 est
3262 3742 3403 3818 ejus
3432 3743 3535 3800 he·
3586 3790 3597 3798 .

2047 3839 2309 3908 redita&
2338 3840 2505 3898 sicut
2533 3841 2779 3897 locutus
2806 3847 2895 3897 est
2927 3840 3056 3899 illi.
3082 3838 3304 3900 Decuit
3334 3838 3528 3916 enim,

2045 3945 2114 3998 ut
2159 3956 2234 3998 ea
2277 3955 2419 4016 quae
2463 3935 2587 3998 Deo
2632 3934 3094 4011 offerebantur,
3129 3937 3423 4000 venirent
3466 3936 3532 3998 in

2045 4033 2573 4096 sustentationem
2608 4042 2671 4095 et
2705 4052 2890 4095 usum
2928 4034 3433 4097 ministrantium
3473 4035 3530 4098 ei

2043 4133 2109 4194 in
2146 4132 2406 4213 templo.

431 4249 564 4294 non
599 4229 864 4292 fuerunt
905 4237 1128 4310 gentes
1173 4229 1309 4292 istae
1356 4229 1421 4290 in
1465 4238 1593 4293 toto
1639 4229 1860 4292 deletae
1900 4249 1938 4292 a
1966 4235 2016 4297 D
2059 4271 2068 4282 -
2138 4231 2610 4310 Consequenter
2669 4229 2733 4290 in
2797 4229 3057 4310 speciali
3115 4229 3530 4311 describitur,

429 4328 620 4392 terris
653 4327 786 4408 jam
818 4327 1032 4391 dictis.
1069 4327 1193 4390 Nec
1233 4337 1381 4390 ante
1421 4335 1709 4409 tempora
1738 4329 1935 4391 David

429 4437 496 4490 et
527 4425 892 4490 Salomonis
927 4425 1190 4488 fuerunt
1220 4426 1484 4488 omnino
1516 4426 1818 4508 subjectae
1861 4427 1937 4488 fi-

435 4525 543 4586 liis
595 4524 810 4586 lsrael.
865 4523 992 4587 Cur
1041 4532 1252 4586 autem
1315 4524 1722 4606 omnipotens
1773 4525 1936 4588 Deus

177 4641 304 4685 oeae,
325 4652 402 4680 vn.
437 4643 567 4686 non
602 4623 819 4685 statim
852 4641 924 4686 ac
957 4621 1148 4684 simul
1181 4623 1427 4704 expulit
1457 4631 1518 4684 et
1549 4623 1783 4685 delevit
1804 4643 1932 4700 eaS‚

135 4707 212 4752 Ξές
242 4703 400 4746 «Iudic-

133 4779 188 4809 τη,
213 4770 251 4814 i,

279 4769 319 4807 Ξ.

433 4721 868 4805 praehabitum
913 4728 1031 4796 est,
1068 4729 1132 4783 et
1175 4720 1238 4782 in
1278 4721 1569 4784 Judicum
1608 4721 1771 4784 libro
1801 4731 1938 4784 tan-

435 4821 632 4902 gitur.
685 4822 914 4881 Vem'at
957 4840 1104 4897 erqo
1153 4822 1226 4879 in
1271 4831 1521 4896 partem
1564 4824 1939 4882 hereditatis

439 4923 666 4989 Israel,
690 4919 862 4978 sicut
883 4920 1170 4996 praecepi
1201 4920 1318 4977 tibi
1340 4917 1451 4978 :id
1482 4927 1599 4994 est,
1622 4927 1786 4981 terra
1817 4919 1939 4982 ista

441 5017 728 5080 nondum
763 5015 1015 5096 adepta,
1042 5014 1364 5078 dividatur
1396 5015 1692 5079 ’tribubus
1725 5017 1935 5092 Israel,

437 5135 512 5178 ac
555 5113 608 5176 si
654 5132 830 5176 nunc
871 5121 1040 5176 esset
1077 5113 1357 5191 obtenta,
1397 5123 1459 5176 ut
1504 5122 1566 5177 ct
1600 5114 1719 5176 filii
1754 5117 1938 5178 lsrael

443 5212 538 5276 sic
565 5212 866 5274 studeant
896 5231 964 5274 se
994 5211 1440 5293 habere,quod
1465 5233 1566 5276 mc
1597 5215 1942 5278 auxiliante

447 5329 590 5374 eam
624 5310 982 5391 acquirant.
1022 5313 1106 5372 Et
1137 5331 1314 5372 nunc
1341 5313 1566 5372 divide
1599 5323 1835 5375 terram
1867 5317 1946 5374 is-

2044 4327 2321 4411 qualiter
2360 4328 2596 4410 Moyses
2640 4328 2860 4391 divisit
2893 4347 3087 4409 regna
3126 4329 3399 4394 duorum
3446 4351 3537 4395 re-

2042 4446 2193 4507 gum
2226 4426 2517 4489 tribubus
2542 4426 2760 4490 Ruben
2783 4436 2847 4490 et
2866 4427 3019 4504 Gad,
3038 4436 3223 4510 atque
3253 4429 3535 4494 dimidiae

2047 4524 2238 4588 tribui
2272 4523 2552 4588 Manasse
2578 4543 2591 4587 ε
2618 4534 2681 4588 et
2703 4526 2931 4608 primo,
2957 4535 3266 4609 quantum
3290 4537 3353 4590 et
3377 4547 3535 4609 quas

2045 4623 2258 4699 urbeS‚
2293 4622 2480 4685 villas
2518 4631 2580 4685 et
2623 4623 2863 4687 viculos
2904 4623 3149 4686 dederit
3187 4624 3383 4688 tribui
3416 4626 3537 4688 Ru—

2047 4722 2194 4796 ben,
2232 4721 2582 4783 secundum
2616 4722 2787 4802 quod
2822 4721 2888 4782 in
2927 4729 3098 4785 textu
3130 4722 3531 4803 exprimitur,

2048 4819 2159 4882 ubi
2181 4820 2347 4882 inter
2368 4827 2579 4882 cetera
2595 4819 2856 4881 dicitur:
2885 4822 3319 4900 Universaque
3340 4841 3536 4899 reyna

2051 4923 2260 4980 Seleon
2310 4920 2501 4995 regis,
2534 4917 2685 4998 quia
2735 4917 3031 4980 videlicet
3078 4917 3295 5001 aliqua
3344 4938 3537 5001 regna

2049 5014 2169 5078 sibi
2206 5014 2500 5096 subjecit.
2535 5015 2724 5078 Porro
2756 5016 2833 5078 de
2864 5014 3181 5079 divisione
3216 5015 3379 5079 lacta
3409 5036 3539 5080 me-

2049 5115 2170 5178 diae
2204 5114 2398 5177 tribui
2432 5114 2731 5190 Manasse‚
2764 5113 2962 5176 fertur
2994 5115 3058 5175 in
3096 5123 3267 5176 textu
3296 5134 3310 5177 :
3345 5119 3538 5178 Dedit

2049 5227 2108 5276 et
2150 5215 2449 5274 dirm‘de‘ce
2492 5213 2695 5272 tribui
2739 5216 3035 5274 Mami-sse
3074 5215 3363 5293 filiisque
3400 5217 3539 5293 ejws·

2048 5313 2521 5392 possessionem,
2576 5313 2761 5388 cujus
2818 5314 2931 5372 hoc
2984 5314 3393 5389 principium
3450 5325 3539 5374 esc
