4359 6250
1218 510 1567 558 malumno
1608 509 1671 556 m
1713 508 1849 554 ΕΑΒ.
1896 507 1960 552 xl
2000 507 2278 554 summm.
2321 527 2402 538 —-
2441 509 2584 555 ΛΒΤ.
2630 510 2738 556 XIX

3395 491 3512 557 173

410 683 511 760 lit,
530 693 592 746 et
624 685 813 748 nobis
846 684 1113 764 largitus
1144 690 1262 758 est,
1282 685 1355 744 in
1386 692 1672 744 nostram
1693 683 1912 740 cedent
1940 675 1993 738 A
2020 697 2134 759 gra
2174 699 2424 741 summa
2469 687 2892 742 trecentorum
2934 698 3270 756 annorum,
3306 687 3416 743 aut
3453 679 3508 740 si

404 785 883 860 possessionem.
919 783 1247 864 Tanquam
1276 780 1468 855 dicat,
1495 797 1767 859 arguens
1799 796 1911 859 per
2022 787 2310 858 superest
2354 797 2601 859 parum,
2637 787 2971 840 excusatur
3017 797 3128 860 per
3172 778 3292 840 1100
3336 779 3508 859 quod

404 882 621 944 locum
662 901 701 944 a
744 880 973 962 majori
1010 899 1025 942 :
1065 881 1128 942 Si
1172 879 1286 941 tibi
1327 878 1662 954 debentur,
1698 895 1839 958 quae
1876 895 1912 937 a
2021 876 2323 939 minutias
2374 895 2781 940 numerorum
2830 897 2902 940 ac
2952 885 3312 959 temporum
3364 897 3511 960 per-

404 980 531 1040 deo
566 988 673 1042 tuo
708 979 873 1042 salso
906 988 967 1042 te
1003 987 1189 1061 putas
1232 977 1487 1052 habere,
1523 976 1725 1037 multo
1767 974 1912 1056 plus
2024 975 2252 1036 transit
2283 975 2628 1057 Scriptura.
2658 979 2868 1045 Quare
2901 986 3076 1037 ιαηεο
3111 987 3384 1054 tempore
3417 979 3514 1036 ni-

404 1077 597 1140 nobis
630 1078 968 1154 debentur,
1001 1097 1145 1159 quae
1175 1075 1549 1145 auctoritate
1580 1083 1771 1155 atque
1805 1092 1915 1135 au-

406 1175 567 1238 xilio
600 1177 710 1240 Dei
742 1177 878 1240 veri
910 1195 1130 1238 sumus
1163 1175 1397 1257 adepti.

496 1277 653 1336 Nisi
681 1277 849 1351 forte
880 1279 1107 1336 melior
1135 1295 1199 1334 es
1228 1278 1433 1336 Baiae
1472 1275 1610 1350 filio
1643 1275 1913 1349 Sepltor,

410 1395 560 1450 reye
592 1377 808 1444 Moab,
839 1375 952 1455 qui
983 1373 1287 1437 conduxit
1316 1373 1564 1434 Balaam
1596 1372 1674 1434 ad
1723 1370 1915 1432 male-

2023 1075 2121 1134 hil
2168 1095 2359 1151 super
2403 1078 2523 1134 hac
2571 1077 2945 1151 repetitione
2997 1078 3257 1136 tentasti
3297 1077 3327 1136 ?
3377 1075 3512 1138 Non

2021 1173 2194 1253 quod
2238 1172 2357 1235 iste
2402 1192 2510 1236 rex
2549 1173 2820 1235 Ammon
2865 1173 3092 1237 vixerit
3132 1193 3244 1256 per
3284 1181 3377 1237 tot
3405 1193 3513 1236 an-

2026 1290 2161 1346 1103,
2199 1272 2307 1334 3011
2353 1272 2471 1334 3111)
2511 1271 2651 1353 ejus
2695 1290 2966 1353 persona
3004 1273 3234 1335 dantur
3263 1280 3326 1334 et
3357 1291 3516 1355 prae·

2025 1370 2388 1432 decessores
2438 1369 2576 1449 ejus
2626 1369 2923 1451 intelligi.
2962 1373 3178 1446 Iyitur
3227 1391 3356 1432 non
3406 1391 3516 1449 eqo

413 1471 761 1534 dicendum
798 1470 1753 1545 siliis1srael.Quasidicat:Tu
1786 1487 1912 1531 non
2016 1487 2202 1544 pecco
2248 1471 2318 1528 in
2362 1479 2438 1540 te,
2472 1472 2582 1528 sed
2622 1479 2690 1529 tu
2732 1479 2953 1529 contra
2995 1491 3095 1530 me
3135 1473 3303 1531 male
3347 1472 3511 1546 aqi-9,

412 1571 617 1634 habes
666 1573 877 1652 majus
918 1573 1023 1652 jus
1072 1570 1399 1652 repetendi
1444 1570 1608 1632 hanc
1657 1576 1911 1643 terram,

410 1688 611 1750 quam
657 1670 865 1746 Balac,
900 1670 1014 1751 qui
1058 1669 1181 1731 fuit
1223 1689 1331 1732 rex
1359 1668 1557 1744 Moab,
1592 1667 1849 1749 quando
1879 1685 1916 1727 a

416 1767 447 1827 l'
450 1767 579 1828 iliis
612 1768 800 1830 Israel
834 1787 1175 1850 percussus
1206 1777 1303 1830 est
1334 1767 1539 1830 Sehon
1573 1785 1681 1828 rex
1700 1766 1917 1828 Amor-

2029 1569 2320 1627 indieens
2350 1569 2519 1628 mihi
2549 1569 2712 1627 bella
2745 1588 2871 1627 non
2888 1569 3098 1644 justa.
3118 1570 3373 1629 Judieec
3393 1571 3518 1628 Do·-

2030 1667 2248 1724 minus
2287 1667 2555 1735 arbiter,
2587 1665 2650 1728 id
2702 1673 2797 1728 est
2842 1666 3036 1747 judex
3087 1674 3150 1728 ct
3199 1666 3510 1745 cognitor,

2025 1764 2223 1840 liujus
2265 1765 2426 1832 diei,
2458 1763 2519 1825 id
2570 1772 2666 1826 est
2714 1764 3004 1827 omnium
3046 1784 3188 1845 quae
3235 1763 3404 1826 fiunt
3450 1765 3516 1828 in

412 1866 835 1942 rhaeorum,et
870 1875 1077 1958 tamen
1104 1865 1283 1929 Balac
1309 1884 1435 1928 non
1468 1865 1725 1946 repetiit
1747 1881 1909 1926 eam.
1948 1861 1995 1924 B
2026 1878 2121 1938 eo,
2158 1865 2330 1923 inter
2371 1865 2542 1938 filios
2581 1867 2812 1933 Israel,
2842 1873 2901 1924 et
2941 1867 3114 1924 incer
3151 1866 3324 1941 filios
3361 1868 3514 1926 Am-

408 1967 551 2026 Auc
578 1968 829 2035 doc-ere,
862 1965 928 2027 id
959 1973 1055 2027 est
1088 1984 1201 2046 per
1234 1965 1471 2046 scripta
1503 1963 1731 2026 idonea
1772 1981 1916 2043 pro-

2026 1981 2202 2030 mon,
2237 1960 2448 2024 dando
2499 1961 2892 2043 triumphum
2945 1962 3205 2025 habenti
3257 1982 3510 2026 causam

408 2061 588 2140 bare,
620 2073 821 2140 potes,
851 2067 1024 2144 quod
1059 2064 1375 2140 juryacus
1423 2065 1508 2123 sit
1557 2072 1778 2124 eontra
1825 2064 1918 2121 Is·
2019 2059 2279 2139 justam.
2331 2062 2682 2140 Noluitque
2731 2063 3124 2138 acquiescere
3173 2083 3290 2122 rea>
3337 2066 3512 2139 filio-

408 2165 577 2230 rael,
595 2171 657 2221 et
668 2164 1073 2238 puynaverit
1093 2171 1317 2222 contra
1336 2182 1507 2233 eum,
1528 2160 1590 2222 id
1613 2167 1728 2236 est,
1744 2159 1917 2242 quod

412 2257 725 2340 prael'atus
755 2259 961 2336 Balac,
986 2267 1095 2322 aut
1125 2258 1359 2340 aliquis
1392 2259 1531 2340 ejus
1564 2275 1912 2334 successor,

414 2357 694 2420 moverit
724 2357 903 2420 litem
936 2364 999 2420 et
1027 2377 1307 2440 pugnam
1339 2376 1454 2439 pro
1488 2365 1651 2420 terra
1682 2357 1799 2418 hac
1831 2373 1919 2417 re-

414 2457 787 2537 cuperanda
818 2465 1041 2520 contra
1070 2456 1381 2538 populum
1410 2454 1621 2531 Israel,
1657 2457 1918 2534 quando

414 2557 763 2626 habitavit,
812 2555 877 2617 id
924 2563 1018 2618 est
1060 2564 1189 2618 toto
1232 2563 1515 2637 tempore
1548 2573 1676 2636 quo
1720 2571 1921 2636 popu-

416 2651 521 2714 lus
560 2652 753 2715 Israel
792 2662 1221 2717 commoratus
1254 2662 1369 2730 est,
1406 2656 1480 2714 in
1514 2655 1817 2724 Hes-eben,
1855 2651 1917 2714 id

414 2759 517 2813 est
562 2751 631 2813 in
677 2752 837 2815 urbe
882 2751 973 2814 sic
1020 2753 1368 2829 nominata,
1403 2762 1461 2812 ec
1494 2754 1727 2812 viculis
1755 2751 1917 2828 ejus,

412 2861 477 2910 ec
510 2851 583 2910 in
614 2853 823 2912 Aroer
852 2850 1011 2912 urbe
1046 2868 1060 2911 ε
1096 2870 1257 2932 quas
1287 2870 1324 2912 0
1352 2869 1501 2932 rege
1531 2850 1920 2913 Amorrhaeo-

414 2967 563 3010 rum
606 2947 755 3029 jure
804 2947 957 3010 belli
1004 2948 1307 3025 obtinuit,
1343 2948 1509 3011 sicut
1550 2957 1613 3012 et
1658 2948 1767 3011 ille
1814 2967 1917 3011 eas

2027 2177 2177 2218 rum
2209 2160 2487 2220 Ammon
2519 2161 2726 2219 verbis
2745 2163 3030 2236 Jepletke,
3049 2181 3190 2240 quae
3213 2181 3335 2238 per
3353 2183 3521 2232 num,

2030 2257 2147 2316 tios
2178 2259 2622 2318 mandaverat.

2107 2358 2346 2414 Factus
2382 2365 2470 2416 est
2507 2375 2652 2433 erqo
2693 2358 2985 2433 Spiritus
3015 2360 3285 2419 Domini
3322 2380 3516 2437 super

2025 2455 2317 2529 Iephtlee,
2346 2453 2410 2514 id
2460 2463 2576 2529 est,
2613 2453 2678 2514 in
2726 2455 2914 2517 corde
2960 2454 3163 2537 ipsius
3210 2456 3376 2520 facta
3417 2465 3516 2520 est

2031 2550 2229 2613 motio
2258 2559 2446 2632 atque
2475 2551 2743 2615 directio
2770 2553 3048 2632 gratiosa
3068 2554 3344 2636 Spiritus
3367 2555 3519 2617 San-

2028 2648 2137 2726 cti,
2186 2650 2674 2728 magnanimitas
2724 2669 2980 2732 quoque
3027 2653 3350 2734 pugnandi
3399 2673 3515 2736 pro

2029 2746 2196 2810 bono
2215 2748 2539 2811 communi
2561 2749 2782 2831 populi
2805 2769 2880 2812 ex
2898 2750 3118 2812 auxilii
3143 2770 3258 2833 spe
3279 2751 3508 2814 divini.

2028 2847 2114 2906 Ec
2132 2848 2452 2908 circuiens
2477 2851 2731 2908 Galaad
2748 2858 2808 2910 et
2829 2852 3147 2923 Mane-sse,
3171 2849 3234 2912 id
3267 2859 3362 2912 est
3394 2859 3516 2914 ter-

2028 2964 2161 3006 ram
2181 2944 2428 3022 Galaad,
2446 2946 2513 3008 in
2535 2964 2660 3026 qua
2680 2955 2854 3008 trans
2873 2944 3208 3012 Iordanem
3230 2949 3518 3013 moraba-

411 3045 767 3128 acquisivit
795 3067 833 3109 a
864 3065 1011 3129 rege
1042 3047 1217 3110 Moab
1244 3071 1259 3122 3
1292 3058 1351 3108 et
1386 3051 1453 3107 in
1488 3050 1667 3108 villis
1708 3050 1918 3118 illim,
1947 3040 1991 3104 C
2027 3051 2129 3104 tur
2168 3043 2378 3106 media
2413 3044 2614 3106 tribus
2645 3045 2939 3122 Manasse,
2971 3050 3243 3125 Maspha
3267 3070 3516 3129 quoque

415 3150 520 3206 vel
555 3149 627 3205 in
658 3149 909 3207 eunetis
942 3149 1315 3208 civitatibus
1330 3149 1541 3225 juwta
1568 3150 1919 3208 Jordanem

414 3244 635 3307 Israeli
681 3263 719 3306 a
758 3246 886 3308 Deo
926 3244 1217 3307 collatis:
1251 3245 1583 3321 habitavit,
1622 3245 1909 3328 inquam,

402 3362 535 3420 per
564 3363 771 3405 annos
809 3354 1131 3405 trecentos,
1168 3343 1284 3418 Qui
1332 3344 1485 3407 anni
1538 3342 1917 3406 numerandi

416 3448 641 3503 sunta
672 3448 958 3523 tempore
1000 3460 1127 3523 quo
1174 3442 1384 3506 Sehon
1428 3462 1534 3505 rex
1566 3462 1603 3505 a
1638 3442 1798 3504 filiis
1841 3442 1920 3503 Is-

416 3538 553 3601 rael
582 3538 793 3603 victus
824 3546 940 3615 est,
960 3558 1163 3620 usque
1194 3540 1275 3602 ad
1308 3548 1556 3622 tempus
1587 3559 1714 3622 quo
1735 3540 1921 3621 ,10011-

414 3636 528 3698 the
570 3637 707 3699 11100
749 3637 909 3699 dixit
944 3654 959 3698 z
993 3638 1105 3719 qui
1149 3657 1261 3720 per
1293 3638 1487 3701 verba
1520 3639 1651 3701 haec
1686 3637 1915 3720 probat

412 3734 545 3797 sibi
582 3754 657 3798 ac
690 3735 930 3817 populo
972 3754 1087 3798 suo
1130 3736 1403 3799 attinere
1448 3746 1677 3799 terram
1726 3736 1901 3798 illam

2032 3146 2306 3216 Galaad,
2341 3143 2406 3206 id
2447 3152 2542 3207 est
2581 3143 2792 3207 locum
2834 3144 3017 3207 illum
3057 3164 3134 3209 011
3171 3146 3298 3209 0110
3338 3156 3516 3229 parte

2026 3241 2337 3319 Jordanis,
2365 3242 2431 3305 in
2461 3262 2590 3326 quo
2619 3244 2811 3306 etiam
2845 3243 2967 3305 fuit
2996 3245 3160 3307 alius
3192 3246 3368 3308 locus
3398 3266 3511 3310 seu

2032 3340 2441 3418 territorium,
2469 3342 2726 3405 nomine
2754 3341 2983 3405 Galaad
3011 3361 3024 3404 :
3050 3363 3193 3425 quae
3219 3344 3356 3407 loca
3380 3364 3516 3427 per-

2026 3439 2378 3503 ambulavit
2415 3442 2492 3503 ad
2531 3442 3041 3521 congregandum
3083 3462 3158 3505 ex
3198 3443 3290 3506 eis
3337 3463 3516 3507 exer·

2028 3534 2256 3611 eitum3
2284 3548 2343 3598 et
2369 3540 2520 3598 inde
2547 3541 2865 3599 transiens
2895 3543 2983 3601 ad
3009 3542 3182 3616 filios
3201 3543 3510 3611 Ammon,

2026 3644 2245 3695 vocum
2274 3636 2446 3695 vovit
2464 3638 2756 3703 Domino,
2774 3638 2992 3697 dicens
3012 3640 3133 3698 :Si
3155 3640 3505 3699 tradideris

2025 3733 2195 3809 filios
2219 3736 2496 3794 Ammon
2529 3736 2598 3793 in
2633 3756 2864 3795 manus
2898 3757 3091 3804 meas,
3120 3739 3508 3817 quicumque

408 3834 561 3915 jure
581 3834 1188 3915 praescriptioniseo
1212 3836 1384 3916 quod
1407 3834 1578 3897 infra
1601 3844 1916 3899 totannos
2018 3832 2276 3908 primus
2315 3832 2520 3909 fuer-ic
2558 3852 2839 3909 eyressus
2875 3837 2954 3894 de
2991 3836 3241 3914 foribus
3277 3838 3507 3895 domus

411 3931 559 3993 sine
610 3932 1014 4014 impetitione
1066 3934 1465 4015 possederint
1513 3953 1677 4011 eam,
1724 3934 1915 3997 etiam
2027 3949 2202 4001 meae,
2252 3931 2540 4010 mihique
2586 3935 2934 3993 occurrerit
2975 3935 3318 3994 revertenti
3364 3954 3512 3994 cum

418 4028 608 4092 titulo
656 4029 851 4110 justo.
902 4030 1091 4094 Porro
1142 4032 1389 4112 praefati
1440 4032 1593 4095 011111
1649 4032 1912 4095 trecenti
2019 4048 2181 4105 paee
2210 4050 2252 4088 a
2277 4031 2440 4105 filiis
2459 4032 2925 4107 Ammon‚eum
2954 4034 3392 4093 holocaust-um
3423 4036 3517 4113 of-

414 4128 511 4190 sic
542 4137 1037 4210 computantur:
1075 4148 1305 4212 nempe
1334 4140 1479 4212 post
1508 4130 1716 4194 Sehon
1756 4130 1918 4194 occi·
2023 4126 2235 4200 feram
2277 4129 2608 4187 Domino:
2650 4128 2715 4190 111
2765 4136 2880 4203 031,
2929 4129 3377 4210 quodcumque
3424 4131 3516 4194 vi—

414 4226 671 4289 sionem
708 4225 949 4308 Moyses
988 4226 1145 4291 vixit
1188 4229 1268 4291 ad
1314 4236 1589 4312 tempuS,
1624 4230 1713 4292 ita
1743 4230 1910 4310 quod
1947 4224 1997 4285 D
2029 4241 2176 4285 vum
2227 4231 2289 4285 et
2335 4224 2686 4286 animatum
2737 4226 2943 4307 primo
2991 4226 3345 4290 obviaverit
3393 4229 3514 4290 mi-

418 4342 590 4385 unus
628 4342 840 4385 annus
873 4333 1279 4406 computatur
1308 4326 1429 4388 sub
1460 4344 1557 4389 eo.
1594 4326 1917 4409 Scriptura
2027 4321 2093 4382 hi
2139 4323 2426 4385 redeunti
2469 4323 2716 4401 victori,
2765 4323 3037 4387 offeram
3077 4324 3236 4387 illud
3277 4327 3402 4390 Deo
3445 4326 3510 4389 in

414 4440 571 4484 vero
614 4440 745 4485 non
784 4421 1087 4503 exprimit
1124 4424 1431 4504 quamdiu
1464 4423 1793 4506 praefuerit
1819 4424 1919 4487 Jo-
2027 4418 2467 4484 holocaustum
2503 4440 2516 4482 :
2559 4422 2732 4502 quod
2770 4423 2847 4485 ad
2887 4422 3121 4485 divinae
3159 4424 3510 4505 majestatis

404 4538 533 4581 sue
568 4538 584 4581 :
630 4527 777 4601 post
814 4538 1005 4600 quem
1045 4528 1110 4583 et
1144 4520 1335 4583 Caleb
1382 4521 1583 4584 fertur
1619 4522 1917 4603 aliquali·
2024 4522 2331 4585 honorem
2374 4519 2650 4583 totaliter
2694 4521 3207 4584 consumebatur.
3251 4522 3509 4601 Tamen,

414 4625 514 4679 ter
533 4616 907 4699 prael'uisse;
932 4616 1223 4681 Othoniel
1259 4638 1407 4682 vero
1436 4619 1691 4701 prael'uit
1720 4620 1906 4682 annis
2026 4621 2376 4683 secundum
2399 4618 2824 4700 Augustinum
2850 4638 3074 4681 sensus
3097 4629 3206 4697 est,
3225 4620 3515 4695 Quicum-

410 4715 1009 4797 quadraginta,Aod
1033 4716 1377 4797 octoginta,
1395 4717 1495 4780 vel
1528 4718 1751 4781 saltem
1784 4726 1912 4781 tam
2024 4737 2148 4799 que
2174 4718 2364 4781 homo
2386 4718 2593 4799 primo
2617 4718 2965 4781 occurrerit
2991 4717 3145 4779 mihi
3173 4719 3511 4799 :quoniam

410 4813 524 4875 diu
567 4814 820 4895 quievit
866 4821 1035 4877 terra
1085 4833 1196 4896 per
1240 4834 1407 4891 eum,
1444 4816 1702 4896 Samgar
1745 4834 1915 4879 anno
2019 4815 2290 4898 Jephthe
2320 4835 2447 4879 non
2479 4816 2658 4892 dixit,
2693 4814 3167 4896 Quodcumque,
3203 4817 3335 4892 sed,
3365 4816 3516 4891 Qui-

408 4914 511 4990 (ut
542 4911 810 4991 dicitur)
842 4930 991 4987 uno,
1026 4912 1269 4975 Debora
1310 4921 1372 4975 et
1413 4914 1603 4977 Barac
1650 4933 1763 4996 per
1804 4934 1917 4976 an-
2024 4934 2320 4996 cumque,
2354 4923 2473 4977 etc.
2507 4912 2699 4987 Quale
2739 4913 2931 4975 fuerit
2964 4922 3182 4976 votum
3223 4914 3415 4990 istud,
3451 4923 3515 4977 et

412 5028 531 5071 nos
560 5008 1013 5090 quadraginta,
1047 5008 1298 5072 Gedeon
1345 5010 1627 5089 totidem,
1662 5012 1915 5075 Abime-
2024 5034 2105 5077 an
2137 5013 2311 5076 licite
2343 5014 2425 5075 sit
2456 5012 2810 5094 impletum,
2848 5012 2914 5073 in
2961 5011 2988 5073 s
2992 5012 3096 5075 ine
3137 5012 3515 5076 tractabitur

416 5106 561 5169 lech
590 5106 783 5169 annis
814 5106 1044 5183 tribus,
1078 5107 1273 5171 Thola
1308 5110 1493 5171 annis
1536 5110 1763 5192 viginti
1808 5112 1917 5172 tri·
2027 5113 2218 5194 hujus
2266 5111 2554 5193 capituli.
2611 5114 3065 5189 Transivitque
3116 5115 3381 5189 Jepletlze
3429 5117 3516 5174 ad

414 5206 559 5283 buS,
576 5205 709 5268 Jair
730 5204 961 5285 viginti
981 5206 1242 5268 duobus,
1262 5206 1326 5269 Si
1346 5217 1559 5271 autem
1585 5228 1660 5271 ex
1690 5210 1915 5272 horum
2024 5214 2196 5290 filios
2217 5213 2512 5277 Ammon,
2533 5220 2603 5269 ue
2621 5220 2943 5286 puynaret
2962 5220 3184 5270 contra
3205 5230 3322 5271 eos,
3347 5215 3513 5280 Quos

418 5305 814 5369 adunatione
858 5323 1170 5368 annorum
1213 5325 1339 5369 non
1380 5308 1709 5389 consurgit
1755 5308 1915 5372 inte-
2029 5310 2306 5371 tradidit
2335 5309 2654 5369 Dominus
2697 5310 2766 5368 in
2798 5328 3030 5368 manus
3057 5310 3219 5385 ejus.
3247 5310 3516 5371 Percus-
