4359 6250
1079 506 1427 554 mumulo
1472 507 1532 552 IN
1575 505 1711 552 CAP.
1758 505 1908 551 xvnl
1951 505 2107 551 unm
2150 505 2319 552 Palm
2362 507 2585 556 REGUH.
2631 529 2711 540 --
2752 511 2894 557 ΛΒΤ.
2941 513 3107 560 XXXV

3515 498 3632 563 367

521 696 648 760 pro
679 678 934 742 Michol.
968 682 1046 741 E't
1075 681 1440 750 mandavit,
1476 677 1540 739 id
1573 685 1668 741 est
1702 676 2028 759 praecepit‚
2059 672 2111 736 A
2140 677 2207 739 bi
2249 679 2665 744 molestiores.
2720 681 3031 760 Secundo,
3080 684 3384 764 quoniam
3432 684 3625 749 Phili-

517 779 700 836 Saul
745 780 951 837 servis
997 780 1135 838 suis
1175 795 1200 838 .·
1243 778 1626 856 Loquimini
1657 781 1762 837 ad
1810 777 2030 838 David

515 879 698 936 ctam
745 896 866 946 me,
904 875 966 937 id
1019 883 1116 938 est
1161 895 1264 937 me
1313 874 1498 956 quasi
1548 875 1897 949 nesciente,
1933 874 2034 932 di-

515 983 736 1033 centes
765 994 790 1032 .·
821 976 986 1035 Ecce
1029 979 1246 1051 places
1295 976 1461 1051 reyi‚
1489 983 1548 1033 et
1597 993 1813 1033 omnes
1859 973 2033 1031 servi

2141 777 2276 840 staei
2298 779 2571 842 maxime
2601 780 2985 843 horruerunt
3014 789 3075 842 et
3104 789 3627 864 contempserunt

2140 875 2715 956 circumcisionem,
2765 879 2905 941 ideo
2955 897 3070 960 pro
3121 880 3362 961 majore
3410 899 3627 943 eorum

2141 973 2501 1040 afflictione
2532 985 2595 1039 et
2622 975 2997 1056 confusione
3018 976 3221 1042 voluit
3250 997 3359 1042 eos
3390 978 3481 1041 sic
3512 979 3634 1042 cir-

515 1075 674 1148 ejus
704 1076 1002 1151 diliyunt
1035 1083 1111 1135 te.
1151 1075 1344 1136 Nunc
1373 1093 1520 1150 erqo
1550 1083 1678 1133 esto
1711 1092 1909 1149 yener
1941 1091 2034 1130 re-

507 1173 658 1248 yis,
689 1179 1006 1252 quatenus
1037 1171 1131 1234 eis
1163 1172 1284 1235 hoc
1313 1171 1698 1247 dicentibuS,
1724 1189 1872 1250 rege
1905 1187 2031 1232 non

516 1270 856 1348 audiente,
891 1271 1086 1334 David
1118 1270 1262 1353 plus
1305 1272 1610 1347 crederet,
1647 1270 1834 1351 quod.
1862 1268 2034 1331 dice-

517 1376 680 1432 rent
708 1369 829 1433 hoc
860 1369 1130 1446 sincere,
1161 1386 1288 1432 non
1319 1368 1695 1431 adulatorie.
1724 1371 1808 1430 Ec
1837 1369 2037 1428 locuti

513 1479 691 1536 ‚sunt
726 1471 900 1528 servi
929 1472 1098 1530 Saul
1139 1471 1210 1528 in
1252 1469 1524 1529 auribus·
1556 1469 1775 1528 David
1813 1467 2035 1527 omnia

519 1571 729 1628 verba
760 1571 914 1628 haec.
943 1569 1030 1628 Ec
1050 1570 1147 1628 ait
1165 1571 1386 1640 David
1407 1584 1430 1626 .·
1453 1568 1632 1630 Num
1657 1586 1902 1645 parum
1936 1585 2034 1625 vo-

519 1667 646 1730 bis·
667 1669 952 1739 videtur,
985 1687 1112 1726 esse
1133 1686 1450 1744 qenerum
1481 1667 1651 1742 reyis
1672 1667 1702 1724 ἓ
1731 1663 1915 1746 quasi
1947 1663 2036 1725 di·
2142 1668 2279 1726 cuit
2308 1687 2509 1727 sermo
2540 1669 2612 1728 in
2644 1671 2847 1728 oeulis
2867 1658 3110 1739 David,
3133 1678 3206 1729 ut
3234 1673 3415 1746 fieret
3437 1689 3637 1745 ρεπεν

515 1774 662 1842 cat,
695 1765 989 1846 Magnum
1033 1773 1150 1828 est.
1187 1767 1326 1843 qu
1363 1773 1583 1826 autem
1611 1785 1758 1826 sum
1777 1783 2036 1842 pauper
2143 1766 2333 1840 regis.
2372 1767 2455 1826 Ec
2488 1775 2627 1842 post
2660 1785 2900 1843 paucos
2936 1768 3075 1827 dies
3113 1785 3380 1843 sur-,qens
3413 1767 3634 1827 David

517 1868 645 1926 vir
671 1875 732 1926 et
765 1867 978 1926 tenuis
1000 1885 1023 1924 .·
1046 1883 1288 1946 pauper
1320 1863 1385 1925 in
1419 1861 1796 1938 substantia,
1823 1860 2035 1924 tenuis
2072 1863 2118 1924 B
2143 1865 2308 1924 abiit
2354 1865 2425 1923 in
2462 1868 2752 1926 Ace-aron
2794 1887 2943 1926 cum
2988 1867 3147 1926 viris
3196 1866 3313 1944 qui
3353 1866 3470 1924 sub
3502 1866 3636 1941 ipso

519 1964 608 2026 in
631 1971 965 2046 potestate.
991 1964 1076 2026 Ac
1100 1963 1374 2026 sidicat:
1399 1961 1832 2028 Facultatibus
1851 1969 2039 2042 etpo-
2143 1971 2372 2033 erant‚·
2408 1972 2466 2023 et
2486 1966 2805 2040 percussit
2849 1963 3047 2026 David
3098 1983 3249 2026 cum
3300 1961 3455 2027 viris
3503 1961 3635 2024 'suis

520 2062 742 2133 tentia
775 2063 983 2145 impar
1013 2081 1178 2138 sum,
1213 2070 1274 2124 et
1311 2061 1417 2123 vix
1459 2059 1661 2124 habeo
1698 2060 1866 2123 dona
1893 2079 2037 2141 quae
2145 2081 2227 2120 ex
2256 2063 2622 2124 Philistiim
2658 2067 2983 2134 ducentos,
3017 2073 3077 2122 et
3116 2065 3343 2124 attulit
3378 2080 3638 2139 prcepu-

519 2163 610 2226 in
641 2162 752 2224 tali
775 2161 1078 2243 conjugio
1108 2180 1384 2243 sponsus
1413 2161 1578 2225 solet
1607 2161 1756 2222 dare
1785 2177 2038 2241 sponsae
2150 2161 2243 2219 tia
2271 2181 2511 2233 eorum,
2546 2171 2606 2221 et
2634 2163 3097 2222 annumeravit
3126 2181 3201 2221 ea
3232 2163 3393 2238 reyi,
3429 2170 3503 2221 ut
3548 2181 3639 2220 es-

517 2271 604 2326 et
654 2260 1036 2344 propinquis
1088 2259 1311 2342 ipsius,
1355 2262 1442 2321 Ec
1490 2260 2038 2320 renuntiaverunt
2142 2268 2236 2319 eet
2267 2279 2466 2335 gener
2506 2261 2667 2336 ejus,
2706 2261 2897 2320 Dedit
2941 2261 3163 2339 itaque
3204 2261 3265 2319 ei
3306 2261 3475 2320 Saul
3516 2261 3639 2320 Mi-

505 2363 712 2422 ser-vi
741 2363 930 2432 Saul,
961 2363 1242 2420 dicentes
1274 2380 1296 2418 .·
1329 2359 1800 2435 Hujuscemodi
1839 2359 2031 2417 verba
2146 2360 2287 2418 61ιοὶ
2302 2359 2519 2434 filiam
2546 2378 2735 2419 suam
2766 2379 3056 2428 uxorem,
3075 2365 3286 2420 tamen
3320 2356 3543 2433 invite,
3569 2363 3639 2418 ut

513 2466 792 2524 locutus
822 2469 912 2519 est
942 2461 1181 2520 David.
2145 2453 2437 2534 Magister
2478 2454 2545 2516 in
2588 2455 2872 2519 historiis
2914 2456 3023 2519 ait.
3062 2459 3146 2518 Ec
3176 2457 3346 2517 vidit
3379 2458 3545 2516 Saul
3574 2463 3638 2515 ec

2147 2555 2492 2626 intellexit,
2516 2560 2687 2636 quod
2709 2559 3027 2618 Dominus
3047 2566 3199 2617 esset
3218 2577 3367 2616 cum
3388 2556 3630 2617 David.

2147 2655 2391 2716 Mickol
2420 2665 2635 2717 autem
2652 2658 2799 2733 filia
2822 2660 3011 2728 Saul,
3034 2657 3344 2734 diliyebat
3364 2675 3551 2727 eum,·
3576 2664 3636 2714 et

2142 1074 2441 1138 cumcidi.
2476 1076 2707 1152 Tertio,
2744 1084 2813 1138 ut
2842 1085 3051 1139 certus
3084 1085 3249 1140 esset
3281 1078 3451 1158 quod
3495 1095 3634 1158 per-

2142 1173 2444 1236 cussisset
2474 1173 2843 1252 Philistaeos,
2882 1194 3009 1238 non
3041 1175 3374 1253 IsraelitaS,
3395 1174 3631 1257 quibus

2137 1271 2267 1353 jam
2318 1271 2566 1335 abscisa
2614 1282 2795 1335 erant
2844 1273 3176 1355 praeputia.
3212 1278 3418 1336 Porro
3462 1277 3634 1335 Saul

2142 1373 2459 1448 cogitabat
2496 1375 2714 1433 David
2755 1377 3005 1433 tradere
3046 1375 3114 1434 in
3153 1394 3386 1434 manus
3416 1374 3635 1434 Plzili-

2142 1471 2487 1531 stinorum.
2544 1473 2879 1549 Quumque
2936 1474 3414 1532 renuntiassent
3462 1472 3636 1531 servi

2142 1568 2285 1644 ejus
2312 1571 2531 1630 David
2569 1572 2759 1629 verba
2799 1591 2943 1649 quoe
2980 1572 3241 1630 dixerat
3274 1573 3467 1640 Saul,
3490 1573 3638 1647 pla-

623 2560 814 2620 Dioeit
865 2568 1084 2618 autem
1131 2560 1351 2619 Saul:
1381 2557 1498 2618 Sic
1549 2556 1898 2636 loquimini
1947 2557 2034 2614 ad

517 2661 686 2724 Dav
695 2661 766 2718 id
795 2679 818 2716 .·
853 2659 1001 2718 Non
1032 2658 1216 2716 habet
1247 2677 1364 2716 rea>
1405 2675 1646 2716 necesse
1683 2655 2036 2732 sponsalia,

517 2759 681 2820 nisi
711 2765 966 2817 tantum
1004 2765 1260 2815 centum
1285 2755 1618 2831 praeputia
1651 2754 2037 2814 I’kilistino-
2146 2755 2315 2814 Saul
2338 2756 2542 2830 maqis
2560 2757 2749 2831 coepit
2770 2756 2992 2815 timere
3011 2756 3637 2832 David.Factusque

511 2875 718 2924 rum,
761 2865 836 2916 ut
883 2859 1003 2932 fiat
1054 2856 1217 2913 ultio
1265 2857 1344 2914 de
1389 2853 1680 2914 inimicis
1730 2853 1919 2928 re9i3,
1971 2850 2035 2912 id
2145 2861 2238 2912 esc
2272 2855 2442 2913 Saul
2480 2854 2791 2912 inimicus
2827 2854 3046 2915 David
3088 2855 3336 2914 cunctis
3384 2853 3634 2921 diebuS,

513 2960 659 3029 est,
696 2951 822 3014 alia
871 2971 1138 3014 munera
1174 2971 1212 3012 a
1248 2950 1446 3014 David
1494 2969 1622 3013 non
1653 2949 1872 3031 exigo,
1911 2949 2035 3011 nisi
2148 2949 2213 3011 id
2244 2957 2339 3012 est
2379 2969 2583 3032 usque
2622 2951 2700 3012 ad
2742 2958 3009 3013 mortem
3042 2969 3250 3012 suam.
3282 2954 3372 3012 Et
3400 2952 3639 3028 eyressi

511 3060 612 3122 nt
651 3057 910 3114 centum
941 3049 1278 3112 Philistaeis
1308 3049 1592 3112 abscidat
1623 3067 1844 3114 eorum
1888 3067 2039 3132 prae-
2068 3050 2113 3115 C
2145 3060 2298 3111 sunl
2320 3051 2651 3129 principes
2670 3051 3275 3112 Philistinorum.A
3298 3051 3637 3128 principio

515 3151 743 3235 putia,
779 3158 844 3213 et
891 3150 1050 3212 mihi
1103 3156 1444 3232 praesentet
1485 3168 1559 3211 ac
1603 3156 1898 3211 numeret
1939 3167 2032 3211 ea.
2145 3159 2365 3210 autem
2410 3151 2784 3226 eyressionis
2831 3170 3081 3221 eorum,
3128 3151 3523 3228 prudentius
3576 3169 3641 3209 se

512 3248 806 3331 Triplici
830 3268 1024 3312 causa
1053 3247 1240 3331 petiit
1259 3247 1406 3310 Saul
1437 3246 1626 3309 istud.
1645 3246 1868 3321 Primo,
1889 3246 2039 3328 quia
2140 3252 2397 3326 yerebat
2427 3251 2661 3319 David,
2683 3269 2882 3328 quum
2911 3270 3123 3310 omnes
3151 3250 3322 3309 servi
3350 3250 3543 3316 Saul,
3579 3258 3639 3308 et

512 3348 866 3432 praecipue
909 3348 1163 3411 odiebat
1199 3345 1570 3423 Philistaeos,
1611 3354 1914 3427 tanquam
1958 3346 2038 3407 si·
2147 3350 2383 3408 celebre
2411 3348 2661 3425 factum
2689 3357 2778 3408 est
2808 3368 3037 3409 nomen
3068 3348 3206 3425 ejus
3234 3348 3457 3407 nimis.

1568 3776 2223 3862 ARTICULUS
2299 3776 2612 3861 XXXV

1197 4052 1276 4097 DE
1333 4051 1829 4097 SPmlwALlTA'rF,
1885 4050 2148 4096 musnet!
2204 4050 2479 4097 camum
2536 4050 2980 4097 ocTAvmacuu.

682 4331 880 4395 AVID
931 4349 1096 4412 pene
1149 4330 1215 4392 in
1253 4329 1570 4393 omnibus
1624 4337 1720 4392 est
1772 4329 2034 4393 evidens
2067 4327 2116 4389 D
2143 4330 2465 4412 ceterique
2484 4330 2783 4413 discipuli
2817 4351 2889 4395 ac
2920 4330 3177 4396 feminae
3207 4341 3463 4413 sanctae,
3484 4335 3631 4399 totis

514 4487 554 4503 t,
703 4428 938 4495 Christi
978 4428 1208 4511 figura.
1245 4427 1391 4491 Saul
1423 4446 1573 4492 vero
1606 4435 1824 4510 typum
1871 4427 2035 4509 gerit
2145 4430 2509 4511 praecordiis
2549 4440 2879 4512 coeperunt
2916 4430 3183 4514 diligere
3216 4433 3627 4511 Salvatorem,

503 4530 908 4617 principum
943 4528 1329 4605 Judaeorum,
1366 4527 1730 4590 Scribarum
1776 4535 1838 4589 et
1879 4527 2034 4589 Pha-
2144 4530 2529 4592 admirantes
2561 4529 2629 4591 in
2660 4529 2873 4592 verbis
2902 4530 3121 4611 gratiae
3152 4552 3295 4613 quae
3335 4538 3636 4616 procede·
3664 4554 3929 4607 Lucanas.

503 4632 894 4696 risoeorum.
922 4626 1224 4689 Jonathas
1273 4634 1486 4689 autem
1536 4624 1868 4707 significat
1911 4626 2035 4689 cle·
2147 4628 2301 4690 bant
2330 4629 2409 4691 de
2439 4646 2549 4691 ore
2590 4627 2815 4710 ipsius,
2848 4627 3004 4691 Nam
3048 4629 3427 4712 loquebatur
3470 4635 3635 4700 sicut

503 4725 864 4795 ctissimos
914 4724 1058 4788 illos
1104 4723 1374 4801 Judaeos,
1410 4723 1522 4806 qui
1572 4724 1823 4787 Christo
1872 4724 2038 4787 inter
2147 4734 2522 4808 potestatem
2573 4726 2837 4803 habens,
2892 4745 3019 4789 non
3078 4727 3241 4791 sicut
3290 4730 3523 4795 Seribae
3571 4742 3633 4797 et
3684 4758 3925 4809 statum...

457 4906 468 4914 ⁴
507 4825 860 4894 tsi-aelitas
889 4823 1306 4905 corporaliter
1333 4822 1735 4885 conversanti
1768 4822 2038 4885 familia-
2146 4824 2468 4901 Pharisaei,
2494 4832 2556 4887 et
2584 4844 2658 4887 ea
2685 4844 2828 4906 quae
2856 4824 3095 4901 docuit,
3130 4826 3197 4887 in
3228 4827 3454 4908 primis
3485 4848 3631 4912 ope-
3662 4824 3923 4927 {gaitan-oa.

509 4928 701 4991 riter
729 4920 1390 5003 adhaeserunt.1taque
1411 4924 1685 4982 Factum
1712 4931 1802 4982 est
1831 4944 2035 5001 quum
2150 4941 2218 4985 re
2247 4922 2776 4986 excellentissime
2815 4921 3209 5004 adimplevit.
3244 4924 3632 4993 Testimonia
3720 4918 3730 4929 ”

503 5026 904 5100 complesset
935 5019 1132 5083 David
1164 5020 1342 5099 loqui
1363 5022 1454 5079 ad
1473 5022 1665 5090 Saul,
1687 5022 1918 5081 anima
1937 5024 2039 5083 Jo-
2147 5040 2403 5103 quoque
2422 5042 2566 5103 quae
2597 5019 2985 5104 praedicavit,
3004 5022 3319 5085 credenda
3348 5044 3633 5108 compro-

503 5125 762 5189 ηαυπτ
789 5121 1096 5197 colliyata
1122 5129 1212 5179 est
1243 5120 1485 5179 animoe
1513 5122 1734 5180 David
1764 5140 1786 5178 .·
1818 5119 1883 5181 id
1915 5127 2032 5195 est,
2149 5121 2323 5184 bavit
2366 5140 2478 5203 per
2522 5118 3014 5182 innumerabilia
3050 5120 3329 5199 gloriosa
3362 5124 3633 5188 miracu-

502 5226 698 5288 dum
741 5218 1028 5282 Christus
1071 5216 1532 5279 sermocinatus
1577 5215 1808 5279 suisset
1851 5236 2036 5299 supe-

505 5316 836 5391 rioribus.
852 5335 926 5380 ac
955 5314 1316 5379 senioribus
1342 5313 1720 5391 ludaeorum,
1746 5315 2031 5397 Apostoli

2147 5220 2229 5282 la.
2264 5218 2805 5293 Quemadmodum
2850 5217 3041 5280 etiam
3082 5217 3382 5283 Jonathas
3424 5241 3493 5285 se
3536 5223 3633 5304 ip-

2147 5336 2291 5379 sum
2318 5316 2597 5380 totaliter
2616 5314 3160 5397 exuit,vestesque
3184 5336 3331 5380 suas
3362 5328 3423 5383 et
3453 5340 3632 5387 arma
