4359 6250
884 521 1232 568 mumu'rlo
1275 522 1337 567 IN
1379 521 1515 568 CAP.
1564 521 1716 567 xvm
1757 520 1917 568 LIBRI
1960 520 2214 568 sEcuNm
2255 523 2478 570 amun.
2525 545 2606 555 —
2646 525 2789 572 Am.
2835 527 3005 574 xxvu
3364 510 3479 574 541

352 703 652 767 portans
679 695 1018 764 nuntium,
1049 697 1248 766 venit,
1269 693 1515 756 scilicet
1545 693 1682 776 ipse
1703 693 1886 756 Achi-
1913 693 1965 755 A
1986 697 2218 772 paruit
2252 699 2466 758 Clausi.
2493 701 2577 760 Et
2606 701 2866 760 veniens
2897 701 2993 760 ait
3025 720 3047 758 .·
3076 703 3336 761 Bonum
3365 721 3480 779 ap-

365 809 584 866 maaS,
617 810 812 872 quem
845 792 1023 856 vides
1054 793 1274 856 venire
1307 817 1321 867 ;
1357 793 1596 855 idcirco
1629 811 1757 855 non
1789 801 1884 854 est
1983 805 2170 870 porto
2204 797 2535 867 nuntium,
2568 799 2829 857 domine
2862 799 2954 858 mi
2987 818 3122 858 rex.
3144 800 3482 858 Judieavit

365 889 762 966 verisimile,
795 892 967 972 quod
1001 890 1164 972 fugit
1193 892 1272 954 de
1305 891 1526 973 praelio
1557 892 1753 968 solus,
1775 899 1886 952 aut
1990 894 2166 952 enim
2190 913 2313 969 pro
2348 904 2402 954 te
2433 897 2751 954 Dominus
2790 897 2978 955 hodie
3006 899 3084 954 de
3116 917 3314 958 manu
3352 917 3484 957 om-

365 1006 516 1067 prae
553 987 719 1065 aliis,
741 989 896 1070 quia
929 991 1006 1052 ad
1039 990 1361 1070 ignaviam
1394 990 1512 1052 hoc
1546 997 1880 1071 spectaret.

367 1087 712 1149 Interdum
747 1097 955 1151 tamen
994 1088 1364 1168 magnitudo
1404 1089 1673 1170 periculi
1715 1088 1884 1168 cogit

367 1185 578 1248 etiam
631 1205 741 1250 eos
789 1206 1066 1264 currere,
1119 1187 1408 1268 aliosque
1469 1206 1878 1270 praecurrere,

367 1283 495 1364 qui
529 1285 802 1347 adversa
829 1285 1130 1348 nuntiant
1159 1295 1224 1348 et
1253 1285 1534 1347 sinistra.
1553 1285 1877 1361 Praeterea,

365 1383 698 1462 quaeritur
717 1385 1037 1464 quomodo
1070 1384 1266 1447 David
1297 1383 1608 1447 veraciter
1626 1383 1878 1459 dixerit,

369 1480 494 1542 Vir
525 1479 736 1544 bonus
768 1491 864 1545 est
902 1491 966 1546 et
1005 1482 1300 1545 nuntium
1342 1491 1602 1565 portans
1642 1481 1880 1544 bonum

367 1579 581 1658 venit,
598 1600 801 1662 quum
819 1581 975 1644 Joab
996 1582 1074 1643 ad
1096 1580 1429 1644 Achimaas
1455 1581 1705 1656 dixerit,
1721 1580 1881 1655 Quid

367 1679 476 1740 vis
507 1698 791 1756 currere,
827 1678 976 1741 filit
1007 1698 1136 1743 non
1175 1680 1302 1742 eris
1343 1679 1496 1743 boni
1535 1679 1744 1742 nuntii
1779 1679 1882 1741 ba-

361 1779 578 1859 juluS.
603 1779 699 1841 Ad
729 1781 900 1860 quod
935 1778 1211 1842 faciliter
1243 1781 1682 1862 respondetur,
1706 1779 1879 1862 quod

1992 993 2180 1051 nium
2214 994 2332 1070 qui
2356 1003 2784 1053 surrexerunt
2813 1005 3036 1055 contra
3060 1004 3135 1055 te.
3160 996 3349 1056 marte
3371 1017 3484 1056 au·

1995 1097 2116 1148 tem
2154 1109 2274 1148 γεω
2312 1093 2401 1150 ad
2443 1093 2641 1151 (leust'
2671 1112 2693 1151 .·
2722 1094 2921 1153 Estne
2948 1113 3090 1169 pax
3119 1113 3323 1170 puero
3353 1095 3481 1154 Ab·

1989 1191 2172 1246 salon
2214 1191 2244 1248 ‚2
2292 1187 2380 1249 Ex
2438 1197 2701 1270 paterna
2749 1198 2813 1252 et
2862 1198 3077 1252 tenera
3134 1188 3482 1254 affectione

1990 1286 2323 1348 consuevit
2374 1286 2583 1368 ipsum
2620 1287 3015 1362 ,Absalonem
3068 1289 3161 1351 sic
3210 1308 3479 1370 puerum

1992 1383 2344 1461 nominare,
2377 1385 2530 1466 quia
2572 1385 2639 1447 in
2683 1386 3082 1449 naturalibus
3122 1395 3256 1450 erat
3294 1388 3479 1451 valde

1990 1482 2285 1545 amabilis
2314 1492 2377 1546 et
2407 1485 2695 1547 decorus.
2737 1487 2858 1546 Cui
2897 1489 3283 1562 respondens
3317 1489 3482 1548 Cleu-

1988 1583 2090 1640 si:
2112 1583 2335 1652 Fiant,
2372 1584 2613 1662 inquit,
2647 1585 2814 1643 sicut
2844 1603 3037 1660 puer,
3074 1586 3337 1645 inimici
3372 1589 3483 1646 do-

1990 1682 2162 1740 mini
2187 1681 2314 1740 mei
2342 1683 2536 1757 reqiS,
2553 1691 2612 1741 et
2640 1683 2933 1741 universi
2948 1685 3069 1761 qui
3086 1694 3481 1761 consumunt

1987 1781 2297 1839 adversus
2333 1800 2481 1840 eum
2521 1782 2595 1840 in
2636 1784 2909 1850 malum,
2945 1779 3009 1842 id
3049 1789 3165 1856 est,
3208 1780 3299 1843 sic
3338 1800 3480 1864 per-

365 1876 786 1939 annuntiatio
819 1875 930 1938 illa
962 1875 1084 1938 suit
1114 1877 1304 1953 bona,
1342 1877 1407 1939 in
1449 1885 1764 1959 quantum
1797 1877 1879 1939 si·
1915 1872 1962 1934 B
1986 1884 2132 1938 eant
2162 1884 2225 1938 et
2254 1877 2642 1954 occidantur,
2667 1877 2833 1939 sicut
2858 1897 3016 1960 puer
3043 1879 3121 1940 de
3150 1897 3277 1960 quo
3308 1898 3481 1960 quas-

360 1974 718 2054 gnificavit
735 1975 1067 2038 victoriam
1101 1975 1233 2055 regi
1265 1977 1511 2050 datam3
1546 1977 1656 2038 sed
1687 1977 1872 2053 mala,

367 2073 441 2134 in
472 2081 794 2155 quantum
824 2073 1172 2136 admixtam
1202 2074 1429 2137 habuit
1461 2073 1878 2155 significatio-

369 2191 530 2234 nem
557 2171 901 2235 occisionis
933 2171 1060 2234 filii
1093 2173 1282 2254 regiS.

459 2273 772 2332 clamans
801 2282 1020 2332 autem
1049 2274 1428 2341 AchimaaS,
1456 2273 1634 2333 dimit
1664 2275 1752 2332 ad
1783 2291 1878 2332 re-

359 2389 520 2446 yem
539 2391 564 2430 .·
583 2373 803 2441 Salve,
828 2391 966 2430 rex.
991 2373 1078 2431 Et
1109 2373 1392 2431 adorans
1422 2391 1632 2447 regem
1661 2390 1874 2430 coram

366 2489 442 2528 eo
466 2487 724 2546 pronus
757 2471 830 2530 in
862 2479 1128 2540 terram,
1160 2471 1257 2530 ait
1287 2487 1312 2530 .·
1341 2471 1728 2530 Benedictus
1756 2471 1878 2530 Do-

367 2569 602 2628 minus
645 2571 818 2628 Deus
869 2578 1046 2638 tuuS,
1075 2569 1193 2648 qui
1233 2570 1544 2628 conclusit
1589 2569 1876 2628 homines

367 2669 496 2746 qui
538 2670 918 2728 levaverunt
959 2688 1192 2728 manus
1227 2687 1379 2728 suas
1415 2676 1640 2726 contra
1675 2669 1877 2726 domi·

369 2787 540 2826 num
573 2785 788 2826 meum
817 2786 1051 2843 reyem.
1085 2769 1170 2827 Et
1197 2768 1294 2826 ait
1321 2787 1438 2824 rex
1465 2784 1490 2826 .·
1525 2768 1716 2827 Estne
1735 2785 1876 2842 pax

1987 1974 2094 2036 ris.
2130 1974 2207 2036 Et
2238 1975 2520 2056 loquitur
2549 1974 2741 2037 Chusi
2774 1975 2893 2038 iste
2924 1977 3361 2058 aspernatorie
3396 1979 3475 2042 de

1986 2073 2318 2150 Absalone,
2340 2073 2522 2155 quasi
2543 2072 2893 2154 dedignans
2916 2093 3063 2137 eum
3096 2075 3473 2138 nominatim

1984 2173 2359 2255 exprimere,
2394 2181 2457 2235 et
2498 2172 2671 2236 velut
2712 2173 2992 2237 irrisorie
3023 2193 3171 2236 eum
3203 2194 3473 2257 puerum

1983 2289 2239 2335 vocans.
2275 2270 2461 2345 Quasi
2506 2271 2675 2334 dicat
2714 2289 2728 2332 :
2762 2271 2929 2333 Talis
2980 2271 3181 2336 hostis
3232 2273 3475 2356 proprii

1983 2370 2198 2451 patris,
2213 2379 2277 2432 et
2305 2370 2593 2434 turbator
2615 2370 2807 2433 totius
2829 2372 3321 2450 communitatiS,
3344 2391 3471 2436 non

1983 2479 2078 2532 est
2108 2469 2339 2550 dignus
2372 2489 2533 2552 puer
2564 2469 2801 2533 vocari.

2067 2571 2492 2630 Contristatus
2524 2571 2741 2649 itaque
2770 2591 2911 2640 reoe,
2943 2573 3231 2631 ascendit
3272 2591 3477 2632 coena-

1982 2671 2206 2727 culum
2240 2677 2469 2745 portoe,
2499 2677 2558 2728 et
2599 2670 2803 2743 flevit.
2842 2671 2923 2730 Et
2960 2671 3055 2728 sic
3096 2671 3473 2747 loquebatur

1983 2769 2221 2827 vadens
2248 2787 2272 2826 .·
2306 2766 2433 2830 imo
2461 2768 2561 2845 (ut
2600 2767 2889 2848 sequenti
2930 2766 3200 2830 habetur
3230 2767 3475 2850 capitu-

359 2884 576 2941 puero
613 2866 924 2934 Absaton,
963 2864 1084 2927 hoc
1127 2872 1246 2939 est,
1289 2871 1468 2926 estne
1508 2863 1732 2926 vivens
1771 2864 1875 2925 ad·
1984 2864 2071 2944 lo)
2103 2864 2356 2947 operuit
2398 2873 2591 2947 caput
2633 2884 2843 2942 suum,
2880 2873 2943 2929 et
2988 2865 3113 2928 alta
3153 2885 3307 2930 voce
3346 2865 3475 2930 cla·
3522 2890 3767 2947 naemu,

369 2962 504 3025 huc
547 2971 612 3025 et
655 2966 894 3025 sanus?
924 2965 1240 3042 Dixitque
1275 2963 1630 3024 Achimaas
1661 2983 1683 3020 .·
1725 2964 1874 3023 Vidi
1982 2963 2236 3026 mahat:
2262 2966 2401 3026 Fili
2448 2967 2541 3024 mi
2568 2967 2873 3037 Absazon,
2906 2967 3186 3027 Abs-alon
3216 2967 3322 3044 fili
3352 2971 3469 3028 mi.
3502 2956 3543 2997 ⁴·

370 3066 738 3124 tumultum
779 3083 1117 3141 magnum,
1143 3061 1206 3124 id
1237 3069 1334 3125 est
1362 3060 1872 3144 inquietudinem
1907 3059 1952 3122 C
1981 3063 2046 3125 ln
2078 3063 2315 3145 quibus
2345 3062 2557 3127 verbis
2596 3063 2891 3146 repetitio
2920 3073 3017 3128 est
3046 3064 3260 3146 magni
3302 3083 3475 3129 amo-

367 3170 436 3224 et
477 3179 864 3225 concursum
907 3162 1279 3237 multorum,
1316 3179 1427 3223 seu
1477 3180 1766 3224 murmur
1809 3168 1872 3223 et

369 3260 718 3342 strepitum
751 3259 1175 3342 plurimorum
1213 3258 1454 3336 audivi,
1490 3280 1695 3337 quum
1724 3262 1873 3320 mit-

373 3368 534 3419 teret
561 3361 724 3420 Joab
761 3380 983 3419 servus
1027 3368 1203 3428 tuus,
1233 3379 1268 3418 ο
1298 3379 1440 3427 rex,
1477 3378 1574 3418 me
1611 3379 1870 3419 servum

371 3456 789 3531 tuum.Quod
818 3476 1040 3521 verum
1071 3465 1189 3519 est.
1216 3457 1357 3519 Ideo
1388 3455 1720 3518 Achimaas
1751 3456 1872 3519 hoc

369 3556 673 3631 dicend0,
708 3574 836 3618 non
885 3554 1332 3631 mentiebatur,
1375 3563 1444 3617 ut
1492 3553 1691 3636 aliqui
1741 3555 1873 3637 opi-

370 3662 614 3716 nantur
649 3672 663 3715 :
699 3673 815 3717 nec
857 3654 1032 3717 enim
1083 3654 1340 3733 negavit
1381 3672 1448 3716 se
1492 3654 1655 3716 scire
1699 3655 1868 3733 quod

367 3752 802 3833 quaerebatur,
828 3762 892 3815 et
921 3752 1252 3815 veritatem
1285 3752 1554 3815 obscura
1580 3752 1870 3815 oratione

368 3851 631 3927 celavit,
667 3853 838 3932 quod
872 3851 1042 3928 licet,
1077 3861 1140 3914 et
1179 3851 1320 3928 boc,
1355 3870 1434 3913 ne
1479 3870 1689 3931 regem
1721 3869 1872 3913 con-

367 3950 681 4013 tristaret.
702 3950 821 4013 Sed
855 3949 1071 4013 forsan
1099 3949 1351 4012 videtur
1370 3950 1674 4012 mentitus
1709 3949 1774 4011 in
1795 3966 1869 4011 eo

365 4048 546 4130 quod
577 4048 841 4125 addidit,
877 4050 1104 4111 Nescio
1135 4050 1324 4109 atiud
1354 4069 1377 4109 .·
1407 4057 1466 4111 et
1511 4056 1721 4110 tamen
1751 4047 1867 4129 qui

367 4146 514 4210 vult
541 4166 689 4209 eum
721 4166 758 4208 a
787 4146 1119 4210 mendacio
1151 4164 1475 4221 excusare,
1509 4146 1721 4207 dicere
1761 4164 1872 4227 po-

1981 3162 2090 3240 riS,
2127 3163 2257 3226 imo
2307 3170 2369 3226 et
2416 3162 2677 3240 doloriS,
2725 3163 3062 3227 indicium.
3100 3166 3256 3233 Quis
3306 3166 3475 3225 milei

1982 3263 2223 3323 tribuat
2254 3271 2326 3323 ut
2354 3280 2463 3338 eqo
2498 3264 2743 3323 moriar
2766 3282 2888 3339 pro
2938 3272 3015 3333 te,
3054 3264 3337 3324 Absalon
3367 3264 3475 3340 fili

1978 3362 2093 3433 mi,
2128 3362 2235 3438 fili
2280 3362 2374 3421 mi
2402 3362 2681 3421 Absalon
2710 3362 2741 3420 ?
2772 3360 2836 3421 id
2876 3369 2995 3437 est,
3032 3360 3277 3423 utinam
3310 3378 3475 3424 mor-

1981 3467 2126 3520 tuus
2164 3477 2392 3533 essem,
2429 3457 2519 3519 ita
2555 3458 2726 3539 quod
2760 3466 2826 3519 tu
2858 3457 3065 3521 adhuc
3106 3458 3376 3535 vivereS,
3411 3468 3475 3522 et

1981 3564 2089 3619 tua
2119 3564 2377 3637 peccata
2405 3554 2776 3635 corrigeres.
2814 3554 2950 3632 Vel,
2986 3556 3233 3618 utinam
3264 3556 3473 3619 adhuc

1979 3654 2139 3717 mori
2190 3671 2464 3735 possem,
2508 3661 2823 3735 quatenus
2874 3660 2941 3715 tu
2992 3654 3393 3716 suscitareris
3436 3674 3475 3717 a

1979 3759 2203 3828 morte,
2240 3760 2301 3813 et
2341 3751 2781 3833 poenitentiam
2820 3768 3059 3831 ageres.
3096 3752 3217 3813 Ista
3257 3752 3472 3833 itaque

1981 3848 2008 3910 f
2013 3849 2104 3912 uit
2124 3868 2317 3912 causa
2347 3848 2503 3911 tanti
2536 3847 2777 3911 doloris
2811 3848 2876 3910 in
2910 3867 3057 3929 rege
3078 3848 3332 3925 devoto,
3352 3848 3473 3931 spi-

1978 3947 2193 4010 rituali
2238 3946 2865 4028 contemplativoque
2905 3946 3043 4009 viro
3078 3963 3092 4008 ε
3135 3946 3289 4028 quia
3330 3966 3473 4029 per-

1980 4046 2202 4129 pendit
2230 4064 2422 4127 quam
2453 4044 2993 4127 periculosissime
3022 4044 3257 4107 obierit
3287 4043 3316 4106 f
3320 4044 3471 4108 ilius

1979 4165 2132 4207 suus
2163 4145 2261 4208 vir
2290 4143 2819 4226 speciosissimuS,
2846 4152 2907 4207 et
2938 4163 3131 4226 quam
3164 4142 3472 4224 gravissi-

369 4252 518 4321 test‚
541 4245 717 4326 quod
737 4245 806 4305 in
828 4244 1087 4307 nomine
1109 4242 1324 4323 magni
1359 4244 1672 4305 tumultus
1694 4262 1866 4305 mors
1903 4250 1953 4312 D
1981 4263 2084 4305 ma
2122 4252 2289 4307 esset
2324 4244 2464 4324 ejus
2503 4242 2861 4318 damnati03
2905 4250 2971 4306 et
3000 4242 3305 4325 quoniam
3350 4242 3473 4305 sci·

369 4342 712 4406 Absalonis
745 4341 1210 4419 includebatur,
1234 4349 1306 4404 ut
1323 4361 1513 4404 causa
1549 4341 1614 4403 in
1645 4360 1762 4405 suo
1782 4341 1874 4403 es-

370 4443 574 4507 fectu.
598 4446 708 4505 Ad
725 4463 914 4523 quem
931 4464 1047 4503 rex
1063 4464 1085 4502 .·
1111 4444 1374 4511 Transi,
1393 4444 1514 4514 ait,
1537 4453 1596 4502 et
1615 4452 1716 4502 sta
1745 4444 1871 4503 hic.

455 4546 798 4623 Quumque
848 4544 958 4601 ille
1007 4542 1361 4611 transisset,
1405 4552 1466 4602 et
1505 4550 1729 4610 staret,
1759 4562 1876 4619 ap-

1982 4342 2074 4408 vit
2111 4362 2178 4405 se
2222 4361 2294 4404 ac
2336 4361 2451 4403 sua
2494 4350 2754 4423 peccata
2796 4339 2996 4404 fuisse
3041 4342 3464 4418 occasionem,

1981 4442 2153 4521 quod
2184 4440 2399 4506 omnia
2430 4440 2597 4503 mala
2632 4440 2744 4502 illa
2784 4442 2969 4519 DeuS,
3004 4440 3189 4521 cujus
3228 4439 3472 4522 judicia
3500 4461 3761 4523 Panna.

1983 4548 2132 4601 sunt
2159 4538 2425 4621 abyssus
2458 4539 2789 4615 immensa,
2826 4538 3144 4621 permisit.
