4359 6250
1116 508 1465 556 manuario
1508 509 1569 554 IN
1611 510 1747 556 CAP.
1795 509 1899 554 xv1
1938 509 2214 556 mmmm.
2255 529 2336 540 —-
2377 511 2520 557 ΛΒΤ.
2567 510 2760 556 xxvlu

3362 463 3532 556 199'

378 671 499 754 pili
535 683 719 738 erant
756 675 1045 745 abscissi.
1085 681 1171 740 Et
1200 681 1389 757 eoepit
1419 682 1671 757 abiyere
1703 700 1878 748 eum,
1906 674 1957 736 A
1989 679 2410 760 permittente,
2438 680 2565 742 imo
2586 688 2649 742 et
2671 680 2944 756 volente,
2969 678 3134 743 facta
3164 686 3314 742 sunt
3342 697 3478 760 pro-

373 782 436 832 et
463 795 507 834 a
526 794 595 834 se
624 779 941 852 repellere.
966 780 1335 858 Statimque
1362 781 1441 838 ab
1470 799 1539 838 eo
1561 780 1878 856 fortitudo

378 873 693 934 discessit.
734 876 1057 954 ‚Dixitque
1095 893 1119 937 .·
1148 879 1517 938 Philistiim
1560 897 1751 954 super
1798 886 1876 950 te,

376 974 686 1035 Samson.
731 975 857 1041 Qui
894 977 975 1034 de
1008 995 1227 1036 somno
1266 994 1675 1053 consuryenS,
1703 977 1880 1036 dimit

377 1071 453 1131 in
492 1073 717 1132 animo
750 1092 865 1132 suo
896 1091 921 1134 .·
950 1075 1302 1151 Eyrediar,
1337 1077 1503 1136 sicut
1541 1085 1691 1137 ante
1726 1074 1877 1151 feei,

378 1181 442 1233 et
473 1190 572 1230 me
602 1173 951 1233 exc-utiam.
976 1171 1207 1235 Dicunt
1234 1173 1454 1254 aliqui,
1479 1174 1651 1255 quod
1680 1171 1880 1234 Dalila

382 1287 599 1332 rasum
644 1269 1015 1334 Samsonem
1048 1271 1115 1334 in
1146 1290 1369 1334 somno
1401 1272 1591 1336 etiam
1632 1271 1875 1351 ligavit,

382 1367 463 1430 ad
508 1367 969 1449 experiendum
1014 1387 1131 1451 pro
1169 1379 1363 1446 certo,
1400 1389 1479 1434 an
1512 1370 1717 1433 adhuc
1748 1369 1882 1432 vin-

382 1465 531 1528 cula
572 1484 873 1549 rumpere
911 1477 1147 1550 posset.
1191 1469 1419 1551 Sicque
1464 1488 1687 1532 sensus
1732 1476 1828 1530 est
1863 1485 1877 1529 :

382 1563 720 1627 Excutiam
770 1585 875 1629 me
922 1568 1001 1630 de
1046 1566 1344 1630 vinculis
1380 1569 1500 1632 Sed
1543 1568 1696 1650 quia
1745 1567 1883 1649 ipsa

383 1662 518 1744 jam
548 1683 669 1746 pro
700 1674 875 1728 certo
905 1675 1311 1746 cognoverat,
1344 1669 1513 1749 quod
1546 1687 1723 1730 rasus
1756 1667 1883 1730 for-

388 1762 734 1826 titudinem
776 1766 1094 1846 perderet,
1132 1785 1250 1830 nec
1285 1767 1353 1828 in
1384 1766 1527 1830 sinu
1561 1785 1677 1829 suo
1708 1767 1884 1848 quie-

1990 792 2130 865 pter
2162 792 2492 866 peccatum
2533 782 2876 860 SamsoniS,
2902 791 2972 845 ut
3003 790 3377 864 purgaretur
3409 781 3476 843 in

1990 881 2121 945 vita
2150 883 2290 945 hac.
2311 883 2446 945 Non
2478 882 2649 944 enim
2669 881 2892 944 debuit
2922 901 3036 943 sua
3065 889 3306 944 secreta
3334 899 3480 944 con·

1989 980 2129 1062 jugi
2152 980 2419 1064 perfidae
2441 981 2750 1056 revelare;
2771 1000 2887 1043 nec
2907 988 3480 1061 excusatur,quam-

1990 1079 2087 1142 vis
2114 1098 2190 1143 eo
2224 1080 2556 1158 ignorante
2587 1078 2792 1142 fuerat
2825 1098 3024 1154 rasuS,
3058 1078 3211 1160 quia
3240 1079 3319 1140 ad
3357 1077 3479 1142 hoc

1992 1179 2380 1260 culpabilem
2412 1179 2770 1262 praebuerat
2799 1177 3208 1240 occasionem.
3231 1181 3482 1239 Laetan-

1995 1287 2202 1358 tesque
2233 1299 2354 1356 per
2387 1280 2713 1350 convivia,
2747 1279 3022 1354 sumptis
3049 1277 3202 1354 jam
3245 1279 3475 1354 epulis,

1982 1387 2427 1456 praeceperunt
2459 1387 2532 1437 ut
2565 1385 2897 1438 vocaretur
2918 1379 3208 1446 Samson,
3235 1374 3352 1437 hoc
3385 1383 3482 1438 est

1992 1478 2434 1554 adduceretur,
2479 1487 2536 1537 et
2583 1485 2732 1538 ante
2781 1497 2878 1536 eos
2931 1479 3198 1548 luderet,
3243 1473 3308 1535 id
3357 1482 3474 1552 est,
3545 1555 3548 1558 ἦ

1991 1594 2107 1638 suo
2145 1593 2312 1638 caeco
2348 1575 2599 1638 incessu
2633 1583 2696 1637 et
2732 1573 2974 1636 incerto
3010 1590 3345 1655 progressu
3377 1592 3482 1634 ex-

1993 1675 2242 1737 hiberet
2284 1673 2376 1736 eis
2420 1674 2633 1755 jocum
2679 1681 2742 1736 et
2785 1672 3006 1734 risum.
3053 1674 3181 1742 Qui
3213 1674 3481 1732 eductus

1989 1777 2067 1834 de
2098 1793 2370 1845 carcere,
2407 1773 2664 1833 ludebat
2696 1781 2846 1832 ante
2883 1792 3004 1832 eos,
3041 1774 3481 1848 Feceruntque

385 1869 676 1928 scentem
722 1863 978 1925 videtur
1019 1864 1303 1946 potuisse
1348 1865 1620 1927 multum
1658 1865 1879 1946 ligare,
1918 1861 1963 1923 Β
1989 1893 2136 1933 eum
2166 1882 2338 1932 stare
2369 1874 2542 1932 inter
2568 1874 2735 1932 duas
2763 1874 3118 1931 columnas.
3147 1870 3274 1938 Qui
3303 1868 3480 1928 divit

388 1968 603 2042 potest
632 1961 724 2024 ita
752 1963 1023 2045 exponi:
1046 1963 1377 2026 Excutiam
1407 1984 1510 2026 me
1540 1965 1619 2027 de
1652 1964 1889 2026 irruen-

390 2060 565 2122 tibus
619 2060 689 2124 in
738 2081 862 2139 me,
906 2062 961 2124 si
1008 2063 1323 2126 venerint.
1367 2065 1669 2126 Nesciens
1718 2067 1888 2143 quod

388 2162 740 2221 recessisset
772 2163 855 2220 ab
880 2181 949 2222 eo
978 2163 1318 2225 Dominus.

462 2259 667 2325 Quem
688 2277 887 2336 quum
910 2259 1477 2334 apprehendissent
1494 2258 1885 2330 Philistiim,

391 2357 620 2416 statim
669 2365 982 2416 eruerunt
1026 2361 1237 2416 ocutos
1282 2358 1448 2434 ejus,
1490 2375 1568 2418 ne
1616 2355 1889 2437 amplius

390 2462 679 2530 noceret,
716 2462 826 2516 aut
856 2453 1151 2518 resistere
1183 2463 1419 2537 posset,
1452 2456 1564 2518 sed
1594 2473 1709 2536 pro
1750 2455 1893 2518 libi-

392 2563 460 2617 tu
494 2571 613 2616 suo
646 2553 705 2617 ei
740 2553 1107 2630 illuderent,
1142 2563 1207 2617 et
1236 2554 1487 2634 longam
1522 2554 1893 2634 infligerent

392 2661 693 2718 mortem.
718 2655 805 2715 Et
833 2655 1171 2714 duxerunt
1198 2657 1444 2715 Gazam
1474 2656 1767 2714 vinetum
1796 2674 1895 2714 ca·

396 2754 590 2824 cenis,
613 2751 729 2832 qui
760 2749 949 2814 funes
982 2751 1169 2814 toties
1203 2759 1481 2834 ruperat,
1514 2762 1573 2814 et
1602 2755 1895 2816 clausum

394 2853 465 2912 in
514 2871 812 2913 carcere:
845 2849 1025 2931 prius
1075 2850 1893 2913 tameneircumduxerant

395 2971 547 3014 eum
589 2968 705 3032 per
746 2957 1005 3026 terram,
1041 2951 1391 3012 secundum
1426 2949 1787 3030 Magistrum
1828 2949 1895 3011 in

1984 1991 2190 2050 puero
2215 1972 2464 2048 reyenti
2485 1989 2740 2048 gressus
2767 1989 2912 2030 suos
2933 1969 3250 2030 :Dimitte
3279 1987 3377 2028 me
3409 1976 3482 2028 ut

1996 2080 2256 2147 tanqam
2291 2073 2645 2139 columnae,
2680 2069 2910 2148 quibus
2939 2067 3150 2127 omnis
3179 2066 3482 2126 imminet

1992 2172 2244 2240 domus,
2275 2178 2334 2229 et
2365 2169 2640 2228 recliner
2667 2186 2860 2243 super
2887 2187 3014 2236 eas,
3045 2174 3104 2225 et
3125 2167 3482 2242 paululum

1996 2269 2409 2347 requiescam.
2442 2269 2687 2328 Domus
2727 2274 2944 2325 autem
2981 2273 3121 2324 erat
3150 2267 3350 2340 plena
3389 2264 3486 2322 vi-

1998 2387 2220 2427 rorum
2265 2385 2339 2425 ac
2385 2366 2758 2424 mulierum.
2795 2365 2880 2422 Et
2919 2371 3106 2423 erant
3147 2363 3242 2420 ibi
3271 2381 3485 2420 omnes

1988 2466 2324 2544 principes
2353 2464 2889 2532 Plzilistinorum,
2914 2482 2990 2522 ac
3017 2465 3096 2521 de
3127 2471 3279 2522 tecto
3308 2468 3368 2519 et
3397 2479 3487 2519 so-

2000 2565 2168 2623 lario
2201 2564 2460 2622 circiter
2492 2563 2623 2621 tria
2656 2562 2874 2621 millia
2904 2561 3242 2639 utriusque
3271 2575 3482 2630 semu-5,

1998 2671 2346 2739 spectantes
2378 2663 2701 2720 ludentem
2735 2663 3029 2721 Samson.

2082 2763 2168 2821 At
2213 2761 2323 2818 itte
2368 2760 2660 2819 invocato
2693 2755 3363 2829 Domin0‚-Dominum
3395 2753 3492 2816 in-

2003 2858 2290 2920 vocando
2321 2875 2398 2919 ex
2431 2856 2579 2920 totis
2612 2855 3000 2937 praecordiiS,
3033 2857 3130 2915 ait
3163 2873 3185 2916 .·
3217 2855 3492 2915 Domine

2002 2960 2196 3030 Deus,
2235 2965 2540 3017 memento
2575 2957 2724 3025 mei,
2763 2965 2844 3025 et,
2884 2971 2999 3036 pro
3039 2952 3103 3015 id
3143 2960 3313 3015 est...
3349 2951 3486 3028 Vel,

396 3047 729 3122 historiis;
764 3051 998 3110 molere
1023 3050 1345 3127 fecerunt,
1376 3067 1568 3132 opera
1611 3048 1770 3111 dura
1812 3056 1897 3110 at·
1927 3052 1971 3114 C
2005 3057 2316 3119 Memento
2361 3053 2510 3130 mei,
2545 3053 2705 3115 mihi
2747 3052 3155 3135 ignoscendO,
3192 3058 3382 3132 atque
3413 3050 3492 3111 ad

398 3170 527 3232 que
571 3148 839 3213 servilia·
873 3148 932 3212 ei
974 3148 1391 3230 injungendo.
1426 3148 1655 3211 Dicunt
1685 3157 1894 3211 tamen

398 3249 667 3333 quidam
702 3247 968 3327 Hebraei‚
1002 3248 1174 3329 quod
1205 3256 1547 3326 coegerunt
1576 3267 1721 3311 eum
1752 3266 1898 3310 eum

400 3348 789 3413 mulieribus
809 3347 1149 3410 Philistaeis
1173 3347 1447 3410 fortibus
1473 3346 1895 3423 commisceri,

398 3457 471 3510 ut
490 3469 569 3512 ex
591 3448 734 3530 ejus
766 3446 1010 3511 semine
1030 3446 1265 3511 fortem
1295 3447 1698 3528 acquirerent
1726 3446 1901 3509 sobo-

400 3548 555 3611 lem.
578 3546 759 3621 Quod
793 3564 921 3609 non
952 3546 1205 3609 videtur
1232 3546 1506 3608 multum
1542 3544 1893 3628 probabile,

404 3648 567 3730 quia
600 3644 1069 3721 extimuissent,
1105 3646 1285 3726 quod.
1308 3646 1559 3707 soboles
1590 3645 1700 3707 illa
1730 3643 1901 3708 lave-

403 3756 503 3811 ret
523 3744 999 3809 Hebraeis.Nam
1024 3742 1144 3805 filii
1176 3744 1252 3806 ad
1285 3744 1681 3826 propinquos
1703 3744 1899 3825 patris

404 3843 612 3926 magis
648 3843 831 3906 affici
864 3843 1094 3906 solent.
1114 3843 1447 3919 Ideoreor,
1466 3843 1639 3924 quod
1662 3843 1716 3904 si
1738 3842 1903 3905 Sam-

403 3964 523 4008 son
567 3942 903 4006 habuisset
948 3941 1123 4005 filios
1162 3962 1242 4005 ex
1279 3940 1535 4004 feminis
1567 3941 1901 4005 Philistaeis

403 4064 567 4127 quas
612 4040 860 4118 habuit,
897 4041 1201 4105 Philistaei
1234 4040 1379 4103 illos
1410 4040 1814 4118 occidissent,
1848 4042 1902 4103 si

402 4142 727 4207 adfuisset
754 4139 1045 4203 facultas.

2006 3154 2277 3218 limbum
2309 3161 2560 3235 patrum
2593 3171 2798 3215 meam
2830 3151 3109 3213 animam
3149 3150 3494 3231 perducen-

2005 3256 2109 3317 do.
2164 3256 2383 3315 Redde
2431 3254 2600 3312 mihi
2647 3272 2826 3311 nunc
2868 3252 3228 3327 pristinam
3287 3267 3494 3308 meam

2004 3353 2467 3430 fortitudinem
2498 3368 2522 3410 .·
2556 3349 2870 3430 per-qnod
2908 3355 3176 3423 constat,
3209 3346 3381 3428 quod
3419 3364 3496 3407 ex

2008 3450 2389 3532 capillorum
2420 3447 2772 3511 crescentia
2805 3465 2933 3510 non
2965 3444 3241 3509 accrevit
3274 3442 3332 3507 ci
3369 3442 3498 3525 pri-

2010 3550 2252 3611 stinum
2284 3546 2518 3621 robur3
2551 3550 2720 3607 Deus
2752 3565 2949 3616 meus,
2984 3555 3057 3606 ut
3088 3545 3370 3603 ulciscar
3399 3562 3498 3601 me

2007 3651 2086 3708 de
2132 3647 2414 3707 lio-stibus
2458 3646 2636 3706 meis.
2689 3647 2772 3707 Et
2807 3664 2930 3721 pro
2981 3643 3326 3703 amissione
3372 3644 3497 3701 du-

2010 3766 2197 3809 orum
2249 3746 2600 3814 luminum,
2654 3742 2720 3805 id
2769 3750 2866 3805 est
2913 3740 3246 3804 amborum
3291 3738 3500 3803 oculo-

2012 3865 2153 3908 rum
2205 3860 2514 3918 meorum,
2559 3842 2626 3903 in
2669 3861 2942 3924 quorum
2993 3839 3238 3922 pupilla
3281 3838 3498 3903 lumen

1994 3944 2338 4008 exstiterat
2376 3940 2641 4018 visuale,
2677 3961 2880 4001 unam
2920 3942 3230 4001 ultionem
3269 3937 3502 4014 recipi-

2014 4066 2145 4105 am.
2191 4041 2333 4104 Zelo
2382 4040 2644 4122 justitiae
2694 4040 2827 4101 haec
2875 4038 3100 4116 oravit,
3149 4035 3499 4119 praesertim

2015 4140 2318 4223 quoniam
2375 4140 2454 4201 de
2507 4135 2970 4219 superstitiosis
3021 4133 3359 4198 sacrificiis
3410 4140 3503 4195 at-

485 4242 769 4315 Jamque
798 4237 1033 4312 capilli
1060 4236 1203 4313 ejus
1241 4236 1494 4295 renasci
1531 4244 1851 4312 eoeperant
1880 4254 1903 4297 .·
1937 4245 1986 4306 D
2014 4260 2140 4322 que
2171 4238 2590 4321 blasphemiis
2626 4234 3108 4299 philistinorum
3145 4232 3504 4298 tabescebat

408 4356 542 4403 non
578 4344 794 4398 tamen
826 4354 901 4397 ex
934 4333 1054 4397 hoc
1083 4333 1361 4397 accrevit
1390 4333 1451 4397 ei
1483 4333 1753 4414 pristina
1782 4332 1907 4397 for-

410 4437 649 4513 titudo,
674 4443 748 4497 ut
779 4434 981 4515 aliqui
1013 4432 1345 4514 pueriliter
1375 4432 1908 4511 imaginantur,.et

410 4534 585 4599 infra
618 4533 889 4617 patebit.
926 4536 1010 4595 Et
1032 4535 1365 4611 principes
1395 4534 1908 4594 Philistinorum

409 4642 853 4696 convenerunt
878 4649 1023 4694 cum
1053 4629 1197 4693 aliis
1227 4629 1447 4691 multis
1479 4632 1553 4689 in
1586 4649 1816 4701 unum,
1838 4638 1911 4687 ut

390 4736 836 4794 immolarent
864 4732 1105 4791 hostias
1133 4750 1326 4806 mayn
1339 4731 1519 4807 ificas
1540 4732 1767 4805 Daqon
1797 4731 1911 4788 deo

410 4853 551 4905 suc,
591 4829 759 4891 salso
792 4836 855 4889 et
886 4826 1065 4904 ficto,
1098 4837 1157 4888 et
1196 4831 1642 4905 epularentur,
1678 4825 1913 4888 adscri-

384 4932 644 4995 bentes
674 4928 795 4990 deo
835 4944 951 4989 suo
990 4926 1628 5007 comprehensionem
1652 4925 1913 4987 Samso-

418 5029 540 5103 nis,
565 5030 849 5088 dicentes
872 5046 895 5085 .·
932 5029 1237 5087 Tradidit
1264 5030 1421 5086 deus
1454 5036 1661 5086 noster
1694 5027 1759 5085 in
1772 5028 1854 5083 im
1870 5026 1915 5083 ι’-

415 5148 563 5187 cum
597 5135 900 5188 nostrum
928 5128 1205 5189 Samson
1247 5127 1319 5185 in
1362 5145 1597 5184 manus
1640 5134 1908 5184 nostras.

398 5228 603 5296 Quod
620 5226 825 5285 etiam
838 5228 1118 5300 populus
1138 5225 1377 5295 videns,
1400 5224 1709 5283 laudabat
1728 5226 1918 5282 deum

396 5345 637 5397 suum,
686 5324 1037 5401 eademque
1082 5322 1351 5383 dicebat.
1398 5320 1545 5394 Quae
1595 5338 1743 5383 vero
1792 5321 1917 5383 Deo

2015 4356 2123 4401 cor
2164 4338 2328 4418 ejuS‚
2377 4345 2440 4399 et
2482 4335 2634 4417 quia
2683 4334 3145 4416 praeordinatus
3195 4351 3267 4394 ae
3317 4338 3502 4393 natus

2018 4436 2143 4499 fuit
2173 4436 2253 4497 ad
2296 4434 2763 4517 reprimendam
2802 4431 3283 4497 philistinorum
3323 4428 3504 4511 impi-

2018 4541 2271 4597 etatem.
3365 4592 3368 4595 ,

2098 4634 2186 4693 Ec
2216 4633 2697 4709 apprehendens
2728 4632 2948 4689 ambas
2976 4632 3328 4699 columnas,
3363 4628 3506 4705 qui-

2020 4734 2134 4791 bus
2172 4730 2580 4789 innitebatur
2612 4731 2842 4788 domus
2871 4748 2893 4786 .·
2926 4735 2988 4788 et
3032 4733 3167 4788 erat
3199 4723 3506 4805 templum

2021 4848 2132 4891 seu
2198 4826 2416 4888 fanum
2477 4826 2713 4906 Dagon,
2767 4823 3119 4887 secundum
3171 4822 3502 4896 Isidorum,

2023 4924 2607 5005 Scholasticamque
2668 4922 2995 4985 historiam
3034 4944 3049 4995 3
3113 4925 3508 4997 alteramque

2021 5046 2250 5085 earum
2297 5028 2588 5091 (testera,
2632 5032 2688 5082 et
2733 5025 3008 5082 alteram
3058 5024 3220 5080 heva
3271 5028 3505 5085 tenetes,

2023 5125 2157 5183 ait:
2178 5124 2508 5183 Moriatur
2538 5123 2764 5181 anima
2791 5140 2932 5179 mea
2956 5138 3103 5177 cum
3123 5117 3506 5183 Philistiim,

2025 5221 2093 5283 id
2123 5228 2240 5296 est,
2263 5238 2378 5299 ego
2412 5220 2549 5301 ipse
2578 5238 2688 5281 seu
2713 5218 2843 5281 vita
2873 5235 3014 5279 mea
3042 5213 3337 5277 animalis
3367 5232 3513 5277 eum

2028 5320 2188 5402 ipsis
2220 5318 2682 5399 exstinguatur.
2717 5316 3008 5379 Attamen
3045 5312 3142 5378 sui
3175 5311 3375 5394 ipsius
3415 5331 3519 5375 ex-
