4359 6250
1107 513 1460 559 ENARRATIO
1504 513 1565 558 IN
1607 513 1744 560 CAP.
1792 513 1852 558 lv
1897 512 2054 558 unm
2096 513 2266 558 1³thss
2307 511 2531 558 REGUM·
2577 531 2658 540 -
2700 511 2842 559 ART.
2890 511 2954 558 lx
3454 492 3573 556 283

469 702 670 747 aurea
698 702 924 746 mensa
953 702 1067 746 seu
1100 682 1317 746 tabula
1347 701 1541 765 super
1567 701 1778 746 arcam
1812 681 1976 746 leva·
2003 680 2056 743 A
2085 683 2323 744 Deum?
2354 681 2487 745 Dici
2511 687 2739 764 potest,
2766 680 2938 762 quod
2970 677 3310 742 utebantur
3340 679 3575 762 plurali

471 792 560 857 ta,
588 791 650 846 et
681 783 754 844 in
784 783 920 844 suis
949 781 1457 846 extremitatibus
1487 789 1835 844 sustentata
1861 800 1975 863 per
2085 798 2202 863 pro
2251 779 2585 861 singulari.
2619 780 2733 843 Vel
2780 777 3228 862 opinabantur,
3274 776 3449 842 filios
3499 778 3578 844 Is-

467 881 818 945 Cherubim
855 881 1038 958 duoS,
1075 880 1243 944 inter
1273 900 1436 962 quos
1477 879 1689 943 media
1729 879 1853 942 fuit
1888 888 1976 942 ta-
2086 879 2215 942 rael
2249 898 2395 942 cum
2440 896 2691 941 summo
2731 880 2855 941 Deo
2888 895 3003 942 suo
3034 876 3225 941 etiam
3265 878 3575 959 quosdam

469 979 627 1042 bula
657 978 795 1056 illa,
830 988 1090 1062 propter
1121 980 1298 1060 quod
1326 985 1390 1042 et
1419 997 1612 1062 super
1631 977 1972 1042 Cherubim
2083 977 2243 1040 alios
2294 977 2503 1040 colere
2551 978 2725 1054 deoS,
2769 975 2933 1040 sicut
2971 984 3035 1040 et
3074 995 3241 1059 saepe
3290 975 3577 1040 fecerunt

470 1078 684 1141 fertur
737 1078 1046 1142 Dominus
1095 1078 1368 1152 sedens3
1420 1085 1482 1141 et
1531 1077 1684 1160 quia
1735 1076 1972 1140 ibidem
2086 1075 2444 1157 inique.Hi
2462 1078 2753 1137 suntDii
2773 1079 2890 1156 qui
2903 1085 3356 1155 percusserunt
3376 1077 3578 1154 AEyy-

465 1177 682 1258 gloria
713 1177 966 1240 Domini
999 1177 1322 1239 interdum
1353 1195 1660 1259 apparere
1692 1175 1968 1240 solebat:
2074 1185 2269 1252 ptum
2298 1176 2480 1236 omni
2500 1179 2706 1252 playa
2739 1177 2811 1234 in
2844 1179 3108 1246 deserto,
3135 1173 3199 1236 id
3236 1182 3354 1251 est,
3389 1172 3575 1236 finali

93 1288 436 1338 Pan-unta.
469 1275 619 1339 ideo
650 1294 912 1357 quoque
933 1275 1000 1336 in
1030 1274 1280 1338 Psalmo
1308 1283 1622 1352 cantatur,
1641 1274 1757 1349 Qui
1793 1275 1972 1338 sedes
2083 1282 2148 1337 et
2190 1282 2629 1337 consummata
2673 1272 2857 1355 plaga
2900 1280 3352 1355 percusserunt
3388 1272 3575 1354 AEgy-

467 1393 673 1454 super
719 1371 1086 1436 Cherubim.
1137 1372 1424 1454 Denique
1462 1372 1802 1436 Cherubim
1849 1373 1976 1456 ple-
2086 1371 2275 1455 ptios,
2312 1391 2420 1435 eos
2456 1372 2802 1453 mergendo
2834 1371 2899 1433 in
2931 1370 3092 1434 mari
3134 1371 3367 1448 Rubro,
3403 1371 3576 1452 quod

467 1473 702 1535 nitudo
733 1471 1018 1535 scientiae
1050 1472 1526 1554 interpretatur.
1552 1472 1794 1534 Dicitur
1825 1490 1974 1555 ergo
2085 1490 2199 1553 per
2230 1479 2475 1553 partem
2507 1470 2743 1534 deserti
2774 1469 3024 1552 AEgypti
3058 1470 3373 1546 currebat,
3411 1479 3481 1532 ut
3509 1467 3573 1532 in
3622 1489 3872 1536 Eaeodaw.

465 1570 786 1634 Dominus
837 1589 1029 1652 super
1077 1569 1419 1633 Cherubim
1473 1570 1772 1648 residere,
1821 1590 1977 1652 quo-
2086 1570 2300 1633 Exodo
2352 1569 2602 1649 legitur.
2647 1569 2835 1643 Quasi
2875 1568 3091 1632 dicant
3134 1589 3148 1634 :
3198 1568 3373 1632 Sicut
3402 1569 3579 1652 AEgy-

467 1671 650 1732 niam
683 1669 976 1732 omnium
1017 1668 1548 1732 intellectualium
1591 1669 1976 1732 substantia-
2087 1668 2205 1750 ptii
2246 1669 2397 1731 victi
2444 1676 2616 1744 sunt,
2652 1667 2740 1731 ita
2770 1677 2833 1731 et
2874 1687 2989 1732 nos
3030 1667 3383 1733 vincemur.
3421 1669 3579 1732 Huic

463 1788 616 1830 rum
672 1767 1096 1846 intellectum,
1141 1768 1578 1850 capacitatem,
1613 1767 1975 1831 scientiam-
2085 1767 2469 1848 expositioni
2502 1767 3073 1844 catholicorum,ut
3104 1766 3259 1830 dicit
3291 1767 3574 1848 quidam,

461 1885 604 1948 que
647 1866 1062 1930 transcendit.
1100 1869 1434 1946 Erantque
1471 1870 1601 1926 duo
1644 1869 1780 1944 filii
1821 1869 1977 1928 Heli
2009 1860 2054 1920 Β
2087 1885 2215 1930 non
2238 1865 2489 1928 videtur
2518 1885 2869 1930 consonare
2901 1867 3109 1930 littera
3142 1885 3579 1948 sequenS,qua

459 1986 624 2026 cum
666 1986 822 2026 arca
852 1967 1116 2044 foederis
1135 1968 1429 2036 Domini,
1477 1967 1692 2042 Oplmi
1727 1974 1788 2025 et
1816 1968 1977 2027 Pki-
2086 1964 2404 2041 subditur,
2443 1967 2943 2043 Confer-camini,
2988 1976 3047 2026 et
3091 1975 3277 2025 estote
3322 1966 3479 2037 viri,
3513 1964 3577 2027 id

459 2087 646 2136 ηερε,
671 2073 975 2147 tanquam
1022 2064 1412 2147 principales
1455 2083 1618 2128 arcae
1654 2066 1971 2143 custodeS,
2086 2071 2182 2125 est
2229 2063 2467 2140 virileS,
2504 2081 2543 2126 o
2572 2065 2969 2133 Philistiim,
2998 2085 3079 2124 ne
3124 2065 3425 2124 serviatis
3457 2066 3580 2125 He-

461 2173 536 2227 et
579 2163 854 2226 Phinees
900 2163 1368 2245 primogenitus
1410 2163 1548 2226 Heli
1590 2163 1977 2245 fungebatur
2087 2163 2299 2232 broeis,
2328 2164 2495 2223 sicut
2533 2172 2593 2222 ec
2642 2164 2752 2222 illi
2788 2163 3152 2222 servierunt
3200 2162 3379 2222 nobis
3398 2183 3425 2232 ,·
3468 2161 3578 2223 sed

461 2261 704 2325 officio
746 2261 844 2323 sui
897 2261 1097 2343 patris
1146 2261 1211 2323 in
1263 2261 1506 2338 multiS,
1541 2262 1654 2343 qui
1703 2270 1767 2326 et
1818 2260 1976 2324 filiis
2086 2258 2451 2337 dicendum,
2486 2261 2656 2342 quod
2690 2260 2899 2322 littera
2931 2259 3050 2322 ista
3080 2259 3243 2322 bene
3272 2266 3582 2322 consonat

461 2360 610 2422 suis
633 2360 961 2442 praecepit,
983 2379 1065 2423 ne
1095 2361 1234 2423 sine
1263 2379 1410 2422 arca
1441 2361 1722 2423 redirent
1751 2361 1832 2422 ad
1863 2379 1931 2423 se
1957 2381 1970 2424 :
2086 2359 2521 2442 praeinductiS.
2564 2359 2701 2422 Non
2742 2359 2912 2421 enim
2956 2367 3051 2421 est
3092 2358 3575 2434 inconveniens,

461 2466 743 2540 propter
767 2459 938 2538 quod
963 2458 1316 2520 timuerunt
1345 2457 1640 2522 etacrius
1661 2476 1978 2540 pugnave-
2085 2459 2261 2538 quod
2303 2456 2471 2520 idem
2518 2456 2832 2520 exercitus
2878 2475 2955 2519 ex
3000 2456 3385 2538 quibusdam
3433 2471 3583 2519 con-

463 2565 650 2633 runt,
688 2565 760 2619 ut
801 2556 868 2618 in
902 2555 1293 2619 Scholastica
1339 2555 1640 2620 recitatur
1683 2555 1970 2619 historia.
2087 2555 2583 2620 siderationibus
2624 2555 3018 2633 formidavit,
3054 2554 3284 2618 deinde
3323 2573 3399 2618 ex
3438 2554 3581 2618 aliis

563 2658 906 2733 Quumque
927 2657 1196 2715 venisset
1227 2675 1382 2716 arca
1412 2657 1676 2731 foederis
1706 2656 1978 2717 Domini
2087 2655 2297 2718 causis
2330 2663 2393 2719 et
2412 2654 3032 2718 ‘considerationibus
3065 2673 3133 2718 se
3154 2653 3427 2717 invicem
3450 2653 3583 2716 ani-

463 2757 552 2813 in
583 2763 821 2824 castra,
857 2755 1252 2833 vociferatu-s·
1282 2763 1372 2814 est
1401 2755 1612 2814 omnis
1641 2756 1847 2814 Israel
1879 2774 1978 2814 vo-
2085 2754 2288 2819 mavit
2315 2762 2377 2817 et
2416 2752 2823 2830 confortavit,
2858 2753 3025 2816 sicut
3066 2762 3130 2816 et
3174 2752 3343 2814 idem
3389 2751 3581 2815 homo

129 2869 146 2886 ·
173 2868 432 2911 cranone
459 2853 586 2912 σε·
606 2854 861 2929 ⁴orandi
890 2869 1022 2932 prae
1065 2850 1321 2932 gaudi0,
1359 2859 1422 2913 et
1462 2871 1538 2914 ex
1583 2869 1696 2932 spe
1737 2871 1976 2934 praeva-
2085 2855 2294 2938 primo
2318 2854 2842 2932 veretur,deinde
2864 2873 2931 2917 se
2952 2853 3349 2917 consolatur:
3370 2870 3581 2935 quem—

463 2951 654 3014 lendi
701 2957 964 3032 propter
1011 2949 1390 3028 dignitatem
1441 2959 1505 3013 et
1553 2949 1974 3013 reverentiam
2083 2954 2428 3016 admodum
2450 2953 2642 3016 etiam
2665 2953 2835 3016 libro
2853 2953 3062 3035 primo
3082 2951 3577 3015 Machabaeorum

461 3068 642 3112 arcae
685 3047 1042 3131 praesentiS,
1087 3049 1166 3112 de
1207 3050 1392 3131 cujus
1423 3049 1701 3112 adventu
1732 3050 1858 3112 Dco
1889 3065 1976 3110 re-
2005 3061 2049 3126 c
2085 3053 2164 3116 (16
2210 3051 2489 3116 exercitu
2527 3052 2811 3117 Jonathae
2856 3051 3080 3128 fertur,
3113 3051 3284 3133 quod
3325 3050 3579 3131 cognita
3608 3067 3872 3116 imatzu.

457 3148 941 3229 gratiabantur.
962 3149 1037 3210 Et
1068 3148 1286 3212 forsan
1318 3149 1397 3211 ad
1430 3148 1872 3212 incutiendum
1905 3148 1977 3212 ti·
2085 3151 2659 3234 comprehensione
2698 3152 3002 3225 Ionathae‚
3038 3151 3117 3213 de
3146 3166 3274 3232 qua
3303 3149 3577 3213 maxime
3606 3134 3674 3177 ⁵⁰·

459 3264 722 3310 morem
766 3247 1174 3325 adversariis,
1209 3248 1402 3311 etiam
1449 3246 1542 3310 sic
1589 3246 1970 3311 clamabant.
2087 3251 2432 3315 doluerunt
2472 3259 2535 3313 et
2567 3250 2770 3313 territi
2802 3258 3005 3325 crant,
3030 3248 3264 3312 hortati
3304 3256 3454 3310 sunt
3482 3267 3578 3311 se-

459 3350 564 3409 Ec
579 3347 920 3424 personuit
943 3356 1130 3416 terra,
1149 3357 1209 3408 ec
1229 3350 1585 3408 audierunt
1609 3348 1976 3408 philistiim
2085 3350 2415 3431 metipsoS,
2458 3357 2520 3412 et
2562 3348 2853 3413 exierunt
2902 3347 3106 3430 parati
3148 3346 3215 3409 in
3259 3347 3573 3428 praelium.

461 3466 692 3507 vocem
735 3446 1064 3515 clamori&
1111 3448 1550 3525 dia-eruntque
1598 3466 1622 3505 .·
1664 3448 1974 3515 Quoenam
2085 3449 2315 3511 Imode
2346 3448 2470 3511 isto
2500 3448 2735 3509 suntin
2770 3446 3114 3529 Scripturis
3144 3446 3345 3509 multa
3376 3465 3580 3509 exem-

457 3554 566 3605 εει
611 3547 748 3605 hoec
787 3564 912 3603 vox
955 3546 1256 3603 clamoris
1301 3545 1550 3620 maqni,
1585 3543 1648 3605 id
1699 3551 1798 3607 est
1847 3552 1971 3607 tam
2085 3548 2214 3629 pla.
2250 3546 2575 3629 Expositio
2628 3562 2885 3627 quoque
2928 3545 3335 3609 Hebraeorum
3386 3563 3578 3626 quam

459 3641 590 3705 alti
613 3649 680 3703 ct
708 3640 1023 3721 gaudiosi,
1047 3642 1118 3702 in
1141 3643 1369 3702 eastris
1400 3643 1818 3703 Hebraeorum
1840 3645 1869 3703 ?
1891 3645 1975 3703 Ει
2085 3645 2289 3728 ponit,
2328 3664 2456 3708 non
2508 3644 2759 3708 videtur
2808 3643 3180 3708 recitatione
3231 3643 3573 3725 condigna.

456 3751 910 3819 coqnoverunt
931 3744 1101 3821 quod
1128 3762 1283 3801 arca
1301 3742 1572 3803 Domini
1601 3743 1870 3802 venisset
1901 3744 1973 3802 in
2088 3744 2568 3823 Consonat-mini
2596 3753 2655 3804 ec
2686 3745 2928 3803 bellate.

453 3849 712 3901 castra.
739 3839 918 3902 Unde
943 3837 1062 3901 hoc
1087 3847 1526 3920 cognoverunt
1546 3838 1847 3902 Philistaei
1868 3842 1890 3901 2
1911 3848 1974 3901 et
2163 3845 2639 3919 Puynaverunc
2680 3860 2825 3918 erqo
2858 3842 3253 3910 Philistiim,
3281 3850 3340 3901 cc
3382 3861 3578 3903 cresus

449 3937 634 4021 quid
669 3938 797 4018 ipsi
829 3937 1154 4001 sciverunt
1185 3936 1360 4018 loqui
1384 3937 1463 4001 dc
1494 3940 1675 4000 arca?
1697 3938 1974 4019 Respon-
2080 3950 2170 4001 est
2200 3942 2431 4009 Israel,
2450 3949 2510 3999 et
2546 3939 2725 4016 fuyit
2757 3938 3197 4018 unusquisque
3237 3938 3316 4001 de
3346 3938 3578 4001 exerci-

447 4036 785 4113 dendum,
811 4037 984 4118 quod
1022 4036 1185 4098 inter
1213 4036 1567 4099 Philistaeos
1599 4055 1769 4118 saepe
1799 4036 1972 4100 habi·
2084 4046 2150 4100 tu
2182 4036 2523 4117 Israel,qui
2555 4036 2822 4099 evadere
2851 4035 3082 4118 potuit,
3102 4037 3175 4097 in
3208 4038 3580 4097 tabernacu-

451 4143 776 4200 taverunt
798 4134 1060 4216 quidam
1085 4134 1342 4211 Hebraei,
1365 4144 1426 4197 et
1445 4134 1646 4216 aliqui
1669 4135 1973 4199 Philistaei
2086 4142 2225 4199 lum
2254 4158 2467 4199 suum.
2520 4140 2601 4199 Ec
2630 4140 2806 4216 facta
2846 4146 2936 4197 esc
2968 4140 3170 4214 playa
3208 4156 3449 4214 magna
3478 4139 3581 4197 ni-

449 4234 681 4298 multa
705 4233 1053 4296 audierunt
1079 4232 1160 4295 ab
1189 4232 1466 4296 Hebraeis
1485 4234 1564 4296 (16
1585 4235 1710 4297 Deo
1739 4243 1804 4297 et
1834 4234 1972 4315 lege
2001 4236 2052 4299 D
2085 4238 2230 4309 mic,
2254 4245 2314 4296 ec
2343 4238 2708 4297 ceciderunt
2727 4238 2806 4296 de
2825 4238 3032 4296 Israel
3062 4236 3339 4311 crv‘yinta
3363 4235 3579 4295 millia

449 4351 722 4408 eorum,
757 4340 822 4395 et
860 4332 940 4395 de
973 4330 1272 4395 efficacia
1303 4351 1375 4395 ac
1419 4332 1840 4407 sanctimonia
1876 4352 1973 4396 ar·
2075 4338 2399 4414 pedicum,
2421 4344 2480 4394 et
2510 4355 2661 4395 arca
2685 4337 2807 4396 Dei
2835 4344 3021 4411 capta
3052 4336 3312 4403 esc,duo
3331 4354 3581 4413 quoque

447 4451 586 4508 σω,
625 4429 864 4493 idcirco
894 4430 1384 4512 suspicabantur
1412 4449 1625 4493 arcam
1657 4431 1932 4495 venisse.
2082 4435 2217 4512 filii
2247 4436 2399 4495 Heli
2428 4435 2672 4495 mortui
2708 4443 2881 4495 sunt.
2920 4435 3197 4493 Curretia
3226 4442 3443 4493 autem
3475 4434 3582 4491 vir

561 4532 1074 4609 ffmueruncque
1102 4530 1498 4599 philistiim,
1527 4533 1806 4592 dicentes
1826 4553 1848 4591 .·
1868 4536 1973 4593 Ve-
2082 4536 2162 4593 de
2196 4536 2369 4593 tribu
2399 4533 2755 4611 Benjamin
2792 4554 2873 4591 em
2903 4533 3065 4600 acie,
3106 4548 3297 4612 quem
3329 4533 3428 4608 (ut
3460 4529 3581 4593 fer-

451 4632 578 4693 nic
595 4632 770 4691 Deus
803 4631 875 4689 in
895 4639 1134 4697 castra,
1158 4626 1221 4689 id
1243 4635 1358 4704 est,
1380 4628 1542 4691 Deus
1565 4628 1969 4694 Hebraeorum
2085 4634 2213 4711 tur)
2243 4630 2487 4694 Hebraei
2530 4630 2753 4693 dicunt
2804 4629 2999 4693 fuisse
3050 4629 3218 4705 Saul,
3268 4628 3575 4704 dicenteS,

447 4728 656 4794 venit
683 4728 762 4790 ad
792 4745 904 4791 eos
932 4729 1012 4791 ad
1043 4726 1506 4789 auxiliandum.
1533 4731 1618 4790 Ei
1649 4730 1974 4806 inyemzoe-
2082 4731 2254 4813 quod
2286 4728 2551 4793 abstulit
2582 4728 2830 4793 tabulas
2863 4726 3223 4791 testamenti
3266 4728 3345 4789 dc
3386 4746 3579 4789 manu

445 4836 662 4895 runc,
691 4829 975 4887 dicentes
1003 4829 1150 4887 :Vae
1193 4828 1392 4887 nobis.
1427 4828 1575 4889 Non
1615 4830 1792 4888 enim
1836 4830 1972 4906 fuit
2081 4830 2332 4893 Goliath
2369 4828 2631 4905 Gethaei,
2667 4846 2827 4909 quas
2872 4826 2982 4889 ille
3024 4846 3099 4889 ex
3129 4845 3277 4889 arca
3304 4824 3573 4907 accepit,

449 4935 664 4991 tanta
693 4927 1044 4987 exsultatio
1073 4928 1216 4986 heri
1243 4936 1302 4986 ei
1335 4928 1813 4988 nudiustertius
1833 4949 1856 4988 .·
1879 4950 1972 4990 voe
2083 4938 2146 4990 et
2177 4926 2525 5009 reportavit
2556 4945 2661 4989 eas
2702 4924 2768 4986 in
2812 4924 2963 4989 Silo.
3000 4923 3177 4998 Quod
3210 4922 3460 4987 videtur
3498 4923 3576 4985 ad

447 5026 680 5090 nob-is.
711 5026 876 5093 'Quis
909 5044 1023 5084 nos
1050 5025 1354 5094 servabit,
1386 5023 1452 5085 id
1483 5032 1579 5086 est
1609 5024 1859 5106 eripiet,
1893 5030 1974 5087 de
2081 5026 2371 5088 Iudaicas
2424 5023 2673 5087 fabulas
2723 5023 3066 5106 pertinere,
3114 5022 3271 5104 quia
3316 5031 3379 5086 et
3428 5021 3575 5085 Saul

448 5146 681 5188 manu
729 5128 1012 5185 Deorum
1059 5124 1442 5184 sublimium
1489 5126 1759 5185 istorum
1789 5128 1820 5186 ἓ
1848 5125 1971 5188 Cur
2085 5132 2237 5187 tunc
2268 5124 2639 5186 adolescens
2680 5120 2823 5197 fuit,
2861 5140 2979 5183 nec
3010 5121 3321 5203 potuisset
3354 5121 3577 5184 huma-

442 5222 811 5308 pluraliter
850 5220 1051 5298 aiunt,
1097 5222 1391 5298 Deorum,
1427 5240 1626 5303 quum
1667 5222 1830 5286 scire
1862 5241 1973 5305 po-
2085 5242 2166 5285 na
2197 5220 2481 5304 potentia
2512 5218 2761 5281 tabulas
2799 5218 3138 5283 abstulisse
3171 5218 3267 5281 illi
3305 5219 3569 5301 giganti.

441 5320 710 5387 tuerint
761 5318 944 5383 filios
993 5318 1181 5382 lsrael
1245 5337 1444 5381 unum
1495 5318 1702 5383 solum
1762 5320 1970 5384 colere
2084 5320 2148 5383 Si
2177 5328 2391 5382 autem
2423 5316 2893 5400 supernaturali
2926 5317 3163 5381 virtute
3194 5317 3258 5379 id
3288 5316 3438 5399 egit,
3474 5336 3573 5379 ea-
