4359 6250
1040 505 1385 552 mammo
1428 506 1489 551 IN
1532 505 1667 552 cAP.
1718 507 1738 550 1
1780 505 1939 552 unm
1981 507 2233 553 SECUNDI
2274 508 2498 558 REGUH.
2543 527 2624 538 —
2665 510 2807 556 ΛΒΤ.
2854 511 2898 556 11

3389 496 3508 560 435

404 685 623 740 autem
672 676 1031 740 considerat
1079 695 1333 758 gressus
1381 694 1552 739 suos.
1584 676 1653 738 ln
1701 675 1909 739 Eccle-
1937 675 1990 736 A
2017 679 2385 743 afficiamur
2422 679 2668 742 sincere
2705 681 2784 743 ad
2830 699 3017 744 omne
3065 681 3307 746 bonum
3354 703 3506 749 vere

46 777 243 879 fecli-
262 793 369 832 ¹¹1·
406 774 671 840 siastico
701 794 961 857 quoque
990 774 1299 856 scriptum
1328 783 1425 836 est
1449 791 1463 835 ε
1487 773 1603 848 Qui
1626 774 1755 838 cito
1776 793 1907 837 cre-

404 875 525 951 dit,
560 875 723 938 levis
766 877 957 938 corde
994 884 1111 950 est,
1154 883 1217 938 et
1255 873 1701 937 minorabitur.
1740 873 1897 936 Hinc

400 971 681 1036 Joannes
712 972 1037 1054 apostolus
1071 972 1137 1035 in
1168 991 1285 1034 sua
1312 972 1521 1054 prima
1548 970 1771 1033 scribit
1799 971 1907 1033 Ca-

46 1071 369 1127 noan-mv,
404 1070 641 1134 nonica
666 1088 681 1132 ε
702 1070 1049 1146 Carissimi,
1074 1069 1275 1132 nolite
1302 1069 1475 1132 omni
1500 1067 1755 1150 spiritui
1778 1088 1906 1132 cre-

402 1169 583 1246 dere,
618 1169 729 1232 sed
774 1169 1039 1252 probate
1082 1167 1347 1249 spiritus
1378 1167 1432 1229 si
1476 1187 1552 1230 ex
1584 1168 1709 1231 Deo
1748 1167 1898 1228 sint.

58 1273 366 1326 Hebr-xm.
400 1268 637 1332 Paulus
666 1288 922 1351 quoque
956 1287 970 1331 τ
1005 1268 1341 1344 DoctriniS‚
1369 1267 1599 1349 inquit,
1625 1265 1819 1331 variis
1842 1273 1905 1328 et

402 1367 765 1449 peregrinis
796 1367 995 1431 nolite
1020 1365 1275 1429 abduci.

486 1464 800 1541 Secunde,
834 1483 911 1528 ex
940 1463 1063 1526 isto
1093 1463 1375 1545 capitulo
1411 1462 1714 1525 docemur
1745 1459 1903 1524 cari-

402 1570 622 1640 tatem,
656 1562 787 1626 imo
833 1570 899 1625 et
946 1561 1383 1643 evangelicam
1432 1559 1895 1642 perfectionem

398 1659 591 1723 electi
621 1659 822 1724 David
863 1660 1113 1736 sectari,
1148 1659 1261 1741 qui
1308 1666 1578 1721 mortem
1624 1656 1725 1719 sui
1765 1676 1902 1720 cru-

2016 777 2376 853 honestum,
2412 785 2474 839 et
2507 778 2661 841 recti
2693 798 2765 841 ac
2798 779 2963 860 aequi
2995 779 3193 843 simus
3226 789 3498 860 tenaceS‚

2016 878 2176 939 nulli
2218 887 2551 960 parcentes
2599 887 2820 941 contra
2865 877 3201 957 justitiam.
3236 878 3392 940 Nam
3439 887 3505 942 et

2013 974 2196 1037 illum
2231 976 2429 1040 David
2469 975 2621 1038 fecit
2665 975 2893 1052 occidi,
2927 975 3039 1057 qui
3079 995 3147 1038 se
3177 976 3340 1038 dixit
3381 997 3505 1040 ma-

2013 1072 2255 1135 ximum
2297 1073 2629 1136 inimicum
2663 1073 2859 1136 David
2901 1072 3320 1136 interfecisse.
3353 1073 3499 1148 Qui-

2012 1172 2156 1234 dam
2190 1190 2341 1236 vero
2371 1172 2460 1234 ita
2499 1171 2724 1253 injusti
2765 1179 2934 1247 sunt,
2973 1178 3041 1233 ut
3078 1190 3224 1235 mox
3261 1171 3354 1234 eis
3384 1192 3495 1255 ap-

2010 1269 2333 1350 plaudant,
2349 1269 2425 1330 ad
2434 1269 2711 1331 haereant
2729 1277 2794 1332 et
2811 1269 3260 1350 adsistant,qui
3282 1288 3502 1334 eorum

2009 1366 2390 1429 adversariis
2421 1386 2488 1429 se
2513 1375 2868 1449 opponunt,
2889 1375 2952 1430 et
2985 1367 3138 1429 tales
3163 1366 3330 1430 fiunt
3351 1367 3502 1432 faci-

2010 1462 2155 1526 liter
2197 1462 2496 1545 partiales
2533 1481 2548 1525 :
2581 1465 2752 1545 quod
2784 1464 3270 1546 praesidentibus
3310 1473 3502 1549 atque

2006 1561 2331 1640 judicibus
2363 1570 2459 1625 est
2489 1563 2762 1625 maxime
2803 1564 3312 1645 praecavendum.
3347 1563 3502 1626 Prae—

2012 1665 2184 1722 terea
2211 1659 2690 1735 advertendum,
2713 1660 2882 1741 quod
2915 1659 3100 1723 Saule
3129 1661 3361 1738 occis0‚
3387 1661 3502 1723 Da-

397 1758 716 1820 delissimi
747 1766 813 1821 et
847 1757 1256 1840 injustissimi
1307 1756 1553 1819 inimici
1596 1764 1723 1818 tam
1755 1772 1897 1818 eor-
2009 1756 2113 1820 vid
2146 1757 2335 1820 scivit
2365 1757 2490 1819 sibi
2519 1756 2662 1838 jure
2691 1758 2911 1821 divino
2935 1759 3040 1840 jus
3084 1761 3296 1841 regale
3325 1779 3498 1824 com-

397 1855 657 1918 dialiter
686 1855 1075 1938 deploravit:
1100 1855 1271 1936 quod
1303 1853 1527 1935 utique
1558 1872 1685 1916 non
1720 1851 1900 1915 fecis-
1934 1857 1980 1918 Β
2007 1863 2252 1936 petere,
2296 1856 2600 1937 quoniam
2650 1876 2726 1919 ex
2774 1856 2884 1919 Dei
2927 1857 3215 1939 jussione
3265 1869 3495 1922 unctus
3553 1875 3786 1933 meam.

396 1963 519 2031 set,
567 1953 695 2015 nisi
736 1972 885 2016 eum
932 1952 1259 2016 dilexisset
1306 1971 1384 2015 ex
1433 1952 1643 2028 corde,
1681 1970 1718 2013 a
1763 1968 1891 2032 quo
2010 1951 2132 2014 fuit
2164 1953 2230 2015 in
2254 1972 2462 2034 regem
2495 1955 2570 2016 ad
2605 1956 2994 2034 regnandum
3026 1965 3170 2038 post
3199 1957 3448 2020 Saulem
3477 1977 3492 2020 ε
3526 1941 3594 1983 ¹³·

394 2074 549 2119 cum
582 2063 713 2117 tota
756 2073 873 2116 sua
900 2052 1228 2135 parentela
1263 2052 1385 2114 fuit
1423 2053 1647 2134 pulsus
1694 2051 1773 2114 de
1803 2069 1899 2113 re-
2008 2050 2404 2120 ideohabuit
2432 2052 2870 2114 auctoritatem
2902 2053 3234 2117 occidendi
3264 2055 3492 2137 praefa-

92 2361 289 2406 March.
310 2375 363 2413 v,

64 3216 133 3258 1¹1.

104 3546 193 3589 1οὸ
219 3558 351 3593 xxxx,

396 2175 549 2237 gno,
602 2155 922 2237 totiesque
964 2154 1268 2236 quaesitus
1317 2153 1398 2216 ad
1445 2153 1892 2216 occidendum.

392 2254 535 2316 Jam
564 2270 715 2332 ergo
745 2252 867 2315 sub
896 2251 1033 2332 lege
1066 2251 1359 2333 implevit
1388 2251 1609 2327 David,
1633 2251 1805 2331 quod
1828 2250 1893 2312 in

394 2349 745 2431 Evangelio
764 2349 948 2430 jubet
967 2347 1290 2410 Christus:
1318 2347 1571 2428 Diligite
1602 2346 1895 2410 inimicos

394 2457 666 2524 vestrm,
721 2445 1081 2510 benefacite
1126 2446 1226 2507 his
1275 2445 1388 2526 qui
1437 2445 1707 2508 oderunt
1757 2464 1890 2510 vos,

391 2547 575 2622 Quod
605 2555 809 2610 totum
840 2555 902 2610 et
932 2565 1049 2609 nos
1080 2546 1349 2628 implere
1378 2564 1703 2623 conemur,
1740 2545 1894 2608 alio-

389 2644 511 2726 qui
545 2663 674 2708 non
704 2643 945 2708 erimus
975 2644 1111 2708 veri
1144 2644 1531 2723 evangelicae
1571 2643 1731 2724 legis
1762 2643 1895 2706 cul-

390 2751 588 2806 tores.
621 2743 907 2825 Insuper,
941 2740 1157 2803 nullus
1189 2741 1272 2803 sit
1301 2741 1389 2804 ita
1415 2741 1788 2817 malevoluS,
1822 2749 1897 2802 ut

388 2843 473 2906 de
502 2842 1016 2906 adversariorum
1046 2860 1307 2905 suorum
1341 2841 1746 2918 adversitate,
1776 2840 1895 2902 rui-

392 2960 481 3004 na
498 2949 610 3004 aut
630 2950 835 3006 morte
856 2942 1277 3006 laetetur.1mo
1297 2961 1441 3005 cum
1462 2942 1663 3006 David
1685 2941 1895 3023 potius

2008 2158 2139 2210 tum
2181 2148 2670 2212 adolescentem.
2703 2187 2784 2195 —
2810 2150 3041 2224 Quinto
3085 2172 3162 2216 ex
3201 2153 3492 2217 hocloco

2004 2247 2331 2310 erudimur
2362 2248 2471 2330 pia
2501 2247 2940 2331 compassione
2972 2259 3256 2315 mortuos
3285 2252 3498 2334 deplo-

2005 2365 2165 2422 rare,
2193 2347 2544 2429 praesertim
2575 2346 2774 2410 bonos
2806 2348 3099 2429 praelatos
3130 2369 3204 2412 ac
3234 2350 3497 2414 devotos

2004 2445 2430 2528 presbyteroS,
2466 2464 2593 2508 non
2625 2445 2778 2526 quia
2807 2447 3240 2526 migraverunt
3271 2449 3349 2511 de
3380 2449 3496 2510 hu-

2003 2544 2107 2623 jus
2152 2544 2301 2607 vitae
2341 2543 2641 2605 aerumnis
2681 2544 2759 2605 ad
2798 2544 3157 2622 Dominum,
3193 2547 3302 2610 sed
3346 2547 3501 2629 quia

2004 2641 2288 2705 Ecclesia
2319 2641 2554 2714 talibus
2588 2641 2744 2703 filiis
2777 2650 2874 2704 est
2905 2643 3173 2724 privata,
3209 2653 3273 2708 et
3317 2644 3498 2726 plebs

2000 2739 2238 2802 Christi
2270 2739 2504 2802 'talibus
2542 2740 2855 2822 patribuS,
2891 2741 3244 2805 rectoribus
3277 2763 3350 2806 ac
3399 2763 3500 2825 pa-

2004 2839 2206 2902 tronis
2237 2847 2334 2902 est
2362 2838 2683 2902 destituta.
2717 2838 2877 2902 Hinc
2909 2839 3065 2902 tales
3095 2840 3496 2924 presbyteros

2003 2947 2068 3001 et
2108 2946 2394 3020 pastores
2433 2937 2495 3000 S.
2537 2936 2910 3001 Ambrosius
2955 2941 3289 3005 consuevit
3335 2961 3500 3005 ama-

393 3039 861 3122 deplangamus
906 3039 1165 3104 illorum
1217 3040 1566 3116 interitum,
1618 3039 1898 3102 adversi-
1930 3033 1975 3098 C
2006 3036 2258 3099 rissime
2287 3036 2641 3118 deplorare.

342 3183 357 3203 .
395 3147 594 3201 tatem
621 3147 685 3203 et
714 3159 955 3217 casum,
982 3158 1183 3221 quum
1207 3138 1516 3222 seriptum
1546 3138 1631 3221 sit
1656 3138 1895 3212 :Quum

396 3236 705 3301 ceciderit
740 3236 1041 3299 inimicus
1079 3244 1247 3313 tuuS,
1284 3255 1365 3299 ne
1397 3236 1693 3317 gaudeaS,
1728 3242 1793 3298 et
1830 3234 1897 3297 in

397 3334 589 3397 ruina
619 3334 795 3396 illius
836 3354 917 3397 ne
948 3334 1220 3397 exsultet
1250 3352 1358 3397 cor
1391 3341 1593 3394 tuum.
1627 3332 1803 3395 Unde
1833 3339 1895 3395 et

396 3441 659 3495 sanetus
695 3431 813 3495 Job
850 3433 931 3494 de
968 3452 1035 3495 se
1074 3431 1215 3513 ipso
1251 3432 1330 3494 ad
1370 3438 1651 3494 nostram
1690 3429 1897 3493 aedifi-

396 3530 717 3593 cationem
760 3528 995 3593 fatetur
1030 3548 1046 3591 :
1082 3530 1146 3595 Si
1178 3531 1435 3612 gavisus
1475 3550 1616 3593 sum
1656 3530 1733 3592 ad
1774 3530 1897 3593 rui-

398 3646 548 3689 nam
579 3627 721 3709 ejus
741 3627 855 3709 qui
884 3646 989 3690 me
1018 3628 1257 3706 oderat,
1284 3636 1348 3691 et
1376 3629 1690 3694 exsultavi
1721 3631 1893 3712 quod

397 3724 757 3788 invenisset
785 3744 934 3787 eum
965 3725 1229 3788 malum.

478 3823 694 3885 Tertio
741 3822 1123 3885 instruimur
1165 3843 1241 3887 ex
1292 3824 1415 3887 hoc
1459 3823 1620 3902 locO,
1660 3834 1899 3907 quanta

397 3918 599 3983 fuerit
628 3919 833 3983 sancti
863 3915 1062 3983 David
1092 3920 1443 3998 humilitas,
1468 3922 1621 4003 quia
1656 3922 1734 3984 ad
1764 3930 1895 3985 tan-

394 4018 445 4078 ti
470 4018 653 4099 regni
674 4018 1105 4101 principatum
1127 4038 1530 4101 nequaquam
1550 4020 1899 4103 adspiravit

395 4115 739 4180 ambitiose
774 4134 787 4178 :
825 4136 973 4179 nam
1020 4136 1127 4181 eos
1177 4136 1451 4199 quorum
1492 4118 1897 4200 praesidentia

2084 3140 2170 3199 Ec
2187 3138 2496 3215 praecepit
2525 3135 2742 3213 David,
2773 3146 2842 3197 ιιι
2869 3139 3162 3199 docerent
3175 3140 3347 3217 filios
3365 3143 3476 3201 Ju-
3493 3140 3508 3153 '

2001 3239 2091 3297 da
2117 3256 2368 3296 arcum.
2397 3234 2510 3298 Per
2540 3234 2735 3299 David
2771 3234 3153 3316 intelligitur
3180 3236 3490 3315 ChristuS‚

1996 3334 2114 3416 ,qui
2134 3333 2316 3415 jubet
2338 3342 2408 3395 ut
2429 3334 2894 3415 praedicatoreS‚
2917 3342 3202 3415 pastores
3223 3343 3287 3398 et
3317 3356 3497 3418 supe-

2004 3432 2203 3495 riores
2225 3434 2493 3495 doceant
2516 3431 2689 3495 filios
2703 3432 2883 3508 Juda,
2907 3431 2973 3496 id
2993 3441 3090 3495 est
3120 3431 3346 3497 fideles
3369 3434 3493 3498 sibi

2003 3531 2398 3607 commissos
2435 3549 2674 3607 arcum,
2700 3530 2762 3592 id
2796 3537 2894 3594 est
2923 3539 3120 3595 artem
3154 3532 3496 3614 spirituali-

2006 3638 2099 3693 ter
2142 3630 2481 3710 sagittandi
2519 3629 2911 3694 adversarias
2954 3638 3316 3711 potestateS,
3351 3651 3494 3713 quae

2007 3727 2402 3793 ferventibus
2449 3727 3012 3809 adspirationibuS,
3067 3729 3494 3792 orationibus-

2004 3846 2130 3909 que
2158 3826 2402 3891 devotis
2425 3835 2490 3889 et
2517 3826 2690 3889 omni
2713 3827 3162 3891 exercitatione
3183 3828 3492 3891 virtutum

2004 3926 2383 4005 sagittantur
2404 3944 2514 3987 seu
2544 3923 2952 4005 affliguntur.
2972 3925 3088 3988 Ars
3109 3926 3300 3989 etiam
3329 3927 3495 3989 salu-

2002 4022 2278 4086 berrime
2308 4022 2647 4103 sagittandi
2678 4031 2794 4099 est,
2829 4021 3042 4086 verbis
3068 4022 3332 4087 fervidae
3362 4043 3500 4087 ser-

2004 4122 2450 4185 mocinationis
2499 4130 2562 4184 et
2610 4119 2678 4183 af
2683 4118 2985 4184 fectuosae
3031 4122 3498 4186 exhortationis

396 4224 508 4276 aut
536 4215 673 4277 vita
701 4213 1125 4279 differebatur
1150 4236 1187 4279 a
1217 4216 1389 4297 regia
1418 4217 1747 4297 dignitate,
1767 4226 1895 4279 tam
1924 4221 1973 4283 D
2005 4220 2402 4282 audientium
2454 4220 2646 4283 corda
2694 4220 3042 4282 accendere
3062 4271 3076 4297 ‚
3132 4220 3495 4303 amorisque

396 4312 537 4376 dire
564 4312 856 4377 deflevit.
882 4313 1063 4376 Abs-it
1084 4334 1235 4397 ergo
1266 4334 1305 4378 a
1332 4314 1667 4397 discipulis
1697 4324 1761 4379 et
1780 4316 1895 4377 mi-

394 4412 617 4475 nistris
646 4412 793 4473 Filii
824 4412 935 4475 Dei
982 4412 1193 4475 omnis
1242 4412 1434 4475 elatio
1478 4421 1543 4475 et
1590 4412 1897 4477 universa

393 4511 687 4587 ambitio,
707 4530 824 4575 nec
843 4531 960 4595 pro
990 4512 1090 4574 sui
1112 4512 1314 4595 ipsius
1339 4532 1455 4576 nec
1475 4532 1589 4595 pro
1618 4512 1889 4578 aliorum

391 4610 803 4692 promotione
840 4610 1184 4693 quisquam
1223 4611 1469 4674 laboret
1500 4611 1754 4675 incaute
1783 4620 1893 4674 aut

394 4710 788 4793 importune.
840 4710 1292 4775 Verumtamen
1339 4709 1601 4792 quidam
1647 4710 1713 4771 in
1765 4718 1899 4771 tan-

390 4818 533 4873 tum
554 4818 952 4875 excaecantur
972 4812 1317 4875 vanissima
1335 4809 1705 4887 ambitione,
1726 4810 1897 4890 quod

390 4926 618 4972 eorum
648 4916 918 4973 mortem
949 4911 1332 4988 desiderant,
1357 4928 1631 4992 quorum
1670 4908 1898 4973 officia

389 5014 507 5069 aut
532 5007 973 5089 praelationem
1009 5008 1147 5072 sive
1177 5008 1588 5090 praebendam
1630 5007 1754 5071 sibi
1786 5016 1893 5070 aut

392 5106 533 5169 suis
560 5116 888 5190 exoptant,
913 5116 977 5172 et
1008 5108 1095 5171 ita
1124 5127 1337 5172 coram
1358 5108 1485 5171 Deo
1516 5116 1667 5171 sunt
1697 5107 1896 5169 homi-

392 5206 581 5269 cidae.
613 5241 699 5252 —
721 5205 955 5280 Quarto
994 5206 1420 5271 informamur
1450 5226 1527 5269 ex
1569 5206 1694 5270 isto
1725 5205 1895 5287 capi-

392 5306 537 5371 tulo
574 5307 655 5369 ad
690 5306 900 5370 zelum
927 5307 1213 5389 justitiae,
1250 5316 1321 5369 ut
1359 5306 1651 5389 exemplo
1696 5304 1892 5369 David

2004 4318 2208 4381 sancti
2234 4318 2448 4398 jaculo
2485 4316 2834 4400 perforare.
2872 4318 3088 4399 ltaque
3113 4319 3295 4399 juxt-a
3321 4318 3500 4382 Glos-

2004 4436 2162 4493 sam,
2198 4415 2323 4477 filii
2349 4415 2510 4478 Juda
2541 4424 2690 4478 sunt
2730 4414 2856 4477 filii
2898 4413 3347 4494 confessioni8‚
3383 4416 3495 4499 qui

2003 4516 2194 4579 corde
2233 4515 2499 4578 credunt
2547 4514 2623 4576 ad
2665 4514 3004 4596 justitiam,
3039 4522 3102 4577 et
3139 4533 3248 4578 ore
3293 4515 3500 4578 confi·
3529 4532 3792 4582 flom.x‚1o.

2002 4622 2217 4677 tentur
2254 4613 2333 4676 ad
2366 4612 2668 4686 salutem3
2710 4612 2822 4693 qui
2866 4612 3109 4694 duplici
3148 4611 3503 4676 confessio-

2004 4731 2085 4775 ne
2126 4720 2456 4789 ornantur,
2490 4710 2790 4774 videlicet
2837 4710 3242 4774 confessione
3285 4711 3500 4774 laudis

2002 4811 2238 4875 divinae
2280 4830 2352 4873 ac
2405 4809 2679 4892 propriae
2727 4809 2954 4890 culpae.
2994 4808 3117 4871 Hos
3149 4808 3288 4874 vult
3331 4810 3500 4872 Deus

2004 4929 2152 4972 arcu
2207 4908 2546 4990 Scripturae
2585 4906 2862 4983 muniri,
2912 4925 2994 4970 ne
3032 4925 3147 4988 per
3204 4907 3500 4987 ignoran-

2004 5008 2157 5069 tiam
2179 5007 2246 5069 in
2277 5007 2635 5069 daemonum
2667 5012 3011 5086 conspectu
3051 5005 3497 5068 succumbant.

2005 5107 2312 5168 Praeterea
2339 5106 2405 5167 in
2437 5103 2776 5185 Scripturis
2808 5123 2922 5186 per
2961 5103 3255 5183 sagittam
3303 5104 3507 5168 multa

2004 5202 2476 5285 significantur.
2509 5202 2738 5279 Primo,
2765 5202 2976 5279 timor,
3014 5219 3207 5283 poena
3242 5202 3379 5266 sive
3401 5204 3509 5265 ad·-

2004 5303 2292 5379 versita3‚
2317 5308 2387 5365 ut
2416 5320 2616 5383 quum
2647 5308 2904 5364 sanctus
2923 5299 3041 5364 Job
3072 5308 3496 5383 protestatur:
