4359 6250
986 517 1334 564 ENARRATIO
1376 518 1438 564 m
1480 518 1616 564 m.
1663 517 1750 564 XX
1790 516 1948 563 unm
1985 518 2189 565 'raum
2228 519 2453 566 amun.
2493 539 2575 550 ·-
2613 521 2757 567 ΛΒΤ.
2798 521 2927 568 m

3380 504 3497 568 717

391 699 552 767 stat,
591 691 704 772 qui
753 692 833 755 ad
880 693 1344 757 occurrendum
1381 689 1591 755 Judici
1642 712 1895 757 summo
1926 688 1977 750 A
2009 694 2561 760 defectuositatem
2592 695 3006 774 pensandam,
3040 693 3257 758 oculos
3287 695 3499 760 cordis

391 807 658 871 semper
689 799 978 872 paratum
999 811 1066 856 se
1095 791 1372 868 exhibet,
1399 799 1462 854 et
1482 791 1770 874 quotidie
1803 799 1900 854 est

391 887 758 970 dispositus
787 890 867 952 ad
895 890 1350 972 egrediendum
1383 891 1460 954 de
1489 909 1742 954 carcere
1763 909 1900 953 cor-

393 987 584 1067 poris
611 987 827 1069 hujus·

497 1088 794 1164 Spiritus
834 1091 1113 1165 ¹orandis
1156 1099 1217 1150 et
1263 1090 1481 1170 fortis,
1529 1090 1896 1150 subvertens

394 1195 671 1256 monteS,
684 1196 744 1246 et
763 1197 1088 1248 conterens
1099 1198 1322 1267 petras
1351 1199 1501 1250 ante
1518 1189 1893 1249 Dominum.

398 1282 682 1364 Spiritus
713 1284 834 1347 iste
864 1284 1225 1368 piissimum
1246 1295 1309 1348 et
1337 1305 1598 1350 suavem
1619 1285 1729 1350 Dei
1752 1305 1902 1368 prae-

393 1383 640 1444 cedens
681 1384 1050 1461 adventum,
1085 1393 1180 1448 est
1225 1385 1634 1450 comminatio
1670 1386 1779 1448 Dei
1833 1386 1898 1448 in

393 1480 643 1544 divinis
675 1481 1042 1564 ScripturiS,
1068 1503 1210 1565 quae
1239 1484 1562 1547 interdum
1585 1483 1897 1567 superbos

398 1587 721 1660 perterret
748 1589 811 1643 et
840 1581 1081 1662 dejicit,
1115 1582 1203 1644 ita
1231 1583 1403 1664 quod
1434 1589 1900 1646 convertuntur

399 1695 479 1738 ac
511 1678 847 1759 poenitent.
879 1680 1090 1743 Petras
1135 1699 1412 1763 quoque,
1455 1681 1576 1744 hoc
1610 1688 1706 1742 est
1743 1679 1902 1740 dura

401 1783 470 1838 et
498 1775 751 1857 lapidea
793 1779 1006 1856 corda,
1041 1778 1287 1841 emollit
1329 1799 1401 1842 ac
1451 1798 1681 1842 carnea
1720 1777 1894 1840 facit.

1966 791 1985 806 ⁰
2011 793 2310 857 reflectit.

2090 892 2331 956 Deinde
2362 911 2475 974 per
2502 892 2705 955 Eliam
2735 892 2839 956 cui
2873 893 3242 976 praecipitur
3262 910 3501 973 ungere

2011 991 2322 1071 quosdam
2371 989 2439 1051 in
2490 1008 2689 1070 regeS‚
2723 999 2786 1053 et
2831 990 3113 1054 Eliseum
3154 992 3221 1055 in
3265 999 3496 1070 vatem,

2010 1089 2389 1171 exprimitur
2421 1087 2729 1164 Christus,
2756 1089 2865 1170 qui
2896 1089 3197 1152 unctione
3226 1089 3499 1172 Spiritus

2012 1186 2224 1250 Sancti
2278 1187 2588 1270 quosdam
2638 1184 3041 1265 dignificavit
3098 1188 3176 1250 ad
3228 1204 3497 1267 regnan-

2011 1287 2187 1363 dum,
2221 1306 2295 1349 ac
2338 1285 2807 1368 praesidendum
2855 1284 2922 1346 in
2971 1284 3114 1365 jure
3156 1284 3497 1368 spirituali,

2011 1386 2321 1466 quosdam
2352 1385 2419 1446 in
2455 1385 2599 1466 jure
2634 1383 2832 1460 civili,
2869 1401 2983 1466 per
3020 1403 3179 1465 quos
3227 1383 3502 1447 correxit

2012 1483 2292 1566 iniquos
2334 1486 2420 1545 Et
2466 1486 2912 1563 derelinquam
2960 1484 3127 1544 milti
3175 1485 3248 1542 in
3296 1485 3505 1544 Israel

2010 1589 2247 1658 septem
2270 1580 2485 1640 millia
2508 1582 2823 1652 virorum,
2841 1599 3119 1658 quorum
3132 1600 3350 1658 yenua
3374 1600 3504 1640 non

2009 1687 2162 1738 sunt
2214 1687 2487 1739 curvata
2529 1688 2679 1739 ante
2714 1682 2908 1740 Baal.
2956 1677 3217 1760 Semper
3265 1678 3505 1760 quippe

2013 1785 2162 1838 sunt
2202 1775 2399 1858 aliqui
2442 1776 2594 1838 boni
2637 1777 2702 1838 in
2744 1776 3025 1839 Ecclesia
3067 1776 3199 1854 Dei,
3234 1777 3345 1860 qui
3396 1797 3505 1840 ne—

401 1873 544 1936 Non
579 1875 876 1937 tamenin
898 1877 1015 1939 hac
1037 1876 1532 1941 comminatione
1551 1877 1892 1940 Dominus:
1938 1878 1982 1940 B
2011 1893 2332 1956 quaquam
2352 1875 2678 1938 adhaerent
2707 1874 2896 1937 rebus
2928 1875 3217 1952 terreniS‚
3244 1876 3502 1938 caducis

400 1972 712 2052 quoniam
734 1992 809 2036 ex
830 1975 1327 2040 comminatione
1347 1986 1410 2039 et
1431 1975 1648 2040 servili
1675 1975 1902 2039 timore

401 2070 535 2133 Deo
565 2072 826 2150 servire,
863 2091 988 2136 non
1023 2082 1118 2137 est
1157 2075 1552 2138 meritorium
1590 2082 1701 2137 aut
1728 2093 1902 2137 acce-

400 2177 612 2250 ptum.
651 2172 732 2232 E't
753 2181 898 2248 post
923 2175 1235 2250 spiritum
1267 2176 1620 2246 commotio,
1655 2174 1776 2236 hoc
1805 2179 1901 2236 est

402 2266 749 2348 trepidatio
794 2289 871 2332 ex
909 2271 1406 2335 comminatione
1451 2271 1724 2348 incussa,
1759 2290 1900 2352 quae

397 2367 509 2446 (ut
538 2373 777 2430 tactum
807 2371 930 2450 est)
950 2388 1079 2433 non
1111 2368 1360 2433 sufficit
1388 2372 1467 2432 ad
1498 2370 1789 2433 salutem.
1814 2373 1900 2432 Et

396 2475 546 2542 post
573 2469 1054 2528 commotionem
1077 2470 1272 2545 iynis,
1291 2467 1356 2530 id
1378 2478 1474 2531 est
1503 2468 1754 2530 intensa
1775 2489 1901 2533 me-

403 2563 612 2625 moria
641 2563 922 2627 incendii
954 2566 1352 2647 gehennaliS,
1386 2586 1578 2648 quam
1615 2566 1782 2649 parit
1812 2567 1902 2628 di·

406 2661 550 2725 vini
599 2661 792 2726 timor
839 2664 1106 2745 judicii3
1141 2666 1252 2728 sed
1299 2685 1415 2729 nec
1465 2665 1530 2729 in
1584 2665 1732 2747 igne
1780 2665 1901 2728 hoc

402 2760 738 2839 DominuS‚
773 2762 874 2825 cui
918 2763 1056 2826 sine
1085 2764 1346 2828 caritate
1389 2764 1478 2826 nil
1521 2764 1896 2846 complacet.

405 2861 494 2920 Ec
517 2870 662 2937 post
689 2863 905 2938 iynem
931 2864 1162 2924 sibilus
1191 2884 1373 2926 auroe
1396 2864 1627 2935 tenuis,
1651 2863 1771 2926 hoc
1799 2870 1900 2926 est

406 2955 683 3034 interna,
715 2959 954 3040 quieta,
989 2970 1053 3023 et
1081 2962 1286 3024 dulcis
1322 2961 1669 3044 adspiratio
1704 2961 1902 3043 Spiri-

2011 1982 2072 2035 et
2127 1973 2332 2050 vaniS‚
2385 1972 2586 2052 magis
2638 1991 2829 2053 quam
2878 1972 3387 2037 incommutabili
3438 1982 3503 2037 et

2010 2070 2661 2153 incircumscriptibili
2692 2071 2881 2134 bon0.
3219 2147 3228 2152 ,

2087 2172 2427 2248 Profectus
2468 2173 2623 2231 inde
2649 2173 2862 2241 Elina,
2904 2175 3139 2250 reperit
3175 2173 3491 2244 Eliseum,

2010 2289 2202 2352 super
2258 2288 2448 2352 quem
2500 2271 2681 2331 misit
2724 2273 3007 2348 pallium
3062 2291 3279 2333 suum.
3338 2271 3498 2334 Ecce

2008 2369 2179 2450 quod
2208 2367 2514 2431 Dominus
2546 2367 2755 2431 virum
2788 2368 2971 2431 illum
3008 2369 3405 2432 rusticanum
3439 2379 3501 2434 et

2010 2465 2366 2548 simplicem
2388 2466 2580 2547 elegit
2600 2466 2667 2529 in
2687 2466 3063 2549 Prophetam
3085 2469 3497 2550 praecipuum:

2009 2571 2071 2626 et
2104 2564 2268 2627 sicut
2298 2583 2489 2646 super
2518 2565 2702 2627 illum
2733 2564 3014 2629 extendit
3037 2566 3203 2628 Elias
3234 2567 3501 2648 pallium

2010 2681 2219 2738 suum,
2254 2662 2347 2724 sic
2378 2662 2501 2724 viri
2531 2663 2840 2726 virtutum
2885 2663 3153 2744 gratiam
3186 2664 3309 2727 sibi
3354 2685 3505 2730 con-

2008 2779 2273 2837 cessam,
2318 2760 2460 2822 aliis
2504 2761 2973 2825 communicare
3019 2763 3335 2826 nituntur.
3371 2767 3503 2834 Qui

2009 2862 2231 2920 statim
2260 2859 2505 2920 relictis
2536 2860 2747 2929 bobur,
2768 2863 3061 2921 cucurrit
3080 2871 3225 2938 post
3244 2865 3504 2924 Eliam:

2009 2956 2315 3038 quoniam
2347 2955 2414 3017 hi
2458 2975 2617 3037 quos
2660 2957 2860 3037 tangit
2890 2965 2953 3020 et
2993 2957 3278 3023 incendit
3308 2960 3506 3044 Spiri-

407 3063 512 3117 tus
535 3055 904 3141 Sancti,qui
936 3059 1137 3122 instar
1158 3060 1518 3124 suavissimi
1541 3059 1700 3124 roris
1723 3077 1900 3122 men·
1935 3054 1978 3117 C
2013 3063 2112 3117 tus
2144 3054 2432 3133 Sanctus,
2466 3055 2703 3119 relictis
2744 3056 3108 3121 carnalibus
3152 3056 3501 3122 affectibus

407 3162 539 3217 tem
567 3155 920 3238 perfundit,
955 3168 1218 3236 recreat,
1252 3158 1498 3241 implet,
1531 3160 1708 3240 juxta
1737 3158 1896 3220 illud

115 3278 372 3330 eamme
409 3253 480 3315 in
525 3254 824 3333 CanticiS,
876 3256 1058 3333 Veni,
1101 3257 1349 3334 Auster,
1395 3256 1598 3339 perfla
1645 3256 1900 3319 hortum

409 3370 628 3414 meum
667 3370 680 3414 :
714 3353 857 3417 ideo
905 3355 1211 3419 Dominus
1253 3364 1349 3419 est
1396 3355 1464 3417 in
1514 3354 1706 3418 sibilo
1753 3355 1898 3419 isto,

129 3475 288 3527 10⁶2„
307 3478 381 3521 ιο,
407 3449 592 3514 Unde
621 3459 684 3513 et
715 3452 780 3513 in
808 3453 924 3517 Job
957 3453 1120 3517 libro
1159 3455 1393 3518 dicitur
1418 3454 1690 3517 :Vocem
1720 3452 1902 3534 quasi

408 3566 582 3611 aurae
623 3551 832 3613 tenuis
875 3552 1114 3617 audivi.
1152 3557 1332 3624 Quod
1375 3573 1579 3633 quum
1619 3553 1903 3612 audisset

407 3648 626 3718 Elias,
649 3652 902 3726 operuit
941 3656 1198 3714 vultum
1227 3673 1422 3713 suum
1456 3652 1664 3729 pallio
1695 3671 1718 3711 .·
1749 3648 1902 3731 quia

411 3744 511 3805 vir
553 3747 984 3826 speculativas
1029 3750 1096 3812 in
1133 3750 1674 3832 contemplatione
1719 3748 1904 3811 mira-

407 3841 640 3905 bilium
660 3844 970 3909 Altissimi
996 3848 1240 3928 deficit,
1257 3858 1446 3932 atque
1465 3850 1545 3912 ad
1580 3847 1906 3931 propriam

2010 3161 2073 3216 et
2103 3154 2404 3236 peccatiS,
2442 3154 2743 3218 festinant
2778 3156 2859 3219 ad
2892 3155 3251 3235 Dominum,
3290 3176 3363 3221 ac
3393 3157 3505 3221 bo-

2012 3271 2120 3315 ves
2162 3240 2483 3330 occidunt,
2520 3261 2711 3335 atque
2758 3255 2839 3317 de
2879 3254 2972 3317 eis
3020 3264 3248 3337 parant
3288 3256 3507 3319 convi-

2011 3350 2189 3413 vium
2220 3352 2549 3435 proximiS,
2582 3354 2886 3434 quoniam
2922 3355 3204 3418 carnalia
3232 3355 3507 3419 oblecta-

2011 3459 2229 3513 menta
2257 3469 2330 3512 ac
2359 3469 2553 3532 opera
2580 3459 2941 3529 conterunt,
2963 3462 3027 3516 et
3058 3472 3170 3535 per
3204 3454 3325 3518 hoc
3346 3453 3507 3519 alios

2013 3548 2146 3611 suis
2174 3548 2483 3630 exemplis
2516 3547 2839 3612 reficiunt.
2874 3550 3253 3615 Osculantur
3293 3561 3507 3616 autem

2014 3657 2077 3712 et
2125 3668 2274 3712 suos
2334 3656 2650 3731 parentes»,
2700 3649 2850 3711 dum
2912 3648 3169 3714 vinculo
3225 3652 3507 3714 caritatis

2016 3756 2273 3811 manent
2302 3747 2393 3810 eis
2430 3747 2781 3828 conjuncti,
2817 3755 2881 3810 et
2913 3747 3125 3812 verbis
3164 3749 3505 3813 salubriter

2018 3847 2363 3909 admonent
2394 3844 2591 3928 ipsos.

1477 4222 2129 4311 ARTICULUS
2208 4224 2451 4311 XXX

715 4468 1026 4515 Exposrrlo
1077 4468 1353 4515 CAPITULI
1407 4469 1668 4515 Vlcsssm!
1713 4474 1726 4517 Ζ
1773 4470 1970 4517 Ponno
2021 4472 2309 4517 BENADAD
2359 4472 2481 4519 REX
2532 4474 2725 4519 stAE:
2776 4474 3197 4522 cONGRmAvl'r

1553 4568 1760 4614 ouNssu
1811 4569 2149 4616 Exsncrruu

2202 4570 2360 4617 SUUM
2369 4602 2383 4616 .

565 4819 638 4882 IC
663 4818 1112 4882 describuntur
1137 4818 1278 4880 duae
1307 4817 1693 4882 admirandae
1715 4818 1906 4883 victo-
1933 4821 1982 4883 D
2011 4842 2158 4883 nem
2175 4824 2531 4885 eoeercitum
2548 4844 2758 4895 suum,
2772 4834 2832 4885 et
2854 4826 3128 4903 triqinta
3145 4830 3307 4889 duos
3326 4848 3505 4907 reyes

583 4918 694 4981 riae
742 4916 942 4999 impio
991 4915 1205 4980 Achab
1255 4935 1593 4994 concessae,
1645 4936 1772 4981 non
1822 4917 1904 4981 ob

411 5018 638 5081 merita
673 5018 836 5099 ejuS,
871 5016 981 5079 sed
1011 5035 1088 5079 cx
1115 5014 1400 5079 bonitate
1429 5015 1538 5079 Dei
1564 5016 1899 5094 immensa,

411 5125 486 5181 ut
514 5117 615 5181 vel
652 5116 745 5179 sic
787 5122 1265 5178 converteretur
1305 5115 1386 5177 ad
1419 5116 1612 5182 Deum
1656 5134 1901 5195 verum,

413 5214 642 5279 videns
673 5232 742 5277 se
771 5212 854 5275 ab
884 5211 1072 5275 idolis
1114 5212 1248 5273 suis
1280 5230 1408 5275 non
1451 5232 1636 5295 posse
1667 5213 1901 5295 juvari.

408 5318 622 5378 Porro
645 5313 960 5373 Benadad
990 5331 1106 5371 rem
1124 5312 1342 5389 Syriae
1358 5312 1742 5389 conyreyavi
1745 5321 1767 5372 t
1785 5331 1908 5373 om·

2010 4938 2243 4991 secum,
2260 4928 2321 4979 et
2349 4940 2536 5000 equos
2553 4930 2612 4982 et
2640 4941 2907 4994 currus;
2933 4932 2993 4983 et
3020 4927 3363 4986 ascendens
3374 4945 3504 5003 pu-

2005 5019 2241 5094 ,qnavit
2280 5028 2505 5079 contra
2532 5021 2935 5091 Samariam,
2962 5023 3369 5103 metropolim
3410 5044 3506 5087 re-

2014 5115 2123 5196 gni
2169 5116 2388 5178 decem
2432 5114 2733 5195 tribuum,
2766 5127 2825 5178 et
2870 5120 3110 5180 obsedit
3154 5141 3319 5183 eam.
3352 5124 3507 5184 Mic-

2017 5224 2275 5294 temque
2300 5236 2437 5277 nun
2448 5217 2563 5275 tios
2600 5218 2688 5277 ad
2718 5218 2938 5277 Achab
2956 5236 3166 5294 reyem
3186 5222 3398 5281 Israel
3428 5224 3501 5281 in

2014 5314 2369 5383 civitatem,
2409 5315 2549 5374 ait:
2582 5316 2735 5377 Hoec
2770 5314 2935 5375 dicit
2978 5318 3297 5379 Benadad
3324 5338 3349 5379 .·
3374 5321 3505 5381 Ar-
