4359 6250
1166 509 1515 564 alumno
1557 507 1619 552 IN
1662 507 1797 552 CAP.
1846 505 1949 551 xlv
1988 504 2265 552 mmmm.
2310 525 2390 536 -—
2429 507 2572 553 Am.
2619 507 2767 554 xxlv

3389 493 3506 556 189

484 685 832 745 Descendit
860 685 1083 763 itaque
1101 693 1294 760 pater
1315 682 1455 759 ejus
1480 701 1625 744 cum
1656 697 1754 756 e0‚
1777 677 1906 740 imo
1937 675 1991 739 A
2019 687 2151 750 tac,
2184 690 2257 741 ut
2287 683 2528 744 indicet
2560 685 2681 743 tibi
2710 684 2876 762 quid
2911 685 3233 762 siqnifi'eet
3262 687 3506 762 proble-

400 789 469 844 et
524 790 729 845 mater
782 801 919 858 sua,
968 792 1029 842 et
1074 784 1231 863 fecit
1276 783 1417 860 filio
1466 801 1581 840 suo
1630 782 1903 840 Samson

396 883 787 942 convivium
817 881 1105 964 nuptiale
1146 881 1211 941 in
1254 881 1443 943 domo
1486 897 1758 960 sponsae.
1796 878 1908 936 Sic

396 981 587 1040 enim
616 982 895 1058 juvenes
937 981 1152 1057 facere
1188 988 1673 1047 consueverant,
1708 975 1772 1037 id
1812 981 1908 1036 est

400 1096 777 1159 procurare,
798 1087 869 1141 ut
897 1098 1117 1142 eorum
1149 1085 1445 1160 parentes
1478 1064 1763 1139 facerent
1792 1093 1908 1135 nu-

399 1178 609 1259 ptiale
650 1178 1044 1244 convivium.
1083 1183 1298 1249 Quum
1334 1198 1482 1256 erqo
1516 1178 1685 1237 cives
1722 1175 1907 1234 illius

399 1279 556 1348 loei,
591 1277 839 1341 scilicet
881 1276 1342 1351 Thamnathaei,
1378 1278 1689 1336 vidissent
1732 1293 1907 1341 eum,

399 1374 469 1438 id
519 1384 619 1438 est
660 1376 1192 1452 considerassent,
1227 1376 1399 1457 quod
1432 1373 1697 1436 Samson
1738 1377 1909 1434 esset

395 1474 666 1555 juvenis
698 1475 885 1540 valde
916 1476 1213 1538 robustus
1244 1481 1308 1536 et
1335 1474 1563 1549 audax,
1588 1474 1906 1532 dederunt

396 1575 466 1632 ei
496 1577 743 1634 sodales
778 1575 1079 1651 triqinta,
1112 1575 1229 1653 qui
1264 1583 1466 1633 essent
1496 1592 1645 1632 cum
1673 1589 1764 1630 ec.
1801 1567 1906 1630 Se-

398 1672 695 1734 cundum
724 1671 1139 1754 expositoreS,
1164 1690 1365 1753 quum
1396 1671 1569 1734 cives
1599 1669 1906 1730 Thamna-

398 1769 560 1832 thaei
590 1778 959 1833 exercerent
990 1770 1213 1851 epulas
1246 1769 1641 1851 nuptiarum,
1676 1765 1907 1828 timen-

2016 798 2145 838 ma.
2164 782 2346 848 Quod
2363 782 2424 840 si
2441 781 2654 858 facere
2672 783 2979 855 nolueris,
2999 785 3414 844 incendemus
3449 793 3506 844 te

2014 885 2075 936 et
2102 879 2368 939 domum
2391 881 2605 956 patris
2646 881 2766 941 tui.
2804 882 2912 940 An
2955 882 3195 941 idcirco
3237 883 3505 942 vocastis

2018 995 2130 1035 nos
2159 979 2248 1036 ad
2276 980 2566 1054 nuptias,
2588 988 2661 1038 ut
2689 980 3050 1056 spoliaretis
3067 981 3098 1040 ,2
3118 978 3289 1041 Infra
3317 979 3506 1042 habe-

2019 1079 2141 1148 tur,
2174 1075 2346 1155 quod
2386 1094 2542 1138 uxor
2580 1077 2720 1158 ejus
2761 1085 3002 1159 septem
3033 1076 3259 1140 diebus
3295 1078 3508 1142 convi-

2020 1170 2109 1232 vii
2148 1171 2348 1235 flebat
2389 1192 2600 1237 coram
2647 1192 2742 1251 ec,
2780 1183 3095 1257 quatenus
3136 1177 3259 1239 sibi
3299 1176 3507 1259 expla-

2018 1279 2198 1333 naret
2227 1272 2554 1353 problema
2584 1273 2919 1355 praefatum
2957 1293 2970 1338 :
3004 1277 3326 1357 quomodo
3355 1294 3505 1357 ergo

2018 1387 2191 1433 nunc
2220 1370 2475 1448 dicitur,
2493 1373 2664 1453 quod
2695 1392 2894 1454 quum
2925 1375 3172 1438 adesset
3202 1375 3340 1438 dies
3369 1395 3507 1458 sep-

2017 1469 2234 1545 timus,
2265 1469 2562 1533 dixerunt
2606 1471 2865 1550 triginta
2908 1473 3032 1535 viri
3079 1473 3175 1535 illi
3215 1476 3292 1537 ad
3332 1493 3497 1552 eam,

2015 1566 2310 1631 Blandire
2347 1569 2484 1632 viro
2529 1573 2684 1632 tuo‘l
2715 1571 2806 1633 Ad
2845 1571 2966 1634 hoc
3006 1572 3070 1633 in
3110 1572 3502 1636 Scholastica

2018 1668 2435 1748 respondetur
2479 1668 2786 1732 historia:
2818 1669 3022 1743 Quum
3072 1672 3321 1736 adesset
3365 1672 3504 1736 dies

2015 1764 2347 1845 septimuS,
2383 1765 2445 1828 id
2497 1773 2612 1843 est,
2654 1787 2854 1848 quum
2899 1769 3107 1832 adhuc
3157 1779 3324 1833 esset
3367 1771 3504 1833 dies

400 1877 507 1930 tes
538 1868 735 1930 robur
754 1867 1101 1945 Samsonis‚
1122 1867 1552 1948 adjunxerunt
1580 1865 1638 1928 ei
1666 1866 1744 1928 de
1774 1863 1906 1926 suis
1934 1860 1981 1924 B
2018 1861 2182 1926 inter
2223 1872 2463 1946 septem
2512 1865 2775 1946 primus
2811 1867 2948 1942 Vel,
2981 1868 3184 1942 Quum
3227 1870 3498 1947 adesset,

402 1975 505 2030 tot
544 1968 815 2048 juvenes
863 1967 1081 2042 forte8‚
1116 1985 1409 2030 sermone
1451 1974 1513 2028 et
1551 1963 1763 2047 specie
1809 1981 1904 2025 so-

396 2066 565 2142 ciOS,
602 2073 665 2128 et
695 2066 879 2148 quasi
912 2066 995 2128 ob
1024 2065 1391 2148 nuptiarum
1422 2065 1757 2139 honorem,
1794 2061 1905 2124 sed

398 2185 495 2228 re.
526 2165 669 2247 ipsa
710 2166 1027 2240 custodeS‚
1059 2173 1375 2246 quatenus
1407 2163 1467 2225 ei
1508 2162 1898 2236 resisterent,

398 2263 457 2325 si
492 2271 823 2326 crescente
859 2263 1276 2326 convivarum
1316 2261 1629 2338 satietate,
1658 2259 1904 2342 aliquid

398 2369 751 2424 attentaret
780 2362 1085 2425 adversus
1115 2380 1245 2424 eos.
1270 2363 1513 2430 Quibus
1544 2364 1791 2420 locutus
1818 2369 1908 2419 est

396 2465 689 2523 Samson
710 2481 735 2520 .·
764 2464 1139 2539 Proponant
1186 2463 1358 2521 vobis
1394 2461 1746 2538 problema,
1782 2458 1907 2521 hoc

398 2567 507 2620 est
533 2558 957 2640 quaestionem
986 2558 1321 2622 obscuram
1352 2565 1415 2621 et
1445 2556 1789 2620 difficilem
1828 2557 1905 2618 ad

393 2656 1131 2732 solvendum.Quaerebat
1150 2657 1323 2720 enim
1346 2655 1746 2719 occasionem
1766 2673 1909 2719 con-

394 2765 503 2819 tra
543 2775 679 2833 θος,
712 2764 777 2819 et
815 2755 1235 2838 probabiliter
1273 2754 1611 2818 aestimavit
1654 2774 1730 2817 ex
1770 2772 1909 2836 pro-

394 2856 727 2938 positione
763 2855 938 2917 illius
979 2855 1394 2937 problematis
1428 2853 1903 2918 contentionem

394 2973 557 3018 mox
598 2953 929 3030 orituram,
964 2961 1035 3015 ut
1075 2955 1313 3034 justam
1359 2961 1581 3016 contra
1624 2951 1797 3033 ipsos
1837 2951 1909 3013 li-

2018 1961 2079 2023 id
2111 1969 2208 2025 est
2238 1963 2799 2045 appropinquaret,
2822 1965 2908 2028 ita
2937 1968 3108 2048 quod
3140 1976 3368 2049 quarto
3400 1968 3504 2032 die

2015 2070 2328 2124 venerunt
2371 2064 2448 2124 ad
2493 2082 2654 2126 eam.
2690 2063 2812 2126 Alii
2854 2066 3370 2147 compendiosius
3413 2068 3505 2130 di-

2014 2169 2190 2236 cunt,
2223 2161 2394 2243 quod
2438 2161 2558 2224 hoc
2600 2162 2741 2225 loco
2787 2182 2899 2245 per
2943 2164 3284 2246 septimum
3332 2166 3502 2230 diem

2016 2257 2394 2338 intelligitur
2423 2260 2779 2337 sabbatum,
2814 2263 2985 2343 quod
3017 2272 3152 2326 erat
3191 2265 3504 2347 septimus

2014 2356 2150 2419 dies
2178 2357 2590 2422 hebdomadae
2619 2359 2786 2423 inter
2814 2360 2957 2424 illos
2978 2361 3114 2425 dies
3137 2382 3502 2442 occurrem,

2014 2463 2078 2517 et
2106 2463 2240 2517 erat
2267 2465 2530 2537 quartus
2560 2458 2695 2521 dies
2726 2458 2794 2522 in
2823 2460 3046 2522 ordine
3075 2461 3326 2524 dierum
3360 2481 3508 2526 con-

2015 2551 2195 2616 vivii.
2230 2552 2350 2616 Sed
2386 2556 2706 2635 quomodo
2745 2565 2896 2618 tunc
2931 2576 3156 2620 verum
3195 2567 3292 2622 est
3331 2561 3503 2641 quod

2016 2659 2260 2733 septem
2303 2651 2528 2716 diebus
2574 2655 2818 2734 rogavit
2861 2673 3018 2718 uxor
3062 2656 3272 2720 virum
3317 2678 3502 2721 suum

2018 2749 2386 2812 Samsonem
2430 2770 2576 2814 cum
2621 2751 2923 2830 lacrimiS‚
2959 2773 3161 2836 quum
3206 2775 3334 2820 non
3373 2757 3505 2820 nisi

2016 2856 2290 2930 quatuor
2319 2849 2541 2912 diebus
2581 2851 2702 2914 hoc
2742 2851 3010 2915 fecerit?
3041 2853 3504 2936 Respondetur‚

2016 2948 2188 3027 quod
2221 2947 2309 3010 ibi
2348 2949 2598 3031 capitur
2628 2957 2828 3012 totum
2869 2971 2985 3032 pro
3025 2962 3203 3036 parte
3253 2955 3505 3036 maiori,

396 3061 540 3116 tem
578 3053 961 3135 acquireret.
996 3053 1141 3115 Ideo
1184 3051 1467 3114 addidit:
1502 3055 1675 3133 quod
1701 3053 1761 3111 si
1787 3055 1910 3112 sol·
1936 3044 1979 3108 C
2020 3052 2089 3106 ut
2112 3045 2197 3107 sit
2225 3066 2470 3125 sensus,
2502 3049 2674 3130 quod
2706 3048 3030 3132 aliquibus
3071 3050 3329 3116 illorum
3373 3053 3506 3116 die-

400 3154 639 3214 veritis
688 3154 862 3213 mihi
910 3153 1097 3228 infra
1151 3162 1388 3229 septem
1434 3154 1573 3212 dies
1622 3152 1910 3212 convivii
2016 3144 2159 3220 buS‚
2195 3154 2258 3208 et
2305 3166 2420 3228 pro
2463 3148 2690 3230 maJori
2737 3158 2916 3230 parte
2959 3149 3216 3213 illorum
3249 3151 3497 3215 dierum

400 3250 745 3333 nuptialiS‚
779 3250 951 3331 quod
991 3269 1105 3332 per
1144 3270 1337 3313 unam
1376 3248 1631 3314 duravit
1670 3248 1907 3312 hebdo-
2018 3242 2109 3305 sic
2157 3246 2542 3327 supplicavit
2578 3264 2592 3309 :
2633 3249 3169 3328 quemadmodum
3222 3250 3289 3313 in
3333 3252 3503 3315 Actis

400 3350 691 3425 madum,
724 3348 891 3411 sicut
935 3356 998 3411 et
1050 3348 1114 3410 in
1158 3348 1385 3411 Genesi
1428 3348 1642 3410 Laban
1691 3348 1780 3410 ait
1827 3348 1905 3411 ad
2018 3341 2307 3420 habetur,
2339 3347 2510 3425 quod
2538 3346 2716 3409 Jesus
2757 3366 2871 3427 per
2907 3347 3044 3411 dies
3078 3350 3501 3429 quadraginta

224 3482 365 3517 ,um
397 3448 646 3511 Jacob:
680 3447 879 3530 lmple
920 3446 1379 3510 hebdomadam
1422 3446 1669 3509 dierum
1713 3465 1907 3528 copu-

402 3548 491 3611 lae
518 3546 718 3628 hujus
744 3572 761 3623 ;
792 3548 953 3607 dabo
986 3548 1158 3607 vobis
1190 3547 1463 3623 triqinta
1494 3548 1819 3615 sindones,
1840 3544 1903 3606 id

398 3655 507 3711 est
537 3646 741 3707 lineas
762 3654 993 3720 vesteS‚
1010 3654 1071 3705 et
1094 3645 1354 3706 totidem
1387 3646 1639 3705 tunicas
1661 3644 1897 3707 laneas,

396 3748 537 3809 Sin
569 3753 791 3806 autem
820 3764 951 3805 non
972 3744 1319 3821 potueritis
1355 3746 1617 3813 solvere,
1650 3764 1755 3803 vos
1793 3746 1904 3803 da-

397 3847 559 3907 bitis
614 3844 793 3905 milti
838 3844 1115 3919 trt'yinta
1159 3844 1461 3902 sindones
1508 3850 1569 3902 et
1617 3842 1902 3919 ejusdem

398 3944 673 4004 numeri
723 3942 999 4002 tunicas.
1044 3942 1534 4018 Responderunt
1580 3942 1643 3999 ei
1676 3961 1699 4000 .·
1743 3943 1905 4001 Pro-

398 4138 583 4201 enim
615 4157 692 4201 eo
730 4137 1069 4200 inferiores
1110 4155 1415 4219 apparere
1457 4136 1523 4197 in
1563 4136 1897 4218 sapientia.

2017 3442 2311 3523 apparuit
2355 3444 2510 3520 suis,
2544 3463 2672 3507 non
2710 3445 2882 3527 quod
2919 3446 3208 3527 quolibet
3239 3448 3495 3512 illorum

2015 3540 2262 3603 dierum
2309 3542 2401 3605 eis
2451 3543 2765 3624 apparuit,
2803 3545 2912 3606 sed
2957 3544 3024 3606 in
3071 3546 3290 3609 multis
3339 3548 3504 3631 ipso-

2014 3640 2481 3718 rum,videlicet
2508 3642 2714 3723 primo
2735 3650 2798 3705 et
2825 3643 3065 3721 ultimo,
3082 3653 3145 3708 et
3173 3646 3492 3711 interdum

2012 3738 2407 3803 intermediis
2455 3760 2711 3823 quoque
2757 3742 3005 3806 diebuS.
3060 3748 3212 3814 Quoe
3250 3750 3502 3826 funde-

2014 3841 2117 3899 bat
2146 3843 2327 3917 apud
2351 3843 2624 3901 Samson
2658 3844 2983 3914 lacrimas,
3007 3853 3066 3903 et
3094 3848 3496 3926 querebatur,

2012 3941 2229 4000 dicens
2250 3958 2273 3999 .·
2307 3941 2459 4003 Odis
2508 3960 2628 4012 me,
2665 3951 2725 4002 et
2775 3962 2903 4001 non
2951 3943 3180 4018 diligis
3201 3964 3224 4002 .·
3258 3945 3498 4008 idcirco

388 4060 569 4119 pone
600 4042 939 4117 problema
980 4049 1054 4100 ut
1092 4041 1463 4100 audiamus.
1498 4037 1904 4100 Erubuerunt
2004 4040 2337 4115 problema
2393 4042 2565 4119 quod
2611 4041 3008 4116 proposuisti
3055 4043 3220 4118 filiis
3263 4048 3502 4121 populi

2013 4139 2165 4207 mei,
2195 4157 2325 4198 non
2374 4140 2473 4197 vis
2523 4138 2690 4199 milti
2738 4157 3070 4215 eoeponere.
3105 4142 3194 4202 At
3245 4143 3356 4202 ille
3404 4164 3501 4203 re-

394 4240 726 4317 Dioeitque
756 4239 883 4297 eis:
898 4240 992 4297 De
1010 4238 1367 4296 comedente
1384 4237 1589 4296 eoeivit
1619 4237 1822 4306 cibus,
1844 4245 1903 4296 et
1933 4238 1981 4301 D
2010 4238 2314 4312 spondit:
2343 4238 2539 4299 Patri
2568 4256 2701 4296 meo
2730 4246 2790 4297 et
2821 4240 3021 4297 matri
3050 4242 3238 4299 nolui
3263 4242 3496 4315 dicere,

392 4340 484 4396 de
512 4336 681 4414 forti
707 4356 954 4412 eyressa
984 4344 1074 4394 est
1103 4337 1392 4394 dulcedo,
1429 4333 1663 4396 Sensus
1707 4333 1901 4414 hujus

396 4434 822 4517 problematis
863 4433 1036 4496 infra
1064 4433 1132 4496 in
1162 4440 1333 4496 textu
1376 4432 1774 4515 exprimitur.
1806 4432 1903 4495 Jo-

396 4535 645 4616 sephus
694 4542 905 4596 autem
956 4531 1151 4595 refert
1198 4552 1345 4595 eum
1397 4532 1485 4594 ita
1535 4532 1901 4614 proposuis-

396 4652 512 4697 se:
544 4633 665 4708 Qui
706 4640 938 4695 cuncta
980 4632 1263 4707 devorat,
1298 4631 1514 4694 cibum
1560 4631 1782 4711 genuit
1821 4632 1899 4693 de

397 4752 473 4795 se
502 4750 791 4808 suavem,
826 4730 977 4793 licet
1006 4730 1143 4811 ipse
1173 4730 1257 4791 sit
1287 4730 1595 4793 insuavis,
1632 4732 1766 4791 Nee
1786 4750 1901 4807 po-

398 4838 675 4891 tuerunt
695 4849 820 4908 per
852 4840 975 4889 tres
1002 4831 1140 4890 dies
1163 4830 1666 4906 propositionem
1704 4833 1901 4889 solve-

394 4948 499 4997 re,
536 4928 603 4991 id
647 4936 767 5005 est,
814 4946 1131 5010 exponere
1172 4927 1447 5009 qualiter
1494 4936 1664 4989 esset
1710 4928 1897 4991 intel-

398 5026 685 5108 ligenda,
736 5026 1031 5109 quamvis
1080 5027 1247 5089 inter
1293 5046 1361 5089 se
1409 5025 1899 5107 diligentissime

397 5124 904 5207 conquisissent.

487 5226 827 5304 Quumque
875 5226 1115 5285 adesset
1162 5226 1298 5285 dies
1346 5226 1676 5301 septimus,
1718 5226 1901 5285 diate-

392 5332 563 5382 runt
592 5326 683 5383 ad
717 5342 988 5383 umorem
1025 5325 1299 5383 Samson
1330 5342 1354 5380 .·
1393 5324 1713 5383 Blandire
1756 5326 1897 5382 viro

2011 4344 2070 4395 et
2102 4336 2221 4394 tibi
2251 4335 2543 4395 indicare
2564 4338 2830 4412 potero?
2850 4339 3104 4414 Septem
3137 4340 3347 4415 iyitur
3365 4343 3504 4401 die-

2011 4435 2125 4493 bus
2152 4434 2439 4494 convivii
2465 4435 2654 4509 flebat
2683 4443 2832 4495 ante
2859 4454 3029 4497 eum.

2098 4534 2502 4611 Tandemque
2537 4534 2646 4591 die
2681 4534 2970 4610 septime,
3005 4534 3118 4614 qui
3163 4534 3229 4595 in
3274 4536 3498 4600 ordine

2009 4629 2256 4691 dicrum
2278 4628 2555 4692 convivii
2579 4628 2887 4711 septimus
2909 4638 3059 4707 erat7
3077 4654 3278 4712 quum
3299 4637 3364 4694 ei
3381 4656 3499 4696 mo-

2012 4733 2167 4790 lesta
2194 4738 2370 4799 esset,
2403 4726 2678 4804 blandiS‚
2703 4726 3054 4791 lacrimosis
3084 4738 3148 4792 et
3175 4730 3497 4795 incessan-

2010 4828 2174 4891 tibus
2197 4826 2505 4909 precibus
2523 4825 2937 4907 semineisque
2953 4826 3281 4891 blanditiis
3303 4830 3494 4893 etiam

2011 4927 2078 4989 in
2116 4926 2304 5002 lecto,
2335 4927 2628 5003 exposuit
2659 4924 2717 4987 ei
2753 4924 3079 5005 problema
3109 4945 3256 4988 cum
3287 4947 3402 5009 spe
3431 4938 3496 4992 et

2010 5024 2352 5101 exactione,
2367 5023 2536 5104 quod
2564 5022 2702 5104 ipsa
2724 5022 2963 5085 nemini
2991 5023 3495 5099 revelaretQuod

2012 5126 2149 5208 ipsa
2193 5141 2321 5185 non
2365 5121 2747 5185 observavit.
2781 5121 2934 5183 Nam
2973 5122 3305 5185 subditur:
3343 5128 3497 5194 Quoe

2007 5224 2230 5284 statim
2258 5221 2578 5281 indicavit
2607 5221 2858 5279 civibus
2883 5222 3046 5290 suis,
3077 5220 3320 5284 scilicet
3355 5241 3502 5304 pro-

2010 5320 2199 5384 nubis
2230 5338 2343 5381 seu
2373 5316 2696 5381 sodalibus
2735 5317 2866 5397 jam
2898 5318 3240 5400 praedictiS.
3273 5322 3358 5383 Et
3391 5323 3500 5382 illi

3549 3364 3650 3409 Aet.
3673 3378 3700 3415 ι,
3725 3366 3766 3407 3.
