4359 6250
1191 482 1536 529 ENARRATIO
1581 484 1640 528 IN
1685 482 1820 529 GAP.
1867 482 1931 527 xl
1971 481 2172 528 Josun.
2221 502 2301 512 —
2341 484 2482 530 ΛΒΤ.
2530 485 2683 531 xv111
3398 465 3477 527 65

379 649 634 727 urbem,
667 659 982 732 quatenus
1023 671 1097 715 ea
1138 653 1481 729 destructa,
1523 662 1874 717 ceterarum
1903 654 1954 715 A
1985 660 2216 719 civitas
2260 680 2402 739 quoe
2443 680 2507 719 se
2550 680 2675 719 non
2726 662 3001 719 traderet
3042 660 3205 736 filiis
3245 662 3471 720 Israel.

375 747 638 811 urbium
671 749 844 812 cives
876 749 1257 813 diffiderent
1297 771 1364 814 se
1407 772 1593 835 posse
1629 752 1878 816 resiste-

377 865 469 923 re,
491 856 556 909 et
582 847 786 909 Vlctos
819 867 886 911 se
918 848 1164 911 darent.
1186 854 1636 931 Porcus-sitque
1663 872 1878 913 omnes

372 948 641 1006 animas
691 968 834 1026 quae
891 948 1130 1009 ibidem
1183 951 1628 1019 morabantur,
1666 950 1732 1012 id
1783 958 1880 1011 est

373 1060 602 1107 omnes
648 1043 966 1121 homine-S,
1013 1063 1142 1108 non
1186 1046 1496 1127 jumenta,
1544 1047 1667 1109 nisi
1707 1048 1880 1129 quod

373 1159 580 1222 equos
610 1140 741 1221 jam
773 1142 1211 1207 subnervavit.
1238 1148 1387 1205 Non
1417 1147 1672 1207 dimisit
1703 1148 1775 1206 in
1803 1166 1879 1205 ea

373 1244 552 1300 ullas
573 1242 910 1319 reliquias,
923 1244 1033 1301 sed
1055 1262 1252 1323 usque
1272 1246 1360 1303 ad
1379 1245 1880 1303 internecionem

377 1341 665 1400 vastavit
711 1342 1045 1412 universa,
1078 1343 1416 1421 ipsamque
1453 1344 1676 1403 urbem
1707 1362 1882 1421 pere-

379 1439 504 1497 mit
535 1438 938 1509 incenclio,et
968 1458 1184 1499 omnes
1205 1459 1325 1517 per
1345 1441 1694 1500 circuitum
1723 1442 1884 1500 civi-

381 1545 543 1595 tates
570 1538 922 1597 succendit.
943 1540 1140 1613 Reqes
1157 1558 1406 1618 quoque
1433 1558 1660 1597 earum
1690 1542 1878 1616 cepit,

67 1651 345 1699 Damna.
369 1637 700 1712 percussit
748 1645 940 1715 atque
983 1638 1243 1707 delevit,
1289 1638 1457 1696 siout
1490 1648 1882 1714 praeceperat

377 1736 446 1793 ei
467 1736 720 1811 lisoyses
739 1735 1036 1811 famulus
1055 1737 1344 1804 Domini,
1362 1738 1594 1813 absque
1616 1737 1881 1796 urbibus

1983 756 2110 820 Hoc
2161 757 2439 837 intelligi
2496 765 2726 840 potest,
2780 758 3131 819 secundum
3183 757 3477 837 Augusti-

1989 876 2162 934 num,
2200 858 2279 919 de
2311 858 2577 920 urbibus
2616 876 2775 938 quas
2816 856 3083 919 accessit
3108 857 3295 919 Josue
3330 876 3475 919 cum

1987 956 2267 1019 exercitu
2326 956 2511 1019 lsrael
2580 975 2592 1017 :
2656 975 2819 1038 quae,
2883 956 3138 1037 cognito
3198 956 3477 1019 exscidio

1986 1054 2165 1130 Asor‚
2204 1074 2332 1119 non
2375 1055 2697 1117 audebant
2740 1054 3056 1117 resistere.
3106 1054 3351 1135 Aliquae
3392 1064 3479 1117 ta-

1987 1172 2135 1215 men
2167 1161 2537 1215 manserunt
2568 1152 2661 1215 eis
2694 1171 2821 1216 non
2852 1152 3142 1215 subditae.
3178 1152 3291 1215 Vel
3321 1153 3477 1215 dici-

1989 1258 2091 1313 tur
2121 1250 2265 1328 hoe,
2298 1252 2377 1313 ad
2408 1251 2837 1314 denotandum
2868 1250 3343 1313 multitudinem
3376 1269 3479 1313 ur-

1989 1349 2164 1412 bium
2189 1368 2332 1432 quae
2364 1369 2432 1413 se
2462 1349 2880 1411 tradiderunt.
2900 1352 3148 1411 Praeter
3168 1352 3477 1412 Hevoeum

1988 1449 2105 1526 qui
2151 1449 2482 1509 habitabat
2532 1449 2607 1508 in
2657 1449 2943 1519 Gabaon,
2987 1447 3054 1509 id
3102 1456 3199 1509 est
3248 1457 3476 1530 praeter

1988 1545 2247 1609 Hevaeos
2308 1544 2696 1609 habitatores
2762 1545 3039 1609 civitatis
3098 1545 3353 1610 Gabaon
3413 1555 3476 1610 et

1992 1642 2186 1704 trium
2234 1644 2489 1706 urbium
2538 1644 2597 1707 ei
2646 1643 3119 1721 associatarum‚
3172 1653 3241 1707 ut
3290 1665 3772 1729 supe-Joeue11‚¹7.

1991 1740 2124 1802 rius
2155 1742 2379 1823 patuit.
2421 1744 2647 1803 Omnes
2677 1744 2971 1803 bellando
3001 1746 3165 1819 cepit
3196 1760 3219 1804 .·
3253 1743 3314 1806 id
3356 1753 3471 1821 est,

377 1853 528 1912 quae
555 1842 745 1892 erant
777 1834 850 1893 in
881 1835 1149 1893 collibus
1178 1843 1238 1892 et
1269 1835 1342 1893 in
1376 1835 1667 1905 tumulis,
1691 1834 1754 1894 id
1786 1841 1883 1895 est
1913 1836 1958 1898 B
1988 1839 2225 1902 virtute
2252 1858 2573 1903 armorum
2612 1840 2691 1903 ad
2731 1840 2851 1903 hoc
2890 1841 3201 1923 compulit
3232 1841 3477 1906 habita-

377 1931 713 1995 montibus
757 1931 1134 2012 maJoribuS,
1167 1935 1308 1994 sitoe
1339 1953 1362 1992 .·
1392 1951 1664 2013 quarum
1695 1952 1882 2013 quas-

379 2030 530 2091 dam
575 2029 768 2112 cepit,
813 2030 924 2092 sed
964 2048 1092 2093 non
1133 2029 1464 2106 destruxit,
1515 2030 1738 2093 volens
1775 2050 1881 2093 eas

377 2146 501 2209 pro
550 2129 889 2191 commodo
943 2127 968 2188 Ι·
972 2126 1228 2191 iliorum
1275 2128 1462 2191 lsrael
1517 2147 1878 2204 reservare3

377 2226 696 2307 quasdam
729 2244 882 2289 vero
913 2245 1040 2289 non
1072 2225 1264 2308 cepit,
1290 2232 1359 2288 ut
1391 2226 1558 2289 infra
1588 2226 1878 2290 habetur.

391 2325 606 2385 Unam
653 2334 912 2385 tantum
941 2328 1106 2385 Asor
1145 2326 1656 2385 munitissimam
1697 2328 1885 2401 flam-

379 2444 492 2483 ma
513 2425 930 2501 consumpsit,
953 2422 1017 2485 id
1049 2430 1163 2499 est,
1184 2423 1338 2485 urbs
1370 2423 1479 2486 illa
1511 2423 1880 2501 fortissima,

379 2521 760 2585 continuato
819 2520 1118 2585 incendio
1167 2530 1263 2584 est
1321 2521 1674 2585 combusta.
1730 2524 1881 2586 Nam

380 2640 494 2684 rex
526 2622 686 2684 Asor
717 2628 962 2684 ceteros
993 2627 1215 2683 contra
1245 2620 1420 2684 filios
1451 2622 1639 2685 Israel
1679 2622 1886 2686 conci-

385 2720 568 2784 tavit.
594 2724 1294 2800 Omnemqueproedam
1313 2723 1590 2782 istarum
1619 2725 1884 2783 urbium

379 2830 579 2899 atque
591 2821 903 2897 jumenta
931 2821 1302 2880 diviserunt
1331 2821 1458 2880 sibi
1486 2822 1621 2899 filii
1650 2825 1880 2892 Israel,

379 2922 638 2981 cunctis
680 2920 1048 2980 hominibus
1091 2920 1468 2999 interfectis
1505 2922 1693 2981 Sicut
1716 2942 1886 2998 prce-

1992 1946 2157 2000 tores
2187 1938 2569 2020 oppidorum
2603 1938 2875 2015 illorum,
2892 1939 3064 2019 quod
3088 1939 3482 2003 tradiderunt

1991 2054 2058 2098 se
2089 2036 2326 2098 Israeli.
2362 2038 2631 2097 Domini
2668 2038 2845 2097 enim
2882 2040 3201 2099 sententia
3228 2040 3476 2115 fuerat,

1991 2133 2057 2196 id
2089 2142 2206 2211 est,
2242 2135 2403 2197 Deus
2441 2133 2611 2214 justo
2649 2126 2888 2215 judicio
2928 2135 3020 2197 sic
3061 2136 3373 2217 permisit,
3408 2148 3480 2198 ut
3586 2165 3593 2173 ·

1995 2234 2473 2293 indurarentur
2519 2236 2713 2293 corda
2756 2253 3000 2305 eorum,
3055 2234 3143 2295 ita
3188 2234 3361 2317 quod
3404 2255 3481 2299 ex

1993 2328 2277 2413 prael'atis
2318 2329 2640 2393 miraculis
2684 2338 2747 2392 et
2786 2330 3056 2393 aliorum
3101 2332 3471 2413 deiectioni-

1993 2428 2114 2491 bus
2159 2447 2286 2492 non
2332 2436 2482 2490 sunt
2521 2427 2599 2489 ad
2639 2427 2915 2509 aliquam
2961 2430 3474 2494 emendationem

1995 2526 2094 2591 vel
2155 2526 2599 2607 poenitentiam
2660 2524 2953 2602 emolliti,
3004 2537 3064 2587 et
3102 2540 3479 2605 puynarent

1993 2635 2215 2685 contra
2247 2627 2473 2695 Israel,
2496 2624 2561 2686 id
2593 2631 2725 2701 est,
2747 2642 3032 2706 pugnare
3060 2626 3269 2689 conati
3304 2635 3474 2705 sunt,

1995 2732 2058 2786 et
2095 2722 2402 2803 quamdiu
2445 2729 2812 2804 potuerunt,
2850 2722 3240 2803 restiterunt,
3276 2728 3478 2791 done-e

1997 2822 2251 2884 tandem
2284 2822 2511 2884 timore
2549 2821 2871 2902 prostrati,
2906 2840 2973 2884 se
3012 2823 3476 2901 subdiderunt;

1995 2930 2068 2981 ut
2097 2940 2229 2981 non
2258 2930 2658 2981 mererentur
2678 2923 2887 2982 ullam
2917 2926 3344 2995 clementiam,
3364 2925 3482 2986 sie-

380 3028 641 3097 ceperat
659 3020 978 3079 Dominus
1002 3020 1216 3094 Moysi
1243 3037 1420 3077 servo
1450 3037 1587 3089 su0‚
1613 3020 1708 3077 ita
1721 3038 1884 3095 prce-
1917 3021 1961 3084 C
1996 3027 2065 3081 ut
2095 3018 2480 3095 Gabaonitae,
2515 3018 2626 3100 qui
2674 3018 2821 3081 lieet
2854 3037 2930 3081 ex
2966 3018 3191 3083 timore
3232 3020 3477 3086 inducti

379 3119 554 3195 cepit
585 3118 837 3194 Moyses
873 3118 1088 3186 Josue,
1119 3126 1179 3176 et
1224 3118 1337 3177 itte
1377 3118 1686 3178 universa
1729 3139 1886 3180 com-

369 3220 612 3296 plevit.
649 3219 800 3278 Non
843 3217 1164 3294 praeteriit
1209 3216 1399 3280 Josue
1445 3219 1524 3276 de
1561 3219 1883 3278 universis

383 3317 722 3376 mandatis
750 3335 832 3375 ne
861 3335 1070 3376 unum
1109 3317 1372 3394 quidem
1413 3318 1674 3376 verbum
1715 3321 1886 3396 quod

364 3415 666 3491 jusserat
685 3415 1004 3474 Dominus
1023 3414 1258 3489 Moysi.
1281 3413 1346 3474 ln
1369 3413 1489 3476 hoc
1520 3421 1694 3495 patet
1723 3415 1885 3476 mira

381 3521 448 3573 et
469 3529 702 3590 magna
717 3510 1086 3575 virtuositas
1099 3511 1303 3586 Josue,
1323 3511 1434 3593 qui
1460 3511 1524 3573 in
1549 3520 1638 3575 tot
1659 3532 1731 3576 ac
1755 3521 1886 3575 tan-

381 3609 469 3670 tis
492 3609 726 3690 pugnis
747 3617 812 3670 et
831 3608 1354 3690 occupationibus
1373 3629 1518 3672 cum
1541 3618 1666 3672 tam
1691 3610 1885 3673 inces-

383 3706 576 3770 sabili
610 3706 945 3787 diligentia
983 3707 1109 3770 Deo
1147 3707 1214 3768 in
1245 3707 1545 3771 omnibus
1575 3707 1879 3772 obedivit.

472 3808 654 3883 Cepit
688 3809 878 3866 Josue
926 3825 1176 3867 omnem
1229 3817 1466 3868 terram
1510 3819 1885 3869 montanam

381 3915 448 3966 et
479 3907 945 3976 meridianam,
984 3915 1344 3985 terramque
1378 3909 1604 3977 Gosen,
1643 3918 1703 3968 et
1743 3911 1884 3987 pla-

382 4006 646 4078 nitiem,
679 4014 740 4066 et
769 4006 1229 4065 occidentalem
1251 4008 1545 4082 playam,
1583 4017 1886 4068 montem-

381 4127 512 4186 que
551 4108 783 4174 Israel,
813 4114 874 4165 et
911 4103 1300 4180 campestria
1350 4103 1490 4180 ejus
1537 4113 1598 4164 et
1629 4113 1886 4181 partem

1994 3117 2123 3180 sint
2158 3117 2238 3180 ad
2276 3116 2695 3198 quaerendum
2742 3135 2960 3197 pacem
3002 3137 3149 3180 cum
3196 3116 3354 3182 filiis
3398 3120 3482 3184 Is-

1996 3213 2146 3292 rael,
2186 3225 2397 3278 tamen
2438 3215 2519 3278 ad
2561 3215 2758 3277 Deum
2799 3233 2868 3278 se
2908 3225 3381 3298 converterunt,
3418 3229 3482 3283 ct

1993 3323 2168 3378 extra
2199 3313 2389 3376 urbes
2429 3332 2597 3389 suaS,
2632 3321 2974 3395 antequam
3005 3313 3474 3396 obsiderentur,

1994 3413 2307 3476 miserunt
2334 3413 2412 3475 ad
2439 3411 2647 3476 Josue.

2073 3514 2155 3572 In
2189 3514 2303 3571 illo
2338 3521 2610 3588 tempore
2641 3512 2816 3571 venit
2834 3513 3041 3583 Josue,
3064 3521 3123 3571 et
3154 3515 3482 3592 interfecit

1994 3612 2295 3680 Enacim,
2330 3609 2391 3670 id
2438 3617 2535 3672 est
2576 3607 2864 3690 gigantes
2904 3617 3085 3671 natos
3126 3628 3202 3672 ex
3240 3613 3483 3676 semine

1995 3707 2277 3784 Enacim,
2332 3707 2690 3768 habitantes
2751 3707 2815 3767 in
2876 3707 3031 3770 loeis
3090 3708 3482 3792 urbibusque

1997 3806 2317 3868 montanis
2349 3805 2413 3867 in
2445 3811 2618 3867 textu
2648 3804 2983 3886 expressis
3004 3804 3282 3878 Qualiter
3312 3808 3483 3871 istud

1996 3905 2080 3966 sit
2128 3902 2639 3984 intelligendum,
2692 3903 2759 3963 in
2807 3903 3485 3986 expositione'praece—
3516 3926 3775 3980 mama.

1995 4003 2205 4067 dentis
2254 4001 2521 4084 capituli
2572 4008 2809 4063 tactum
2863 4009 2979 4064 est.
3028 4005 3175 4064 Non
3215 4007 3483 4085 reliquit

1997 4108 2209 4164 ultum
2254 4105 2332 4162 de
2371 4102 2611 4160 semine
2652 4101 2933 4161 Enacim
2981 4101 3055 4160 in
3100 4111 3269 4162 terra
3320 4107 3487 4180 filio-

383 4206 652 4274 montis,
684 4223 830 4282 quce
859 4204 1145 4262 aseendit
1178 4203 1352 4271 Seir,
1371 4221 1570 4281 usque
1589 4205 1888 4280 Baalyad
1919 4207 1968 4268 Ι)
1996 4224 2146 4263 rum
2194 4203 2421 4269 Israel,
2474 4199 2705 4277 absque
2760 4200 3134 4258 civitatibus
3198 4203 3379 4262 Gaza
3428 4214 3488 4264 et

377 4323 506 4381 per
525 4303 879 4379 planitiem
909 4303 1153 4362 Libani
1179 4303 1392 4360 subter
1422 4311 1699 4362 montem
1728 4304 1892 4363 Her-

385 4421 544 4462 mon
557 4425 586 4472 ,·
615 4421 829 4461 omnes
873 4418 1048 4476 reyes
1085 4419 1308 4459 eorum
1358 4401 1547 4476 cepit,
1573 4402 1891 4476 percussit

385 4509 452 4560 et
480 4496 737 4560 occidit.
764 4500 977 4558 Multo
1012 4507 1286 4574 tempore
1310 4501 1640 4574 puqnavit
1667 4509 1890 4559 contra

388 4616 570 4674 reyes
619 4599 772 4656 istos
822 4617 846 4655 .·
894 4595 1049 4678 quia
1098 4613 1215 4676 per
1261 4613 1369 4656 sex
1429 4614 1652 4672 annoS‚
1706 4596 1892 4677 eujus

143 4719 356 4769 lom„
391 4714 590 4758 eausa
629 4695 950 4775 assignata
989 4702 1083 4756 est
1123 4701 1292 4769 ante,
1329 4701 1393 4755 et
1429 4713 1505 4756 ex
1543 4693 1756 4758 verbis
1785 4694 1894 4756 Ca-

85 4783 304 4832 ¹¹'·⁷*'⁰·
393 4793 503 4857 leb
549 4792 718 4856 infra
762 4791 1096 4868 habendiS,
1151 4800 1322 4874 patet
1362 4791 1454 4854 sic
1503 4810 1663 4854 esse.
1715 4792 1894 4856 Unde

391 4891 688 4973 Magister
733 4891 798 4952 in
843 4889 1131 4953 historiis
1173 4890 1268 4952 sic
1315 4889 1539 4952 scribit
1574 4907 1588 4951 :
1623 4890 1893 4964 Quintus

391 5009 606 5053 annus
636 4990 768 5072 jam
799 4988 1159 5063 transierat,
1194 4996 1257 5050 et
1298 4987 1558 5050 sustulit
1584 4990 1772 5052 Josue
1804 4990 1895 5052 lo-

389 5109 542 5152 cum
587 5079 938 5152 castrorum
986 5087 1052 5148 in
1095 5085 1248 5164 Silo,
1283 5085 1735 5167 transtulitque
1778 5087 1895 5151 ibi-

391 5190 542 5251 dem
589 5183 1065 5250 tabernaculum
1112 5185 1337 5268 Moysis
1381 5205 1529 5249 cum
1573 5187 1748 5250 omni
1793 5207 1893 5251 or-

391 5296 552 5350 natu
581 5304 698 5349 suo
727 5285 812 5349 ob
843 5285 966 5349 loci
997 5285 1562 5367 opportunitatem.
1591 5288 1738 5348 Non
1756 5290 1894 5367 fuit

655 5421 718 5472 T.
751 5421 800 5472 3.

2002 4302 2158 4362 Geth
2188 4309 2247 4359 et
2276 4301 2499 4368 Azoto,
2537 4295 2599 4358 id
2639 4302 2735 4357 est
2773 4294 3017 4376 absque
3058 4295 3187 4358 illis
3226 4297 3339 4379 qui
3381 4300 3491 4362 ha-

1998 4397 2289 4461 bitabant
2317 4395 2385 4455 in
2417 4392 2621 4455 tribus
2652 4393 2917 4454 urbibus
2957 4392 3091 4455 illis
3120 4395 3490 4461 Philistino-

1999 4515 2164 4572 rum,
2208 4497 2282 4554 in
2322 4495 2553 4572 quibus
2592 4495 2744 4553 solis
2784 4495 2997 4553 relicti
3034 4505 3186 4556 sunt
3226 4496 3486 4576 quidam

2000 4597 2078 4658 de
2109 4594 2221 4656 illo
2252 4610 2483 4672 genere
2511 4590 2828 4670 giganteo.
2851 4591 3089 4653 Tamen
3118 4592 3312 4672 (sicut
3333 4613 3491 4675 prae-

1999 4694 2339 4773 allegatum
2370 4691 2493 4770 est)
2517 4689 2807 4751 Judicum
2843 4688 3006 4751 libro
3041 4689 3269 4768 legitur
3298 4691 3489 4754 Caleb

2001 4791 2313 4856 delevisse
2360 4796 2487 4851 tres
2531 4786 2701 4849 l‘ilios
2748 4787 2916 4849 Enac
2957 4805 3069 4849 seu
3109 4788 3370 4852 Enacim
3413 4791 3492 4854 de
3517 4811 3781 4862 Juafcmo.

2001 4890 2249 4954 Hebron
2286 4907 2299 4951 :
2336 4886 2506 4969 quod
2540 4884 2641 4948 vel
2674 4883 2911 4946 factum
2943 4893 3041 4946 est
3067 4883 3253 4950 Josue
3283 4889 3490 4952 adhuc

2003 4990 2258 5054 vivente
2288 4995 2479 5068 atque
2501 4990 2827 5067 praesente,
2849 4991 3110 5065 propter
3127 4986 3295 5067 quod
3318 5005 3489 5050 nunc

2002 5089 2059 5152 ei
2092 5086 2517 5161 adscribitur3
2552 5083 2652 5146 vel
2695 5081 2930 5144 dicitur
2974 5082 3081 5146 hic
3123 5103 3235 5165 per
3272 5084 3491 5148 antici-

2003 5187 2347 5270 pationem,
2380 5181 2683 5265 quoniam
2728 5179 2917 5242 Caleb
2960 5200 3035 5243 ex
3075 5181 3495 5263 dispositione

2001 5289 2210 5363 Josue,
2254 5305 2291 5348 a
2339 5300 2465 5364 quo
2516 5279 2639 5342 sibi
2690 5279 2835 5342 data
2883 5286 2979 5342 est
3027 5279 3303 5358 Hebron,
3346 5281 3493 5346 illos

3216 5417 3246 5466 5
