4359 6250
1167 504 1516 552 ENARRATJO
1557 506 1620 552 IN
1663 504 1800 550 GAP.
1846 502 1954 549 vm
1992 503 2281 550 mmmm.-
2312 524 2391 534 —
2431 504 2574 551 Aur.
2620 505 2701 551 XV

3358 491 3476 554 159

377 696 498 760 per
525 678 756 741 sibiae
789 678 1060 761 posteris
1093 677 1228 739 suis
1258 686 1603 760 praeessent
1622 678 1878 741 Gedeon
1909 674 1960 735 A
1989 675 2441 739 vestimentum
2484 675 2835 759 pon'tificiS,
2884 677 3265 760 intelligitur
3302 679 3475 761 quod

375 784 443 838 et
470 776 714 859 posteri
747 777 911 858 eJuS.
936 779 1102 845 Quia
1136 779 1426 837 liberasti
1447 798 1558 837 nos
1575 780 1656 837 de
1677 796 1879 836 manu

375 876 688 937 ΔΙαᾱιάη.
728 876 972 944 Quibus
1003 878 1117 935 ille
1147 876 1244 935 ait
1271 896 1293 934 .·
1319 878 1464 935 Non
1494 876 1878 935 dominabor

375 976 598 1044 vestri,
620 994 735 1034 nec
751 977 1206 1035 domin-abitur
1235 977 1304 1035 in
1341 996 1444 1034 vos
1473 977 1657 1051 filius
1681 994 1872 1045 meus,

369 1077 487 1133 sed
527 1076 978 1135 dominabitur
1021 1075 1197 1133 vobis
1239 1076 1612 1135 Dominus:
1645 1074 1708 1135 id
1754 1081 1870 1149 est,

371 1173 544 1234 Deus
584 1172 776 1236 Israel
822 1172 940 1235 erit
981 1172 1288 1236 Dominus
1329 1180 1561 1247 vester,
1597 1172 1708 1253 qui
1751 1170 1875 1232 sibi

375 1272 730 1335 reservavit
760 1272 1118 1335 dominium
1153 1289 1347 1353 super
1375 1289 1511 1346 VOS,
1539 1278 1600 1333 et
1629 1268 1874 1350 judices

372 1368 516 1431 vult
544 1370 728 1433 vobis
758 1389 1054 1454 praeesse,
1082 1388 1209 1433 non
1243 1388 1356 1451 per
1389 1369 1649 1432 modum
1679 1366 1877 1431 domi-

377 1468 496 1543 nii,
553 1470 662 1531 sed
713 1468 1088 1532 directionis
1135 1477 1325 1550 atque
1375 1465 1652 1531 consilii.
1699 1466 1873 1540 Quod

373 1566 658 1647 qualiter
695 1566 1185 1647 intelligendum
1225 1567 1329 1643 sit,
1374 1566 1442 1627 in
1480 1564 1876 1647 expositione

372 1664 571 1746 primi
593 1663 858 1746 capituli
880 1663 1118 1728 clarius
1136 1672 1232 1727 est
1251 1682 1640 1746 expressum.
1671 1666 1876 1725 Unam

365 1764 756 1839 petitionem
775 1767 1032 1840 postulo
1059 1784 1101 1823 a
1129 1764 1305 1823 vobis
1335 1783 1358 1822 .·
1387 1765 1552 1823 Date
1581 1764 1750 1824 mihi
1779 1764 1879 1821 in·-

1987 772 2238 837 Gedeon
2273 772 2494 838 fecerit
2533 774 2655 837 sibi
2698 775 2913 838 omnia
2952 776 3353 859 pontificalia
3385 778 3477 841 in-

1987 872 2311 935 dumenta.
2348 874 2423 935 Et
2458 873 2610 935 fecit
2641 874 2707 937 in
2745 873 2956 956 Ephra
2995 875 3474 940 tabernaculum

1988 979 2050 1034 et
2070 971 2288 1047 altare,
2315 980 2541 1053 praeter
2574 972 2731 1035 illud
2764 973 2933 1053 quod
2966 982 3100 1036 erat
3129 974 3193 1037 in
3227 974 3379 1039 Silo.
3399 976 3478 1039 Et

1989 1067 2195 1131 factus
2227 1070 2540 1147 sacerdos,
2566 1070 2923 1134 immolavit
2954 1091 3145 1154 super
3176 1072 3335 1135 illud
3366 1075 3476 1138 ho-

1987 1167 2139 1230 stias
2173 1168 2460 1231 Domino.
2496 1169 2620 1231 Alii
2660 1188 2915 1251 quoque
2956 1169 3257 1249 fatentur,
3300 1174 3473 1255 quod

1986 1274 2191 1328 tactus
2230 1268 2503 1348 quadam
2542 1268 2887 1331 indiscreta
2932 1270 3291 1348 devotione,
3336 1272 3471 1336 haec

1987 1363 2160 1441 fecit,
2212 1365 2376 1428 sicut
2424 1374 2485 1428 et
2533 1366 2707 1429 Ozias
2751 1385 2855 1429 rex
2900 1367 3273 1437 thurificare
3315 1390 3473 1452 prae-
3503 1393 3732 1440 urnam

1987 1466 2282 1547 sumpsit.
2312 1465 2651 1547 Voluitque
2681 1466 2932 1530 Gedeon
2973 1467 3038 1529 in
3081 1469 3239 1532 urbe
3270 1478 3333 1533 et
3373 1472 3476 1535 do-
3508 1462 3571 1501 ¹⁹·

1988 1582 2092 1627 mo
2123 1584 2237 1627 sua
2267 1564 2499 1627 habere
2530 1566 2771 1628 cultum
2793 1565 3109 1643 Dei,sicut
3128 1567 3477 1633 habebatur

1989 1663 2054 1725 in
2088 1662 2240 1727 Silo.
3016 1698 3031 1735 t

2065 1759 2245 1823 Circa
2272 1761 2407 1823 haec
2436 1761 2764 1842 quaeritur,
2800 1764 3056 1844 quando
3087 1763 3340 1829 Gedeon
3387 1765 3475 1829 fe·

371 1882 590 1931 aures,
625 1860 690 1923 id
722 1869 818 1923 est
847 1880 1042 1923 aurea
1073 1861 1323 1923 aurium
1365 1869 1760 1937 ornamenta,
1795 1882 1876 1921 ew
1911 1861 1959 1924 B
1987 1858 2144 1921 cerit
2174 1860 2316 1922 ista.
2350 1859 2444 1921 Ad
2474 1860 2647 1939 quod
2679 1860 3073 1941 Augustinus
3105 1864 3468 1945 respondet,

359 1962 599 2035 praeda
631 1969 868 2028 vestra,
900 1958 964 2020 id
1003 1966 1100 2021 est
1131 1958 1210 2020 de
1239 1958 1866 2039 spoliis-occisorum.

369 2060 654 2117 Inaures
691 2059 868 2116 enim
909 2077 1141 2117 aureas
1169 2058 1518 2117 Ismaetitoe
1555 2058 1785 2117 habere
1813 2063 1877 2118 et

370 2153 572 2216 etiam
623 2154 691 2216 in
741 2154 1004 2217 auribus
1051 2154 1220 2217 ferre
1262 2165 1740 2216 consueverant.
1787 2154 1876 2216 Ex

377 2252 504 2316 hoc
553 2252 750 2316 verbo
798 2261 1085 2335 apparet,
1137 2254 1307 2334 quod
1360 2253 1712 2317 Madianitae
1771 2252 1876 2315 isti

380 2351 647 2415 fuerunt
685 2352 1038 2415 Ismaelitae.
1071 2351 1304 2414 Contra
1340 2352 1512 2433 quod
1555 2352 1736 2432 argui
1769 2370 1879 2435 po·-

275 2502 284 2507 .
382 2460 531 2529 test,
561 2450 872 2533 quoniam
902 2450 1254 2514 Madianitae
1293 2451 1758 2515 descenderunt
1801 2453 1879 2515 de

377 2549 702 2613 Abraham
737 2570 850 2633 per
880 2550 1123 2612 Madian
1161 2549 1370 2611 filium
1401 2550 1666 2628 Ceturae,
1693 2551 1878 2613 Isma-

377 2650 552 2715 elitae
579 2658 794 2713 autem
827 2669 941 2732 per
959 2649 1288 2713 ismaelem
1319 2648 1530 2711 filium
1560 2649 1746 2729 Agar,
1765 2649 1879 2712 sic-

379 2759 455 2812 ut
512 2750 578 2811 in
628 2747 860 2811 Genesi
906 2757 1100 2831 patet.
1153 2749 1220 2810 In
1281 2749 1649 2829 oppositum
1697 2748 1877 2829 argui

201 2884 352 2921 mvn,
375 2856 616 2931 potest,
653 2847 954 2929 quoniam
1001 2847 1069 2908 in
1110 2846 1338 2909 Genesi
1379 2846 1611 2927 legitur
1644 2846 1875 2930 Joseph

376 2948 682 3010 venditus
729 2944 1086 3008 Madianitis
1145 2945 1500 3009 ismaelitis,
1554 2945 1648 3007 Ad
1699 2946 1869 3007 istud

1986 1957 2155 2038 quod
2206 1957 2375 2020 circa
2425 1956 2624 2020 finem
2678 1958 2825 2021 vitae
2876 1978 3026 2037 suae,
3082 1980 3208 2024 non
3260 1963 3473 2025 statim

1985 2056 2240 2136 quando
2280 2056 2533 2118 inaures
2574 2056 2835 2137 accepit.
2871 2058 3047 2121 Unde
3086 2059 3263 2135 dicit,
3302 2060 3473 2123 istud

1986 2154 2064 2217 de
2113 2154 2322 2236 ephod
2372 2149 2477 2217 hic
2530 2154 2780 2217 recitari
2829 2174 2943 2236 per
2984 2157 3358 2240 prolepsim,
3410 2159 3474 2221 id

1985 2261 2082 2315 est
2123 2251 2645 2334 anticipationem
2683 2272 2697 2317 ε
2738 2253 2911 2335 quia,
2966 2262 3036 2316 ut
3078 2256 3471 2335 Augustinus

1985 2351 2238 2414 videtur
2279 2350 2565 2429 innuere,
2600 2351 2656 2414 si
2693 2351 2943 2415 Gedeon
2985 2362 3169 2417 antea
3208 2355 3343 2419 haec
3385 2356 3478 2420 fe-

1987 2449 2199 2526 cisset,
2254 2457 2421 2511 terra
2472 2467 2597 2512 nou
2648 2450 3071 2531 requievisset
3120 2461 3212 2516 tot
3259 2455 3469 2533 anniS,

1987 2546 2287 2611 videlicet
2322 2548 2759 2628 quadraginta,
2796 2548 2915 2611 sub
2958 2550 3097 2630 ejus
3140 2552 3471 2633 regimine.

1984 2646 2175 2709 Addit
2208 2654 2419 2708 tamen
2439 2646 3039 2730 AugustinuS,quod
3070 2650 3123 2711 si
3159 2649 3311 2714 fecit
3342 2653 3475 2717 haec

1984 2752 2152 2822 ante,
2190 2763 2316 2808 non
2358 2746 2525 2808 circa
2566 2743 2763 2808 finem
2794 2746 2943 2810 vitae
2988 2752 3138 2825 s'uae,
3175 2750 3336 2813 Deus
3377 2770 3478 2833 pa-

1986 2843 2220 2906 tienter
2268 2844 2388 2906 hoc
2435 2843 2598 2919 tulit,
2646 2852 2717 2905 ut
2766 2864 2888 2927 pax
2937 2858 3369 2928 perseveraret
3410 2850 3476 2912 in

1985 2950 2152 3006 terra
2188 2960 2202 3005 z
2237 2942 2389 3024 quia
2426 2942 2545 3004 etsi
2584 2950 2805 3005 contra
2834 2943 3041 3026 legem
3077 2946 3209 3009 haec
3244 2949 3470 3028 egerit,

378 3044 780 3127 Augustinus
811 3044 1172 3128 respondet,
1210 3045 1384 3127 quod
1414 3044 1513 3108 vel
1545 3044 1876 3108 lsmaelitae
1908 3041 1953 3105 C
1987 3060 2116 3105 non
2147 3049 2359 3104 tamen
2394 3040 2579 3119 longe
2610 3041 2871 3105 recessit
2900 3061 2937 3104 a
2968 3043 3125 3126 lege,
3152 3064 3296 3128 quae
3326 3048 3479 3111 talia

378 3144 736 3208 habitando
775 3144 840 3206 in
865 3153 1047 3207 terra
1083 3144 1352 3222 Madian,
1387 3145 1542 3208 dicti
1574 3153 1727 3206 sunt
1756 3145 1877 3207 Ma-

375 3243 665 3322 dianitae,
718 3243 816 3306 vel
865 3262 942 3306 ex
991 3251 1215 3306 mutuo
1258 3242 1718 3318 matrimoni03
1773 3244 1874 3308 vel

375 3343 546 3422 Agar
593 3350 658 3404 et
707 3342 934 3405 Cetura
975 3350 1156 3405 erant
1199 3342 1429 3404 mulier
1477 3361 1626 3419 una,
1660 3362 1878 3406 secun·

373 3443 534 3504 dum
577 3441 754 3523 quod
796 3441 1018 3504 dicunt
1057 3439 1326 3503 Hebraei.
1361 3440 1436 3502 Et
1476 3441 1529 3502 si
1568 3441 1689 3505 hoc
1734 3442 1878 3504 ulti-

374 3559 558 3604 mum
587 3539 930 3615 diceretur,
965 3547 1430 3620 consequenter
1459 3540 1558 3620 (ut
1596 3539 1877 3621 videtur)

374 3637 594 3702 dicere
623 3645 968 3720 oporteret,
993 3637 1166 3718 quod
1198 3656 1364 3699 unus
1387 3635 1672 3700 filiorum
1701 3639 1876 3702 Cetu-

377 3756 486 3814 rae,
523 3735 774 3800 scilicet
804 3735 1070 3812 Madian,
1100 3734 1182 3796 sit
1214 3734 1382 3797 idem
1411 3735 1522 3816 qui
1547 3736 1792 3799 lsmael.

477 3837 609 3904 Qui
650 3837 1116 3910 responderunt
1147 3853 1169 3892 .·
1201 3834 1652 3894 Libentissime
1693 3837 1875 3896 dabi-

377 3953 526 4018 ηιμ-ς
573 3953 598 3990 .·
653 3949 769 3994 nec
819 3930 1161 4006 immerito,
1216 3929 1368 4012 quia
1415 3931 1749 3995 victoriam
1808 3942 1872 3997 et

1987 3140 2052 3203 in
2085 3139 2491 3203 tabernaculo
2514 3139 2871 3221 fierijussit
2904 3143 2969 3204 in
2994 3143 3102 3206 Dei
3136 3145 3469 3210 honorem.

1986 3239 2217 3302 lterum
2267 3238 2495 3320 quaerit
2538 3239 2962 3318 AugustinuS,
3019 3245 3340 3324 quomodo
3398 3247 3477 3310 de

1987 3347 2161 3401 tanto
2184 3356 2337 3400 auro
2360 3337 2597 3400 factum
2622 3338 2703 3400 sit
2724 3357 2921 3402 unum
2944 3341 3285 3423 ephod.Ad
3306 3346 3479 3426 quod

1987 3436 2371 3519 inquirendo
2403 3437 2743 3518 respondet
2776 3437 2841 3499 in
2878 3439 3122 3520 primis,
3149 3443 3319 3521 quod
3360 3442 3483 3506 for·

1987 3537 2152 3598 sitan
2186 3542 2385 3598 totum
2415 3535 2625 3616 ephod
2657 3554 2920 3598 aureum
2955 3536 3099 3614 fuit,
3124 3547 3313 3620 atque
3347 3550 3473 3604 tam

1987 3635 2263 3697 solidum
2296 3652 2372 3696 ex
2415 3633 2681 3696 materia
2718 3634 2879 3710 auri,
2914 3637 3087 3716 quod
3130 3656 3243 3718 per
3272 3659 3339 3702 se
3372 3656 3478 3723 po-

1986 3732 2110 3795 tuit
2157 3741 2324 3795 stare
2374 3738 2600 3794 erecte.
2648 3731 2886 3795 Deinde
2931 3735 3244 3816 adjungit,
3302 3741 3469 3819 quod

1990 3831 2154 3894 forte
2184 3849 2297 3912 per
2326 3831 2556 3911 ephod,
2593 3837 2895 3911 tanquam
2930 3851 3041 3914 per
3071 3834 3347 3914 digniuS,
3386 3837 3478 3901 in-

1991 3931 2364 4010 telliguntur
2412 3929 2537 3993 alia
2580 3931 2995 3994 sacerdotalia
3037 3945 3409 4001 ornamenta
3456 3957 3471 4002 :

379 4031 725 4093 maximam
758 4029 1153 4112 opulentiam
1175 4038 1356 4092 erant
1386 4050 1500 4113 per
1519 4029 1878 4095 Gedeonem
1991 4049 2221 4113 nempe
2265 4030 2334 4092 in
2380 4028 2518 4109 lege
2562 4037 2695 4093 erat
2733 4040 3142 4114 praeceptum‚
3180 4043 3250 4096 ut
3291 4036 3477 4101 fieret

377 4129 617 4193 sortiti.
652 4133 1238 4208 Eoepandentesque
1277 4131 1562 4206 pallium
1599 4133 1880 4208 projece-
1989 4130 2196 4213 ephod
2230 4147 2357 4193 non
2385 4148 2461 4191 ex
2492 4147 2647 4191 auro
2679 4128 3025 4208 dumtaxat,
3072 4134 3183 4195 sed
3216 4133 3367 4199 item
3399 4157 3476 4202 ex
3564 4162 3713 4210 ΕΜΔ,

375 4238 540 4290 runt
571 4231 646 4289 in
675 4249 746 4288 eo
777 4231 1044 4288 inaures
1073 4231 1154 4288 de
1173 4231 1432 4306 proeda,
1461 4237 1521 4288 et
1557 4229 1695 4304 fait
1716 4251 1880 4308 pon-
1907 4227 1956 4290 D
1989 4227 2352 4311 hyacintho,
2407 4245 2719 4309 purpura,
2774 4244 2963 4290 cocco
3013 4229 3111 4292 bis
3163 4232 3363 4299 tincto
3413 4247 3475 4300 et
3505 4232 3697 4280 ¹¹v¹¹'’⁶·

375 4329 504 4387 dus
535 4328 886 4388 inaum'um
915 4328 1097 4386 mille
1115 4327 1503 4404 septinqenti
1530 4329 1678 4386 sicli
1698 4331 1874 4401 auri,
1988 4327 2199 4409 bysso.
2234 4326 2555 4388 Interdum
2590 4344 2740 4389 vero
2770 4326 3083 4409 accipitur
3111 4332 3321 4412 ephod
3354 4355 3470 4418 pro

377 4428 616 4505 absque
659 4427 1060 4485 ornamentis
1099 4434 1160 4485 et
1203 4425 1555 4485 more-ilibus
1605 4435 1665 4485 et
1715 4438 1880 4488 veste
1989 4425 2156 4487 linea
2185 4431 2382 4487 veste.
2418 4423 2596 4487 Unde
2626 4432 2928 4506 (at-mater
2968 4426 3278 4493 Samuelis
3321 4432 3479 4516 legi·
3563 4462 3576 4505 ι
3599 4463 3705 4520 1100.
3725 4478 3768 4518 η,

367 4543 741 4603 purpurea,
775 4525 1009 4602 quib-as
1041 4525 1320 4584 Madian
1359 4542 1532 4600 reyes
1572 4527 1673 4585 uti
1701 4528 1879 4586 soliti
1988 4532 2089 4585 tur
2119 4541 2235 4586 suo
2268 4523 2409 4585 filio
2442 4523 2650 4604 ephod
2683 4523 2925 4587 tulisse.
2951 4526 3027 4587 Et
3057 4531 3337 4596 secundo
3368 4533 3479 4597 Re-
3510 4527 3574 4576 ’θ’
3604 4529 3667 4570 ¹⁹·

373 4633 590 4695 erant,
639 4633 703 4683 et
743 4631 984 4700 praeter
1033 4631 1282 4701 torques
1333 4642 1563 4682 aureas
1611 4628 1879 4684 camelo·
1984 4640 2136 4703 gum
2169 4630 2483 4698 narratur,
2519 4621 2691 4703 quod
2721 4622 2786 4683 in
2813 4622 3256 4704 deportatione
3286 4650 3471 4712 arcae,

375 4743 555 4782 rum.
575 4722 878 4800 Fet-itque
905 4739 987 4780 ex
1013 4739 1106 4789 eo,
1139 4726 1292 4801 puta
1324 4737 1400 4781 ex
1435 4721 1714 4800 pondere
1745 4729 1880 4783 tan·
1986 4721 2247 4784 indutus
2288 4721 2371 4782 sit
2407 4720 2604 4783 David
2644 4721 2848 4802 ephod
2893 4721 3087 4786 lineo.
3530 4749 3767 4806 imas-1,

377 4819 425 4881 ti
477 4819 620 4882 auri
672 4837 784 4880 seu
841 4817 1162 4879 inaurium
1215 4836 1574 4894 aurearum,
1629 4823 1876 4880 Gedeon
2066 4821 2575 4898 Fornicatusqae
2623 4827 2712 4878 est
2758 4821 2967 4880 omnis
3004 4823 3209 4883 Israel
3259 4828 3329 4886 in
3377 4848 3470 4891 e0.
3506 4815 3570 4855 ¹⁴·

375 4921 607 4996 ephod,
645 4917 707 4979 id
754 4923 852 4979 est
891 4916 1343 4980 vestimentum
1388 4935 1500 4979 seu
1549 4936 1879 4980 ornamen-
1984 4919 2112 4982 Hoc
2133 4917 2333 4998 aliqui
2366 4917 2459 4980 sic
2489 4919 3020 4999 exponunt‚quod
3054 4919 3202 4984 licet
3219 4922 3473 4991 Gedeon

383 5026 518 5078 tum
559 5014 973 5091 sacerdotale,
1012 5015 1140 5078 imo
1171 5024 1232 5078 ct
1275 5014 1670 5096 pontificale,
1706 5017 1876 5097 quod
1986 5035 2113 5080 non
2146 5016 2229 5077 sit
2259 5035 2412 5078 usus
2444 5016 2563 5080 hoc
2594 5015 2804 5097 ephod
2846 5015 2913 5077 in
2949 5015 3263 5082 idolorum
3296 5024 3476 5088 obse-

381 5123 447 5178 et
493 5113 1022 5195 superhumerale
1071 5121 1356 5177 vocatur.
1412 5117 1496 5176 Et
1539 5117 1756 5190 posuit
1805 5117 1877 5175 in
1986 5114 2161 5196 quio,
2206 5121 2416 5176 tamen
2470 5121 2612 5194 post
2666 5121 2932 5177 mortem
2977 5115 3116 5196 ejus
3163 5116 3287 5181 filii
3326 5113 3469 5205 'ejus

380 5214 649 5274 civitate
675 5231 800 5272 sua
833 5215 1079 5289 prra,
1113 5212 1292 5275 Circa
1333 5212 1451 5274 hoc
1482 5211 1772 5292 Magister
1812 5212 1876 5274 in
1989 5213 2279 5276 fecerunt
2301 5212 2439 5274 hoc.
2460 5211 2853 5290 Augustinus
2884 5232 3035 5277 vero
3062 5219 3325 5298 exponit
3354 5222 3467 5300 sic,

386 5309 672 5378 historiis
703 5309 797 5372 ait
831 5329 845 5374 ε
879 5309 994 5372 Per
1032 5311 1240 5393 ephod
1285 5311 1455 5392 quod
1495 5319 1591 5374 est
1622 5310 1878 5394 dignius
1986 5311 2158 5393 quod
2194 5309 2487 5373 fornicati
2519 5309 2821 5372 dicuntur
2842 5311 3133 5376 israelitae
3165 5315 3229 5378 in
3262 5319 3474 5401 ephod
