4359 6250
921 487 1042 550 696

1473 502 1820 550 mutuno
1863 502 1924 547 IN
1967 503 2102 548 CAP-
2150 501 2255 548 XV}
2296 503 2455 549 unm
2492 503 2693 549 ‘raum
2734 504 2959 550 amun.
3002 521 3083 532 —-
3122 503 3267 550 ΛΒΤ.
3308 501 3457 548 mv

923 674 1026 740 vir
1052 693 1262 738 coram
1287 677 1576 752 Domino,
1602 675 1714 758 qui
1747 673 2148 738 suscitaverit
2175 682 2241 736 et
2268 674 2417 736 aedi-
2442 673 2493 735 A
2522 683 2697 756 patet
2738 676 2817 738 de
2856 675 3004 738 Ozia
3042 693 3188 754 rege
3226 683 3293 738 et
3327 677 3613 740 Joatbam
3652 674 3797 738 filio
3838 675 4001 756 ejus»,
4043 691 4269 747 ivam„

925 773 1218 837 ficavcrit
1247 775 1571 839 civitatem
1590 774 1954 839 Jericho.1n
1985 773 2413 855 primogenito

923 892 1038 937 suo
1071 874 1484 938 fundamenta
1515 874 1690 936 illius
1718 873 1933 956 jaciat,
1955 881 2018 936 et
2051 873 2116 935 in
2151 872 2415 936 novissi-

921 991 1028 1035 mo
1058 972 1404 1036 liberorum
1437 981 1632 1055 ponat
1662 981 1874 1055 portas
1905 973 2068 1054 ejus.
2093 971 2271 1034 Unde
2300 970 2413 1034 cli-

920 1071 1109 1148 citur,
1141 1072 1312 1153 quod
1341 1073 1514 1154 justo
1547 1071 1654 1134 Dei
1683 1071 1926 1154 judicio
1966 1079 2263 1152 parentes
2296 1070 2412 1132 sre-

920 1179 1192 1252 quenter
1211 1171 1568 1253 puniuntur
1591 1171 1656 1232 in
1679 1169 1896 1233 sobole
1916 1190 2051 1246 sua,
2067 1178 2132 1232 et
2153 1178 2412 1251 propter

923 1277 1257 1350 parentum
1288 1276 1547 1352 peccata
1575 1269 1784 1351 proles
1815 1269 2089 1331 sustinet
2115 1285 2404 1350 poenam:

919 1367 1090 1448 quod
1133 1366 1410 1449 qualiter
1455 1385 1584 1430 non
1625 1367 1884 1448 deroget
1927 1366 2211 1448 aequitati
2254 1367 2411 1430 divi·

920 1484 1042 1541 nae,
1075 1485 1192 1528 nec
1237 1465 1616 1548 injuriosum
1657 1465 1740 1528 sit
1785 1465 1972 1547 proli,
2006 1465 2116 1528 sed
2159 1466 2287 1528 Deo
2316 1467 2407 1529 sic

921 1564 1308 1640 moderante,
1345 1565 1558 1646 potius
1603 1564 1804 1647 prosit
1851 1563 2080 1626 animae
2109 1564 2273 1646 ejuS‚
2310 1566 2410 1628 de-

919 1661 1226 1726 claratum
1257 1672 1352 1726 est
1383 1682 1572 1745 saepe.

998 1761 1288 1843 Amplius
1319 1761 1718 1838 intuendum,
1751 1762 1904 1844 quia
1944 1769 2016 1823 ut
2051 1761 2142 1824 ait
2179 1762 2247 1824 in
2280 1762 2409 1844 epi-

2520 774 2687 836 sicut
2716 782 2779 836 et
2800 772 2973 836 infra
2992 774 3478 856 patebit.Sexto,
3501 775 3655 858 quia
3672 784 3743 836 ut
3774 774 4003 837 itemm

2516 875 2607 935 ait
2654 873 3094 954 HieronymuS,
3146 893 3411 956 regnum
3457 874 3611 937 Juda
3652 893 3767 937 seu
3818 874 4003 936 lsrael

2518 972 2907 1053 quandoque
2957 971 3204 1034 vacavit
3254 973 3333 1035 ad
3386 983 3657 1055 tempuS,
3704 974 4007 1054 quemad-

2516 1070 2775 1132 modum
2806 1079 2870 1132 et
2898 1069 3239 1152 judiciaria
3266 1071 3675 1153 praesidentia
3706 1071 3819 1132 illa
3852 1079 4005 1134 tem·

2515 1168 2779 1249 poribus
2806 1168 3117 1250 judicum,
3138 1178 3329 1251 prout
3356 1189 3550 1252 super
3563 1169 3861 1232 Judicum
3884 1169 4005 1233 fuit

2516 1266 2871 1347 expositum
2902 1274 3005 1330 :et
3038 1276 3288 1349 tempus
3318 1267 3491 1330 illius
3524 1269 3857 1344 vacantiae,
3892 1288 4003 1330 nu-

2518 1374 2797 1428 meratur
2855 1366 3174 1428 interdum
3224 1367 3291 1428 in
3353 1375 3637 1450 tempore
3684 1367 3855 1448 regis
3912 1387 4003 1430 se-

2516 1464 2796 1544 quentiS,
2830 1465 3217 1546 quandoque
3256 1483 3383 1528 non
3424 1475 3818 1528 numeratur.
3864 1466 4007 1548 Sep-

2517 1561 2697 1639 tim0‚
2728 1562 2883 1644 quia
2926 1581 3387 1646 nonnunquam
3432 1564 3757 1646 Scriptura
3794 1566 4001 1628 solum

2517 1661 2815 1742 exprimit
2846 1669 3099 1743 tempus
3128 1671 3193 1724 et
3220 1681 3446 1741 annoS,
3488 1662 3725 1745 quibus
3758 1682 3868 1726 rex
3898 1664 4005 1726 be-

2519 1779 2599 1821 ne
2654 1759 2814 1822 vixit
2868 1779 2941 1822 ac
3004 1759 3409 1824 laudabiliter
3462 1761 3719 1843 prael'uit
3766 1779 3782 1823 :
3820 1762 4003 1843 juxta

4034 759 4071 803 Ι.
4094 759 4165 798 ³0.

919 1859 1080 1921 stola
1117 1860 1194 1921 ad
1225 1859 1496 1922 Vitalem
1541 1859 1982 1942 presbyterum
2015 1858 2076 1922 S.
2111 1860 2409 1942 Hierony·
2444 1862 2491 1926 B
2517 1874 2707 1937 quem
2748 1859 3007 1922 modum
3058 1859 3124 1921 in
3174 1859 3383 1941 primo
3430 1859 3594 1922 libro
3623 1859 3879 1940 legitur,
3914 1861 4005 1922 fi·
4052 1881 4254 1934 ineam

919 1976 1082 2034 muS‚
1125 1957 1190 2020 in
1239 1957 1405 2020 libro
1437 1957 1672 2038 Regum
1721 1959 2090 2040 frequenter
2129 1959 2409 2021 occurrit

916 2062 1094 2118 tanta
1121 2056 1306 2138 quasi
1334 2055 1752 2134 dissonantia,
1787 2055 2144 2120 difficultas
2175 2065 2239 2120 et
2267 2074 2411 2121 con-

915 2155 1205 2218 trarietas
1239 2155 1300 2218 in
1335 2156 1810 2238 computatione
1849 2175 2154 2219 annorum
2188 2174 2405 2237 regum

917 2255 1250 2318 amborum
1283 2273 1644 2336 regnorum,
1667 2265 1736 2318 ut
1757 2256 1968 2338 potius
1989 2255 2281 2320 videatur
2302 2257 2409 2320 ho-

917 2353 1112 2415 minis
1141 2353 1328 2417 otiosi
1374 2373 1565 2436 quam
1599 2355 1891 2430 studiosi,
1923 2354 2096 2418 circa
2140 2355 2260 2418 hoc
2292 2373 2408 2438 pro

913 2451 1367 2516 concordantia
1397 2453 1743 2516 immorari.
1769 2453 2221 2516 Verumtamen
2254 2452 2407 2535 quia

918 2569 1178 2615 neccsse
1225 2558 1322 2614 est
1369 2570 1610 2614 sacram
1661 2551 2050 2633 Scripturam
2100 2551 2180 2615 ab
2230 2553 2407 2615 omni

916 2667 1130 2712 errore
1175 2655 1365 2730 atque
1403 2647 1737 2712 mendacio
1780 2649 2088 2725 excusari,
2124 2649 2289 2712 sicut
2321 2669 2409 2712 re-

915 2765 1064 2810 vera
1094 2746 1174 2809 ab
1203 2746 1331 2808 illis
1363 2765 1623 2828 prorsus
1655 2746 1960 2808 immunis
1989 2755 2107 2824 est,
2135 2747 2277 2810 ideo
2308 2768 2407 2811 ex-

915 2845 1228 2928 positores
1261 2845 1582 2922 catholici,
1617 2845 1800 2922 Beda,
1837 2844 2153 2923 RabanuS,
2188 2847 2407 2909 Petrus

911 2944 1259 3020 Comestor,
1307 2951 1370 3006 et
1412 2942 1545 3019 alii,
1599 2942 2047 3006 laboraverunt
2089 2963 2207 3026 pro
2252 2945 2408 3007 assi-

2518 1956 2642 2018 lius
2692 1957 2885 2018 unius
2921 1958 3073 2020 anni
3124 1967 3257 2020 erat
3296 1957 3442 2021 Saul
3489 1977 3686 2038 quum
3738 1977 4004 2040 regnare

2517 2054 2835 2136 coepisset,
2888 2055 3137 2119 duobus
3186 2065 3397 2119 autem
3456 2057 3641 2119 annis
3688 2058 4001 2137 regnavit.

2516 2152 2771 2230 Octavo,
2796 2172 2871 2215 ex
2892 2153 3051 2217 vitio
3080 2162 3143 2216 et
3162 2172 3377 2217 errore
3404 2154 3810 2236 scriptorum.
3828 2155 4006 2219 Unde

2518 2250 2585 2312 in
2621 2250 2907 2314 historiis
2953 2253 3043 2314 ait
3088 2252 3377 2333 Magister
3409 2270 3425 2314 ε
3461 2253 3527 2314 ln
3570 2253 3734 2317 libro
3766 2254 4005 2334 Regum

2517 2359 2849 2429 emergunt
2887 2351 3365 2415 contrarietates
3408 2352 3489 2414 de
3530 2351 3873 2415 collatione
3902 2371 4007 2414 an-

2518 2467 2745 2511 norum
2777 2466 2999 2528 regum
3028 2448 3187 2512 Juda
3231 2458 3295 2512 et
3326 2467 3543 2530 regum
3587 2451 3777 2513 lsrael
3813 2468 3829 2512 ε
3862 2470 4007 2532 quae

2516 2547 2930 2609 determinari
2959 2547 3345 2630 quandoque
3374 2556 3675 2629 possunt;
3710 2548 3823 2611 ubi
3856 2568 4005 2613 vero

2514 2645 2960 2708 determinatio
2994 2664 3121 2708 non
3167 2645 3515 2724 invenitur,
3550 2647 3709 2710 vitio
3740 2647 4005 2730 scripto-

2516 2762 2655 2805 rum
2688 2743 2809 2806 boc
2830 2742 3147 2806 credimus
3169 2744 3481 2821 evenisse,
3504 2745 3616 2827 qui
3638 2745 3707 2807 in
3728 2745 4003 2828 propriis

2515 2843 2885 2907 nominibus
2916 2863 2989 2906 ac
3020 2844 3303 2907 numeris
3348 2863 3516 2927 saepe
3546 2844 3879 2908 falluntur.
3912 2846 4003 2908 Ex

2516 2942 2617 3004 his
2648 2943 3013 3006 memoriter
3044 2942 3307 3006 retentis
3335 2951 3635 3025 poterunt
3654 2942 4004 3007 difficulta-

909 3042 1170 3125 ‘gnanda
1226 3041 1588 3118 concordia,
1646 3042 2000 3125 praesertim
2060 3043 2136 3106 ad
2187 3041 2407 3106 defen·
2442 3044 2486 3108 C
2515 3049 2611 3103 tes
2643 3041 2709 3104 in
2744 3040 3155 3124 sequentibus
3188 3041 3373 3105 solvi.

912 3142 1188 3206 dendum
1224 3140 1614 3224 Scripturam
1660 3141 1742 3205 ab
1790 3141 2263 3206 incredulorum
2307 3163 2409 3207 ca-

914 3240 1183 3304 lumnia.

994 3340 1210 3420 ltaque
1240 3358 1316 3402 ex
1346 3338 1537 3402 dictis
1573 3339 2030 3403 catholicorum
2075 3340 2407 3404 doctorum

913 3438 1366 3501 concordatur:
1387 3437 1596 3501 Primo
1621 3457 1734 3520 per
1755 3438 2084 3521 mysticam
2117 3457 2410 3503 numero-

913 3554 1055 3598 rum
1088 3535 1618 3615 designationem.
1653 3535 1869 3617 Magna
1897 3536 2136 3599 etenim
2177 3546 2408 3619 myste-

915 3632 1010 3695 ria
1040 3633 1106 3694 in
1149 3633 1432 3696 numeris
1465 3633 1894 3710 continentur,
1931 3643 1995 3696 et
2020 3635 2409 3715 quandoque

915 3739 1083 3794 taxat
1109 3730 1436 3814 Scriptura
1459 3750 1662 3795 annos
1680 3732 1860 3815 juxta
1886 3733 2283 3817 mysterium,
2305 3733 2411 3796 ali-

913 3832 1170 3913 quando
1199 3831 1378 3914 juxta
1408 3831 1686 3896 litteram
1731 3841 1793 3896 et
1834 3852 1966 3895 rem
1998 3841 2265 3913 gestam.
2305 3834 2405 3896 Se-

913 3930 1146 4007 cundo,
1199 3930 1355 4012 quia
1392 3930 1716 4013 Scriptura
1765 3930 2084 3994 interdum
2139 3950 2267 3995 non
2303 3951 2410 3995 cu-

915 4036 1166 4106 rat,nec
1197 4037 1524 4111 computat
1553 4029 1858 4092 minutias
1893 4049 2301 4094 numerorum
2336 4050 2409 4095 ac

914 4134 1299 4209 temporum.
1319 4128 1533 4192 Tertio
1563 4147 1677 4210 per
1707 4136 1944 4210 tropos,
1971 4129 2273 4211 quoniam
2301 4150 2409 4194 sae-

2595 3140 2923 3217 Moraliter,
2949 3160 3025 3203 ex
3053 3142 3350 3223 praesenti
3372 3142 3675 3205 docemur
3694 3141 3995 3223 capitulo,

2516 3258 2707 3319 quam
2740 3239 3110 3303 terribiliter
3140 3248 3283 3322 post
3310 3240 3475 3303 hanc
3503 3241 3699 3303 vitam
3732 3241 4001 3323 punian-

2519 3344 2623 3398 tur
2652 3336 2975 3419 principes
3007 3357 3079 3400 ac
3110 3338 3353 3419 praelati
3384 3338 3614 3421 iniqui,
3650 3338 3999 3421 praesertim

2516 3454 2593 3498 ex
2622 3436 2875 3499 modico
2904 3444 3069 3499 statu
3102 3445 3211 3500 aut
3242 3437 3459 3501 stricta
3478 3438 3903 3521 competentia
3922 3439 4001 3500 ad

2515 3554 2744 3615 magna
2792 3536 3067 3618 promoti
3103 3555 3118 3599 :
3150 3556 3423 3619 quorum
3472 3538 3859 3617 ingratitudo
3906 3548 4005 3600 ὧι

2515 3636 2755 3715 grande
2787 3634 3133 3717 piaculum,
3152 3645 3382 3700 etcum
3412 3636 3685 3700 subditis
3716 3636 3869 3713 suiS,
3887 3637 4003 3718 qui

2516 3752 2733 3797 eorum
2782 3734 3171 3815 negligentia
3206 3754 3279 3798 ac
3322 3736 3537 3818 pravis
3569 3736 3877 3818 exemplis
3914 3756 4005 3799 se-

2515 3834 2841 3896 ducuntur
2870 3853 2941 3896 ac
2964 3842 3255 3916 pereunt,
3278 3836 3357 3898 de
3387 3835 3733 3900 electorum
3752 3854 4002 3899 consor·

2518 3932 2605 3995 tio
2627 3933 3161 4014 praescinduntur,
3182 3942 3245 3997 et
3266 3934 3461 3997 vitam
3480 3934 3699 4015 gratiae
3728 3935 4003 4017 perdunt

2516 4050 2588 4093 ac
2616 4032 2858 4112 gloriae.
2894 4033 3151 4109 RursuS,
3188 4052 3302 4115 per
3332 4034 3543 4111 Baasa,
3568 4034 3681 4115 qui
3712 4042 4001 4097 sanctum

2516 4130 2893 4211 Prophetam
2924 4150 2961 4193 a
2992 4149 3119 4213 quo
3150 4131 3619 4214 increpabatur,
3640 4132 4005 4209 occidit,in-

915 4244 994 4309 pe
1024 4224 1476 4289 denominatur
1506 4245 1652 4309 pars
1682 4246 1720 4289 a
1751 4235 1904 4305 tot0,
1925 4236 1987 4290 ct
2016 4246 2403 4293 econverso:
2440 4232 2488 4293 D
2518 4228 2892 4309 telliguntur
2924 4229 3351 4311 impatienteS‚
3376 4230 3685 4309 iracundi,
3720 4232 3998 4315 superbi,

915 4324 1135 4411 sicque
1176 4324 1345 4387 idem
1389 4334 1638 4407 tempus
1684 4325 1766 4389 ob
1809 4345 2000 4388 unam
2033 4328 2130 4390 sui
2162 4336 2405 4410 partem

923 4422 1310 4485 adscribitur
1353 4423 1500 4486 vitae
1546 4442 1658 4487 seu
1711 4441 1906 4506 regno
1949 4424 2162 4503 uniuS,
2213 4434 2276 4488 et
2323 4426 2407 4489 ob

913 4522 1106 4585 aliam
1145 4521 1243 4583 sui
1280 4531 1522 4604 partem
1559 4541 1754 4604 regno
1787 4543 1898 4587 seu
1931 4524 2078 4587 vitae
2117 4523 2401 4588 alteriuS.

913 4620 1167 4697 Quarto,
1213 4620 1576 4701 specialiter
1616 4640 1730 4703 per
1769 4622 2207 4704 synecdochen
2244 4640 2258 4684 :
2292 4643 2407 4705 per

914 4738 1104 4801 quam
1137 4718 1373 4782 dicitur
1393 4718 1683 4782 Christus
1708 4720 1910 4783 tribus
1930 4720 2155 4783 diebus
2185 4721 2249 4783 in
2282 4741 2408 4785 mo-

916 4825 1222 4879 numento
1275 4815 1495 4880 fuisse.
1538 4816 1790 4895 Quinto,
1835 4818 1988 4899 quia
2031 4827 2100 4879 ut
2144 4819 2234 4881 ait
2272 4820 2408 4882 Hie-

916 4932 1240 4995 ronymuS,
1281 4912 1404 4976 filii
1436 4914 1822 4997 quandoque
1856 4926 2407 4997 conregnaverunt

916 5011 1204 5094 patribus
1251 5011 1386 5074 suis
1423 5031 1437 5074 ε
1483 5013 1704 5095 sicque
1742 5013 2062 5077 interdum
2105 5014 2409 5078 dicuntur

917 5119 1010 5174 tot
1039 5120 1150 5174 aut
1181 5119 1272 5174 tot
1303 5110 1488 5173 annis
1511 5132 1830 5194 regnasse,
1854 5114 1954 5177 vel
1986 5114 2138 5195 quia
2169 5114 2289 5177 soli
2314 5134 2407 5177 re-

917 5218 1276 5291 gnaverunt
1307 5218 1434 5273 tam
1465 5210 1598 5287 diu,
1630 5211 1731 5276 vel
1762 5212 1916 5294 quia
1955 5232 2084 5275 una
2112 5231 2259 5275 cum
2297 5233 2407 5295 pa-

917 5308 1124 5371 tribus
1155 5318 1578 5390 regnaverunt
1599 5318 1688 5373 tot
1709 5310 1916 5387 anniS,
1941 5320 2012 5373 ut
2041 5312 2406 5393 specialiter

2515 4329 2629 4409 qui
2670 4327 3149 4410 increpantibus
3196 4337 3259 4391 et
3296 4330 3753 4411 castigantibus
3800 4352 3867 4395 se
3908 4332 4005 4394 in-

2516 4426 2879 4506 dignantur,
2934 4434 3227 4509 proterve
3286 4430 3673 4511 respondent
3718 4438 3782 4493 et
3826 4430 4003 4495 oblo-

2516 4534 2820 4606 quuntur.
2848 4526 3396 4608 insuper,constat
3426 4548 3502 4591 ex
3522 4528 3783 4611 capituli
3816 4530 4007 4612 hujus

2517 4623 2804 4701 historia,
2840 4633 3081 4705 quanta
3112 4623 3397 4690 facinora
3424 4626 3643 4708 gignat
3674 4628 3737 4689 in
3770 4628 4005 4691 mundo

2514 4724 2887 4786 dominandi
2937 4724 3189 4787 libido:
3234 4745 3312 4788 ex
3358 4744 3487 4808 qua
3534 4726 3890 4809 spiritualia
3932 4746 4005 4789 ae

2516 4822 2873 4903 corporalia
2906 4831 3313 4899 nocumenta,
3350 4824 3713 4903 homicidia,
3748 4824 4007 4889 infesta-

2519 4920 2742 4997 tioneS,
2793 4920 3063 4999 insidiae,
3114 4922 3397 4999 invidiae,
3444 4923 3863 5005 partialitates
3904 4944 4009 4987 na-

2516 5027 2799 5097 scuntur,
2826 5020 2955 5083 imo
2988 5028 3051 5083 et
3082 5021 3563 5102 inquietudines
3592 5042 3665 5086 ac
3698 5022 3951 5087 timores
3988 5042 4003 5086 :

2512 5118 2667 5199 quia
2711 5120 2882 5200 quod
2929 5119 3075 5201 quis
3126 5120 3344 5182 intulit
3392 5120 3599 5199 alteri,
3646 5131 3899 5187 veretur
3940 5134 4007 5186 et

2514 5216 2637 5279 sibi
2685 5236 2871 5299 posse
2917 5216 3166 5281 inferri.
3200 5218 3441 5283 Idcirco
3482 5228 3553 5281 ut
3596 5220 3663 5283 in
3713 5220 3878 5286 libro
3906 5222 4006 5285 Sa-

4034 1948 4069 1987 ί.

4024 3224 4247 3279 spirituus.

4064 5280 4245 5335 qum
4276 5240 4278 5251 Ι

2516 5315 2773 5396 pientiae
2812 5316 3044 5395 legitur
3078 5333 3093 5377 :
3138 5316 3402 5399 Semper
3446 5319 3777 5401 praesumit
3812 5340 3999 5397 saeva,
4034 5347 4097 5386 m.
