4359 6250
641 981 738 1024 Jer.
755 993 865 1034 κιιι,

607 1046 673 1087 14.

627 1181 748 1226 Aba.
765 1196 793 1234 ι,
812 1186 851 1226 1.

895 487 1018 552 688

1435 504 1783 552 ENARRA'rlo
1826 505 1887 550 IN
1929 504 2065 550 GAP.
2113 503 2219 549 xlv
2258 502 2417 548 unm
2456 501 2655 548 Tssn'rn
2696 502 2921 550 nsscmt.
2966 523 3047 534 --
3084 505 3229 551 ΛΒΤ.
3275 505 3406 551 ml

898 676 1176 741 dinatur.
1213 676 1313 740 Sic
1350 676 1662 759 Propheta
1706 677 1825 740 iste
1863 674 1987 739 fuit
2025 675 2283 751 missuS‚
2318 673 2382 734 id
2416 672 2469 734 A
2496 674 2782 752 venienS,
2827 695 2943 740 nec
2982 677 3181 740 textui
3218 693 3559 741 consonus
3602 677 3769 739 Deus
3807 675 3985 739 enim

897 785 992 838 est
1035 775 1315 838 directus
1357 796 1394 837 a
1424 775 1662 857 Spiritu
1715 773 1942 838 Sancto
1992 775 2070 837 ad
2121 774 2386 854 loquen-

897 876 1050 937 dum
1084 873 1336 936 feminae
1365 872 1516 936 huic
1550 873 1743 936 verba
1771 871 2124 954 sequentia.
2153 872 2235 934 De
2261 889 2388 952 qua

899 972 1206 1036 missione
1235 972 1301 1034 in
1330 972 1600 1034 Jeremia
1630 972 1918 1049 habetur,
1954 971 2255 1033 Auditum
2288 988 2390 1030 au-

898 1071 1176 1134 divimus
1219 1091 1256 1134 a
1304 1072 1592 1146 Domino,
1637 1078 1700 1132 et
1743 1070 1988 1150 legatus
2037 1069 2115 1132 ad
2165 1076 2388 1150 gentes

899 1170 1132 1232 missus
1163 1191 1336 1244 sum;
1370 1177 1432 1233 et
1463 1169 1528 1230 in
1549 1168 1773 1244 Abdia,
1799 1169 2100 1249 Legatum
2131 1167 2212 1229 ad
2242 1184 2389 1246 gen-

899 1277 993 1332 tes
1039 1269 1213 1331 misit
1248 1287 1262 1331 :
1298 1269 1450 1349 quia
1496 1287 1614 1330 nec
1660 1267 1986 1343 IeremiaS,
2021 1284 2231 1347 neque
2259 1264 2384 1327 Ab—

894 1367 1033 1430 dias
1054 1367 1468 1450 corporaliter
1497 1363 2302 1448 missusjifuitfgentilibuS.

1001 1470 1188 1538 Vade,
1217 1477 1278 1528 ec
1304 1469 1412 1526 dic
1427 1467 1759 1527 Jeroboam
1789 1472 1899 1526 tuo
1929 1463 2156 1526 marito
2194 1480 2207 1524 :
2234 1466 2388 1525 Hoec

895 1569 1059 1628 dicit
1086 1569 1405 1628 Dominus
1436 1569 1604 1625 Deus
1623 1566 1874 1625 Israel:
1899 1565 2068 1631 Quia
2095 1565 2387 1623 emanavi

899 1675 955 1726 te
982 1669 1063 1726 de
1090 1668 1299 1726 medio
1314 1667 1568 1744 populi,
1591 1673 1650 1724 et
1670 1665 1824 1723 dedi
1855 1672 1911 1723 te
1937 1666 2164 1722 ducem
2194 1681 2386 1739 super

887 1768 1207 1841 populum
1255 1783 1470 1824 meum
1517 1763 1749 1831 Israel,
1791 1770 1851 1821 et
1895 1761 2063 1820 scidi
2109 1778 2383 1836 reynum

2496 770 2936 855 principaliter
2984 775 3346 838 minabatur
3384 776 3555 838 sanis
3587 794 3659 837 ac
3706 773 3984 837 fortibus

2496 869 2673 948 viriS,
2698 871 2930 936 deinde
2958 873 3455 948 infirmioribu53
3490 881 3553 936 et
3580 872 3978 946 hominibuS,

2498 987 2625 1032 non
2655 971 2943 1034 canibus,
2968 976 3049 1034 Et
3068 976 3392 1034 mundabo
3413 975 3729 1053 reliquias
3754 976 3987 1034 domu-s·

2493 1072 2849 1140 Jeroboam,
2882 1071 2947 1133 id
2990 1079 3107 1148 est,
3153 1080 3384 1136 terram
3424 1072 3711 1154 purgabo
3750 1071 3833 1134 ab
3860 1071 3977 1147 eis,

2494 1166 2843 1233 auferendo
2872 1188 2980 1233 eos
3009 1171 3090 1233 de
3120 1169 3253 1234 vita
3284 1171 3399 1234 bac
3434 1189 3449 1232 τ
3482 1171 3626 1235 ideo
3659 1171 3977 1247 subditur,

2493 1267 2660 1327 sicut
2690 1271 3005 1330 mundari
3032 1274 3183 1330 solet
3212 1272 3435 1348 fumus
3454 1270 3480 1296 *
3508 1291 3710 1350 usque
3736 1273 3827 1330 ad
3858 1291 3985 1349 pu-
4032 1287 4052 1306 ⁶

2494 1384 2666 1436 rum,
2699 1365 2764 1429 id
2812 1375 2927 1444 est,
2964 1367 3128 1430 sicut
3176 1377 3481 1450 purgatur
3531 1368 3757 1431 domus
3808 1387 3845 1430 a
3886 1367 3985 1429 fu-

2495 1482 2621 1541 mo,
2674 1483 2788 1547 per
2835 1465 2955 1528 boc
3002 1467 3173 1547 quod
3224 1465 3438 1528 fumus
3486 1467 3803 1530 educitur.
3855 1470 3985 1537 Qui

2496 1564 2739 1624 mortui
2785 1564 3041 1640 fuerint
3087 1568 3167 1625 de
3200 1567 3528 1627 Jeroboam
3571 1567 3647 1626 in
3694 1567 3981 1637 civitate,

2494 1665 2819 1723 comedent
2845 1683 2945 1722 eos
2964 1683 3151 1724 canes
3160 1688 3187 1735 ,·
3204 1665 3323 1743 qui
3340 1673 3553 1724 autem
3582 1667 3828 1724 mortui
3844 1665 3985 1740 fue*

2496 1761 2634 1819 rint
2664 1761 2735 1820 in
2768 1781 2950 1837 ayro,
2974 1763 3293 1822 vorabunt
3320 1782 3418 1822 eos
3436 1783 3583 1822 aves
3609 1764 3756 1824 coeli
3770 1787 3798 1833 ,-
3824 1764 3985 1842 quia

894 1866 1122 1924 domus
1163 1865 1404 1933 David,
1437 1872 1496 1922 et
1541 1862 1696 1921 dedi
1741 1862 1916 1920 illud
1965 1860 2108 1928 tibi,
2144 1867 2205 1918 ei
2254 1878 2383 1919 non
2420 1858 2468 1921 Β
2494 1859 2811 1919 Dominus
2842 1863 3089 1921 locutus
3116 1869 3229 1921 est.

892 1962 1090 2039 fuisti
1115 1963 1283 2022 sicut
1310 1981 1530 2020 servus
1561 1979 1738 2020 meus
1765 1959 2007 2029 David,
2040 1959 2158 2038 qui
2186 1967 2385 2018 eusto-

893 2061 1064 2120 divit
1113 2063 1424 2120 mandata
1465 2079 1628 2130 mea,
1661 2069 1720 2118 et
1763 2066 2011 2118 secutas
2049 2066 2139 2117 est
2169 2076 2269 2116 me
2312 2057 2383 2115 in

2567 1959 2661 2017 Tu
2684 1958 2891 2033 iyitur
2908 1977 3117 2036 surye,
3130 1969 3192 2019 ec
3213 1962 3373 2020 vade
3394 1961 3465 2020 in
3486 1963 3750 2021 domum
3774 1969 3980 2030 tuam,

2490 2065 2550 2115 et
2584 2056 2657 2115 in
2692 2057 2825 2133 ipso
2860 2058 3139 2118 introitu
3160 2061 3403 2135 pedum
3446 2068 3709 2119 tuorum
3752 2060 3828 2117 in
3876 2079 3985 2118 ur-

899 2169 1019 2220 toto
1047 2161 1234 2219 corde
1260 2179 1400 2228 su0,
1427 2158 1678 2235 faciens
1697 2159 1869 2237 quod
1880 2156 2205 2234 placitum
2232 2163 2383 2214 esset
2493 2155 2655 2224 bem,
2687 2153 2751 2215 id
2781 2163 2899 2232 est,
2934 2155 3215 2220 intrante
3244 2164 3305 2219 ῖθ
3336 2156 3593 2220 domum
3628 2165 3823 2233 tuam,
3850 2177 3987 2216 mo-

895 2258 968 2318 in
1016 2265 1349 2333 conspectu
1395 2275 1572 2327 meo;
1607 2257 1718 2314 sed
1762 2263 2062 2333 operatus
2113 2273 2176 2312 es
2214 2256 2384 2313 male
2492 2255 2700 2312 rietur
2719 2272 2911 2330 puer,
2934 2254 3233 2318 videlicet
3263 2252 3443 2317 filius
3476 2263 3623 2317 tuus
3642 2253 3803 2316 Abia
3825 2272 3842 2315 ε
3866 2255 3983 2336 qui

892 2374 1086 2433 saper
1113 2375 1329 2415 omnes
1355 2355 1472 2434 qui
1499 2355 1773 2430 fuerunt
1803 2363 1952 2412 anie
1983 2362 2062 2422 te,
2083 2360 2144 2411 et
2167 2351 2382 2429 fecisti
2494 2359 2704 2416 tamen
2751 2350 2874 2416 fuit
2922 2353 3127 2418 virilis
3176 2353 3375 2417 aetat-is
3418 2362 3527 2416 aut
3574 2353 3868 2426 circiter;
3920 2365 3983 2441 ep

897 2456 1017 2514 tibi
1051 2457 1196 2514 deos
1239 2455 1482 2514 alienos
1528 2463 1587 2512 et
1616 2454 1996 2528 conflatiles,
2038 2461 2110 2512 ut
2149 2471 2249 2510 me
2292 2452 2381 2510 ad
2484 2457 2751 2530 planyet
2784 2474 2933 2514 eum
2963 2455 3173 2513 omnis
3201 2456 3431 2522 Israel,
3458 2462 3518 2512 ei
3546 2455 3823 2529 sepeliet.
3848 2456 3981 2515 Iste

893 2555 1316 2614 iracundiam
1331 2572 1734 2631 provocares,
1756 2550 1819 2612 id
1842 2559 1958 2626 est,
1975 2549 2158 2632 pejus
2184 2567 2378 2630 quam

895 2669 1070 2731 reges
1100 2650 1288 2713 lsrael
1319 2657 1380 2712 te
1413 2649 1654 2731 priores
1685 2656 1982 2732 operatus
2011 2667 2079 2711 es
2106 2666 2120 2712 ε
2147 2665 2225 2710 ex
2249 2665 2379 2728 quo

894 2749 1145 2813 videtur
1179 2749 1434 2829 gravius
1479 2767 1774 2830 peccasse
1818 2766 2009 2829 quam
2056 2746 2376 2821 Salomon,

892 2846 1005 2929 qui
1038 2866 1166 2911 non
1209 2847 1408 2910 coluit
1437 2847 1589 2910 deos
1619 2846 1862 2909 alienos
1893 2865 1969 2908 ex
2000 2843 2235 2921 anim0,
2270 2842 2381 2906 sed

893 2966 974 3010 ne
1003 2946 1406 3009 contristaret
1426 2965 1572 3008 suas
1592 2945 1875 3020 deliciaS‚
1901 2963 2110 3026 neque
2129 2941 2381 3005 induxit

2490 2554 2665 2613 enim
2692 2556 2863 2613 solus
2903 2553 3227 2629 inferetur
3266 2557 3345 2613 de
3372 2553 3729 2621 Jeroboam,
3752 2551 3820 2614 id
3856 2561 3976 2630 est,

2490 2649 2568 2712 de
2600 2648 2817 2713 sobole
2847 2652 3009 2732 ejus,
3044 2653 3116 2711 in
3146 2654 3537 2728 sepulcrum,
3560 2650 3647 2712 ita
3677 2651 3851 2732 quod
3881 2670 3980 2714 re-

2490 2755 2782 2811 verenter
2819 2747 3181 2831 sepelietur‚
3216 2750 3375 2828 quia
3410 2750 3713 2809 inventus
3750 2760 3842 2809 est
3876 2771 3982 2810 su—

2484 2867 2603 2924 per
2629 2867 2698 2906 eo
2740 2867 2943 2908 sermo
2988 2849 3185 2907 bonus
3214 2869 3255 2908 a
3287 2848 3561 2908 Domino
3602 2849 3733 2908 Deo
3772 2849 3980 2908 Israel

2490 2948 2563 3006 in
2590 2947 2775 3006 domo
2804 2947 3158 3015 Jeroboam,
3188 2945 3253 3007 id
3295 2953 3411 3022 est,
3446 2944 3568 3007 iste
3597 2945 3773 3007 solus
3814 2944 3981 3008 inter

890 3044 1412 3109 communitatem
1458 3043 1838 3125 generaliter
1888 3062 1960 3106 ac
2011 3043 2251 3106 directe
2296 3040 2377 3103 ad
2416 3041 2461 3106 C
2492 3041 2663 3105 filios
2682 3042 3023 3106 ·Jeroboam
3056 3043 3262 3106 bonus
3292 3050 3408 3120 θεῖ,
3434 3050 3496 3105 et
3526 3043 3689 3105 Deus
3719 3043 3799 3106 de
3836 3043 3979 3127 ipso

892 3144 1341 3221 idololatriam,
1374 3163 1490 3207 nec
1533 3144 1775 3207 cultum
1809 3144 1941 3207 veri
1972 3142 2081 3206 Dei
2124 3142 2192 3204 in
2226 3151 2381 3206 tem-
2491 3142 2657 3205 bona
2687 3142 2935 3205 locutus
2966 3151 3063 3205 est
3100 3144 3180 3206 ad
3229 3161 3415 3205 suum
3464 3141 3793 3206 honorem.
3829 3143 3975 3205 Fuit

893 3244 1000 3326 plo
1049 3242 1417 3326 probibuit3
1465 3264 1564 3304 me
1605 3252 1824 3303 autem
1862 3243 2197 3321 projecisti
2236 3250 2381 3320 post
2488 3240 2787 3323 equidem
2816 3241 3159 3318 virtuosuS‚
3191 3250 3383 3323 atque
3412 3250 3483 3303 ut
3522 3240 3744 3319 fertur,
3770 3260 3972 3323 quum

615 4736 632 4779 1
643 4736 746 4793 Rev.
761 4748 860 4788 xxv,

597 4801 664 4843 34.

888 3363 1117 3421 corpus
1149 3352 1355 3413 tuum,
1391 3341 1455 3403 id
1485 3348 1602 3417 θεῖ,
1639 3348 1940 3422 tanquam
1971 3339 2216 3421 aliquid
2248 3338 2375 3401 vile

892 3440 1209 3522 reliquisti
1249 3447 1440 3521 atque
1471 3458 1507 3500 a
1542 3449 1648 3503 tuo
1689 3440 1878 3502 corde
1909 3438 2205 3518 abjecisti
2234 3464 2247 3515 ;
2285 3441 2381 3498 id-

890 3542 1057 3599 circo
1087 3560 1221 3599 ecce
1235 3558 1344 3616 eqo
1366 3541 1676 3599 inducam
1702 3541 1876 3599 mala
1895 3558 2093 3617 super
2111 3540 2377 3598 domum

887 3640 1244 3707 semmam,
1273 3646 1332 3697 ei
1353 3638 1720 3715 percutiam
1747 3640 1825 3697 de
1842 3638 2176 3697 Jeroboam
2208 3637 2380 3696 min-

883 3746 1138 3813 ,qeniem
1168 3739 1255 3797 cui
1277 3737 1620 3815 parietem,
1653 3733 1718 3795 id
1749 3741 1864 3810 est,
1899 3732 2216 3815 quidquid
2248 3752 2379 3795 ma-

892 3834 1125 3897 sculini
1164 3843 1258 3897 est
1301 3853 1508 3909 sexuS‚
1542 3832 1648 3895 cui
1686 3832 1990 3915 competit
2033 3832 2260 3895 stando
2298 3832 2377 3893 ad

892 3933 1201 4015 parietem
1249 3950 1546 3995 emanare
1592 3931 1866 4007 urinam,
1899 3940 1958 3992 ec
1987 3936 2279 3992 clausum
2320 3940 2381 3991 ec

891 4034 1316 4093 novissimum
1343 4034 1415 4091 in
1443 4033 1672 4102 Israel,
1699 4029 1763 4091 id
1799 4037 1895 4093 est
1939 4030 2130 4093 etiam
2170 4029 2380 4092 incar-

891 4138 1136 4193 ceratos
1194 4148 1268 4192 ac
1315 4127 1572 4192 viliores
1635 4146 1925 4209 quosque
1991 4128 2072 4190 de
2135 4129 2379 4191 semine

2490 3349 2667 3422 pater
2699 3340 2839 3420 ejus
2873 3339 3306 3422 prohibuisset
3346 3339 3581 3423 populo
3620 3358 3739 3403 suo
3780 3339 3873 3403 ire
3914 3348 3980 3403 et

2491 3438 2856 3502 sacrificare
2885 3439 2951 3500 in
2986 3438 3223 3522 templo
3250 3438 3619 3516 Jerusalem,
3650 3448 3717 3501 θῖ
3746 3439 3815 3500 in
3854 3438 3979 3500 viis

2489 3538 2805 3618 posuisset
2832 3535 3081 3617 aliquos
3112 3537 3189 3599 ad
3222 3536 3715 3613 observandum,
3750 3556 3832 3598 an
3864 3536 3978 3597 ali-

2488 3636 2635 3716 quis
2673 3634 2827 3698 illuc
2871 3635 2991 3698 iret
3036 3643 3108 3697 ut
3146 3642 3445 3717 caperent
3494 3653 3624 3711 θοε,
3659 3634 3779 3697 ἰεῖθ
3818 3634 3979 3696 Abia

2490 3752 2605 3816 pro
2648 3753 2835 3817 posse
2862 3734 3101 3797 amovit
3133 3734 3290 3796 illud
3325 3732 3878 3816 impedimentum,
3912 3742 3978 3797 et

2489 3832 2946 3915 cooperabatur
2974 3833 3055 3895 ad
3078 3832 3227 3909 hoc,
3258 3833 3427 3913 quod
3473 3832 3673 3895 libere
3704 3832 3870 3894 irent
3896 3833 3979 3894 ad

2492 3931 2821 4012 templum.
2845 3930 3019 3992 Multi
3050 3929 3290 4013 quippe
3320 3948 3397 3993 ex
3426 3931 3643 3993 decem
3676 3930 3975 3993 tribubus

2490 4029 2642 4092 illuc
2688 4030 2960 4105 iverunt,
2994 4030 3171 4111 juxta
3220 4028 3378 4091 illud
3427 4027 3689 4091 secundi
3740 4028 3977 4091 Parali-

2490 4146 2808 4210 pomenon
2844 4145 2859 4189 :
2895 4128 2980 4191 De
3009 4126 3257 4190 cunctis
3286 4126 3580 4190 tribubus
3610 4127 3801 4190 lsrael
3832 4128 3979 4211 qui-

891 4227 1053 4309 ejuS,
1079 4226 1191 4307 qui
1219 4226 1279 4288 ei
1308 4226 1943 4290 communicaverunt
1985 4226 2049 4288 in
2083 4226 2375 4303 crimine,
2410 4226 2459 4287 D
2490 4246 2764 4308 cumque
2802 4228 3109 4290 dederant
3136 4244 3244 4289 cor
3288 4245 3475 4288 suum
3513 4235 3582 4288 ut
3617 4236 3981 4307 quaererent

891 4346 1092 4409 quum
1136 4332 1344 4387 tamen
1377 4323 1610 4387 talibus
1653 4324 2128 4387 miserabilibus
2173 4344 2381 4408 perso-

893 4425 994 4487 nis
1025 4424 1224 4487 soleat
1252 4422 1449 4505 parci.
1482 4424 1694 4501 Porro,
1729 4425 1900 4505 quod
1933 4443 2046 4506 per
2085 4424 2380 4505 mingen-

893 4533 1017 4587 tem
1063 4524 1142 4585 ad
1181 4522 1511 4605 parietem,
1545 4522 1772 4585 debeat
1814 4521 2090 4601 intelligi
2131 4541 2378 4585 mascu-

893 4622 1016 4701 luS‚
1047 4629 1221 4704 patet
1263 4639 1340 4683 ex
1381 4638 1479 4698 θο,
1513 4621 1686 4701 quod
1717 4640 1910 4703 supra
1953 4620 2118 4684 libro
2168 4621 2377 4702 primo

891 4720 1088 4786 David
1119 4719 1278 4782 dixit
1307 4719 1386 4781 de
1415 4718 1609 4781 Nabal
1639 4736 1652 4780 :
1684 4719 1817 4782 Non
1849 4718 2191 4781 mansisset
2220 4720 2381 4781 min-

889 4839 1046 4902 gens
1076 4819 1153 4882 ad
1185 4818 1490 4900 parietem
1521 4837 1724 4900 usque
1753 4819 1832 4880 ad
1862 4836 2070 4880 mane.
2105 4817 2372 4891 Quidam

893 4938 1008 5001 per
1053 4918 1443 4997 mingentem
1493 4917 1572 4979 ad
1623 4917 1952 4999 parietem,
1987 4916 2375 4997 intelligunt,

2491 4325 2827 4388 Dominum
2871 4326 3067 4388 Deum
3123 4324 3334 4401 lsrael,
3369 4333 3680 4388 venerunt
3728 4325 3981 4388 Jerusa-

2489 4424 2615 4487 lem
2645 4424 2725 4486 ad
2756 4423 3217 4487 immolandum
3246 4422 3537 4487 victimas
3558 4422 3829 4486 Domino
3848 4424 3979 4487 Deo

2490 4533 2741 4605 patrum
2773 4541 3053 4585 suorum.

2571 4624 2920 4685 Constituet
2967 4630 3183 4681 autem
3227 4621 3542 4682 Dominus
3588 4622 3717 4680 sibi
3762 4640 3973 4697 reyem

2486 4741 2678 4799 super
2707 4723 2934 4791 Israel,
2965 4720 3082 4799 qui
3101 4720 3473 4796 percutiat*
3498 4722 3767 4779 domum
3804 4723 3977 4781 Jero—
4008 4736 4027 4753 ·
4044 4736 4235 4789 percum

2488 4822 2671 4879 boam
2716 4820 2789 4878 in
2831 4820 2953 4879 hac
2988 4818 3122 4886 die,
3152 4816 3217 4878 id
3266 4826 3362 4879 θεῖ
3409 4816 3490 4878 de
3532 4817 3820 4898 proximo
3868 4818 3971 4881 vel

2488 4916 2707 4979 eadem
2737 4915 2840 4979 die
2870 4914 3110 4978 circulo
3142 4915 3465 4991 redeunte,
3488 4926 3549 4976 et
3578 4917 3651 4977 in
3682 4918 3799 4977 hoc
3822 4927 3973 4978 cem-

892 5018 994 5082 vel
1038 5035 1259 5079 canem
1305 5014 1416 5095 qui
1455 5032 1638 5077 crure
1685 5014 1892 5078 levato
1941 5035 2131 5097 super
2179 5016 2380 5098 parie-
2480 5036 2676 5094 pore,·
2704 5025 2763 5075 ec
2782 5016 3097 5093 percutiet
3117 5015 3434 5088 Dominus
3462 5016 3633 5076 Deus
3651 5017 3884 5085 Israel,
3907 5015 3970 5077 id

4034 4142 4069 4185 11
4086 4143 4185 4185 Par.
4196 4154 4237 4181 n.

4009 4210 4077 4253 16.
4291 4222 4292 4225 ’

891 5124 1019 5179 tem
1071 5113 1323 5194 mingit,
1357 5113 1459 5177 vcl
1509 5112 1804 5176 infirmos
1858 5132 1932 5175 ac
1971 5114 2214 5176 debiles
2265 5114 2377 5195 qui
2488 5124 2603 5191 est,
2638 5113 2855 5176 decem
2898 5112 3099 5174 tribus
3138 5130 3253 5194 pro
3288 5111 3423 5173 suis
3464 5111 3817 5174 sceleribus
3858 5131 3972 5195 pu-

889 5212 1176 5293 mingere
1225 5218 1573 5293 nequeunt,
1627 5210 1751 5272 nisi
1813 5230 1880 5273 se
1929 5211 2009 5273 ad
2069 5212 2375 5294 parietem
2487 5213 2641 5289 niet,
2666 5219 2729 5274 et
2758 5211 2837 5274 de
2862 5220 3029 5274 terra
3057 5210 3182 5273 ista
3210 5210 3503 5292 expellet,
3529 5212 3697 5271 sicat
3727 5212 3969 5272 moveri

887 5310 1246 5391 apodiando
1281 5328 1296 5373 ε
1331 5310 1441 5393 qui
1478 5330 1702 5375 sensus
1752 5329 1878 5375 non
1925 5309 2178 5375 videtur
2224 5330 2377 5375 con·
2484 5315 2638 5372 solet
2677 5312 2932 5373 arundo
2972 5310 3047 5370 in
3076 5330 3270 5389 aqua,
3304 5308 3416 5371 ubi
3460 5316 3651 5373 vento
3700 5307 3967 5371 faciliter
