4359 6250
913 493 1033 558 536

1421 513 1770 560 ENARRATIO
1814 515 1876 560 ΙΝ
1918 513 2055 560 ὓΑΡ.
2100 514 2230 559 xvu
2267 514 2425 561 mum
2468 513 2723 560 suenum
2762 513 2987 560 nuent.
3030 533 3113 544 -
3152 515 3295 560 ΛΒΤ.
3342 515 3489 562 xxv!

912 686 1060 746 silio
1091 685 1494 762 Achitophel.
1529 687 1799 746 Domini
1827 695 2046 746 autem
2075 695 2245 746 nutu
2274 688 2407 745 dis·
2432 684 2483 747 A
2512 687 2806 764 quidam,
2840 685 3141 748 videlicet
3172 684 3351 747 filius
3382 693 3699 768 praetactae
3726 687 4006 764 ancillae,

913 785 1204 860 sipatum
1231 793 1320 844 est
1349 785 1694 844 consilium
1717 786 2096 861 Ackitophel
2117 787 2278 845 utile
2299 784 2403 846 :id

915 888 1032 957 est,
1066 881 1194 943 Deo
1225 881 1478 944 volente
1509 900 1582 944 ac
1611 881 2010 963 disponente,
2044 881 2321 944 Absalon
2343 891 2407 945 et

917 980 1016 1041 sui
1047 979 1494 1060 judicaverunt
1537 979 1877 1043 consilium
1923 980 2126 1063 ipsius
2156 981 2406 1044 Achito-

913 1078 1061 1160 phel
1085 1097 1224 1142 esse
1255 1078 1481 1141 inutile
1499 1087 1610 1140 aut
1638 1079 1852 1141 minus
1876 1079 2174 1142 idoneum
2200 1081 2405 1161 :quod

913 1186 1125 1240 tamen
1158 1177 1316 1240 utile
1349 1176 1470 1240 fuit
1505 1179 1852 1241 secundum
1894 1178 2245 1241 humanum
2276 1197 2406 1241 mo-

912 1278 1066 1339 dum
1109 1294 1225 1358 pro
1273 1276 1588 1339 Absalone
1636 1276 1714 1339 ad
1761 1277 2285 1359 praevalendum3
2334 1287 2406 1338 ut

913 1377 1244 1436 induceret
1263 1378 1581 1437 Dominus
1609 1395 1802 1452 super
1821 1378 2103 1436 Absalon
2136 1381 2402 1444 malum,

913 1473 977 1535 id
1011 1481 1126 1551 est,
1163 1482 1475 1555 quatenus
1511 1473 1746 1536 faceret
1773 1493 1920 1536 eum
1953 1473 2263 1556 superari,
2285 1473 2405 1536 sie-

911 1580 983 1633 ut
1014 1570 1254 1634 scelera
1282 1571 1422 1653 ejus
1454 1572 2000 1654 promerebantur.

993 1675 1078 1732 Et
1105 1673 1202 1732 ait
1235 1673 1498 1740 Chusai,
1531 1690 1644 1753 per
1689 1690 1756 1734 se
1786 1671 1886 1735 vel
1918 1690 2031 1752 per
2073 1671 2404 1733 internun-

911 1768 1094 1844 tium,
1121 1772 1332 1830 Sados
1359 1777 1419 1829 et
1438 1771 1764 1830 Abiathar
1779 1771 2212 1829 sacerdotibus
2229 1787 2251 1830 .·
2268 1773 2403 1832 Ηοε

908 1877 967 1928 ει
996 1870 1111 1929 noc
1149 1869 1493 1927 consitium
1523 1869 1702 1927 dedit
1721 1869 2100 1944 Achitopltel
2119 1870 2403 1928 Absalon
2439 1865 2485 1929 B
2515 1867 2991 1948 timueruntque
3040 1865 3181 1950 capi
3230 1885 3245 1928 :

908 1977 966 2028 et
995 1968 1353 2026 senioribus
1381 1969 1612 2035 Israel,
1633 1976 1690 2027 et
1724 1969 1848 2026 tale
1875 1975 1935 2025 et
1969 1970 2093 2026 tale
2119 1968 2274 2026 decli
2290 1985 2399 2042 eqo

907 2066 1274 2125 eonsilium.
1301 2066 1497 2124 Nunc
1522 2084 1670 2140 erqo
1699 2065 1936 2125 mittite
1963 2066 2111 2135 cite,
2143 2074 2203 2125 et
2232 2085 2404 2124 nun-

911 2167 1064 2224 tiate
1106 2165 1346 2234 David,
1393 2163 1672 2222 dicentes
1705 2183 1728 2222 .·
1768 2164 1866 2225 Ne
1910 2165 2178 2222 moreris
2226 2173 2403 2224 nocte

907 2265 1028 2322 hac
1077 2263 1149 2320 in
1197 2262 1656 2338 campestribus
1704 2262 1962 2330 deserti,
2011 2264 2121 2321 sed
2168 2264 2402 2340 absque

907 2361 1226 2420 dilatione
1257 2361 1697 2435 transyredere
1724 2358 2059 2422 Jordanem
2086 2382 2100 2432 3
2127 2379 2208 2418 ne
2235 2361 2403 2437 forte

909 2459 1321 2519 absorbeatur
1349 2478 1467 2517 rem
1497 2457 1715 2534 David,
1752 2456 1816 2520 id
1859 2465 1975 2536 est,
2011 2477 2093 2520 ne
2125 2457 2401 2521 Absalon

909 2557 987 2619 ad
1019 2555 1494 2637 instigationem
1525 2555 1902 2637 Achitophel
1935 2564 2135 2620 mutet
2176 2575 2403 2638 propo-

907 2654 1123 2731 situm,
1159 2661 1222 2716 et
1261 2653 1589 2735 permittat
1629 2653 1840 2736 ipsum
1873 2654 2249 2736 Achitophel
2281 2655 2401 2718 hae

906 2761 1092 2816 nocte
1141 2751 1363 2816 venire
1411 2771 1558 2815 cum
1602 2752 1938 2816 duodecim
1978 2752 2269 2815 millibus
2321 2754 2399 2815 ad

906 2851 1417 2934 persequendum
1474 2858 1568 2927 te,
1623 2851 1819 2914 David
1840 2901 1854 2928 ,
1909 2851 2130 2932 sieque
2187 2851 2399 2932 gladio

905 2948 1322 3026 consumaris,
1375 2959 1436 3010 et
1468 2952 1678 3010 omnis
1707 2955 1990 3027 populus
2032 2952 2152 3030 qui
2196 2960 2399 3011 tecam

2517 794 2586 847 ut
2616 784 2813 864 aliqui
2846 783 3213 865 opinantur,
3248 785 3361 865 qui
3394 785 3555 848 forte
3587 785 3701 847 ivit
3733 806 3881 849 cum
3904 807 4005 864 ea,

2512 893 2572 944 et
2620 885 2941 958 indicavit
2970 885 3278 954 Absalon,
3312 883 3575 966 cupiens
3620 885 3679 946 ei
3730 885 4005 967 plaeere,

2512 988 2576 1042 et
2605 981 3007 1070 commodum
3032 981 3362 1062 consequi.
3384 983 3671 1044 Attamen
3694 983 4009 1065 Iosephus

2514 1078 2732 1155 refert,
2763 1079 2934 1159 quod
2966 1079 3214 1159 equites
3245 1080 3505 1161 quidam
3534 1099 3643 1143 eos
3680 1081 4005 1158 viderunt,

2512 1186 2576 1240 et
2604 1177 2907 1240 Absaloni
2938 1178 3257 1240 dixerunt.
3280 1182 3402 1240 nti
3422 1200 3565 1240 vero
3584 1183 3832 1242 concito
3852 1203 4009 1259 ,qra—

2511 1280 2603 1336 du
2652 1278 2927 1354 ingressi
2971 1287 3124 1338 sunt
3161 1281 3425 1338 domum
3474 1280 3823 1356 cujusdam
3874 1283 4009 1340 viri

2512 1377 2587 1434 in
2616 1378 2944 1436 Baburim
2982 1378 3099 1456 qui
3140 1379 3407 1438 habebat
3443 1388 3735 1454 puteum,
3787 1376 4003 1441 forsan

2513 1471 2841 1548 siccatum,
2892 1482 3001 1534 aut
3048 1473 3368 1536 modicum
3412 1493 3593 1555 aquae
3634 1475 4001 1550 habentem,

2514 1573 2587 1631 in
2618 1573 2923 1630 vestibulo
2964 1592 3101 1644 suo,
3138 1571 3201 1634 id
3242 1580 3338 1634 est
3376 1571 3647 1655 porticu,
3685 1573 3865 1636 curia
3894 1594 4003 1637 seu

2514 1668 2699 1744 atrio,
2750 1679 2811 1729 et
2851 1672 3313 1733 descenderunt
3354 1673 3427 1730 in
3464 1691 3633 1733 eum.
3670 1671 3850 1736 Unde
3894 1673 4007 1736 eli-

2512 1766 2700 1843 citur,
2737 1768 2905 1848 quod
2952 1768 3279 1832 sciverunt
3309 1787 3377 1831 se
3404 1768 3575 1833 visos
3622 1789 3696 1833 ac
3728 1780 3999 1845 notatoS‚

3298 1877 3557 1950 propter
3604 1871 3779 1950 quod
3828 1888 4005 1950 roga-

2511 1973 2741 2027 verunt
2779 1965 2987 2028 virum
3031 1985 3142 2028 seu
3194 1965 3497 2029 feminam
3538 1968 3767 2030 domus
3808 1989 4001 2050 quam

2512 2063 2933 2140 intraverunt,
2967 2071 3040 2125 ut
3071 2063 3485 2128 absconderet
3514 2084 3645 2142 eoS,
3672 2065 3897 2149 sicque
3914 2068 4003 2130 di—

2510 2161 2687 2223 misit
2714 2179 2823 2224 eos
2857 2161 2923 2223 in
2965 2171 3228 2244 puteum
3266 2182 3280 2225 :
3316 2182 3392 2226 ex
3428 2183 3557 2246 quo
3601 2174 3797 2246 patet,
3830 2168 3999 2248 quod

2511 2259 2576 2321 in
2628 2267 2820 2340 puteo
2866 2259 2979 2323 illo
3018 2279 3146 2324 non
3200 2260 3323 2323 fuit
3354 2263 3785 2344 aqua'multa.
3828 2268 4000 2326 Tulit

2510 2368 2728 2419 autem
2758 2362 3019 2431 mulier,
3050 2370 3109 2420 et
3138 2363 3455 2438 eoepandit
3496 2365 3789 2424 velamen
3812 2383 4001 2441 super

2508 2477 2575 2516 os
2594 2460 2806 2534 putei,
2842 2477 2922 2521 ne
2968 2467 3405 2539 quaererentur
3451 2459 3519 2521 in
3565 2469 3781 2543 puteo,
3814 2465 4001 2541 qnasi

2508 2557 2755 2617 siccans
2784 2559 3111 2634 ptisanas,
3145 2557 3206 2619 id
3243 2567 3341 2620 est
3379 2557 3687 2622 hordeum
3739 2560 3874 2642 pilo
3911 2569 3999 2622 tu·

2510 2673 2650 2716 sum
2682 2655 3158 2718 decorticatum.

2608 2755 2941 2833 Quumque
3000 2756 3317 2814 venissent
3372 2759 3545 2816 servi
3594 2759 3879 2818 Absalon
3926 2761 3993 2820 in

2506 2855 2770 2912 domum
2830 2855 3161 2924 mulieris,
3210 2852 3387 2914 missi
3444 2854 3522 2916 ad
3585 2857 3997 2938 eomprehen-

2508 2949 2786 3012 dendum
2832 2969 2964 3028 eOS,
2996 2952 3311 3014 dia-erunt
3340 2973 3363 3012 .·
3402 2954 3524 3016 Ubi
3560 2963 3650 3014 est
3686 2957 3996 3016 Jonatkas

903 3057 1015 3109 est.
1065 3046 1244 3110 Unde
1292 3055 1362 3108 ut
1410 3047 1498 3109 ait
1541 3048 1731 3130 Lyra,
1781 3047 1891 3109 uhi
1947 3055 2163 3110 nostra
2210 3047 2400 3110 habet
2432 3053 2477 3116 G
2506 3058 2565 3109 et
2611 3051 3009 3110 Aenimaas?
3052 3052 3149 3122 Ει,
3187 3053 3515 3129 respondit
3557 3054 3648 3111 eis
3700 3055 3938 3114 mulier
3970 3073 3997 3114 .·

905 3145 1259 3223 translati0‚
1294 3146 1382 3210 Ne
1411 3146 1828 3209 absorbeatur
1865 3166 1993 3222 rex,
2030 3146 2097 3208 in
2137 3146 2397 3210 Hebraeo

905 3244 1188 3322 habetur,
1203 3245 1290 3308 Ne
1319 3244 1688 3308 consulatur
1709 3244 1859 3325 regi,
1877 3245 1939 3307 id
1960 3253 2054 3307 est
2073 3245 2393 3322 Absaloni,

905 3345 1076 3424 quod
1106 3344 1366 3426 impleat
1397 3343 1738 3407 consilium
1772 3343 1974 3425 ipsius
1995 3343 2391 3425 Aehitophel.

904 3441 1353 3506 Verumtamen
1384 3442 1583 3506 Rabbi
1613 3442 1842 3504 Paulus
1871 3441 2180 3519 affirmat,
2199 3443 2263 3505 in
2286 3444 2398 3506 He-

906 3541 1076 3605 hraeo
1108 3560 1401 3623 expresse
1432 3541 1676 3617 haberi,
1702 3541 1789 3605 Ne
1818 3541 2231 3604 absorbeatur
2263 3562 2391 3605 rex,

984 3644 1296 3702 Jonatnas
1325 3651 1544 3701 autem
1570 3639 1748 3701 silius
1779 3639 2104 3717 Abiathar‚
2129 3651 2189 3702 et
2209 3643 2397 3702 Achi-

905 3760 1088 3800 maas
1135 3737 1316 3802 filius
1367 3738 1566 3802 Sadoe
1612 3742 1866 3800 stabant
1898 3741 2106 3817 juoeta
2152 3743 2397 3820 fontem

905 3840 1102 3916 Roqel
1151 3847 1410 3914 secrete,
1466 3846 1642 3900 extra
1689 3845 1751 3901 et
1801 3856 1998 3919 prope
2045 3837 2391 3913 civitatem,

905 3945 1340 4019 exspectantes
1370 3936 1526 4019 quid
1557 3937 1648 3999 eis
1679 3936 2182 4013 denuntiaretur,
2209 3937 2286 3999 ad
2309 3936 2397 3999 in-

907 4035 1292 4098 sinuandum
1325 4034 1480 4115 regi.
1512 4038 1821 4115 Abiitqne
1848 4038 2092 4096 aneilla
2126 4055 2163 4097 a
2194 4054 2396 4099 sacer-

904 4133 1160 4195 dotibus
1189 4133 1534 4196 informata
1565 4140 1628 4196 et
1657 4132 1873 4209 missa,
1911 4152 1992 4197 ne
2023 4134 2174 4215 quid
2212 4133 2395 4197 malae

2514 3151 2936 3211 Transierant
2954 3151 3342 3227 festinanter
3360 3162 3623 3229 gustata
3643 3158 3997 3230 paululum

2507 3234 2696 3326 aqua.
2743 3248 3101 3310 Secundum
3154 3248 3399 3328 Lyram,
3463 3249 3529 3311 in
3580 3249 3843 3314 Hebraeo
3896 3252 3997 3315 ha-

2507 3345 2713 3421 betur,
2750 3346 3163 3408 Transierunt
3189 3347 3525 3411 Iordanem
3561 3366 3575 3409 :
3612 3349 3755 3412 ideo
3788 3352 3994 3414 nuntii

2505 3443 2842 3507 Absalonis
2872 3446 2951 3509 de
3001 3445 3256 3508 illorum
3293 3447 3863 3528 comprehensione
3892 3451 3995 3513 de-

2506 3553 2851 3625 sperantem,
2902 3544 3138 3608 reversi
3190 3554 3361 3607 sunt.
3395 3546 3845 3611 Verumtamen
3894 3568 3996 3631 po-

2506 3642 2633 3705 tius
2656 3651 2810 3725 puto
2838 3642 3317 3706 translationem
3341 3653 3618 3707 nostram
3642 3648 3989 3722 continere,

2506 3742 2671 3804 sicut
2716 3742 2907 3804 habet
2948 3741 3251 3805 Hebraiea
3301 3742 3557 3805 veritas.
3606 3744 3729 3807 Nec
3782 3747 3992 3808 nuntii

2506 3840 2603 3902 illi
2646 3840 3063 3903 credidissent
3110 3840 3387 3917 mulieri,
3426 3842 3479 3903 si
3510 3842 3773 3905 dixisset
3821 3844 3991 3926 ipsos

2506 3939 2809 4002 transisse
2855 3939 3219 4015 Jordanem,
3274 3941 3429 4003 certi
3478 3942 3648 4023 quod
3694 3961 3823 4005 non
3884 3944 3991 4006 diu

2506 4046 2904 4101 recesserunt
2946 4039 3025 4100 de
3076 4037 3253 4100 fonte
3302 4039 3514 4118 Rogel.
3560 4039 3737 4113 Quod
3780 4051 3991 4105 autem

2505 4136 2776 4199 insecuti
2826 4135 3066 4198 fuerint
3102 4154 3209 4199 eos
3240 4156 3355 4218 per
3400 4138 3671 4220 spatium
3712 4139 3992 4221 aliquod,

905 4232 1288 4314 suspicionis
1316 4232 1611 4309 oriretur,
1647 4232 1700 4293 si
1743 4232 1841 4294 vir
1872 4232 2094 4295 urbem
2141 4233 2396 4313 egrede-
2428 4234 2477 4296 D
2509 4236 2757 4298 videtur
2800 4254 2876 4297 ex
2924 4253 3001 4297 eo
3050 4235 3221 4316 quod
3256 4235 3552 4298 subditur
3586 4253 3600 4300 :
3636 4240 3725 4299 At
3760 4242 3837 4299 ln·
3876 4244 3993 4320 qui

906 4339 1098 4407 retur,
1132 4340 1192 4391 et
1235 4333 1572 4393 nuntiavit
1620 4334 1733 4393 eis.
1774 4332 1965 4394 Porro
2007 4331 2242 4394 ancilla
2285 4331 2397 4395 illa

903 4430 1103 4493 exivit
1131 4438 1390 4513 portans
1424 4449 1707 4513 pannum
1751 4431 1829 4493 ad
1862 4430 2274 4493 abluendum.
2308 4434 2395 4493 Et

903 4531 1013 4590 illi
1055 4531 1329 4607 profecti
1365 4540 1518 4590 sunt
1567 4538 1640 4589 ut
1685 4532 2002 4607 referrent
2049 4533 2137 4591 ad
2184 4538 2395 4607 reyem

904 4631 1122 4690 David
1149 4630 1484 4690 nuntium.
1511 4631 1660 4691 Non
1690 4632 1866 4689 enim
1887 4638 2191 4706 poterant
2225 4632 2395 4689 vide-

901 4730 987 4798 ri,
1017 4726 1316 4790 Jonathas
1347 4734 1536 4808 atque
1568 4725 1924 4801 AchimaaS‚
1959 4727 2059 4789 vel
2093 4727 2247 4808 quia
2276 4736 2395 4789 ste-

899 4833 1116 4888 terunt
1157 4824 1558 4901 abscondite,
1614 4825 1713 4888 vel
1762 4824 1913 4906 quia
1961 4825 2389 4907 periculosum

901 4924 992 4987 eis
1031 4923 1256 4986 fuisset
1289 4923 1514 5001 videri,
1549 4923 1852 5005 quoniam
1885 4923 2161 4987 Absalon
2204 4923 2392 4988 scivit

899 5024 1070 5104 quod
1100 5029 1282 5085 erant
1324 5022 1404 5085 de
1434 5030 1612 5103 parte
1645 5022 1861 5087 David.
1896 5023 2038 5085 Ideo
2069 5022 2384 5099 subditur,

898 5130 1016 5183 aut
1045 5122 1319 5182 introire
1348 5122 1674 5181 civitatem
1703 5120 2074 5197 Jerusalem,
2106 5140 2299 5202 quam
2334 5121 2387 5183 si

900 5220 1167 5299 ingressi
1199 5217 1493 5297 fuissent,
1518 5228 1582 5282 et
1611 5219 1883 5282 Absalon
1917 5219 2036 5283 hoc
2067 5220 2381 5296 scivisset,

897 5318 1062 5381 male
1094 5325 1421 5381 tractasset
1449 5336 1579 5381 eos,
1631 5320 1808 5380 Vidit
1834 5329 2052 5380 autem
2093 5338 2193 5379 eos
2215 5338 2386 5395 puer

2503 4336 2895 4415 quaerebant,
2927 4354 3130 4413 quum
3170 4354 3299 4395 non
3338 4337 3757 4406 invenissent,
3786 4358 3993 4399 rever-

2500 4434 2560 4492 si
2596 4443 2750 4493 sunt
2780 4434 2853 4491 in
2881 4434 3253 4493 Jerusalem.
3292 4436 3627 4513 Quumque
3666 4436 3990 4506 abiissent,

2502 4533 2928 4591 ascenderunt
2985 4532 3092 4589 illi
3138 4532 3216 4589 de
3254 4540 3483 4607 puteO,
3529 4541 3591 4592 et
3633 4544 3990 4610 perqentes,

2501 4630 2975 4691 nuntiaverunt
3022 4630 3162 4706 reyi
3207 4630 3449 4700 David,
3500 4640 3560 4691 et
3606 4632 3921 4693 dixerunt
3967 4654 3988 4693 .·

2502 4730 2786 4805 Sumite,
2808 4736 2868 4787 et
2900 4728 3167 4787 transite
3194 4728 3319 4786 cito
3348 4728 3650 4803 fluvium,
3678 4732 3987 4808 quoniam

2498 4827 2944 4902 hujuscemodi
2990 4826 3333 4885 consiliu-m
3379 4828 3559 4885 dedit
3600 4837 3823 4887 contra
3884 4850 3987 4889 vos

2498 4926 2900 5001 Aeliitoplzel.
2940 4925 3246 4983 Surreoeit
3275 4942 3421 4999 erqo
3442 4927 3663 4985 David
3690 4936 3749 4985 et
3776 4930 3985 4987 omnis

2493 5025 2773 5102 populus
2817 5023 2933 5101 qui
2976 5032 3116 5081 erat
3164 5042 3309 5081 eam
3356 5042 3442 5092 eo,
3492 5032 3553 5082 et
3588 5027 3983 5087 transierunt

2494 5124 2870 5189 Jordanem,
2913 5124 3111 5180 donec
3155 5122 3591 5191 dilucesceret,
3636 5132 3981 5202 antequam

2494 5222 2940 5280 denudaretur
2970 5220 3254 5289 verbum,
3286 5228 3347 5279 et
3376 5238 3491 5279 nec
3520 5240 3693 5280 unus
3722 5225 3977 5301 quidem

2494 5320 2793 5378 residuus
2821 5318 2979 5394 fuit,
3012 5318 3131 5397 qui
3160 5336 3291 5377 non
3322 5320 3648 5379 transisset
3674 5323 3969 5395 fluvium.
