4359 6250
639 4031 805 4076 Matth.
823 4046 863 4083 v,

901 465 1018 530 544

1461 485 1810 532 ENAnnATm
1855 486 1915 531 ΙΝ
1959 487 2096 532 CAP.
2145 484 2253 531 XIX
2296 485 2453 530 unm
2496 485 2749 532 securim
2791 489 3015 534 amun.
3060 509 3141 518 —-
3181 489 3325 534 Am.
3370 487 3521 534 XXIX

899 658 1350 722 Verumtamen
1393 678 1522 722 non
1562 659 1904 722 doluerunt
1935 677 2002 722 se
2032 658 2394 741 praevaluis-
2422 655 2473 718 A
2502 657 2590 719 di.
2609 657 2746 721 Non
2775 666 3025 740 oportet
3055 658 3265 740 ipsum
3292 657 3446 722 Joab
3478 657 3545 719 in
3576 657 3699 722 hoc
3727 655 3931 720 verbo
3966 675 4005 717 a

901 777 989 834 se,
1025 759 1135 820 sed
1167 758 1298 838 regi
1339 759 1826 834 condoluerunt,
1866 767 1928 821 et
1971 757 2185 820 forsan
2228 757 2391 820 mul-

901 857 950 920 ti
980 875 1198 921 eorum
1219 858 1298 920 de
1318 856 1650 919 Absalonis
1683 857 2099 920 tristabantur
2129 857 2390 919 interitu

904 965 1161 1038 propte-r
1193 975 1424 1036 regem.
1459 959 1742 1018 Audivic
1784 959 1958 1017 enim
1995 960 2279 1034 populus
2319 958 2391 1016 in

900 1056 1008 1114 (lie
1037 1058 1155 1114 illa
1186 1057 1324 1114 dici
1343 1076 1367 1114 .·
1387 1057 1570 1116 Dolet
1599 1075 1716 1114 rea:
1745 1075 1938 1131 super
1965 1057 2106 1132 filio
2131 1075 2269 1115 su0.
2308 1057 2393 1116 Ec

899 1155 1254 1214 declinavit
1275 1157 1557 1231 populus
1589 1155 1658 1214 in
1700 1155 1807 1213 (lie
1848 1155 1967 1213 illa
2007 1154 2267 1230 inyredi
2304 1155 2394 1212 ci-

902 1253 1194 1322 vitatem,
1227 1251 1291 1314 in
1323 1271 1450 1333 qua
1481 1271 1588 1314 rex
1622 1260 1775 1328 erat,
1812 1271 1892 1314 ne
1931 1251 2070 1332 ejus
2101 1250 2285 1314 dolor
2316 1269 2391 1312 ex

901 1368 1121 1413 eorum
1173 1350 1408 1412 intuitu
1458 1359 1814 1429 augeretur,
1842 1353 2152 1431 quomodo
2196 1351 2392 1409 decli-

903 1470 1062 1510 nare
1107 1453 1258 1510 solet
1299 1454 1580 1527 populus
1634 1469 1847 1510 versus
1896 1459 1955 1509 ec
1997 1449 2263 1525 fuqiens
2310 1451 2390 1508 de

895 1550 1148 1625 proelio.
1183 1551 1388 1610 Porro
1418 1570 1535 1608 rea*
1563 1551 1817 1626 operuit
1847 1557 2043 1625 caput
2081 1568 2297 1619 suum,
2331 1556 2390 1607 et

901 1649 1222 1709 clamabat
1265 1668 1408 1708 voce
1453 1667 1691 1725 maana
1720 1669 1744 1707 .·
1775 1649 1912 1708 Fili
1953 1647 2048 1707 mi
2078 1649 2387 1716 Absalon„

901 1747 1182 1806 Absalon
1212 1749 1318 1823 fili
1350 1748 1462 1807 mi.

2502 755 2833 819 mendacio
2876 776 3199 820 excusare.
3234 756 3368 820 Non
3398 755 3573 820 enim
3606 755 3857 837 optavit
3890 773 4001 816 rex

2506 853 2899 935 triumphum
2928 852 3287 931 AbsaloniS,
3322 854 3433 917 sed
3472 863 3543 915 ut
3582 871 3713 916 non
3748 852 4001 916 occide-

2502 963 2677 1015 retur
2721 955 2787 1016 in
2828 954 2997 1016 bello
3038 954 3389 1036 imparatus
3428 953 3693 1016 omnino
3722 953 3801 1014 ad
3832 971 4001 1015 mor-

2506 1060 2653 1113 tem.
2672 1052 2749 1114 Et
2778 1061 2989 1116 tamen
3022 1061 3283 1134 possent
3310 1053 3445 1114 haec
3466 1051 3663 1114 verba
3694 1050 3993 1129 intelligi,

2503 1151 2674 1230 quod
2724 1171 2833 1214 rex
2880 1151 3091 1214 taliter
3134 1150 3434 1214 deflendo
3484 1149 3875 1214 invidiosum
3924 1167 3997 1210 ac

2504 1248 2853 1329 pessimum
2896 1248 3133 1326 filium,
3168 1249 3257 1312 ita
3296 1269 3364 1312 se
3402 1248 3619 1330 gessit,
3657 1267 3729 1310 ac
3770 1247 3827 1310 si
3866 1267 3999 1308 ma-

2506 1346 2729 1410 luisset
2758 1356 2959 1410 totum
2990 1367 3179 1410 suum
3209 1347 3585 1411 occubuisse
3616 1345 3991 1422 exercitum,

2503 1464 2697 1526 quam
2730 1446 2933 1509 solum
2965 1446 3371 1510 Absalonem.
3408 1449 3491 1508 Ec
3520 1446 3861 1506 ostendisti
3888 1447 3997 1504 lao-

2502 1545 2609 1602 die
2638 1547 2797 1624 quia
2836 1565 2967 1606 non
3004 1567 3195 1605 curas
3230 1548 3311 1606 de
3346 1547 3619 1605 ducibus
3660 1547 3791 1604 tuis·
3828 1547 3997 1604 etde

2501 1645 2701 1704 servis
2742 1646 2896 1714 tuis,
2936 1643 3000 1706 id
3042 1652 3139 1706 est
3177 1642 3485 1707 officiatis
3528 1651 3592 1706 et
3616 1641 3993 1705 ductoribus

2505 1741 2985 1821 particularium
3014 1750 3369 1805 turmarum
3400 1741 3491 1803 tui
3526 1741 3723 1804 totius
3754 1740 3995 1804 exe-rci-

981 1849 1314 1922 Inyressus
1339 1863 1484 1921 erqo
1503 1847 1765 1905 Joabad
1791 1864 2000 1921 reyem
2025 1846 2099 1904 in
2119 1848 2386 1904 domum
2428 1837 2473 1900 Β
2506 1847 2625 1916 tUS,
2662 1839 2907 1903 scilicet
2954 1859 3057 1903 me
3105 1849 3169 1903 et
3217 1839 3413 1902 fratre
3460 1857 3604 1902 meo
3650 1838 3871 1901 Abisai
3918 1859 3993 1902 ac

897 1963 1112 2012 suam,
1139 1944 1316 2002 dixit
1347 1963 1370 2001 .·
1404 1942 1794 2018 Confudisct',
1820 1941 1883 2004 id
1915 1951 2030 2018 est,
2058 1941 2387 2004 erubesce-

901 2060 970 2103 re
1001 2039 1210 2103 fecisti
1239 2048 1302 2103 et
1333 2039 1668 2102 inhoneste
1702 2040 2003 2118 tractasti,
2029 2044 2219 2102 leodic
2256 2045 2389 2101 vul-

905 2150 1004 2202 tus
1023 2142 1314 2200 omnium
1341 2160 1672 2201 servorum
1700 2149 1982 2210 tuorum,
1998 2143 2115 2220 qui
2133 2145 2387 2202 salvam

899 2243 1190 2318 fecerunt
1211 2239 1506 2298 animam
1539 2247 1738 2306 tuam,
1758 2237 1820 2299 id
1849 2239 2178 2315 est,vitam
2212 2248 2385 2302 tuam

901 2355 938 2398 a
968 2335 1140 2398 letali
1175 2334 1652 2417 impugnatione
1673 2355 1744 2398 ac
1767 2344 1969 2398 morte
1987 2336 2382 2419 eripuerunt,

901 2433 1258 2514 dejiciendo
1289 2432 1682 2495 adversarios
1719 2441 1880 2505 tuoS‚
1901 2444 1962 2494 et
1993 2437 2287 2496 animam
2315 2441 2389 2512 fi-

901 2534 1141 2592 tiorum
1175 2541 1456 2601 cuorum,
1488 2548 1760 2611 quorum
1803 2530 2003 2612 aliqui
2043 2533 2391 2595 creduntur

903 2630 1099 2694 fuisse
1140 2630 1206 2694 in
1245 2630 1465 2712 praelio
1508 2629 1640 2707 illo,
1672 2642 1732 2693 ec
1761 2634 2062 2708 filiarum
2095 2643 2385 2702 tuarum,

897 2743 957 2793 et
977 2734 1295 2803 animam,
1322 2731 1384 2793 id
1405 2739 1500 2794 cst
1520 2730 1787 2807 animaS,
1809 2751 2090 2792 umorum
2121 2741 2384 2792 tuarum

901 2828 1378 2911 principalium,
1429 2839 1486 2888 et
1533 2831 2040 2888 concubinarum
2097 2838 2387 2898 tuarum,

902 2927 964 2989 id
1008 2937 1104 2989 cst
1146 2926 1664 2989 secundariarum
1705 2934 1767 2989 et
1805 2926 2018 2988 minus
2065 2925 2387 3008 principa-

2498 1937 2703 2014 Ethai,
2747 1938 2901 2020 quia
2948 1957 3061 2020 per
3108 1939 3369 2002 modum
3420 1955 3545 2001 non
3598 1937 3887 2000 curantis
3930 1947 3993 2000 te

2497 2037 2715 2115 habes,
2748 2037 2897 2099 dum
2930 2046 3100 2100 totus
3142 2037 3426 2101 intentus
3456 2056 3525 2100 es
3554 2035 3988 2118 deplorationi

2498 2135 2970 2198 sceleratissimi
3002 2134 3127 2198 filii
3155 2135 3278 2198 tui.

2580 2237 2778 2298 Nunc
2792 2256 2937 2313 erqo
2955 2255 3144 2312 surye
3172 2246 3233 2296 et
3256 2237 3545 2312 procede.
3564 2234 3631 2296 ln
3668 2233 3805 2296 fine
3834 2251 3989 2316 prae-

2497 2333 2779 2396 cedentis
2817 2333 3085 2396 habetur
3123 2333 3409 2416 capituli,
3435 2333 3609 2414 quod
3640 2333 3839 2396 David
3870 2333 3987 2394 Ab-
4012 2354 4251 2410 umqum,

2496 2429 2781 2493 salonem
2800 2429 3149 2494 defleverat
3180 2431 3586 2508 transeundo,
3608 2431 3721 2494 sed
3748 2430 3815 2492 in
3838 2449 3989 2512 prae-
4014 2421 4077 2459 ³³·

2498 2529 2663 2592 senti
2692 2529 2970 2611 capitulo
3003 2529 3256 2610 legitur,
3291 2530 3462 2611 quod
3502 2529 3759 2612 operuit
3797 2537 3986 2612 caput

2496 2647 2682 2689 suum
2732 2637 2795 2690 et
2841 2627 3155 2690 clamabat
3196 2645 3351 2691 voce
3394 2645 3625 2708 magna
3657 2645 3671 2688 :
3708 2627 3987 2690 Absalon

2499 2725 2598 2787 fili
2630 2726 2740 2802 mi,
2775 2735 2897 2790 etc.
2920 2727 3095 2788 Unde
3126 2725 3401 2802 elicitur,
3434 2727 3605 2808 quod
3638 2735 3981 2808 postquam

2496 2824 2759 2888 deflevit
2790 2824 2970 2888 illum
3002 2826 3211 2888 eundo
3240 2834 3303 2888 et
3335 2824 3603 2888 forsitan
3632 2825 3847 2908 capite
3876 2845 3988 2886 nu-

2496 2925 2599 3002 do,
2633 2925 2884 3006 operuit
2929 2933 3120 3006 caput
3162 2943 3371 3000 suum,
3407 2931 3471 2987 et
3507 2923 3868 3006 deploravit
3910 2924 3991 2985 il-

900 3027 1058 3090 lium
1087 3026 1770 3108 conjugum.Quamvis
1801 3027 1972 3089 enim
2005 3026 2307 3103 Absalon,
2330 3026 2385 3088 si
2422 3028 2466 3093 C
2498 3023 2629 3085 lum
2660 3025 2961 3087 sedendo.
2986 3023 3128 3086 Ideo
3154 3023 3307 3087 Joab
3337 3023 3519 3100 dixit,
3546 3023 3745 3104 Surge
3771 3025 3984 3105 :quod

899 3125 1358 3208 praevaluisset,
1379 3124 1518 3188 illas
1542 3122 1850 3187 femineas
1883 3144 2010 3187 non
2042 3126 2383 3189 occidisset

898 3241 1224 3306 personaS,
1250 3232 1462 3287 tamen
1492 3224 1704 3286 minus
1737 3231 2098 3287 reverenter
2128 3242 2234 3287 eas
2267 3232 2387 3287 tra-

897 3330 1164 3396 ctasset3
1196 3330 1258 3384 et
1297 3321 1486 3385 salvae
1527 3321 1709 3385 factae
1752 3321 2015 3385 fuerunt
2046 3322 2126 3385 de
2161 3322 2387 3386 timore

897 3427 960 3481 et
1003 3419 1212 3482 cordis
1257 3418 1616 3484 afflictione
1661 3420 1726 3481 in
1772 3419 2006 3501 quibus
2057 3429 2265 3498 erant,
2304 3440 2385 3484 ne

897 3518 1093 3582 David
1123 3520 1577 3582 succumberet.
1596 3521 1839 3596 Dae'liqis
1858 3520 2140 3580 odientes
2160 3529 2237 3590 te,
2258 3538 2387 3583 non

897 3616 1101 3679 solum
1127 3617 1449 3698 diligendo
1480 3636 1587 3680 eos
1618 3615 1828 3680 cordis
1859 3615 2125 3693 affectu,
2147 3617 2258 3678 sed
2288 3636 2389 3679 ex-

897 3715 1111 3778 teriori
1158 3734 1412 3797 quoque
1455 3714 1695 3778 effectu
1739 3715 1860 3778 hoc
1906 3714 2116 3796 ipsum
2163 3714 2387 3778 immo-

896 3814 1111 3877 derate
1141 3814 1572 3889 monstrando,
1607 3812 1772 3876 sicut
1802 3832 1975 3876 nunc
2005 3814 2140 3893 agis
2174 3813 2386 3876 inimi-

894 3911 1226 3974 cissimum
1286 3910 1494 3973 filium
1555 3910 1966 3992 deplorando.
2029 3910 2104 3972 Et
2160 3909 2384 3992 utique

896 4010 1091 4075 David
1139 4011 1235 4075 vir
1273 4011 1652 4091 evangelicae
1693 4010 2130 4093 perfectioniS‚
2165 4011 2383 4074 inimi-

895 4128 1002 4173 cos
1046 4109 1290 4186 dilexit,
1324 4110 1594 4172 amando
1637 4128 1974 4192 personam
2019 4110 2156 4173 sive
2200 4118 2382 4172 natu-

2498 3132 2707 3186 tamen
2756 3122 2848 3186 sic
2898 3131 3112 3205 posset
3157 3124 3409 3205 exponi,
3454 3124 3516 3186 id
3565 3131 3683 3199 est,
3728 3142 3767 3185 a
3810 3122 3989 3187 luctu

2495 3222 2749 3285 desiste.
2788 3225 2871 3285 Ec
2902 3226 3259 3300 alloquens,
3288 3224 3557 3300 satisfac
3592 3225 3797 3283 servis
3830 3226 3989 3292 tuis,

2498 3319 2559 3383 id
2592 3330 2709 3397 est,
2742 3320 2976 3401 gratias
3006 3338 3121 3399 age-
3152 3321 3266 3398 eiS,
3301 3329 3363 3383 et
3392 3320 3673 3402 jucunde
3702 3320 3991 3402 alloque—

2496 3440 2585 3496 re,
2634 3419 2969 3501 vicemque
3016 3420 3229 3482 redde.
3266 3423 3428 3481 ,Iuro
3477 3423 3655 3481 enim
3706 3424 3829 3481 tibi
3870 3440 3992 3497 per

2493 3522 2873 3590 Dominum,
2894 3522 3064 3599 quod
3091 3521 3151 3579 si
3178 3539 3309 3579 non
3330 3518 3777 3589 exieris,sicut
3806 3538 3983 3582 nunc

2496 3617 3009 3694 consulo,eund0
3038 3618 3119 3681 de
3149 3618 3337 3679 domo
3370 3637 3573 3699 usquc
3602 3619 3685 3680 ad
3706 3626 3979 3699 portam,

2496 3738 2574 3777 ne
2596 3699 2766 3777 unus
2786 3718 3049 3797 quidem
3078 3736 3500 3777 remansurus
3526 3719 3611 3777 sic
3646 3727 3855 3778 tecum
3882 3738 3989 3777 -ηο-

2494 3826 2587 3875 cte
2614 3818 2761 3885 hac,
2793 3815 2857 3877 id
2900 3824 3016 3891 est,
3052 3823 3199 3878 ante
3238 3813 3443 3877 noctis
3474 3816 3819 3879 adventum
3850 3835 3985 3880 om-

2495 3932 2607 3976 nes
2660 3912 3023 3994 relinquent
3072 3921 3152 3988 te,
3191 3912 3509 3995 provisuri
3560 3912 3682 3976 sibi
3730 3915 3813 3977 de
3856 3914 3984 3978 alio

2495 4030 2661 4093 rege.
2713 4011 2806 4073 Ad
2854 4012 2974 4075 hoc
3020 4012 3193 4074 enim
3240 4011 3394 4074 Joab
3442 4012 3787 4075 exercitum
3846 4013 3979 4075 suis

2494 4110 3013 4193 persuasionibus
3072 4110 3445 4173 induxisset.
3499 4109 3611 4173 Vel
3664 4111 3719 4172 si
3770 4110 3973 4193 aliqui

896 4227 1054 4284 ram,
1089 4225 1217 4271 non
1248 4207 1476 4272 vitium
1511 4226 1524 4269 :
1561 4208 1817 4285 idcirco,
1852 4209 2024 4290 quod
2057 4208 2377 4270 interdum
2412 4214 2463 4277 D
2494 4208 2707 4271 forsan
2738 4209 3123 4271 mansissent
3143 4228 3289 4271 cum
3314 4227 3459 4289 rege
3489 4228 3601 4291 per
3628 4210 3839 4272 cordis
3868 4210 3976 4272 ad-

894 4306 1189 4369 inimicos
1217 4314 1586 4388 persecutus
1619 4315 1713 4369 est
1744 4315 1806 4370 et
1836 4306 2091 4383 occidit,
2129 4324 2258 4369 non
2293 4305 2382 4369 fe-

888 4403 976 4465 cit
1006 4424 1081 4466 cx
1111 4404 1280 4483 odio,
1301 4405 1410 4468 sed
1437 4403 1700 4485 justitiae
1728 4404 1886 4468 zelo.
1909 4408 1993 4468 Ει
2023 4408 2170 4466 odio
2192 4407 2379 4465 habes

878 4504 1220 4580 diliyences
1249 4514 1328 4575 te,
1363 4504 1427 4565 id
1456 4512 1572 4580 est,
1609 4504 1696 4565 ita
1729 4511 1787 4566 te
1819 4502 2036 4580 habe-S,
2077 4523 2149 4567 ac
2184 4503 2237 4565 si
2263 4522 2375 4566 eos

2488 4308 2855 4386 haesionem,
2877 4317 3089 4371 tamen
3118 4316 3246 4370 tam
3278 4308 3464 4390 pauci
3492 4306 3783 4383 fuissent,
3806 4309 3977 4391 quod

2488 4404 2754 4468 aliorum
2788 4414 3079 4489 respectu
3101 4406 3284 4487 quasi
3311 4406 3472 4468 nulli
3504 4406 3973 4489 apparuissent.

2488 4507 2571 4566 Ec
2596 4506 2782 4582 pejus
2808 4506 2934 4565 eric
2962 4507 3081 4566 hoc
3111 4506 3252 4577 tibi,
3286 4505 3349 4567 id
3380 4514 3477 4569 est
3514 4506 3719 4586 major
3744 4505 3977 4567 adver-

877 4600 1089 4663 odires
1115 4618 1129 4663 :
1153 4600 1304 4684 quia
1333 4603 1410 4665 ad
1443 4620 1737 4681 magnam
1771 4600 2102 4664 tristitiam
2133 4620 2245 4665 eos
2283 4602 2377 4664 in·
2424 4593 2453 4613 '
2486 4602 2659 4677 sitas,
2684 4621 2797 4666 seu
2828 4604 3033 4684 majus
3066 4604 3304 4666 malum
3334 4604 3607 4685 poenale,
3626 4624 3831 4685 quam
3852 4624 3976 4665 om-

874 4699 1078 4778 ducis,
1112 4719 1228 4763 nec
1277 4700 1459 4782 signa
1508 4700 1974 4764 benevolentiae
2025 4710 2088 4763 et
2137 4700 2374 4764 amoris
2484 4704 2599 4763 nia
2626 4705 2807 4799 'mala
2838 4702 3115 4783 poenalia
3154 4721 3269 4765 seu
3298 4702 3582 4778 adversa,
3616 4723 3759 4783 quoe
3794 4724 3975 4763 vene-

873 4818 1044 4863 nunc
1085 4799 1179 4863 eis
1218 4799 1523 4877 ostendiS,
1557 4818 1755 4881 quum
1799 4808 2009 4862 tamen
2051 4801 2245 4863 modo
2292 4800 2375 4861 sit
2483 4810 2642 4862 runc
2667 4822 2859 4878 super
2882 4810 2938 4863 te
2960 4802 3483 4863 abadolescentia
3514 4810 3629 4863 tua
3662 4820 3865 4881 usque
3902 4803 3968 4860 in

869 4906 1122 4981 tempus
1143 4908 1576 4981 opportunum
1597 4900 1676 4961 ad
1697 4898 1974 4961 hoc.Non
1992 4907 2203 4961 autem
2230 4899 2377 4962 ode-

877 5005 973 5059 rat
999 5016 1108 5061 eos
1139 4998 1288 5062 odio
1325 4998 1554 5062 vitioso
1594 5004 1702 5060 aut
1745 4996 2125 5060 invidentiae
2169 5005 2371 5061 motu.

883 5098 968 5157 Ec
1000 5118 1144 5157 vere
1174 5099 1440 5175 coynovi
1471 5100 1675 5169 mode,
1703 5099 1862 5176 quia
1889 5099 1949 5157 si
1969 5098 2254 5157 Absalon
2286 5099 2379 5155 vi-

887 5206 1162 5267 veret,et
1189 5216 1304 5258 nos
1332 5216 1545 5258 omnes
1573 5197 2077 5256 occubuissemus
2109 5193 2264 5257 victi
2297 5194 2376 5256 ab

891 5292 1027 5373 illo,
1065 5302 1219 5357 tunc
1239 5299 1521 5375 placeret
1554 5296 1673 5356 cibi
1702 5311 1802 5356 res
1831 5302 2010 5375 gesta
2047 5293 2380 5374 hujusmo-

2475 4919 2778 4977 proesens.
2812 4899 2889 4962 Et
2917 4900 3088 4982 quod
3116 4898 3226 4976 ait,
3258 4897 3483 4962 Omnia
3512 4897 3700 4976 mala,
3737 4896 3969 4963 intelli-

2483 4998 2763 5078 gendum
2805 5008 2899 5060 est
2939 4998 3281 5075 exclusive,
3318 5005 3537 5079 utpote
3574 5006 3785 5061 cetera
3814 5016 3971 5079 prae·

2489 5105 2581 5159 ter
2613 5096 2757 5157 ista.
2780 5095 2857 5157 Et
2886 5115 3103 5157 rursus
3132 5096 3304 5178 quod
3334 5095 3444 5171 ait,
3468 5093 3713 5171 Omnia,
3738 5094 3967 5177 exponi

2488 5202 2699 5275 potest
2748 5193 2849 5256 vel
2902 5193 3307 5258 distributive
3352 5201 3418 5257 et
3464 5192 3821 5269 collective,
3874 5191 3965 5255 vel

2487 5291 2895 5356 distributive
2923 5300 2985 5355 et
3014 5291 3307 5371 divisive,
3326 5292 3445 5355 hoc
3474 5300 3573 5355 est
3600 5290 3819 5367 omnia
3846 5309 3965 5353 ma-
