4359 6250
137 1676 301 1717 Hebr.
323 1690 388 1727 xi,

116 1740 144 1763 ι)

1237 509 1583 557 ENARnaTlo
1625 510 1685 556 IN
1729 510 1865 555 CAP.
1913 510 1972 554 lv
2015 511 2286 558 mmmm.
2334 532 2413 543 —
2454 515 2596 560 ΛΒΤ.
2646 516 2727 560 vll

3406 498 3517 562 131

419 671 981 764 aestimavit,quod
1014 681 1140 743 filii
1171 682 1360 746 Israel
1395 682 1607 746 verbis
1641 682 1773 745 suis
1795 702 1924 746 non
1956 679 2005 740 A
2033 682 2481 747 certitudinem
2528 686 2900 769 prophetiae.
2946 687 3065 751 Sed
3110 688 3385 768 qualiter
3428 688 3519 751 ait

421 781 778 857 crederent,
805 780 932 843 nisi
965 781 1208 844 Debora
1241 800 1456 843 secum
1486 782 1925 851 veniret.Quae

419 882 602 939 dia-ic
640 884 728 941 ad
756 901 904 940 cum
937 902 961 940 .·
1005 882 1112 941 Ibo
1154 883 1416 960 quidem
1451 891 1681 949 tecum,
1710 885 1820 941 secl
1851 883 1921 941 in

421 980 546 1037 hac
599 980 734 1038 vice
789 981 906 1039 tibi
969 982 1239 1040 victoria
1293 1000 1422 1041 non
1485 982 1922 1057 reputabitur,

421 1078 584 1157 quia
623 1079 696 1137 in
739 1099 940 1137 mmm
987 1080 1286 1138 mulieris
1332 1082 1625 1139 tradetur
1665 1080 1918 1149 Sisara,

421 1174 490 1236 id
523 1184 633 1251 est,
656 1196 693 1238 a
725 1175 966 1239 femina
997 1178 1344 1254 occidetur,
1367 1195 1494 1240 non
1525 1196 1562 1239 a
1595 1186 1676 1253 te,
1705 1196 1923 1239 seeun-

423 1275 576 1336 dum
629 1276 801 1356 quod
854 1274 1024 1338 infra
1073 1284 1364 1339 narratur
1400 1294 1414 1337 ε
1449 1276 1621 1357 quod
1679 1276 1916 1339 factum

421 1373 679 1435 videtur
709 1382 969 1456 propter
999 1373 1552 1456 imperfectionem
1587 1374 1792 1456 ipsius
1814 1374 1922 1436 Ba-

423 1490 530 1533 rac
566 1471 632 1533 in
664 1490 792 1552 spe,
828 1472 938 1553 qui
983 1467 1195 1534 tamen
1241 1481 1460 1556 postea
1498 1472 1700 1537 crevit
1734 1473 1797 1534 in
1829 1472 1923 1533 vi-

424 1589 567 1630 rum
593 1580 907 1647 sanetum,
927 1590 1126 1652 quum
1151 1567 1216 1632 in
1239 1571 1510 1654 epistola
1529 1571 1607 1633 ad
1630 1569 1921 1633 Hebraeos

423 1668 596 1731 inter
626 1677 878 1731 sanctos
911 1664 992 1731 ab
1014 1669 1318 1752 Apostolo
1351 1679 1743 1732 numeretur.
1764 1672 1921 1731 Sar-

419 1770 597 1828 reoeit
637 1770 858 1848 itaque
897 1770 1166 1839 Debora,
1199 1779 1259 1829 et
1283 1772 1578 1847 perrcoeit
1617 1788 1764 1827 cum
1797 1771 1920 1828 Ba-

2032 800 2205 846 nunc
2252 784 2515 861 Debera‚
2552 784 2837 849 Tradidit
2885 787 3189 849 Dominus
3242 786 3515 849 Sisaram

2031 881 2095 943 in
2147 902 2374 945 manus
2428 894 2587 961 maa,
2622 904 2819 966 quum
2872 887 3061 968 paulo
3110 896 3255 950 ante
3306 885 3515 949 locuta

2028 980 2130 1057 sit,
2167 982 2309 1043 Tibi
2342 1001 2469 1045 non
2500 984 2903 1065 reputabitur
2932 986 3222 1061 victoria,
3255 985 3410 1068 quia
3439 986 3509 1048 in

2029 1098 2256 1142 manus
2308 1080 2561 1145 feminae
2612 1083 2893 1146 tradetur
2942 1083 3195 1146 Sisara?
3242 1086 3517 1166 Respon-

2028 1179 2233 1255 detur,
2267 1182 2437 1260 quod
2472 1180 2755 1244 finaliter
2786 1182 2969 1244 datus
3012 1182 3135 1245 fuit
3176 1184 3242 1245 in
3286 1202 3509 1246 manus

2029 1277 2339 1353 mulieriS,
2366 1287 2435 1340 ut
2466 1278 2935 1342 interficeretur
2966 1282 3045 1343 ab
3078 1298 3171 1343 ea.
3199 1282 3387 1343 Datus
3420 1291 3518 1345 θεῖ

2030 1393 2283 1456 quoque
2313 1378 2379 1437 in
2412 1395 2637 1438 manus
2668 1377 2879 1467 Barac,
2918 1379 3004 1440 ita
3033 1380 3204 1459 quod
3236 1398 3383 1443 eum
3419 1379 3519 1442 fu-

2027 1473 2221 1551 gavit,
2258 1482 2320 1537 et
2350 1475 2697 1537 exercitum
2730 1476 2869 1556 ejus
2902 1478 3279 1558 prostravit.-

2108 1575 2449 1633 Descendit
2480 1576 2699 1655 itaque
2730 1578 2943 1635 Barac
2984 1579 3063 1636 de
3107 1587 3317 1637 monte
3354 1580 3516 1638 Tha-

2031 1670 2156 1739 bor,
2167 1674 2503 1751 decemque
2524 1675 2619 1733 νηί
2622 1676 2741 1733 Ilia
2760 1694 2907 1735 cum
2926 1695 3024 1746 eo;
3034 1677 3516 1755 perterruitque

2029 1770 2347 1829 Dominus
2390 1774 2685 1831 Sisaram
2731 1784 2790 1833 et
2831 1794 3044 1832 omnes
3088 1776 3325 1833 currus
3352 1775 3514 1850 ey‘us,

417 1888 535 1927 rac
562 1870 633 1927 in
659 1870 872 1936 Codes,
893 1866 957 1929 id
989 1858 1086 1930 est
1115 1868 1425 1949 oppidum
1462 1866 1655 1929 illud:
1683 1885 1758 1928 ex
1790 1884 1918 1947 quo
1958 1865 2003 1926 B
2034 1865 2096 1926 id
2118 1874 2214 1927 est
2234 1868 2607 1931 exsistentes
2639 1869 2705 1931 in
2726 1870 3119 1947 curribuS,et
3139 1874 3514 1934 universam

417 1974 709 2046 apparet,
730 1966 900 2046 quod
933 1966 1124 2028 Barac
1156 1964 1469 2030 habitavit
1501 1964 1755 2027 ibidem.
1794 1968 1920 2033 Qui

417 2065 646 2123 accitis
673 2066 966 2125 Zabulon
993 2074 1053 2125 et
1077 2066 1460 2141 Nephtlzali‚
1483 2062 1545 2125 id
1579 2072 1694 2139 est,
1727 2060 1921 2125 Zabu-

419 2160 644 2223 lonitis
673 2169 738 2223 et
759 2159 1184 2242 Nephthalitis
1217 2162 1294 2224 ad
1328 2182 1396 2225 se
1427 2161 1805 2238 convocatis,
1825 2182 1921 2220 as-

416 2263 636 2321 cendit
665 2280 814 2321 cum
842 2264 1057 2321 decem
1089 2263 1406 2330 millibus,
1436 2279 1578 2343 quae
1623 2268 1804 2323 erant
1839 2260 1920 2321 de

415 2358 670 2420 duabus
711 2358 814 2421 his
852 2358 1172 2436 tribubuS,
1215 2361 1450 2420 habens
1489 2363 1804 2422 choram
1846 2362 1917 2419 in

415 2459 736 2518 comitatu
777 2478 920 2527 suo,
951 2466 1020 2519 ut
1063 2466 1296 2521 sanctae
1340 2456 1595 2521 feminae
1643 2456 1913 2533 meritis,

417 2554 745 2637 precibuS,
765 2555 1057 2632 consilio,
1079 2552 1466 2619 revelatione
1485 2556 1912 2636 adjuvaretur.

500 2657 721 2717 Haber
751 2664 971 2715 autem
1005 2656 1280 2725 CinoeuS,
1318 2653 1381 2716 id
1415 2662 1510 2716 est
1545 2653 1643 2716 vir
1682 2654 1792 2718 ille
1825 2653 1919 2718 sic

415 2752 659 2830 dictuS‚
713 2752 1019 2834 quoniam
1069 2761 1204 2815 erat
1253 2754 1330 2815 de
1381 2752 1624 2815 semine
1672 2753 1911 2831 Jethro,

415 2852 532 2933 qui
563 2859 626 2914 θῖ
655 2851 771 2914 Cin
806 2850 1194 2927 nominatur,
1221 2862 1557 2912 recesserat
1587 2855 1915 2931 quondam

416 2974 458 3011 a
489 2952 714 3011 ceteris
750 2952 986 3011 Cinoeis
1015 2951 1364 3029 fratribuS,
1399 2950 1462 3013 id
1506 2958 1602 3011 θεῖ
1651 2969 1918 3012 consan-

2029 1968 2548 2037 muttitudinem,
2566 1967 2809 2031 scilicet
2832 1976 3032 2031 totum
3056 1969 3423 2044 exercitum,
3446 1974 3515 2030 in

2029 2084 2134 2123 ore
2155 2065 2376 2140 yladz'i
2403 2069 2491 2126 ast
2523 2070 2894 2143 adspectum
2924 2068 3281 2148 gladiorum
3313 2068 3517 2151 ipsius

2028 2167 2245 2223 Barac
2286 2171 2348 2225 et
2392 2162 2489 2225 sui
2535 2164 2869 2227 exercitus,
2915 2166 3257 2230 Perterruit
3302 2176 3515 2230 autem

2028 2260 2333 2323 Dominus
2364 2261 2637 2324 Sisaram
2679 2272 2741 2325 et
2780 2263 2921 2344 ejus
2959 2266 3307 2328 exercitum
3340 2266 3513 2328 intus

2028 2366 2089 2421 et
2119 2368 2314 2421 extra.
2349 2360 2503 2421 Nam
2550 2362 2741 2424 corda
2779 2380 2999 2424 eorum
3042 2364 3405 2426 immutavit
3434 2365 3514 2427 ab

2026 2458 2291 2521 audacia
2318 2460 2395 2521 ad
2432 2478 2755 2541 pavorem,
2790 2463 2992 2543 eaque
3021 2464 3276 2545 stupida
3308 2472 3369 2526 et
3400 2464 3513 2527 im-

2027 2557 2284 2619 becillia
2327 2556 2499 2620 fecit.
2536 2558 2664 2621 Hoc
2708 2560 2945 2623 etenim
2989 2562 3294 2644 competit
3337 2563 3516 2626 Crea-

2030 2656 2145 2718 tori
2192 2655 2638 2738 omnipotenti,
2674 2658 2750 2720 ad
2789 2676 2977 2721 omne
3023 2659 3276 2721 libitum
3324 2681 3510 2724 suum

2026 2753 2314 2831 alterare,
2350 2754 2613 2818 afficere
2644 2764 2835 2837 atque
2868 2757 3206 2839 disponere
3238 2779 3347 2821 cor
3376 2779 3511 2823 om-

2029 2842 2108 2915 ne
2138 2861 2442 2915 creatum.
2477 2853 2669 2916 Unde
2694 2863 2758 2917 et
2796 2854 3187 2933 Augustinus
3229 2857 3331 2919 hic
3372 2859 3461 2920 ait
3496 2876 3509 2921 :

2028 2951 2187 3013 Ecce
2215 2952 2533 3033 quomodo
2554 2954 2957 3015 commendat
2975 2954 3297 3037 Scriptura
3318 2956 3514 3019 Deum

415 3048 674 3131 guineis
722 3051 886 3118 suis,
936 3048 1047 3130 qui
1099 3042 1474 3111 habitabant
1526 3048 1693 3111 inter
1744 3049 1915 3111 filios
1948 3052 1992 3115 C
2025 3068 2212 3130 agere
2245 3050 2309 3111 in
2341 3050 2641 3114 cordibus
2665 3052 3021 3130 hominum,
3043 3062 3112 3115 ut
3141 3055 3246 3116 det
3275 3055 3515 3117 exitum

410 3148 595 3225 Juda,
630 3156 704 3210 ut
751 3147 992 3212 dictum
1045 3155 1162 3225 est,
1195 3150 1360 3226 filiis
1399 3150 1620 3209 Hobab
1661 3151 1918 3225 &cynaei

415 3241 896 3328 Moysis‚'quia
943 3245 1206 3310 fuerunt
1254 3245 1492 3327 posteri
1543 3245 1748 3329 ipsius
1797 3246 1918 3309 Ho-

417 3339 578 3422 hab,⁴
603 3345 719 3427 qui
751 3345 876 3407 fuit
905 3340 1084 3407 filius
1114 3345 1328 3408 Jethro
1359 3352 1422 3408 et
1452 3344 1649 3408 frater
1679 3345 1918 3428 Sepho-

417 3463 506 3507 rae
553 3443 772 3507 uxoris
820 3444 1046 3526 Moysis
1102 3461 1115 3505 :
1171 3443 1392 3526 sicque
1451 3453 1758 3525 cognatus
1809 3445 1914 3509 hie

417 3542 700 3604 sumitur
739 3561 857 3624 pro
898 3540 1124 3604 affine.
1161 3541 1375 3623 Aliqui
1416 3550 1627 3606 tamen
1669 3544 1910 3621 dicunt,

417 3637 593 3721 qu'od
624 3641 898 3722 ipsemet
924 3640 1140 3702 Jethro
1171 3649 1430 3704 vocatus
1465 3640 1543 3702 sit
1571 3640 1809 3705 Hobab.
1839 3647 1916 3704 Ec

419 3743 776 3800 tetenderat
818 3742 1232 3800 tabernacula
1277 3760 1476 3819 usque
1525 3744 1613 3801 ad
1661 3747 1916 3802 conval-

419 3843 544 3900 lem
585 3859 732 3919 quoe
775 3841 1122 3899 vocabatur
1151 3841 1450 3910 Sennim,
1482 3850 1541 3900 et
1582 3851 1722 3900 erat
1749 3841 1915 3919 juat-

419 3949 488 3998 ια
521 3931 732 3998 aedes.
767 3935 913 3998 Fuit
952 3935 1193 4018 quippe
1223 3935 1321 3998 vir
1350 3935 1551 4014 diveS,
1587 3947 1648 4000 et
1687 3958 1916 4020 pecora

417 4035 622 4098 multa
663 4035 908 4098 habens
943 4052 958 4096 ε
996 4043 1257 4116 propter
1293 4035 1466 4116 quod
1509 4027 1914 4100 tabernacula

417 4153 533 4196 sua
564 4134 692 4196 late
721 4133 991 4196 tetendit
1023 4133 1090 4194 in
1124 4132 1278 4196 loeis
1310 4132 1715 4220 pascualibus
1740 4143 1916 4199 extra

416 4231 732 4314 oppidum
763 4232 988 4295 cedes,

501 4333 1028 4410 Nuntiatumque
1065 4341 1155 4391 est
1194 4333 1462 4401 Sisara,
1498 4335 1672 4409 quod
1699 4353 1915 4394 ascen-

413 4431 614 4508 disset
661 4433 880 4490 Barac
925 4431 1110 4505 filius
1148 4430 1460 4490 Abi-noem
1514 4431 1585 4489 in
1637 4441 1912 4492 montem

423 4525 676 4590 Thabor
716 4547 866 4587 cum
907 4529 1175 4598 Debora,
1207 4536 1269 4587 et
1309 4530 1720 4604 conyreyavit
1755 4549 1913 4590 non-

404 4636 642 4703 qentos·
678 4646 913 4685 currus
963 4626 1256 4702 falcato-3,
1308 4625 1421 4706 qui
1475 4624 1676 4688 instar
1727 4625 1910 4689 falcis

410 4719 766 4800 caedebant,
801 4733 861 4783 et
889 4743 1142 4784 omnem
1167 4725 1524 4782 exercitum
1555 4727 1644 4783 ad
1675 4734 1912 4784 torrere-

410 4833 538 4883 tem
587 4820 800 4893 cison,
844 4821 1010 4884 sicut
1054 4820 1292 4884 Debora
1330 4821 1760 4905 prophetavit.
1795 4827 1912 4885 Di-

403 4923 642 5001 acieque
671 4921 930 4982 Debora'
959 4925 1048 4982 ad
1084 4925 1302 4982 Barac
1333 4942 1354 4980 .·
1386 4925 1624 4999 Sume,
1658 4926 1790 4984 lzoec
1819 4935 1910 4986 est

404 5023 588 5080 emim
617 5022 758 5081 dies
787 5021 862 5080 in
892 5041 1022 5100 qua
1057 5020 1442 5092 tradidit,id
1475 5029 1593 5098 θεῖ,
1619 5022 1771 5086 dare
1801 5024 1911 5087 de-

405 5118 616 5183 crevit
645 5127 710 5182 et
740 5138 913 5181 nunc
945 5120 1150 5181 tradet
1170 5121 1488 5181 Dominus
1509 5123 1806 5184 Sis-aram
1836 5125 1908 5184 in

411 5239 650 5279 manus
673 5228 831 5280 tuas
851 5217 1066 5299 Itaque
1097 5236 1273 5281 more
1304 5217 1675 5300 prophetico
1711 5221 1910 5303 loqui-

411 5326 520 5380 tur
549 5317 629 5379 de
661 5315 880 5379 futuro
907 5335 1021 5400 per
1040 5316 1300 5380 modum
1324 5305 1625 5398 praeteriti
1648 5329 1909 5401 propter

2024 3169 2218 3230 quem
2248 3150 2548 3213 decrevit.
2584 3151 2815 3215 Pavere
2858 3151 3094 3215 etenim
3142 3152 3381 3217 fecerat
3422 3152 3518 3217 Si-

2025 3259 2255 3326 saram,
2276 3257 2344 3311 ut
2366 3248 2726 3313 adversario
2757 3252 3033 3314 traderet
3054 3271 3220 3315 eum.
3246 3253 3513 3337 Insuper

2027 3347 2369 3430 perterruit
2399 3348 2542 3411 illos
2571 3349 2653 3412 ab
2684 3356 2859 3411 extra
2886 3364 2899 3410 τ
2925 3349 3097 3432 quia,
3116 3359 3184 3413 ut
3201 3351 3509 3435 Iosephus

2025 3445 2541 3524 scribit,'Ventus
2581 3447 2893 3510 maximus
2926 3457 2989 3511 et
3016 3451 3258 3528 grando
3287 3447 3360 3514 ae
3394 3451 3511 3513 im-

2023 3544 2135 3608 ber
2181 3564 2371 3627 super
2414 3564 2637 3608 eorum
2688 3544 2882 3608 facies
2934 3546 3276 3626 irruebant,
3327 3569 3511 3614 arcus

2023 3652 2086 3706 et
2126 3643 2341 3706 fundae
2380 3643 2621 3706 fiebant
2660 3643 2943 3722 inutileS,
2981 3647 3165 3709 multi
3205 3649 3285 3711 de
3324 3651 3509 3732 equis

2025 3742 2157 3804 suis
2206 3741 2628 3824 curribusque
2679 3743 2948 3820 excussi,
2997 3746 3507 3811 conterebantur.

2023 3845 2105 3902 In
2141 3850 2395 3901 tantum
2426 3850 2498 3901 ut
2536 3843 2768 3902 Sisara
2811 3846 2892 3902 de
2933 3862 3137 3904 curru
3182 3847 3506 3918 desiliens,

2014 3943 2288 4018 pedibus
2335 3941 2606 4018 fuyeret,
2655 3951 2715 4001 et
2762 3945 2980 4002 Barac
3024 3956 3510 4026 persequeretur

2022 4040 2344 4116 fuyientes
2392 4059 2623 4100 currus
2669 4050 2729 4102 et
2775 4045 3127 4103 exercitum
3177 4064 3375 4122 usque
3422 4048 3512 4106 ad

2025 4139 2341 4198 Harosetk
2368 4141 2692 4210 Gentium,
2710 4150 2768 4199 et
2798 4142 3011 4199 omnis
3038 4142 3317 4202 hostium
3348 4147 3512 4203 mul—

1945 4237 1994 4298 D
2026 4237 2231 4296 titudo
2254 4239 2343 4296 ad
2362 4238 2859 4297 internecionem
2886 4240 3160 4310 caderet,
3175 4238 3276 4302 vel
3308 4242 3505 4303 occisi

2023 4330 2102 4394 ab
2133 4333 2414 4395 exercitu
2444 4332 2655 4410 Barac,
2689 4333 2792 4396 vel
2824 4336 3012 4398 modo
3042 4345 3365 4418 praetacto.
3401 4340 3511 4403 Re-

2022 4431 2174 4494 citat
2218 4431 2550 4513 IosephuS,
2604 4432 2775 4513 quod
2828 4433 2895 4494 in
2944 4435 3225 4498 exercitu
3277 4435 3501 4502 Sisarae

2021 4538 2203 4592 erant
2234 4539 2511 4593 trecenta
2542 4530 2743 4593 millia
2772 4541 3182 4612 armatorum,
3208 4544 3270 4598 et
3289 4537 3508 4600 decem

2021 4627 2225 4690 millia
2254 4627 2562 4710 equitum,
2598 4636 2659 4692 et
2702 4629 2865 4692 ultra
2898 4641 3249 4711 nongentos
3281 4653 3509 4697 currus

2022 4724 2306 4801 falcatOS‚
2334 4735 2395 4788 ct
2424 4728 2629 4791 adhue
2660 4729 2786 4792 duo
2815 4728 3019 4791 millia
3050 4737 3113 4792 et
3143 4740 3420 4794 centum.

2098 4828 2328 4886 Sisara
2359 4836 2577 4886 autem
2606 4828 2895 4904 fuyiens,
2918 4832 3218 4905 pervenit
3257 4835 3344 4892 ad
3376 4843 3503 4893 ten·

2021 4926 2259 4985 tortum
2305 4927 2492 4986 Jalzez
2536 4927 2759 4986 umoris
2799 4929 3015 4987 Haber
3066 4929 3290 4991 Cinaei.
3338 4933 3505 4992 Erat

2017 5025 2194 5084 enim
2228 5043 2369 5100 pax
2406 5027 2577 5084 inter
2604 5027 2799 5085 labin
2843 5047 3050 5103 reyem
3094 5029 3280 5100 Aser,
3312 5039 3372 5088 et
3401 5032 3508 5089 do-

2019 5143 2199 5183 ‘mum
2230 5125 2445 5184 Haber
2477 5125 2704 5192 Cinaei,
2737 5124 2799 5186 id
2832 5132 2926 5187 θεῖ
2956 5125 3165 5207 ipsum
3195 5125 3401 5190 Habet·
3440 5137 3505 5191 et

2017 5223 2156 5303 ejus
2189 5221 2591 5284 domesticos,
2622 5223 2806 5286 Forte
2850 5224 3021 5286 enim
3070 5243 3177 5287 rex
3222 5225 3331 5289 ille
3375 5246 3505 5290 non

2019 5321 2106 5382 ita
2139 5317 2341 5383 odivit
2369 5317 2609 5382 Cinaeos
2642 5320 2809 5383 sicut
2836 5321 3153 5400 HebraeOS,
3182 5324 3341 5405 quia
3374 5343 3505 5389 non
