4359 6250
944 473 1290 519 umanum
1333 472 1394 516 m
1437 471 1573 517 cAP.
1620 468 1662 514 x
1706 467 1862 512 mam
1904 467 2156 513 saeuum
2195 469 2420 517 aucun.
2465 489 2545 500 -—
2587 472 2728 517 aar.
2776 472 2903 518 xvu
3344 459 3462 520 495

351 643 700 722 probabile
744 651 1097 726 reputatur,
1131 645 1303 725 quod
1343 645 1486 709 ideo
1523 644 1860 708 occidisset
1889 637 1941 699 A
1971 643 2062 702 boe
2089 663 2331 705 eorum.
2356 644 2563 707 Primo
2591 644 3117 726 Paralipomenon
3148 647 3459 728 scriptum

346 749 657 822 parentes
701 742 922 817 David,
955 743 1148 806 etiam
1191 743 1244 804 si
1285 762 1360 806 eo
1399 743 1734 823 ignorante
1766 762 1862 805 re-
1969 748 2087 816 est,
2121 743 2291 822 quod
2341 742 2694 805 decalvavit
2732 761 2861 805 eos.
2896 741 3173 815 Quorum
3210 753 3457 806 utrum·
3493 763 3757 818 mummi.

344 839 560 902 disset
609 840 806 904 David
857 842 935 903 ad
987 849 1236 923 tempus
1289 842 1354 903 in
1399 851 1627 905 terram
1675 841 1856 918 Juda,
1971 858 2096 918 que
2146 839 2270 901 fuit
2316 841 2547 904 Judaeis
2596 841 2779 904 valde
2828 841 3353 922 ignominiosum,
3396 853 3459 907 et

347 938 470 1000 sed
524 938 726 1018 magis
773 939 1031 1018 gavisus
1077 939 1329 1017 fuisset,
1366 942 1648 1022 putando
1690 941 1861 1022 quod
1973 945 2193 999 contra
2224 939 2416 1001 ritum
2451 939 2607 1020 legis
2640 958 2858 1003 eorum
2896 957 2909 1002 :
2940 940 3091 1020 quia
3133 941 3199 1004 in
3233 941 3461 1005 Leviti-

349 1036 565 1099 David
607 1037 875 1100 redisset
911 1037 1064 1101 illuc
1092 1039 1172 1102 ad
1205 1039 1562 1102 nocendum
1599 1037 1858 1100 ibidem.
1973 1055 2047 1099 co
2076 1036 2325 1117 jussum
2360 1038 2503 1115 ruit,
2538 1039 2673 1102 Non
2705 1040 2937 1102 radetis
2969 1041 3267 1116 barbam3
3300 1051 3363 1105 et
3395 1043 3461 1104 in
3491 1062 3755 1114 Lamum.

445 1137 635 1197 Mis-it
652 1157 800 1213 erqo
823 1140 1042 1199 David
1064 1136 1326 1218 legatOS,
1346 1143 1676 1199 consolans
1695 1159 1863 1206 eum,
1973 1135 2483 1214 Deuteronomio,
2506 1137 2641 1201 Non
2676 1137 2923 1201 facietis
2954 1139 3305 1203 calvitium.
3330 1142 3460 1204 lmo
3491 1161 3755 1213 Datami.

342 1254 478 1310 per
514 1255 727 1296 servos
764 1257 910 1297 suos
947 1256 1141 1315 super
1176 1239 1388 1314 patris
1425 1240 1533 1298 sui
1564 1239 1860 1298 interitu.
1976 1252 2179 1315 usque
2224 1234 2290 1296 in
2337 1254 2637 1317 praesenS‚
2674 1238 2840 1318 apud
2887 1236 3133 1318 aliquas
3174 1237 3463 1301 nationes

353 1333 520 1395 Nam
573 1333 969 1410 hortabatur,
1024 1343 1095 1396 ut
1143 1335 1442 1398 amicitiae
1491 1355 1635 1417 quae
1687 1343 1866 1397 erant
1975 1332 2098 1394 viri
2157 1333 2475 1396 imberbes
2536 1333 2919 1412 refutantur,
2979 1335 3347 1414 irridentur,
3402 1345 3504 1400 et.

354 1431 536 1494 inter
577 1440 824 1514 patrem
875 1451 1062 1494 suum
1108 1441 1171 1494 et
1214 1452 1306 1510 se,
1342 1432 1490 1497 fixae
1535 1441 1866 1496 manerent
1976 1439 2366 1512 spernuntur
2396 1442 2465 1494 ut
2499 1432 2775 1496 reminae.
2797 1437 2885 1496 Et
2906 1437 3243 1512 praescidit
3275 1446 3467 1497 vestes

358 1529 537 1593 inter
575 1549 686 1594 eos
723 1532 968 1608 ambos,
1003 1531 1422 1613 exhibuitque
1462 1552 1528 1596 se
1575 1539 1862 1614 paratum
1975 1550 2198 1590 eorum
2230 1533 2475 1592 medias
2506 1553 2705 1610 usqae
2735 1536 2825 1592 ad
2852 1543 3051 1604 nate-3,
3087 1533 3208 1597 hoc
3239 1543 3333 1596 est
3377 1532 3470 1595 in-

357 1628 444 1689 ad
478 1628 685 1710 ipsius
715 1629 1099 1693 subsidium.
1126 1630 1226 1692 Sic
1257 1639 1320 1692 ct
1349 1631 1690 1713 Apostolus
1721 1649 1870 1693 con·
1977 1627 2193 1708 guina,
2222 1628 2309 1690 ita
2339 1639 2407 1692 ut
2437 1631 2896 1694 'verecundiora
2925 1631 3255 1714 parebant,
3280 1643 3338 1693 et
3368 1635 3471 1692 di-

357 1725 697 1788 solabatur
711 1726 1313 1792 Thessalonicenses
1337 1747 1529 1810 super
1551 1735 1752 1792 morte
1775 1747 1870 1792 ca·
1979 1728 2158 1787 misit
2188 1747 2307 1788 eos.
2342 1726 2517 1790 Unde
2550 1728 2821 1806 elicitur,
2856 1731 3025 1811 quod
3069 1730 3237 1794 servi
3270 1729 3467 1793 David

79 1839 324 1886 {nm-nv.
359 1844 590 1902 rorum
639 1844 902 1888 suorum
939 1843 952 1887 :
997 1817 1337 1902 NolumuS,
1383 1827 1705 1908 inquienS,
1754 1846 1865 1890 vos
1904 1823 1951 1885 B
1979 1832 2159 1886 erant
2189 1825 2453 1888 honeste
2484 1827 2719 1904 vestiti,
2742 1827 3038 1892 videlicet
3058 1829 3346 1892 vestibus
3378 1849 3470 1892 sa-

73 1905 214 1951 ¹²'¹⁷·
361 1923 666 2004 ignorare
705 1925 784 1986 de
822 1924 1312 1999 dormientibuS‚
1349 1933 1418 1987 ut
1461 1925 1868 1988 non-contri·
1977 1921 2058 1983 tis
2107 1922 2337 2004 longiS.
2395 1927 2574 1992 Quod
2621 1946 2824 2004 quum
2880 1929 3264 1988 nuntiatum
3312 1937 3467 1987 esset

357 2023 650 2099 stemini,
686 2023 852 2087 sicut
889 2032 954 2086 et
990 2024 1184 2087 ceteri
1225 2025 1337 2105 qui
1379 2042 1560 2106 spem
1602 2042 1729 2088 non
1763 2025 1866 2092 ha·
1975 2023 2218 2092 David,
2254 2024 2431 2082 misit
2471 2024 2544 2083 in
2583 2044 2919 2090 occursum,
2962 2045 3203 2086 eorum.
3253 2028 3463 2086 Erant

354 2121 540 2186 hant,
577 2122 653 2183 Et
695 2123 950 2185 tandem
985 2123 1314 2186 concludit
1348 2140 1362 2184 :
1397 2123 1614 2205 ltaque
1642 2141 1868 2192 conso·
1974 2123 2150 2179 eni-m
2182 2122 2317 2179 viri
2346 2123 2605 2199 confusi
2638 2125 2913 2200 turpiter
2944 2127 3151 2186 valde.
3172 2127 3257 2186 Et
3288 2145 3469 2188 man-

359 2219 592 2288 lamini
621 2219 896 2291 invicem
920 2221 986 2282 in
1002 2221 1220 2296 ,verbis
1246 2221 1400 2284 istis,
1418 2225 1629 2290 Quum
1652 2231 1868 2282 autem
1976 2220 2160 2278 davit
2190 2221 2281 2278 eis
2311 2221 2529 2280 David
2550 2237 2573 2279 .·
2594 2223 2851 2281 Manete
2882 2223 2954 2282 in
2972 2225 3251 2293 Jericlzo,
3271 2226 3470 2284 donec

359 2321 688 2380 venissent
716 2321 890 2380 servi
918 2323 1140 2382 David
1178 2321 1252 2390 in
1295 2331 1532 2381 terram
1569 2323 1865 2397 fitiorum
1977 2327 2213 2377 crescat
2254 2319 2447 2376 barba
2490 2328 2722 2390 vestra,
2756 2331 2814 2380 et
2856 2329 3007 2381 tunc
3036 2324 3464 2392 revertimini,

357 2421 674 2488 Ammon,
695 2420 1011 2479 dixerunt
1037 2421 1368 2497 principes
1396 2420 1690 2496 filioram
1714 2420 1866 2480 Am·
1979 2434 2060 2478 ne
2102 2423 2403 2494 augeatur
2442 2425 2654 2479 vestra
2690 2418 2984 2482 confusio
3016 2420 3083 2480 in
3116 2419 3233 2482 bac
3280 2427 3465 2482 terra.

365 2517 675 2598 mon,qui
707 2517 828 2580 sub
859 2537 1006 2599 rege
1039 2525 1220 2580 crant
1255 2517 1319 2580 in
1351 2516 1702 2599 majoribus
1725 2537 1870 2580 con·
1976 2513 2226 2576 Jericho
2256 2523 2468 2578 autem
2498 2515 2725 2578 civitas
2768 2515 2891 2580 fuit
2922 2518 3015 2580 eis
3048 2517 3463 2582 redeuntibus

365 2616 580 2678 stituti
611 2615 986 2692 officiiS,ad
1008 2620 1246 2678 Hauon
1266 2619 1607 2678 dominum
1636 2633 1868 2676 suam:
1980 2612 2189 2695 primo
2218 2631 2577 2676 occurrenS.

368 2720 584 2778 Putas
627 2719 802 2795 quod
843 2725 1108 2793 propter
1157 2717 1460 2776 honorem
1503 2717 1718 2791 patris
1771 2715 1872 2774 tui
2079 2713 2371 2772 Videntes
2410 2724 2625 2774 autem
2662 2716 2796 2791 filii
2830 2701 3131 2787 Ammon,
3166 2718 3340 2794 quod
3372 2720 3473 2777 in-

369 2817 628 2876 miserit
669 2816 891 2876 David
929 2818 1018 2876 ad
1059 2825 1114 2876 te
1152 2819 1594 2883 consolatores,
1637 2823 1697 2872 et
1741 2832 1870 2874 non
1965 2811 2232 2887 jurium
2263 2812 2557 2888 fecissent
2589 2813 2806 2873 David
2845 2813 2977 2894 regi
3010 2813 3077 2875 in
3108 2814 3241 2876 suis
3284 2815 3472 2877 mini-

372 2917 544 2984 ideo,
577 2924 651 2975 ut
684 2923 740 2974 te
771 2915 1210 2989 investiyaret,
1233 2922 1292 2972 et
1321 2916 1685 2989 exploraret
1715 2913 1870 2972 civi·
1982 2908 2128 2971 stris
2167 2926 2181 2970 ε
2217 2909 2388 2972 unde
2416 2918 2700 2991 apparet,
2724 2911 2897 2992 quod
2927 2922 3349 2994 perceperunt
3380 2933 3472 2978 re·

105 3030 336 3084 uncam.
373 3025 573 3076 tatem
604 3033 628 3074 .·
659 3012 753 3076 sic
795 3020 858 3076 et
897 3011 1052 3076 Joab
1089 3011 1250 3074 dixit
1293 3010 1372 3072 ad
1413 3009 1632 3086 David,
1666 3029 1866 3092 quum
1909 3005 1953 3069 C
1983 3026 2124 3088 gem
2170 3007 2367 3069 David
2413 3009 2663 3070 misisse
2703 3029 2919 3073 servos
2960 3030 3107 3074 suos
3148 3013 3225 3074 ad
3258 3031 3469 3093 regem

79 3093 140 3136 ²⁵·
369 3114 590 3179 Abner
612 3111 892 3177 venisset
922 3111 1000 3173 ad
1032 3130 1178 3174 eum
1213 3109 1277 3171 in
1311 3108 1594 3183 Hebr0n3
1628 3121 1875 3173 etever-
1986 3107 2269 3189 ipsorum
2320 3106 2488 3170 bona
2536 3105 2914 3186 intentione,
2958 3117 3021 3172 et
3069 3129 3144 3173 ex
3193 3110 3475 3175 amicitia

373 3223 532 3273 teret
569 3232 738 3283 eam,
775 3212 953 3271 misit
988 3210 1208 3271 David
1239 3229 1450 3289 servos
1485 3212 1574 3269 ad
1613 3217 1669 3269 te
1694 3211 1724 3269 ?
1762 3209 1876 3270 lm·
1985 3224 2167 3279 vera3
2216 3208 2531 3267 miserunt
2578 3216 2637 3266 et
2686 3210 3139 3269 conduxerunt
3192 3213 3475 3270 mercede

372 3311 468 3394 pii
516 3328 794 3391 namque
833 3316 909 3376 et,
935 3306 1151 3371 callidi
1193 3307 1280 3368 ita
1314 3305 1588 3369 faciliter
1622 3307 1700 3369 de
1730 3305 1873 3368 aliis
1984 3306 2229 3380 Syrum
2284 3306 2525 3374 Rohob,
2573 3315 2633 3365 et
2682 3308 2926 3382 Syrum
2989 3309 3183 3377 Soba,
3234 3311 3475 3385 viyinti

372 3409 688 3485 sentiunt,
721 3407 966 3483 dicunt,
1003 3414 1065 3468 ct
1093 3404 1404 3486 judicant,
1440 3405 1719 3486 qualiter
1749 3404 1874 3487 ipsi
1989 3404 2203 3463 millia
2244 3404 2570 3481 peditum,
2598 3414 2657 3463 et
2700 3425 2741 3463 a
2786 3423 2929 3481 reye
2976 3408 3250 3467 Maaeka
3294 3410 3475 3467 mille

375 3510 446 3572 in
480 3528 550 3571 se
580 3506 738 3591 ipsis
769 3504 1064 3587 dispositi
1096 3512 1268 3567 sunt.
1294 3504 1437 3567 ldeo
1477 3504 1542 3565 in
1574 3504 1740 3567 libro
1774 3505 1876 3567 Sa·
1986 3503 2178 3571 υίνοε,
2221 3511 2281 3561 et
2324 3503 2401 3561 ab
2444 3503 2613 3562 Istob
2653 3505 2991 3563 duodecim
3038 3507 3257 3565 millia
3304 3508 3476 3567 viro·

119 3630 340 3686 saum.
375 3606 640 3691 pientiae
687 3604 997 3686 scriptum
1047 3611 1143 3666 est
1183 3622 1196 3667 :
1241 3602 1501 3684 Semper
1549 3603 1877 3685 praesumit
1985 3620 2154 3659 rum.
2178 3598 2492 3661 Noverant
2521 3599 2693 3661 enim
2723 3599 2920 3662 David
2954 3618 3164 3680 regem
3190 3622 3330 3667 esse
3349 3604 3478 3667 bel-

89 3698 146 3734 ω·
375 3726 549 3769 saeva
593 3702 960 3787 perturbata
999 3700 1411 3764 conscientia.
1452 3701 1518 3762 ln
1557 3700 1673 3763 Job
1718 3720 1879 3782 quo·
1987 3697 2277 3773 licosum,
2310 3706 2373 3759 et
2414 3706 2649 3760 tantam
2693 3697 2994 3778 injuriam
3036 3700 3171 3763 zelo
3210 3702 3477 3781 justitiae

97 3828 341 3877 ainai.
375 3824 509 3888 que
542 3803 746 3867 fertur
771 3800 1066 3869 :Sonitus
1098 3800 1356 3862 terroris
1388 3820 1641 3881 semper
1669 3800 1735 3861 in
1768 3820 1878 3862 au·
1987 3797 2479 3875 vindicaturum,
2516 3816 2631 3860 nec
2663 3797 2960 3861 volebant
2992 3820 3059 3863 se
3089 3799 3147 3862 ei
3178 3800 3479 3864 humilia-

91 4704 248 4781 ᾃσξὴεν
259 4720 347 4757 xvi,

378 3902 562 3973 ribus
603 3899 810 3981 impii,
845 3906 909 3961 et
937 3917 1140 3979 quum
1184 3916 1303 3979 pax
1342 3897 1447 3975 sit,
1483 3897 1594 3961 ille
1625 3917 1877 3980 semper

378 4000 650 4065 insidias
681 3998 1062 4080 suspicatur.

465 4102 646 4163 Tulit
667 4102 888 4178 itaque
908 4100 1148 4158 Hauon
1168 4116 1376 4156 servos
1396 4098 1631 4157 David.
1655 4096 1876 4161 Hauon

1988 3916 2054 3960 re
2093 3904 2156 3959 et
2195 3913 2644 3976 recognoscere
2684 3897 2961 3978 culpam,
2997 3918 3069 3961 ac
3108 3908 3322 3979 petere
3373 3920 3480 3964 ve—

1988 3996 2182 4073 niam,
2219 3995 2329 4056 sed
2360 4004 2672 4057 auxerunt
2702 4003 3135 4078 contemptum
3178 3998 3243 4059 in
3276 3998 3473 4062 Deum

1988 4094 2187 4167 Israel,
2204 4102 2267 4155 et
2288 4093 2354 4155 in
2377 4093 2571 4155 David
2592 4093 2703 4157 Dei
2726 4094 3053 4157 vicarium.
3076 4100 3255 4164 Quod
3273 4119 3475 4177 quum

375 4202 492 4265 ille
539 4196 732 4263 nimis
783 4195 912 4257 cito
960 4192 1233 4257 credidit
1282 4193 1668 4257 consiliariis
1719 4196 1872 4258 suis,
1908 4196 1958 4258 D
1989 4194 2270 4255 audisset
2313 4193 2558 4260 David,
2593 4194 2768 4253 misit
2796 4196 2954 4255 soah
2990 4205 3049 4253 et
3086 4215 3333 4257 omnem
3368 4218 3478 4257 ex-

377 4298 676 4363 Facilitas
723 4303 940 4358 autem
988 4292 1287 4356 credendi
1337 4292 1576 4375 decipit
1619 4295 1874 4373 multOS‚

379 4396 736 4482 praesertim
780 4394 1076 4475 maj0re3,
1108 4392 1222 4473 qui
1253 4410 1329 4455 ex
1360 4392 1470 4454 tali
1503 4411 1717 4455 errore
1758 4393 1878 4456 fre—

381 4500 654 4577 quenter
705 4490 774 4551 in
823 4489 1076 4551 diversa
1136 4485 1436 4548 labuntur
1485 4486 1769 4567 pericula
1818 4496 1882 4551 et

383 4598 665 4675 peccata.
689 4588 951 4668 Propter
981 4584 1153 4665 quod
1183 4592 1481 4665 expertus
1513 4584 1632 4647 hoc
1664 4585 1875 4667 ipsum

383 4710 492 4754 rex
515 4690 826 4751 Assuerus
858 4681 1264 4756 aitzQuidam
1298 4701 1481 4745 aures
1512 4682 1877 4765 principum

379 4787 734 4869 simpliceS,
770 4791 833 4850 et
863 4802 940 4846 ex
968 4801 1084 4844 sua
1112 4790 1339 4844 natura
1367 4781 1528 4844 alios
1559 4782 1880 4846 aestiman-

381 4896 498 4963 tes,
534 4883 770 4948 callida
810 4880 1035 4951 fraude
1077 4878 1430 4960 decipiunt.
1464 4878 1612 4952 Quae
1643 4898 1744 4943 res
1776 4901 1880 4944 ve-

384 4982 626 5047 teribus
671 4980 977 5063 probatur
1021 4976 1328 5054 historiiS,
1364 4985 1426 5038 et
1469 4996 1544 5039 ex
1589 4977 1688 5039 his
1731 4998 1880 5060 quae

380 5090 694 5162 geruntur
741 5076 1052 5161 quotidie,
1107 5076 1424 5157 quomodo
1477 5075 1662 5139 malis
1716 5095 1878 5157 quo-

385 5180 679 5243 rumdam
708 5173 1248 5257 suggestionibu5‚
1287 5192 1500 5253 regum
1533 5173 1748 5237 studia
1779 5176 1881 5237 de-

387 5298 628 5365 pravan
637 5286 757 5339 tur.
773 5276 1085 5354 Rasitque
1102 5274 1454 5334 dimidiam
1465 5285 1725 5351 partem
1746 5277 1882 5335 bar.

1987 4293 2261 4351 ercitum
2306 4292 2709 4361 bellatorum,
2744 4309 2872 4353 non
2904 4291 3124 4355 volens
3155 4305 3477 4376 exspecta-

1989 4407 2056 4451 re
2104 4396 2231 4449 tam
2281 4386 2413 4463 diu,
2456 4387 2622 4467 quod
2674 4388 2796 4470 ipsi
2850 4389 3337 4471 ingrederentur
3385 4413 3481 4457 re-

1987 4505 2185 4567 gnum
2216 4504 2416 4548 suum.
2437 4488 2694 4561 Eqressz·
2711 4498 2864 4548 sunt
2882 4508 3029 4566 erqo
3048 4494 3183 4567 filii
3196 4495 3476 4554 Ammon

1987 4585 2064 4647 de
2085 4606 2199 4647 sua
2215 4583 2545 4667 metropoli
2570 4584 2828 4648 nomine
2843 4586 3139 4661 Rabbath,
3154 4600 3214 4651 et
3233 4592 3479 4653 direxe-

1987 4693 2145 4744 runt
2166 4686 2368 4745 aciem
2388 4695 2536 4745 ante
2556 4686 2772 4762 ipsum
2795 4687 3140 4747 introitum
3163 4700 3385 4764 portoe,
3404 4699 3475 4754 ut

1988 4782 2042 4843 si
2073 4781 2471 4861 contingeret
2500 4802 2606 4845 cos
2640 4783 3074 4860 succumbere,
3101 4796 3359 4865 possent
3380 4808 3477 4851 ce·

1990 4880 2205 4943 leriter
2245 4879 2311 4941 in
2350 4878 2571 4942 urbem
2611 4878 2978 4960 confugere.
3014 4884 3224 4959 Syrus
3254 4897 3471 4949 autem

1987 4981 2156 5040 Soba
2185 4987 2246 5037 et
2284 4979 2499 5039 Rohob
2535 4987 2594 5038 et
2632 4981 2800 5040 Istob
2830 4989 2889 5039 et
2920 4983 3217 5053 Maaclta,
3254 4992 3316 5046 ct
3358 4986 3473 5067 qui

1988 5085 2168 5140 crant
2199 5096 2341 5139 cum
2380 5076 2558 5158 ipsiS,
2591 5097 2870 5139 seorsum
2901 5090 3088 5141 erant
3118 5082 3190 5141 in
3221 5102 3469 5162 campo.

1990 5175 2092 5240 Sic
2112 5176 2412 5238 volebant
2440 5176 2784 5239 exercitum
2812 5176 3005 5239 David
3036 5177 3201 5241 intra
3222 5199 3289 5243 sc
3310 5180 3476 5244 clau·

1989 5274 2160 5351 dere,
2195 5282 2259 5336 et
2306 5292 2384 5337 ex
2430 5283 2697 5355 utraque
2743 5282 2921 5355 parte
2967 5275 3362 5358 impugnare.
3396 5280 3474 5343 Et
