4359 6250
995 515 1344 561 ENARRATIO
1388 517 1448 561 ΙΝ
1491 517 1628 562 GAP.
1677 517 1738 562 Vl
1780 517 1938 562 LIBRI
1979 517 2148 564 Pmm
2192 519 2416 565 neuim.
2464 541 2543 550 -
2584 522 2725 567 AnT.
2774 523 2883 568 1111

3363 503 3481 566 293

67 695 148 738 102.
163 710 278 747 mx.
295 699 342 740 s.
375 680 518 743 Heu
541 681 728 758 mihi,
750 683 904 764 quia
926 683 1240 748 incolatus
1265 705 1444 748 meus
1467 686 1882 768 prolongatus
1916 688 1967 750 A
1999 689 2222 766 dediti,
2246 691 2357 770 qui
2392 691 2507 753 etsi
2542 691 2803 754 audiant.
2834 693 3026 755 verba
3060 691 3485 768 Dei,videant-

87 795 168 838 με.
191 798 341 846 2u,a.
375 787 503 842 est.
540 780 619 843 Et
651 780 800 844 item
841 801 855 844 :
893 782 1104 846 Sitivit
1135 785 1350 848 anima
1386 805 1525 848 mea
1566 787 1644 848 ad
1685 788 1879 849 Deum

377 876 619 941 fortem
664 880 910 943 vivum.
945 883 1019 943 Hi
1067 883 1282 964 itaque
1321 882 1387 945 in
1429 884 1729 967 capsella,
1765 884 1884 948 hoc

375 986 478 1039 est
503 977 570 1039 in
593 979 987 1043 conscientia
1008 980 1236 1043 humili
1261 982 1360 1044 vel
1388 983 1765 1064 poenitentia
1797 1003 1886 1045 sa-

377 1075 601 1154 lutari,
639 1079 1008 1141 custodiunt
1050 1087 1114 1142 et
1163 1090 1483 1162 reponunt
1531 1081 1700 1145 bona
1740 1101 1884 1164 quae

374 1183 754 1256 operantur.

461 1279 678 1338 Porro
697 1278 1116 1340 Bethsamitoe
1140 1281 1454 1340 metebant
1487 1281 1778 1340 criticum
1809 1284 1882 1341 in

377 1377 576 1435 valle.
613 1374 727 1437 Per
773 1375 1138 1438 Bethsames
1189 1376 1558 1458 designatur
1607 1395 1733 1441 non
1787 1396 1884 1441 so-

379 1471 522 1534 lum
559 1472 961 1556 triumphans
993 1473 1298 1553 Ecclesia,
1319 1474 1384 1538 in
1416 1495 1544 1557 qua
1569 1475 1672 1539 Sol
1703 1476 1884 1559 justi-

97 1582 344 1658 icor-tm.
383 1571 490 1634 tiae
539 1570 702 1635 facie
740 1573 819 1635 ad
863 1570 1305 1648 faciemlucet
1343 1583 1536 1656 atque
1574 1575 1885 1657 conspici-

75 1647 136 1689 ’ὲ
379 1677 512 1749 tur,
550 1672 661 1733 sed
693 1671 979 1734 militans
1010 1691 1268 1755 quoque
1304 1673 1609 1751 Ecclesia,
1646 1674 1713 1736 in
1757 1694 1884 1756 qua

377 1789 502 1852 per
542 1770 815 1851 gratiam
859 1779 926 1834 et
965 1771 1258 1850 virtuteS,
1289 1791 1402 1854 per
1452 1771 1646 1836 fidem
1686 1782 1748 1836 et
1788 1793 1884 1836 sa-

1995 805 2122 868 que
2153 789 2443 871 exe-mpla
2472 790 2811 871 justorum,
2848 799 2910 852 et
2942 791 3249 854 miracula
3277 790 3485 853 Omni-

1996 888 2277 968 potentis
2322 898 2689 969 agnoscant,
2738 909 2880 953 raro
2932 899 3142 953 tamen
3188 899 3250 952 et
3294 891 3480 972 pauci

1996 995 2457 1067 convertuntur
2500 988 2578 1050 ad
2620 988 2983 1051 Dominum.
3016 989 3275 1070 Propter
3307 990 3479 1069 quod

1994 1084 2085 1146 ait
2105 1085 2719 1167 Apostolus:Videtc
2748 1087 3145 1150 vocationem
3176 1095 3473 1164 vestram,
3510 1111 3771 1164 mov-...aa

1997 1183 2417 1266 fratreS‚quia
2452 1204 2578 1248 non
2610 1186 2796 1248 multi
2828 1193 3139 1268 potenteS‚
3162 1204 3289 1249 non
3321 1187 3482 1248 mul-

1999 1282 2041 1343 ti
2078 1283 2349 1360 nobileS,
2388 1302 2514 1349 non
2549 1284 2734 1346 multi
2774 1285 3093 1366 sapientes
3130 1285 3478 1348 secundum

1994 1399 2273 1459 carnem,
2310 1391 2459 1444 sunt
2495 1382 2661 1446 inter
2692 1401 2825 1446 vos,

2061 1483 2391 1542 Percussit
2422 1492 2637 1542 autem
2656 1484 2978 1543 Dominus
3007 1486 3083 1543 de
3116 1485 3278 1543 viris
3296 1485 3482 1545 Beth-

1992 1581 2274 1649 samitis,
2293 1599 2361 1638 eo
2393 1583 2565 1660 quod
2594 1582 2904 1641 vidissent
2935 1602 3155 1642 arcam
3186 1583 3475 1644 Domini.

1993 1676 2106 1739 Per
2156 1677 2277 1739 hoc
2327 1676 2807 1758 praefiguratum
2851 1679 3276 1760 cognoscitur,
3308 1680 3481 1761 quod

1995 1774 2060 1836 hi
2111 1774 2225 1856 qui
2277 1785 2742 1838 sacramentum
2791 1777 3205 1840 Eucharistiae
3248 1778 3483 1842 irreve-

373 1869 694 1952 pientiam
742 1870 1213 1951 contemplatur
1257 1879 1320 1932 et
1368 1870 1618 1934 colitur.
1655 1870 1884 1954 Sicque
1913 1867 1960 1929 B
1993 1883 2207 1936 renter
2233 1873 2561 1936 intuentur
2590 1883 2700 1937 aut
2730 1884 3012 1952 sumunt,
3033 1884 3142 1938 aut
3160 1875 3479 1939 Christum

377 1967 792 2031 Bethsamitae
823 1985 953 2031 non
986 1968 1193 2031 solum
1225 1978 1377 2032 sunt
1406 1969 1578 2033 cives
1605 1970 1883 2033 coelestis

367 2066 752 2143 Jerusalem,
793 2067 904 2129 sed
939 2074 1003 2130 et
1035 2065 1160 2129 filii
1191 2066 1528 2130 militantis
1560 2068 1877 2147 Ecclesiae,

371 2164 493 2246 qui
528 2164 596 2227 in
637 2165 806 2228 valle
845 2164 961 2228 hac
1009 2164 1416 2228 lacrimarum
1445 2166 1520 2249 set
1557 2167 1884 2230 humilita-

375 2264 464 2326 tis
515 2262 886 2326 declivitate
937 2263 1222 2328 triticum
1272 2273 1542 2348 metunt,
1591 2265 1712 2328 hoc
1760 2274 1878 2342 est,

381 2362 702 2424 virtutum
753 2381 945 2444 opera
997 2371 1060 2425 et
1105 2361 1351 2425 fructus
1401 2362 1664 2444 spiritus
1717 2363 1882 2427 intra

377 2479 454 2523 se
503 2458 840 2540 colligunt,
878 2469 946 2522 ut
987 2460 1221 2524 divites
1263 2461 1424 2523 fiant
1465 2461 1530 2522 in
1580 2461 1881 2545 operibus

376 2558 610 2634 bonis;
651 2557 766 2641 qui
810 2559 1028 2622 oculos
1078 2559 1289 2622 cordis
1333 2560 1664 2637 elevando,
1706 2560 1882 2623 Chri-

369 2666 552 2720 stum
593 2655 934 2720 Dominum
971 2657 1096 2720 sibi
1127 2658 1404 2738 gratiose
1435 2658 1879 2722 advenientem

373 2756 739 2832 intuentur,
789 2763 853 2818 et
909 2775 1100 2837 super
1151 2756 1272 2819 hoc
1321 2743 1718 2838 gloriant‘ur3
1768 2757 1879 2839 qui

369 2856 742 2938 plaustrum
785 2854 1134 2918 concidunt
1179 2855 1247 2916 in
1294 2854 1517 2928 frusta,
1557 2864 1620 2919 et
1658 2875 1880 2920 vaccas

367 2956 656 3035 desuper
700 2961 951 3034 ponunt
994 2953 1062 3015 in
1113 2953 1580 3031 holocaustum,
1620 2954 1772 3017 dum
1815 2974 1882 3018 se

1994 1979 2499 2054 praesumptuose
2548 1973 2964 2056 contemplari
3005 1981 3337 2052 attentant,
3373 1983 3479 2037 aut

1997 2069 2151 2134 fidei
2196 2079 2435 2133 secreta
2474 2071 2724 2135 curiose
2762 2072 3096 2148 rimantur,
3134 2073 3377 2155 percuti
3407 2092 3480 2136 ac

1996 2169 2205 2250 perire
2236 2177 2584 2232 merentur.
2604 2169 2780 2244 Quod
2810 2170 2877 2232 in
2909 2170 3129 2232 multis
3161 2170 3482 2233 haeresiar·

1992 2266 2152 2344 chiS,
2190 2267 2301 2348 qui
2336 2286 2449 2349 per
2488 2267 2889 2349 septuaginta
2918 2268 3088 2332 viros
3118 2268 3483 2351 exprimun-

1993 2373 2109 2440 tur,
2129 2373 2191 2426 et
2225 2364 2289 2425 in
2319 2364 2575 2427 illorum
2607 2364 2977 2428 infelicibus
2997 2365 3482 2448 discipuliS,qui

1993 2479 2107 2541 per
2136 2463 2604 2545 quinquaginta
2649 2463 2853 2527 millia
2894 2463 3154 2544 figurati
3188 2472 3356 2541 sunt,
3390 2463 3499 2527 vi-·

1993 2559 2216 2622 demus
2250 2561 2583 2644 impletum
2609 2581 2623 2624 ε
2658 2563 2769 2644 qui
2798 2563 2951 2627 olim
2983 2562 3244 2626 fuerunt
3275 2562 3341 2625 in
3372 2563 3484 2625 Ec-

1992 2659 2187 2722 clesia
2232 2668 2533 2742 tanquam
2584 2661 2707 2724 filii
2752 2670 2815 2724 et
2856 2661 3133 2724 ministri
3173 2681 3245 2725 ac
3286 2680 3483 2724 mem-

1992 2757 2128 2835 bra,
2179 2758 2346 2821 sicut
2393 2759 2483 2821 ait
2533 2769 2789 2824 sanctus
2834 2760 3106 2824 Ioannes
3156 2761 3225 2822 in
3277 2758 3481 2843 prima

1991 2875 2106 2918 sua
2154 2857 2472 2921 Canonica
2520 2875 2533 2920 :
2582 2859 2650 2921 In
2702 2858 2887 2922 nobis
2935 2866 3137 2936 erant,
3192 2859 3301 2922 sed
3351 2875 3479 2922 non
3527 2877 3770 2930 nouam,

1991 2963 2173 3017 erant
2215 2973 2291 3017 ex
2338 2955 2545 3019 nobis.
2590 2957 2977 3038 Frequenter
3025 2976 3282 3039 quoquc
3330 2975 3482 3020 con·
3512 2942 3577 2983 ¹⁹·

369 3055 554 3137 ipsos
597 3071 712 3135 per
745 3051 1198 3115 contritionem
1240 3060 1303 3115 et
1341 3053 1743 3116 devotionem
1791 3061 1884 3116 to-
1916 3062 1960 3127 C
1992 3052 2184 3135 tingit
2233 3055 2405 3136 quod
2466 3055 2879 3118 ecclesiastici
2930 3055 3051 3119 viri
3113 3054 3481 3118 notabiliter

366 3152 590 3215 taliter
631 3151 854 3216 divino
895 3152 1264 3234 mancipant
1312 3152 1535 3229 cultui,
1573 3152 1734 3215 nihil
1781 3154 1880 3215 sui

369 3250 824 3331 relinquentes
869 3248 1310 3332 sibimetipsiS,
1354 3258 1546 3333 atquc
1587 3251 1664 3313 ad
1709 3251 1878 3315 idem

368 3348 705 3430 agendum
737 3364 888 3410 suos
923 3347 1236 3410 inducunt
1265 3348 1614 3430 discipulos
1645 3357 1710 3411 et
1739 3349 1882 3411 sub-

362 3449 600 3531 jectos.

457 3547 631 3606 Erat
661 3555 879 3606 autem
905 3547 1001 3605 ibi
1023 3548 1192 3623 lapis
1223 3566 1518 3623 magnus.
1542 3547 1659 3609 Per
1687 3566 1880 3628 quem

371 3642 596 3707 cordis
633 3643 1014 3721 constantia,
1038 3653 1146 3707 aut
1180 3644 1334 3707 fidei
1367 3644 1876 3723 fundamentum,

111 3754 336 3806 Panna&
371 3753 492 3806 aut
523 3742 830 3805 Dominus
863 3742 1022 3825 ipse,
1049 3742 1152 3806 cui
1185 3743 1275 3807 ait
1301 3743 1654 3821 psalmista,
1680 3745 1881 3807 Domi-

89 3816 338 3921 ¹2¹‚⁸‘⁹'¹³¹¹''
373 3862 504 3906 nus
537 3848 720 3923 petra
749 3860 914 3918 mea,
950 3850 1160 3924 potest
1191 3841 1465 3923 intelligi
1503 3863 1516 3906 :
1556 3842 1659 3905 cui
1691 3844 1880 3907 debet

372 3960 574 4005 omne
626 3958 788 4022 opus
836 3940 1079 4003 bonum
1130 3939 1323 4003 inniti
1369 3949 1559 4022 atque
1606 3942 1874 4023 imponi,

373 4059 463 4103 ne
495 4038 862 4120 dejiciatur,
896 4047 1214 4120 quatenus
1245 4038 1356 4121 qui
1393 4039 1560 4102 bona
1591 4041 1880 4121 exsequi-

91 4149 340 4257 ἕξω-νυ,
373 4157 550 4215 mur,
585 4136 726 4199 viro
776 4155 1220 4218 comparemur
1269 4137 1564 4219 sapienti,
1611 4138 1721 4219 qui
1771 4138 1881 4200 do-

372 4345 448 4397 ut
506 4354 630 4397 nec
680 4332 857 4397 venti
905 4333 1384 4412 adversitatum,
1437 4353 1554 4397 nec
1607 4334 1880 4398 flumina

377 4433 835 4509 tentationum,
873 4452 989 4495 nec
1034 4432 1308 4515 impetus
1357 4434 1725 4515 passionum
1771 4443 1879 4496 aut

375 4533 694 4596 vitiorum
725 4531 1053 4614 potuerint
1083 4550 1223 4595 eam
1255 4532 1552 4613 dejicere.
1579 4536 1663 4595 E't
1691 4535 1880 4613 quin-

375 4652 506 4713 que
559 4641 842 4708 satrapae
882 4631 1390 4692 Pk-ilistinorum
1445 4634 1777 4702 viderunt,
1819 4642 1879 4693 ec

371 4731 625 4792 reversi
666 4740 822 4791 sunt
865 4730 938 4790 in
979 4732 1272 4791 Accaron
1314 4732 1388 4790 in
1427 4732 1535 4790 die
1575 4733 1716 4792 illa.
1763 4731 1878 4793 Per

371 4828 674 4911 quinque
724 4834 1011 4909 satrapas
1062 4826 1239 4905 istm,
1290 4827 1408 4890 rite
1462 4829 1880 4909 designantur

375 4926 508 4989 filii
552 4925 798 5002 saeculi,
835 4924 1085 4988 nobiles
1115 4934 1178 4989 et
1207 4934 1497 5008 potentes
1529 4930 1876 4991 secundum

374 5045 662 5105 carnem,
693 5023 1226 5088 delectationibus
1259 5024 1544 5107 quinque
1575 5044 1876 5089 sensuum

1993 3153 2285 3230 virtuosi,
2317 3162 2380 3217 et
2411 3153 2477 3216 in
2513 3155 2778 3219 Domino
2810 3154 3227 3236 spiritualiter
3256 3154 3481 3235 gloria-

1994 3252 2062 3328 ti,
2119 3260 2383 3333 repente
2432 3271 2595 3316 vana
2641 3252 2845 3333 gloria
2903 3253 3360 3335 impugnentur
3406 3272 3480 3316 ac

1991 3350 2383 3433 polluantur,
2422 3359 2487 3413 et
2524 3352 2799 3433 quadam
2844 3352 3162 3434 spirituali
3206 3352 3480 3415 elatione

1990 3448 2302 3511 labantur.
2320 3450 2465 3512 Ideo
2485 3450 2877 3531 castigantur
2896 3470 2932 3513 a
2954 3449 3211 3513 Domino
3231 3451 3295 3513 in
3327 3469 3479 3533 prae-

1991 3547 2174 3623 senti,
2200 3566 2281 3611 ne
2312 3557 2573 3629 pereant
2606 3548 2672 3611 in
2705 3547 3115 3612 futuro.Nam
3147 3557 3209 3613 et
3238 3548 3480 3631 impiis-

1991 3646 2156 3708 sima
2186 3654 2249 3708 e't
2279 3646 2696 3710 callidissima
2734 3647 2846 3710 illa
2887 3648 3225 3730 vulpecula
3268 3647 3480 3711 inanis

1990 3744 2215 3825 gloria,
2252 3764 2364 3807 seu
2416 3744 2767 3827 spiritualis
2817 3745 3137 3828 superbia,
3178 3745 3243 3807 in
3294 3745 3480 3828 spiri-

1991 3843 2262 3906 tualium
2294 3843 2748 3907 charismatum
2788 3844 3127 3907 affluentia
3166 3844 3480 3927 periculo-

1991 3942 2123 4004 sius
2172 3941 2535 4019 insidiatur,
2582 3941 2807 4025 irrepit
2852 3951 2910 4006 et
2958 3944 3231 4007 maculat
3278 3960 3292 4005 :
3340 3962 3481 4025 pro-

1991 4048 2132 4122 pter
2163 4040 2335 4121 quod
2365 4040 2500 4121 jugi
2534 4049 2595 4103 et
2628 4041 2921 4106 timorata
2951 4040 3159 4105 cordis
3190 4041 3479 4104 custodia
3523 4065 3769 4119 nautam,

1989 4155 2150 4219 opus
2196 4146 2293 4201 est
2340 4138 2751 4201 incessanter.
2786 4141 3116 4219 Lumicque
3151 4143 3476 4217 populus:
3507 4131 3773 4236 ἑξῗΡνοων,

371 4254 561 4299 mum
615 4254 794 4298 suam
845 4234 1192 4297 aedificavit
1241 4254 1432 4317 supra
1481 4244 1748 4318 petram,
1793 4236 1880 4298 ita
1909 4246 1957 4306 D
1989 4236 2140 4318 quia
2162 4236 2377 4300 devoti
2408 4245 2470 4299 et
2499 4237 2814 4301 caritativi
2846 4237 3116 4301 aliorum
3140 4237 3479 4319 deplorant

1991 4334 2263 4410 ruinam,
2299 4343 2362 4396 et
2394 4335 2584 4396 simul
2616 4336 2695 4397 de
2729 4336 2985 4417 proprio
3016 4356 3165 4399 casu
3198 4337 3477 4417 suspecti

1990 4442 2159 4495 sunt.
2198 4437 2283 4495 Ec
2324 4436 2641 4494 dixerunt
2682 4437 2815 4494 viri
2850 4438 3290 4506 Bethsamitoe,
3326 4443 3473 4512 etc„

1988 4534 2141 4614 quia
2193 4552 2269 4595 ex
2323 4532 2597 4615 propriae
2655 4532 3032 4614 dejectionis
3090 4534 3481 4616 experientia

1989 4639 2281 4714 pensant,
2315 4650 2509 4714 quam
2553 4630 2829 4694 difficile
2871 4631 2955 4693 sit
2991 4632 3230 4713 jugiter
3270 4634 3334 4695 in
3375 4634 3482 4695 via

1986 4730 2251 4812 justitiae
2283 4748 2691 4812 perseverare
2726 4747 2740 4791 ι
2777 4731 2947 4793 unde
2979 4738 3043 4792 et
3072 4731 3230 4793 alios
3260 4731 3480 4793 exhor-

1991 4838 2205 4892 tantur
2230 4830 2309 4892 ad
2352 4828 2747 4911 spiritualem
2793 4829 3102 4891 cautelam
3136 4837 3198 4891 et
3228 4830 3305 4891 ad
3336 4847 3479 4911 per-

1992 4928 2289 4993 fectionis
2321 4926 2765 5001 constantiam,
2787 4946 2823 4988 a
2842 4945 2968 5007 qua
2998 4926 3215 4990 dolent
3245 4946 3312 4991 se
3342 4944 3478 4990 cor-

1988 5046 2215 5089 ruisse.
