4359 6250
657 1087 916 1139 Ezechxw,

656 1154 720 1194 Η.

652 1384 774 1428 Ruth
785 1398 841 1436 ιιι,
851 1386 864 1427 l
875 1388 915 1428 5.

671 4649 708 4694 11
721 4651 832 4695 Par.
847 4664 905 4703 lx,

642 4717 709 4758 25.

946 485 1066 551 608

1545 499 1893 548 maumam
1936 499 1997 545 m
2040 500 2177 547 cAP.
2224 500 2283 545 lv
2326 498 2485 545 LIBRI
2526 498 2727 545 'tumn
2764 499 2989 551 amun.
3034 502 3296 549 -···AR'1'.
3344 502 3427 549 vu

948 684 1050 737 tur
1077 676 1154 738 ad
1188 675 1668 752 insinuandum,
1688 674 1859 756 quod
1883 674 2178 738 Salomon
2211 673 2441 736 babuit
2468 670 2520 733 A
2552 675 2711 735 tiam
2742 679 3017 736 multam
3046 676 3247 736 nimis
3281 674 3347 736 in
3388 672 3577 737 rebus
3620 674 3905 737 humanis
3946 692 4015 736 ac

945 773 1068 836 sibi
1101 774 1389 856 subjecta
1418 774 1636 838 omnia
1677 791 1870 853 regna
1901 792 1973 837 ac
2007 773 2323 835 territoria
2365 771 2441 833 si-

945 873 1050 935 liis
1081 874 1268 937 Israel
1309 873 1711 957 repromissa.

1027 976 1192 1035 Erat
1219 984 1434 1034 autem
1464 976 1642 1033 cibus
1671 974 2038 1033 Salomonis
2070 992 2190 1049 per
2216 974 2439 1048 sinqu-

948 1075 1037 1132 los
1079 1075 1216 1133 dies
1263 1074 1538 1150 triyinta
1580 1073 1715 1131 cori
1750 1073 2008 1132 similce.
2042 1069 2241 1133 Corus
2289 1088 2439 1131 con-

946 1169 1186 1233 tinebat
1233 1170 1490 1251 triginta
1531 1170 1801 1233 modios.
1843 1168 2030 1231 Modii
2077 1177 2289 1230 tamen
2337 1166 2434 1229 illi

945 1277 1125 1331 erant
1158 1276 1284 1331 tam
1315 1267 1520 1350 parvi,
1542 1277 1612 1330 ut
1640 1267 1706 1329 in
1738 1267 1905 1330 libro
1927 1266 2091 1329 Ruth
2123 1265 2432 1347 scriptum

946 1367 1050 1444 sit,
1084 1368 1253 1450 quod
1300 1367 1458 1430 Booz
1500 1386 1758 1429 mensus
1801 1374 1898 1431 est
1943 1366 2064 1449 ipsi
2115 1366 2279 1428 Ruth
2326 1384 2435 1428 sex

943 1466 1190 1529 modios
1233 1465 1454 1529 hordei
1497 1466 1562 1527 in
1604 1465 1799 1548 pallio
1830 1465 1991 1547 ejuS‚
2027 1482 2189 1546 quos
2220 1463 2435 1546 posuit

939 1583 1132 1647 super
1161 1584 1322 1628 eam.
1355 1564 1544 1627 Porro
1584 1564 1798 1627 simila
1837 1570 1934 1626 est
1971 1561 2431 1626 delicatissima

937 1664 1130 1726 tritici
1162 1662 1388 1725 farina.
1417 1666 1500 1725 Et
1528 1666 1795 1740 seoeayin
1807 1674 1870 1724 ta
1905 1664 2041 1723 cori
2069 1663 2335 1740 farinoe,
2364 1660 2427 1723 id

931 1770 1047 1839 est,
1084 1782 1280 1844 panes
1311 1770 1404 1825 tot
1440 1781 1757 1838 cororum,
1792 1770 1972 1825 erant
2012 1780 2211 1844 panes
2257 1760 2426 1839 regis

2549 773 2867 856 practicis,
2902 773 3191 847 Quotidie
3236 792 3511 855 namque
3556 772 3721 837 bene
3762 774 4017 836 vivendo

2549 870 2821 953 profecit
2853 873 2917 935 in
2949 871 3077 935 illis
3109 873 3457 949 habitibus,
3492 880 3555 935 et
3598 872 3884 935 Dominus
3912 892 4019 934 au-

2547 970 2639 1033 xit
2680 972 2849 1035 dona
2886 992 3001 1035 sua
3041 972 3108 1034 in
3150 991 3297 1052 rege
3340 972 3589 1034 devoto.
3628 975 3711 1033 Et
3740 974 4019 1032 latitudi-

2546 1092 2691 1131 nem
2724 1073 2960 1141 cordis,
2991 1070 3056 1133 id
3101 1079 3197 1133 est
3240 1070 3863 1153 circumspectionem
3908 1090 4017 1133 seu

2545 1170 2828 1233 caritatis
2853 1170 3443 1252 amplificationem,
3463 1190 3575 1251 per
3598 1188 3784 1252 quam
3802 1170 3874 1232 ad
3890 1189 4019 1232 om·

2546 1288 2658 1333 nes
2690 1290 2758 1333 se
2787 1270 3189 1347 extendebat,
3224 1273 3415 1351 quasi
3442 1291 3737 1339 arenam,
3764 1292 3893 1349 quoe
3932 1280 4017 1330 est

2544 1370 2617 1429 in
2650 1372 2861 1429 littore
2902 1371 3126 1431 maris.
3158 1371 3246 1431 Et
3276 1372 3675 1446 proecedebat
3710 1371 4013 1448 sapientia

2542 1470 2912 1528 Salomonis
2957 1470 3351 1546 sapientiam
3396 1471 3689 1529 omnium
3738 1470 4013 1531 Orienta-

2542 1568 2708 1627 lium
2735 1576 2796 1627 et
2823 1569 3317 1645 AEyyptiorum,
3348 1568 3437 1629 ita
3463 1567 3635 1648 quod
3665 1574 3794 1629 erat
3823 1568 4013 1647 major

2539 1664 2981 1747 philosophuS,
3018 1684 3209 1747 quam
3259 1666 3597 1747 quisquam
3645 1664 3909 1741 illorum,
3950 1673 4011 1727 et

2536 1782 2644 1827 eos
2684 1764 2751 1826 in
2794 1764 3078 1827 scientiis
3118 1765 3515 1828 naturalibus
3560 1764 3897 1848 superavit.
3928 1768 4007 1826 Et

927 1870 992 1926 et
1033 1862 1170 1942 ejus
1217 1860 1478 1925 familiae
1524 1860 1701 1924 omni
1743 1860 1868 1923 die.
1920 1860 2098 1923 Unde
2141 1860 2420 1937 elicitur,
2460 1859 2507 1922 B
2533 1874 2673 1924 erat
2692 1866 3048 1941 sapientior
3066 1867 3314 1926 cunctis
3334 1866 3707 1926 hominibus
3736 1864 4011 1927 sibicon-

925 1962 1096 2043 quod
1143 1978 1438 2041 magnam
1479 1979 1738 2041 prorsus
1780 1958 2092 2023 familiam
2144 1958 2369 2021 habuit
2404 1976 2419 2019 :

926 2060 1095 2140 quod
1135 2059 1326 2123 etiam
1364 2068 1538 2142 patet
1575 2078 1652 2123 ex
1684 2058 1988 2122 carnibus
2020 2076 2325 2141 pecorum
2358 2066 2421 2121 et

926 2158 1144 2223 avium
1191 2168 1255 2223 ct
1301 2159 1765 2223 venaticiorum
1822 2158 2223 2234 animalium,
2276 2175 2420 2239 quae

927 2257 1215 2338 quotidie
1247 2259 1596 2321 edebantur
1622 2258 1688 2320 in
1714 2259 1902 2321 domo
1927 2278 2062 2335 sua,
2085 2257 2253 2319 sicut
2282 2254 2426 2318 sub·

929 2356 1103 2418 ditur
1137 2374 1152 2418 ε
1185 2360 1396 2418 decem
1427 2360 1605 2417 boves
1626 2360 1928 2435 pinques,
1963 2367 2024 2417 et
2055 2358 2297 2434 viyinti
2327 2356 2427 2414 bo-

934 2475 1036 2516 ves
1069 2460 1432 2535 pascuales,
1470 2466 1529 2517 et
1569 2467 1828 2517 centum
1875 2458 2129 2528 arietes,
2163 2464 2426 2533 excepta

937 2558 1275 2616 venatione
1303 2576 1659 2627 cervorum,
1683 2576 2068 2633 caprearum
2097 2564 2289 2635 atque
2318 2556 2429 2613 bu-

939 2656 1259 2725 balorum,
1306 2664 1364 2715 et
1413 2656 1639 2715 avium
1689 2656 2006 2716 altilium.
2061 2657 2205 2731 Ipse
2251 2654 2427 2713 enim

936 2754 1256 2813 obtinebat
1276 2774 1525 2814 omnem
1555 2754 1878 2830 reqionem
1909 2773 2050 2832 quse
2079 2761 2217 2811 erat
2250 2760 2429 2811 trans

936 2854 1206 2927 flumen,
1229 2854 1478 2932 quasia
1507 2855 1798 2930 Thaphsa
1829 2872 2029 2930 usque
2050 2854 2137 2911 ad
2161 2852 2423 2919 Gazam,

935 2961 994 3012 et
1021 2962 1274 3013 cunctos
1305 2974 1476 3031 reyes
1509 2956 1780 3013 illarum
1813 2953 2194 3030 reqionum,·
2231 2961 2289 3011 et
2320 2953 2429 3011 ha-

2533 1963 2984 2044 temporaneis‚
3016 1964 3135 2025 sub
3180 1963 3438 2026 nomine
3476 1962 3807 2045 sapientire
3850 1981 4007 2025 com—

2532 2062 2984 2144 prehendendo
3004 2061 3379 2143 sapientiam
3400 2080 3881 2144 quamcumque,
3898 2070 4007 2124 tam

2534 2159 2887 2223 naturalem
2918 2179 3109 2242 quam
3143 2158 3450 2237 infusam,
3484 2168 3547 2223 et
3578 2160 3901 2224 scientiam
3928 2170 4009 2222 at-

2535 2279 2660 2341 que
2685 2259 3127 2343 prudentiam:
3156 2259 3221 2321 in
3242 2260 3479 2341 quibus
3508 2260 3699 2321 simul
3731 2259 4006 2341 sumptis,

2536 2376 2663 2422 non
2703 2358 2927 2423 habuit
2970 2358 3277 2440 maiorem
3317 2378 3437 2421 nec
3478 2358 3811 2440 aequalem,
3844 2359 4007 2439 juxta

2536 2476 2795 2520 sensum
2826 2456 3210 2540 praecedenti
3240 2457 3513 2520 articulo
3552 2456 4003 2530 introductum3
4056 2482 4231 2535 mnan

2533 2558 2891 2634 sapientior
2919 2558 3139 2618 Ethan
3180 2558 3528 2625 E'zraltita,
3559 2554 3623 2617 id
3654 2563 3751 2618 cst
3776 2556 3855 2618 de
3881 2555 4009 2617 loco
4034 2548 4091 2585 ¹³*

2536 2654 2759 2716 Ezrahi
2804 2655 2899 2718 sic
2940 2664 3186 2731 vocato,
3221 2654 3334 2736 qui
3384 2663 3521 2717 erat
3566 2662 3788 2717 cantor
3834 2663 4009 2735 atque

2537 2752 2776 2829 Levita,
2812 2762 2871 2814 et
2902 2756 3159 2815 Heman
3203 2762 3263 2813 et
3309 2756 3563 2814 Chalcol
3598 2764 3661 2813 et
3693 2757 3907 2813 Darda
3940 2757 4011 2827 fi-

2538 2855 2647 2912 liis
2668 2855 2911 2924 Mahol,
2932 2852 2995 2914 id
3017 2860 3113 2915 est
3133 2851 3289 2916 viris
3312 2850 3414 2913 his
3440 2851 3507 2912 in
3532 2851 3845 2933 sapientia
3872 2860 4007 2913 tunc

2541 2949 3007 3014 famosissimis

938 3052 1118 3111 bebat
1157 3070 1381 3129 pacem
1425 3072 1506 3111 ea>
1548 3053 1728 3113 omni
1763 3061 1955 3130 parte
2000 3052 2073 3111 in
2117 3052 2422 3111 circuitu.
2462 3042 2506 3104 C
2616 3054 2895 3113 Locutus
2933 3070 3182 3132 quoque
3227 3060 3317 3111 est
3359 3053 3667 3112 Salomon
3714 3052 3843 3111 tria
3880 3052 4009 3111 mil-

937 3151 1413 3231 Habitabatque
1431 3154 1605 3212 Juda
1625 3161 1682 3212 et
1705 3154 1909 3213 Israel
1938 3153 2169 3230 absque
2203 3151 2427 3210 timore

939 3250 1096 3320 ull0,
1121 3253 1560 3330 unusquisque
1585 3253 1702 3310 sub
1729 3252 1855 3310 vite
1887 3271 2033 3320 sua,
2063 3259 2122 3310 et
2149 3251 2266 3308 sub
2295 3252 2427 3324 ficu

935 3367 1080 3416 sua,
1102 3369 1139 3408 a
1165 3351 1306 3410 Dan
1343 3369 1540 3429 usque
1569 3352 1900 3418 Bersabee,
1924 3349 2174 3409 cunctis
2202 3349 2425 3407 diebus

939 3449 1326 3508 Salomonis.
1365 3451 1447 3510 Et
1487 3450 1753 3508 habebat
1795 3451 2102 3510 Salomon
2150 3449 2429 3525 quadra-

929 3547 1122 3622 ,qinta
1154 3548 1367 3606 millia
1387 3549 1703 3625 proesepia
1721 3567 2032 3627 equorum
2051 3547 2429 3616 currilium,

937 3643 999 3704 id
1046 3652 1143 3707 est
1183 3645 1616 3708 ordinatorum
1658 3664 1773 3727 pro
1809 3644 2138 3726 quadrigis
2181 3644 2427 3707 trahen-

934 3741 1055 3819 dis,
1075 3753 1133 3804 et
1153 3747 1495 3805 duodecim
1525 3745 1742 3805 millia
1773 3743 2082 3826 praesepia
2111 3762 2423 3825 equorum

933 3845 1341 3921 equestrium,
1357 3842 1666 3924 quierant
1686 3861 1798 3925 pro
1818 3862 1937 3904 usu
1957 3841 2234 3904 militum
2256 3840 2425 3922 equi-

934 3941 1230 4002 tantium.
1267 3944 1782 4022 Nutriebantque
1811 3963 1909 4002 eos
1937 3942 2306 4018 supradicti
2333 3962 2426 4000 re-

928 4041 1032 4116 yis
1057 4041 1386 4118 proefecti‚·
1413 4044 1522 4100 sed
1547 4051 1606 4102 et
1632 4042 1988 4100 necessaria
2007 4061 2239 4101 mensae
2257 4041 2427 4116 reyis

935 4141 1302 4199 Salomonis
1321 4160 1463 4200 cum
1499 4141 1748 4216 inqenti
1774 4159 1931 4198 cura
1955 4140 2321 4216 praebebant
2352 4140 2425 4198 in

2537 3153 2632 3212 lia
2651 3153 3018 3229 parabolas.
3054 3149 3190 3213 Non
3221 3149 3477 3224 dicitur,
3495 3150 3665 3231 quod
3698 3149 4009 3232 scripserit

2536 3268 2664 3326 eaS,
2700 3249 2809 3312 sed
2852 3249 3163 3330 expressit
3206 3267 3311 3311 eas
3355 3266 3465 3311 ore
3512 3248 3590 3310 ad
3640 3267 3789 3312 suos
3838 3248 4011 3310 mini-

2536 3356 2700 3411 stros
2736 3365 2750 3409 t
2784 3355 2847 3410 et
2877 3347 2966 3409 ita
2996 3367 3071 3410 ex
3100 3365 3210 3410 ore
3237 3347 3377 3428 ejus
3418 3345 3681 3408 fuerunt
3718 3346 4005 3422 collecta,

2536 3456 2597 3510 et
2630 3447 2696 3508 in
2734 3445 2991 3528 scriptis
3024 3447 3315 3524 redactae‚
3346 3453 3417 3506 ut
3448 3443 3687 3519 fertur3
3730 3454 3795 3508 ct
3822 3446 4009 3527 major

2536 3564 2681 3628 pars
2711 3545 2963 3608 videtur
2986 3543 3185 3606 fuisse
3214 3544 3471 3606 omissa.
3492 3546 3575 3604 Et
3594 3545 4011 3622 fueruntcar-

2536 3648 2719 3706 mina
2763 3645 2903 3721 ejus
2951 3647 3238 3724 quinque
3288 3645 3524 3704 millia.
3572 3643 4007 3705 Verumtamen

2534 3742 2823 3822 Magister
2847 3742 2912 3804 in
2943 3741 3227 3805 historiis
3258 3741 3503 3817 scribit,
3522 3741 3694 3821 quod
3726 3741 4008 3804 Salomon

2536 3841 2793 3923 scripsit
2830 3839 3065 3903 librum
3104 3841 3183 3903 de
3214 3839 3759 3903 modulationibus
3788 3849 3851 3902 et
3878 3859 4013 3902 can-

2538 3940 2701 4016 ticis,
2736 3938 2857 4002 tria
2880 3958 3138 4022 quoque
3170 3938 3375 4000 millia
3410 3938 3667 4020 scripsit
3699 3938 4015 4020 parabola-

2536 4059 2699 4101 rum.
2733 4038 3023 4120 Dicitque
3049 4038 3269 4100 Glossa
3293 4054 3307 4098 :
3333 4037 3547 4118 Neque
3576 4037 3885 4114 carmina,
3918 4057 4013 4100 ne-

2533 4158 2659 4219 que
2686 4137 3150 4218 disputationes
3182 4135 3537 4200 Salomonis
3575 4133 3912 4198 habentur.
3948 4136 4015 4196 Et

938 4247 1210 4314 tempore
1248 4258 1385 4299 suo.
1421 4241 1753 4299 Hordeum
1797 4257 2065 4317 quoque,
2106 4248 2165 4298 et
2207 4241 2424 4314 paleas
2458 4239 2505 4301 D
2534 4237 2733 4319 aliqui
2763 4236 3129 4318 opinantur,
3149 4236 3318 4317 quod
3350 4234 3497 4296 libri
3530 4234 3593 4295 in
3624 4233 3861 4316 quibus
3882 4253 4017 4298 con-

933 4355 1264 4415 equorum,
1288 4347 1346 4396 et
1359 4337 1815 4414 jumentorum
1837 4338 2207 4416 deferebant
2237 4338 2309 4396 in
2342 4339 2425 4394 lo-

933 4455 1083 4495 cum
1115 4437 1226 4495 ubi
1253 4444 1392 4496 erat
1421 4457 1563 4505 rex,
1577 4437 1786 4512 juxta
1813 4437 2233 4496 constitutum
2270 4436 2417 4494 sibi.

935 4531 1043 4593 His
1091 4531 1286 4614 objici
1335 4541 1565 4614 potest,
1598 4533 1770 4614 quod
1817 4530 1882 4594 in
1926 4532 2092 4594 libro
2143 4533 2422 4596 secundo

934 4632 1458 4714 Paralipomenon
1507 4632 1742 4695 dicitur
1785 4649 1799 4693 :
1846 4631 2077 4694 Habuit
2125 4630 2420 4695 Salomon

936 4731 1353 4813 quadraginta
1403 4730 1607 4792 millia
1655 4749 1964 4812 equorum
2015 4730 2080 4792 in
2126 4729 2416 4792 stabulis.

932 4831 1023 4893 Ad
1064 4832 1235 4912 quod
1269 4831 1524 4907 dicitur,
1559 4831 1728 4912 quod
1761 4849 2043 4912 praesepe
2074 4838 2136 4894 et
2164 4829 2422 4912 quadri-

930 4947 1009 5010 ga
1038 4929 1407 5012 frequenter
1438 4931 1505 4991 in
1538 4929 1878 5011 Scripturis
1918 4937 2259 4991 sumuntur
2304 4947 2420 5010 pro

931 5029 1088 5110 ipsis
1116 5029 1301 5110 equis
1331 5037 1392 5090 ct
1420 5028 1747 5109 1ῇιιιιιθιιῑίε,
1772 5046 1916 5109 quae
1948 5035 2130 5090 erant
2163 5027 2228 5088 in
2261 5026 2419 5109 ipsis

931 5127 1259 5211 praesepiis
1289 5147 1362 5191 ac
1391 5127 1741 5210 quadrigis

1007 5229 1206 5289 Dedit
1233 5249 1480 5308 quoque
1507 5229 1680 5288 Deus
1707 5227 2098 5303 sapientiam
2132 5228 2423 5287 Salomo-

928 5329 1030 5397 ni,
1065 5326 1142 5389 ad
1186 5325 1746 5409 contemplandum
1777 5324 2016 5402 divina,
2049 5334 2108 5385 et
2129 5329 2423 5403 pruden-

2538 4335 2923 4410 tinebantur‚
2961 4334 3217 4398 fuerunt
3258 4353 3371 4417 per
3400 4333 3727 4397 Cbaldaeos
3764 4333 4016 4397 combu-

2536 4434 2637 4511 sti,
2674 4453 2790 4498 nec
2826 4453 2941 4516 per
2968 4434 3229 4496 Esdram
3265 4441 3415 4495 sunt
3444 4432 3741 4514 reparati.
3776 4435 3863 4493 Et
3890 4436 4017 4492 ἀίε-

2524 4537 2792 4612 putavit
2818 4555 3011 4612 super
3032 4535 3250 4611 lignis,
3271 4533 3333 4594 id
3364 4541 3461 4595 est
3486 4531 3751 4607 naturiS,
3776 4531 4016 4594 viribus

2533 4641 2595 4695 et
2628 4631 3124 4715 proprietatibus
3154 4631 3451 4695 arborum
3484 4638 3547 4693 et
3575 4630 3917 4692 herbarum
3946 4649 4015 4693 ac

2532 4731 2955 4814 pretiosorum
2986 4731 3341 4811 lignorum3
3374 4751 3413 4790 a
3444 4732 3627 4788 cedro
3656 4749 3801 4808 quae
3826 4740 3917 4789 est
3947 4733 4015 4790 in

2532 4833 2806 4900 Libane,
2837 4830 2901 4892 id
2940 4838 3037 4892 est
3074 4827 3386 4892 inclusive
3416 4847 3454 4889 a
3485 4827 3679 4908 lignis
3716 4826 4015 4904 cedrium,

2532 4949 2673 5010 quae
2724 4929 2790 4990 in
2840 4937 3056 4991 monte
3106 4927 3344 4989 Libano
3394 4925 3709 5000 oriuntur,
3764 4935 3826 4988 et
3873 4936 4019 4988 sunt

2532 5027 2867 5110 praecipuae
2894 5025 3265 5098 altitudinis
3286 5023 3877 5106 magnitudinisque
3901 5025 4021 5088 exi-

2532 5126 2699 5204 miae,
2732 5147 2929 5207 usque
2976 5129 3065 5186 ad
3110 5129 3455 5204 hyssopum
3506 5123 3845 5198 inclusive,
3880 5145 4023 5204 qua·

2528 5227 2861 5304 egreditur
2886 5229 2965 5286 de
2989 5227 3262 5304 pariete,
3283 5243 3426 5305 quae
3454 5230 3549 5285 est
3582 5221 3855 5284 humilis
3888 5221 4023 5284 her-

2530 5322 2836 5396 ba.Quasi
2867 5323 3113 5386 dicatur
3138 5340 3153 5384 :
3177 5323 3263 5384 De
3290 5320 3567 5401 singulis
3597 5320 3956 5401 disputavit
3988 5339 4022 5382 a
