4359 6250
887 464 1006 532 210

1620 482 1968 532 mannum
2010 481 2071 530 m
2112 481 2250 529 CAP-
2298 479 2406 529 xlx
2447 479 2721 528 mummi.
2767 499 2846 514 -—-
2887 481 3028 529 Am.
3077 482 3250 530 xxxu

881 654 1039 734 'quia
1055 655 1155 732 (ut
1179 663 1351 737 patet
1378 675 1455 717 ex
1485 655 1677 736 primi
1710 654 2109 735 expositione
2138 653 2378 734 capitu·
2405 650 2456 714 A
2487 655 2678 735 hujus
2717 655 2936 737 oppidi
2977 663 3291 736 optemuS,
3323 657 3460 716 nisi
3487 653 3785 730 hospitio,
3819 647 3980 731 quia

888 750 963 831 li)
992 751 1191 834 aliqui
1222 752 1465 828 dicunt,
1500 753 1672 834 quod
1697 752 1887 816 Josue
1918 753 2126 814 adhuc
2158 752 2380 815 viven-

890 858 970 925 te,
1008 848 1133 913 filii
1161 850 1320 913 Juda
1352 850 1767 913 obtinuerunt
1793 849 2165 912 Jerusalem.
2201 849 2377 924 Quod

596 954 731 998 1⁰⁸³oe
745 957 860 1004 ηδ·
890 949 1081 1010 ctiam
1114 949 1181 1011 in
1207 948 1393 1012 Josue
1424 948 1587 1012 libro
1618 949 1771 1010 satis
1812 948 2127 1010 insinuari
2166 966 2380 1010 cense-

625 2037 747 2080 Ibid.
769 2038 837 2080 63.

890 1055 1015 1110 tur.
1050 1047 1127 1108 Et
1155 1046 1209 1108 si
1242 1065 1371 1110 non
1402 1047 1523 1108 sub
1549 1046 1759 1123 Josue,
1795 1054 2009 1109 tamen
2043 1054 2190 1108 ante
2223 1065 2380 1127 prae-

890 1144 1229 1208 sidentiam
1250 1143 1602 1208 Othoniclis
1634 1145 1842 1208 sortiti
1864 1153 2015 1208 sunt
2034 1163 2195 1220 eam,
2217 1144 2380 1207 sicut

890 1262 966 1304 ex
1023 1244 1231 1325 primo
1286 1243 1567 1325 capitulo
1626 1243 2100 1325 comprobatur.
2158 1243 2373 1316 Porro,

890 1343 1061 1423 quod
1107 1342 1227 1404 ista
1270 1341 1538 1405 historia
1581 1341 1919 1421 contigerit
1954 1349 2101 1404 ante
2139 1340 2381 1422 judica-

892 1449 1028 1502 tum
1064 1439 1438 1516 OthonieliS,
1482 1440 1721 1502 eisdem
1764 1438 2069 1521 probatur
2112 1438 2379 1502 rationi-

890 1538 1031 1614 buS,
1073 1538 1308 1620 quibus
1356 1537 1692 1621 probatum
1735 1546 1850 1613 est,
1896 1537 2229 1600 historiam
2275 1537 2382 1598 Mi-

892 1637 1027 1700 chae
1054 1656 1182 1701 non
1212 1637 1333 1698 sub
1360 1635 1691 1699 Othoniele
1720 1636 2049 1698 accidisse.
2067 1636 2379 1717 Iosephus

890 1754 1147 1817 quoque
1175 1734 1296 1798 hoc
1326 1735 1493 1804 idem
1524 1742 1809 1810 testatur,
1843 1743 1907 1797 et
1946 1733 2119 1796 infra
2158 1753 2237 1796 ex
2275 1734 2380 1796 lit-

2488 753 2843 817 necessaria
2881 753 3077 817 victui
3117 753 3426 815 habemus
3465 751 3817 814 nobiscum.
3855 748 3983 808 Oui

2487 853 2815 930 respondit
2843 872 3037 912 senem
3058 872 3080 912 .·
3103 855 3252 914 Pam
3283 861 3488 912 tecum
3515 851 3620 910 sit.
3645 849 3786 924 Eyo
3807 865 3980 923 μναι-

2486 951 2630 1008 bebo
2661 951 2884 1011 omnia
2915 971 3059 1030 quoe
3093 951 3660 1016 necessaria‹sunt,
3691 944 3860 1006 ultra
3897 960 3976 1004 ca

2486 1066 2630 1128 quae
2677 1047 2912 1123 habes3
2958 1059 3239 1118 tantum,
3269 1067 3504 1128 quaeso,
3537 1066 3617 1106 ne
3657 1047 3730 1105 in
3753 1047 3976 1120 platea

2489 1167 2772 1208 maneas.
2823 1145 2965 1209 Fuit
3016 1146 3188 1209 enim
3237 1165 3428 1208 senex
3477 1142 3588 1206 ille
3631 1143 3711 1205 de
3757 1147 3976 1203 monte

2486 1244 2812 1328 Ephraim,
2845 1246 3382 1327 quemadmodum
3421 1252 3486 1306 et
3512 1241 3750 1316 Levita,
3783 1248 3848 1301 ct
3890 1239 3980 1300 ita

2488 1343 2763 1426 amplius
2808 1344 3137 1407 condoluit
3177 1343 3259 1406 ei.
3293 1343 3797 1419 latr-eduxitque
3825 1359 3978 1398 eum

2489 1444 2564 1503 in
2591 1446 2856 1504 domum
2883 1465 3098 1513 suam,
3127 1453 3186 1503 et
3212 1444 3536 1520 pabulum
3571 1440 3778 1500 asinis
3809 1457 3981 1514 proe-

2489 1543 2650 1612 buit,
2682 1551 2742 1602 et
2765 1551 3108 1621 postquam
3137 1545 3440 1603 laverunt
3462 1541 3651 1617 pedes
3680 1556 3850 1606 suos,
3881 1555 3979 1594 re-

2489 1643 2653 1718 cepit
2681 1661 2780 1701 eos
2811 1643 2885 1701 in
2913 1642 3309 1702 convivium.

2559 1741 2708 1799 Illis
2726 1739 3160 1816 epulantibus,
3173 1749 3233 1799 et
3247 1747 3390 1817 post
3421 1739 3696 1798 laborem
3719 1735 3978 1794 itineris

894 1843 1026 1897 tera
1061 1834 1447 1898 ostendetur.
1484 1833 1626 1896 ldeo
1669 1832 1797 1896 dici
1844 1841 2072 1914 potest,
2110 1832 2278 1896 sicut
2317 1839 2378 1894 et
2417 1835 2464 1898 B
2491 1839 2624 1896 cibo
2673 1847 2734 1898 et
2772 1845 2936 1914 potu
2981 1839 3416 1915 reficientibus
3463 1853 3747 1912 corpora,
3791 1850 3978 1892 vene-

892 1933 958 1994 in
990 1933 1155 1996 libro
1174 1932 1359 1995 Josue
1390 1931 1711 2008 scribitur,
1732 1932 1903 2012 quod
1936 1931 2005 1992 in
2024 1930 2378 1994 Jerusalem

892 2032 1083 2096 simul
1124 2031 1498 2095 habitabant
1537 2029 1806 2094 Jebusaei
1850 2050 1995 2093 cum
2041 2030 2376 2103 Israelitis;

892 2141 956 2196 et
998 2131 1212 2213 plures
1257 2128 1497 2192 fuerint
1536 2129 1625 2192 ibi
1663 2129 1742 2190 de
1780 2127 2079 2210 gentibus
2119 2127 2371 2204 alieniS‚

891 2250 1084 2313 quam
1114 2230 1179 2291 in
1208 2228 1419 2292 Gabaa
1448 2227 1685 2291 urbeve
1716 2227 1932 2290 Rama.

966 2329 1391 2392 Transierunt
1407 2349 1555 2405 erqo
1572 2328 1779 2395 Jebus,
1797 2336 1856 2388 et
1874 2337 2151 2406 eoeptum
2170 2347 2380 2404 carpe-

890 2430 1043 2489 bant
1074 2429 1221 2498 iter,
1245 2427 1663 2503 occubuitque
1692 2425 1784 2483 eis
1813 2429 1907 2484 sol
1924 2425 2133 2502 juxta
2158 2427 2376 2486 Gabaa

890 2525 1135 2602 urbem,
1172 2545 1313 2604 quae
1354 2533 1443 2584 est
1488 2525 1561 2582 in
1609 2525 1779 2584 tribu
1821 2525 2202 2600 Benjamin.
2247 2528 2380 2594 Quo

889 2645 1091 2705 quum
1130 2625 1501 2692 intrassent,
1532 2623 1831 2682 sedebant
1865 2625 1937 2681 in
1966 2627 2190 2700 platea
2227 2625 2383 2683 civi-

894 2725 1071 2794 tatis,
1102 2732 1160 2782 et
1191 2725 1415 2782 nullus
1445 2740 1544 2779 eos
1575 2722 1856 2798 recipere
1898 2723 2142 2782 volebat
2172 2723 2384 2800 lzospi-

894 2823 1005 2892 tio,
1026 2819 1125 2884 vel
1146 2819 1299 2901 quia
1328 2837 1547 2881 omnes
1576 2825 1762 2880 erant
1790 2818 2116 2895 malitiosi,
2136 2820 2234 2883 vel
2268 2840 2383 2903 pro

892 2918 1169 2982 maxima
1195 2915 1481 3001 parteEt
1506 2917 1693 2997 siqui
1726 2915 1876 2980 honi
1909 2927 2091 2980 crant
2123 2918 2378 2996 ibidem,

2491 1945 2644 1996 rant
2677 1938 2810 1995 viri
2839 1937 3124 1996 civitatis
3155 1936 3365 2006 illius,
3397 1933 3508 2015 qui
3543 1930 3981 1994 considerave-

2493 2042 2634 2095 rant
2663 2033 3204 2114 pulchritudincm
3228 2031 3482 2095 feminae
3503 2030 3568 2091 in
3595 2029 3818 2110 platea,
3837 2029 3974 2104 filii

2492 2135 2729 2203 Belial,
2753 2135 2826 2193 id
2853 2144 2941 2193 est
2970 2135 3202 2212 absque
3214 2132 3406 2208 juqo,
3428 2129 3600 2211 quod
3631 2125 3974 2190 translator

2491 2231 2737 2311 adjecit,
2752 2231 3124 2313 exponendo
3147 2248 3378 2293 nomen
3399 2229 3540 2305 hoc,
3557 2225 3769 2290 Belial.
3785 2225 3978 2287 Erant

2493 2329 2708 2412 itaque
2737 2330 2876 2392 sinc
2911 2329 3088 2411 jugo,
3123 2329 3188 2390 id
3219 2335 3316 2391 cst
3343 2325 3789 2390 observatione
3817 2323 3979 2402 legis

2491 2428 2726 2492 divinae
2764 2447 2836 2490 ac
2875 2427 3203 2499 naturaliS‚
3241 2424 3613 2503 intimorati,
3649 2421 3973 2495 indomiti,

2494 2526 3104 2591 inverecundissimi.
3117 2529 3204 2586 Et
3221 2526 3694 2586 circumdantes
3710 2525 3980 2582 domum

2490 2627 2681 2695 senis,
2700 2626 2867 2703 fores
2881 2629 3145 2702 pulsare
3165 2643 3454 2701 coeperun
3463 2631 3504 2692 t,
3523 2625 3872 2681 clamantes
3891 2621 3981 2679 ad

2493 2726 2832 2784 dominum
2848 2727 3174 2792 domus-,et
3193 2723 3470 2782 dicentes
3501 2717 3772 2800 hospiti:
3797 2719 3983 2780 Educ
4013 2732 4230 2778 Genus.

2497 2822 2713 2881 virum
2741 2824 2858 2901 qui
2889 2824 3210 2898 inyressus
3246 2829 3336 2880 est
3363 2822 3626 2879 domum
3667 2827 3876 2884 tuam,
3909 2824 3982 2874 ut

2493 2922 2843 2980 abutamur
2869 2940 2938 2979 eo
2957 2942 2980 2979 .·
3011 2919 3174 2980 sicut
3213 2927 3276 2980 et
3303 2916 3642 2980 Sodomitae
3678 2915 3980 2977 dixerunt

894 3017 1277 3081 verebantur
1305 3015 1851 3096 importunitatem
1881 3018 2014 3099 pati
2036 3018 2117 3080 ab
2140 3018 2380 3101 impiis,
2413 3020 2458 3084 C
2493 3018 2573 3079 ad
2614 3017 2749 3080 Lot.
2789 3020 3216 3097 Eyrcssusque
3259 3026 3349 3077 est
3399 3019 3486 3076 ad
3533 3035 3633 3075 cos
3677 3033 3892 3084 senex,
3923 3021 3984 3072 ee

892 3115 950 3177 si
994 3121 1324 3179 extraneos
1369 3114 1805 3197 hospitarent3
1842 3128 1951 3181 aut
1980 3118 2227 3200 aliquid
2258 3120 2384 3183 tale

890 3228 1007 3278 'cos
1037 3214 1319 3277 retraxit.
1351 3217 1437 3275 Ec
1466 3234 1601 3273 ecce
1629 3218 1948 3292 apparuit
1978 3220 2163 3278 homo
2193 3239 2386 3279 senex

897 3324 1215 3375 revertens
1241 3317 1321 3375 de
1349 3332 1503 3389 ayro
1535 3322 1593 3373 et
1622 3332 1805 3389 opere
1831 3334 1945 3373 suo
1978 3336 2252 3393 vespere,
2269 3320 2386 3397 qui

896 3423 955 3473 et
985 3414 1117 3489 ipse
1144 3414 1224 3471 de
1256 3420 1463 3471 monte
1490 3419 1629 3471 erat
1656 3414 1994 3488 Ephraim,
2019 3424 2077 3473 et
2102 3418 2386 3493 peregri-

896 3530 1023 3572 nus
1062 3511 1389 3571 habitabat
1428 3511 1502 3568 in
1536 3511 1776 3571 Gabaa.
1818 3514 2125 3573 Homines
2165 3525 2384 3575 autem

896 3611 1178 3686 reqionis
1209 3610 1414 3680 illius,
1448 3607 1692 3671 scilicet
1729 3608 1901 3671 cives
1932 3610 2143 3673 Gabaa
2180 3621 2242 3674 et
2284 3633 2386 3675 ur-

896 3706 1075 3770 bium
1104 3707 1482 3783 vicinarum,
1517 3717 1707 3769 erant
1734 3710 1870 3785 filii
1898 3711 2165 3782 Jemini,
2192 3710 2257 3774 id
2287 3721 2383 3775 est

898 3806 1240 3869 insolentes
1272 3813 1336 3868 et
1370 3805 1669 3887 improbi.
1704 3808 2117 3887 Elevatisque
2155 3813 2382 3881 oculis,

895 3907 1065 3965 vidit
1093 3926 1306 3975 senex,
1338 3903 1453 3985 qui
1482 3903 1726 3966 scilicet
1756 3904 1935 3967 venit
1972 3906 2052 3969 de
2088 3925 2260 3986 agro,
2293 3930 2384 3969 se-

894 4006 1147 4064 dentem
1177 4004 1525 4070 hominem,
1546 4000 1881 4082 prael'atum
1910 4002 2214 4081 Levitam,
2238 4027 2384 4068 cum

896 4100 1251 4162 sarcinulis
1277 4101 1434 4171 suis,
1470 4098 1533 4160 id
1578 4107 1674 4161 est
1713 4100 1926 4181 parvis
1964 4103 2232 4165 sarcinis
2273 4125 2382 4167 seu

2493 3119 2633 3178 ait:
2653 3119 2892 3189 Nolite,
2926 3118 3164 3194 fratres
3193 3118 3347 3185 mei,
3379 3115 3581 3175 nolite
3608 3115 3821 3192 facere
3849 3134 3986 3173 ma·

2495 3220 2632 3276 lum
2661 3219 2795 3277 hoc.
2829 3215 3075 3277 Fratres
3115 3232 3222 3277 eos
3261 3223 3445 3277 vocat
3487 3212 3730 3275 ratione
3769 3211 3986 3273 conci-

2495 3314 2759 3378 vilitatis
2788 3322 2850 3375 et
2881 3311 3313 3387 habitationis»,
3335 3312 3496 3375 etde
3527 3310 3770 3373 semine
3789 3307 3980 3371 Israel

2493 3431 2714 3476 omnes
2765 3400 3044 3476 fuerunt.
3082 3414 3250 3481 Quia
3299 3414 3622 3488 inyressus
3661 3418 3750 3469 est
3791 3410 3977 3469 homo

2492 3514 2847 3589 hospitium
2875 3532 3111 3583 meum,
3134 3520 3194 3571 et
3222 3520 3450 3571 cessate
3487 3512 3568 3569 ab
3607 3512 3728 3569 hac
3764 3508 3985 3567 stulti-

2495 3614 2611 3672 tia.
2648 3613 2863 3672 Habeo
2906 3613 3122 3688 filiam
3165 3611 3510 3687 viryinem,
3541 3618 3602 3669 et
3643 3609 3749 3669 hic
3789 3609 3974 3667 homo

2493 3712 2678 3771 kabel
2707 3711 3155 3778 concubinam,
3172 3707 3237 3769 id
3267 3715 3363 3770 est
3393 3725 3675 3783 uxorem,
3697 3706 3862 3770 sicut
3881 3724 3984 3769 ex-

2494 3808 2772 3890 positum
2823 3816 2958 3881 est3
2989 3810 3259 3867 educam
3300 3826 3407 3867 eas
3448 3809 3536 3867 ad
3585 3826 3709 3876 vos,
3743 3816 3816 3866 ut
3857 3808 3980 3866 lm·

2495 3908 2762 3968 milietis
2789 3928 2920 3976 eas,
2947 3915 3007 3966 et
3037 3915 3313 3966 vestram
3343 3905 3686 3965 libidinem
3715 3908 3986 3981 comple·-

2495 4008 2644 4067 atis.
2675 4011 2951 4067 Tantum
2981 4007 3247 4074 obsecre,
3271 4024 3352 4067 ne
3379 4006 3580 4063 scelus
3609 4006 3726 4065 Ιιοο
3752 4012 3980 4063 contra

2497 4114 2805 4165 naturam
2835 4104 3191 4180 operemini
3221 4104 3292 4162 in
3324 4105 3563 4163 virum.
3599 4101 3687 4163 Ex
3719 4102 3838 4163 hoc
3866 4119 3980 4182 ap-

900 4198 1224 4273 oneribuS,
1261 4200 1334 4258 in
1369 4201 1589 4275 platea
1633 4200 1942 4271 civitatis,
1977 4210 2037 4261 et
2079 4204 2256 4264 dixit
2299 4209 2387 4265 ad
2417 4202 2469 4263 D
2499 4210 2674 4284 paret
2706 4202 2878 4284 quod
2918 4200 3216 4264 volebant
3253 4199 3393 4264 viro
3429 4198 3630 4261 abuti.
3670 4198 3980 4281 Iosephus

898 4318 1089 4359 eum:
1136 4298 1311 4357 Unde
1352 4298 1553 4367 venis,
1586 4306 1645 4357 et
1686 4317 1809 4377 quo
1856 4300 2091 4360 vadis?
2124 4303 2254 4369 Qui
2291 4324 2388 4363 re—

898 4395 1157 4473 spondit
1185 4396 1248 4453 ei
1271 4415 1294 4453 .·
1323 4396 1610 4471 Profecti
1647 4415 1871 4455 sumus
1906 4400 1983 4456 de
2014 4401 2386 4463 Bethlehem

898 4495 1175 4561 Juda,et
1205 4510 1381 4551 nunc
1412 4494 1713 4553 vadimus
1740 4496 1831 4552 ad
1857 4497 2303 4568 domumDei,
2322 4499 2382 4561 id

902 4589 1100 4652 estad
1126 4588 1602 4651 tabernaculum
1634 4590 1739 4651 Dei
1773 4590 1838 4651 in
1862 4591 2013 4655 Silo.
2034 4594 2189 4658 llluc
2211 4597 2384 4659 enim

900 4686 1153 4752 volebat
1181 4706 1325 4748 cum
1358 4685 1490 4749 suis
1527 4706 1603 4749 ex
1638 4688 1979 4753 devotione
2017 4712 2211 4755 causa
2247 4714 2386 4758 ora-

902 4785 1094 4849 tionis
1141 4784 1459 4861 accedere,
1512 4792 1573 4847 et
1621 4784 1771 4848 inde
1816 4788 2075 4852 domum
2124 4794 2380 4856 reverti.

904 4887 1268 4963 Nullusque
1293 4886 1410 4943 sub
1442 4893 1671 4944 tectum
1698 4906 1891 4946 suum
1922 4908 2036 4947 nos
2067 4894 2204 4951 vult
2235 4894 2390 4952 reci·

888 5002 1063 5060 pere,
1102 4983 1395 5043 habentes
1426 4985 1648 5057 paleas
1676 4993 1735 5043 et
1763 4985 2016 5060 famum
2062 4989 2135 5047 in
2173 4993 2388 5051 asino-

896 5094 1047 5141 rum
1067 5080 1406 5157 pabulum,
1423 5087 1484 5137 et
1498 5098 1737 5155 panem
1755 5102 1831 5141 ac
1852 5084 2083 5144 vinum
2110 5088 2184 5146 in
2213 5108 2385 5149 meos

896 5189 955 5238 et
998 5178 1257 5239 ancilloe
1301 5184 1428 5236 tuae
1466 5197 1621 5236 usus
1660 5187 1721 5237 et
1753 5182 1953 5257 pueri
1990 5185 2109 5261 qui
2136 5203 2384 5246 mecum

894 5286 1011 5340 est.
1043 5278 1247 5341 Nulla
1292 5294 1361 5334 re
1404 5276 1795 5351 indiyemus‚
1826 5296 2019 5358 quam
2058 5300 2095 5343 a
2132 5281 2382 5345 civibus

2498 4308 2706 4362 tamen
2728 4299 2884 4361 dicit
2911 4298 3296 4380 oppositum,
3317 4314 3606 4359 asserens
3627 4298 3797 4379 quod
3817 4316 3984 4377 qum-

2497 4398 2718 4461 rebant
2744 4398 3072 4460 dumtaxat
3101 4414 3359 4460 uxorem
3399 4395 3644 4478 ipsius;
3677 4397 3787 4458 sed
3833 4396 3976 4458 ideo

2497 4496 2921 4578 loquebantur
2962 4496 3042 4557 de
3086 4494 3244 4571 viro,
3281 4503 3351 4556 ut
3393 4494 3484 4556 sic
3529 4502 3978 4575 extorquerent

2495 4596 2577 4658 ab
2612 4613 2688 4658 eo
2727 4613 2984 4658 uxorem
3028 4612 3230 4671 suam,
3265 4594 3373 4656 sed
3419 4593 3652 4675 hospes
3695 4591 3758 4653 id
3805 4592 3980 4672 igno-

2497 4694 2679 4758 ravit.

2580 4794 2892 4855 Nolebant
2939 4794 3331 4872 acquiescere
3369 4792 3770 4851 sermonibus
3812 4790 3979 4863 ejus,

2497 4888 2793 4953 videlicet
2823 4888 3014 4963 senis,
3052 4888 3118 4949 in
3159 4895 3328 4961 toto;
3366 4886 3465 4952 vel
3509 4886 3596 4951 ita
3631 4905 3700 4949 se
3743 4885 3982 4948 habue-

2496 4996 2646 5051 runt
2683 4988 2748 5049 in
2787 4994 3115 5068 apparatu,
3149 5006 3222 5049 ac
3263 4986 3316 5047 si
3362 5003 3488 5048 non
3531 4992 3976 5049 contentaren-

2496 5096 2618 5163 tur,
2653 5085 2780 5148 nisi
2823 5084 2915 5147 eis
2956 5084 3056 5148 vir
3096 5084 3468 5147 traderetur.
3505 5086 3689 5153 Quod
3719 5103 3981 5143 cernens

2493 5188 2699 5256 homa,
2721 5187 2953 5244 edua-it
2981 5186 3070 5243 ad
3097 5203 3197 5242 eos
3225 5182 3648 5243 concubinam
3675 5202 3886 5250 suam,
3911 5181 3976 5243 id

2494 5291 2590 5344 est
2635 5282 2974 5364 conjugem
3015 5298 3030 5343 :
3078 5299 3224 5362 quae
3279 5278 3637 5344 concubina
3687 5288 3974 5355 vocatur,
