4359 6250
909 441 985 505 16
1751 458 2100 508 nunno
2139 459 2203 505 m
2244 459 2383 506 ω.
2430 459 2474 506 ιι
2510 459 2716 506 εοεαε.
2756 477 2841 488 -
2878 459 3023 506 m.
3066 459 3129 505 n·

897 634 1156 716 quendo
1183 635 1264 698 de
1293 633 1518 697 diebus
1551 634 1946 697 naturalibus
1984 632 2098 715 qui
2131 639 2387 696 noctem
2418 629 2473 694 A
2502 645 2627 699 tres
2646 637 2787 700 dies
2812 636 3185 720 quaerebant
3212 635 3663 717 exploratores,
3698 649 3983 714 perseru-

899 733 1261 810 includunt‚
1293 737 1492 795 donee
1519 735 1810 802 redeant,
1838 743 1898 793 et
1930 734 2026 792 sic
2063 733 2245 790 ibitis
2268 749 2389 808 per

899 835 1079 893 viam
1111 843 1405 894 vestram.
1443 835 1572 902 Qui
1597 835 1914 893 duxerunt
1941 835 2032 892 ad
2057 852 2203 890 eam
2232 849 2257 887 .·
2288 830 2393 888 In-

899 932 1090 990 noxii
1103 933 1348 992 erimus
1366 952 1408 992 a
1421 930 1806 1008 juramento
1835 933 1951 990 hoc
1969 949 2094 1010 quo
2112 929 2391 1004 adjura-

895 1031 983 1089 sti
1011 1050 1146 1100 nos,
1181 1029 1246 1092 id
1284 1038 1396 1106 est,
1423 1031 1500 1092 ad
1543 1029 1608 1092 id
1647 1048 1774 1093 non
1815 1029 2052 1092 erimus
2093 1023 2387 1106 obligati,

901 1147 1018 1192 nec
1037 1129 1177 1209 ejus
1199 1129 1616 1210 transgressio
1649 1127 2068 1210 imputabitur
2099 1123 2287 1188 nobis
2308 1121 2391 1184 ad

899 1226 1178 1310 culpam,
1219 1229 1282 1287 si
1327 1227 1839 1304 inyredientibus
1885 1227 2066 1286 nobis
2117 1231 2381 1292 terram,

897 1325 1157 1406 quando
1187 1325 1486 1388 videlieet
1522 1343 1746 1389 omnes
1789 1323 1980 1386 simul
2025 1342 2172 1386 cum
2202 1321 2390 1384 Josue

903 1423 1192 1506 principe
1235 1431 1452 1486 nostro
1496 1423 1880 1486 intrabimus
1921 1431 2154 1485 terram
2200 1419 2387 1494 hanc,

897 1523 1159 1598 azynum
1207 1544 1336 1584 non
1385 1523 1592 1600 fuerit
1639 1525 1985 1602 funiculu-5
2033 1523 2150 1580 iste
2200 1519 2390 1578 cocei-

899 1641 1080 1693 neus,
1134 1621 1194 1684 id
1245 1631 1342 1684 est
1391 1623 1653 1698 rubeus,
1705 1640 1820 1703 per
1867 1639 2056 1703 quem
2117 1616 2389 1700 deponis

903 1737 1042 1796 nos,
1059 1731 1120 1781 et
1143 1723 1450 1798 lislavert's
1467 1742 1614 1781 eum
1639 1723 1710 1780 in
1732 1721 2040 1798 fenestra,
2051 1739 2173 1796 per
2192 1736 2390 1798 quam

2500 736 2693 798 tando
2720 753 2831 798 eos
2860 735 3013 798 hinc
3033 735 3183 797 inde
3212 753 3329 816 per
3356 732 3609 795 diversa
3635 729 3989 793 deverticu-

2500 833 2563 894 la
2588 843 2781 914 atque
2810 832 3101 896 latibula.
3132 832 3211 895 Ut
3238 831 3465 908 fertur,
3488 828 3737 892 Hebraei
3767 827 3992 890 dicunt

2498 933 2671 1012 quod
2693 933 3041 994 revelatum
3074 930 3198 993 fuit
3228 930 3380 993 huic
3412 926 3834 1009 Rahab‚quod
3856 934 3995 987 tan·

2502 1037 2637 1090 tum
2662 1029 2981 1092 tardarent
3004 1055 3019 1106 ;
3054 1029 3165 1092 sed
3186 1047 3317 1091 non
3348 1028 3600 1090 videtur
3626 1024 3799 1106 quod
3821 1023 3989 1084 Deus

2500 1127 2621 1190 hoc
2668 1127 2871 1207 magis
2922 1126 3299 1190 revelaverit
3350 1125 3587 1200 Rahab,
3636 1141 3835 1204 quam
3886 1139 3991 1183 ex-

2502 1224 2929 1306 ploratoribus
2980 1225 3163 1308 ipsis.
3214 1224 3455 1288 Idcirco
3500 1229 3767 1306 apparet
3810 1218 3987 1301 quod

2496 1323 2716 1386 Rahab
2744 1343 2822 1386 ex
2852 1324 3131 1387 humana
3162 1320 3499 1406 prudentia
3528 1329 3595 1384 et
3622 1318 3989 1400 conjectura

2502 1422 2817 1504 suggessit
2844 1422 3351 1505 exploratoribus
3382 1421 3631 1484 latitare
3674 1417 3888 1480 triduo
3918 1415 3985 1476 in

2502 1521 2835 1596 montanis
2847 1521 3151 1603 quoniam
3172 1539 3302 1584 non
3332 1519 3579 1602 putavit
3608 1515 3869 1579 nuntios
3900 1531 3992 1576 re-

2500 1618 2599 1700 gis
2630 1619 2795 1681 ultra
2826 1627 2952 1682 tres
2982 1619 3120 1682 dies
3150 1627 3327 1681 extra
3364 1617 3675 1700 oppidum
3719 1615 3991 1677 tardatu-

2502 1735 2627 1780 rOS.
2655 1720 2900 1787 Quibus
2932 1721 3155 1778 urbem
3184 1720 3511 1795 myrea-sia,
3544 1716 3784 1776 reversi
3810 1721 3984 1784 sunt,

897 1821 1221 1881 demisisti
1249 1841 1382 1892 nos,
1415 1828 1484 1882 ut
1529 1818 1750 1882 funem
1796 1819 1988 1880 istum
2029 1817 2387 1899 adspicien-
2418 1812 2465 1874 Β
2496 1827 2556 1876 et
2584 1820 3049 1877 descenderunt
3076 1821 3511 1894 exploratore-s
3538 1818 3617 1875 de
3646 1821 3875 1882 mute,
3918 1811 3985 1872 in

900 1919 1005 1995 do,
1037 1937 1494 1999 cognoscamus
1524 1920 1786 1982 domum
1817 1928 1989 1981 tuam
2021 1919 2142 1981 hoc
2177 1916 2385 1998 signo,

895 2027 958 2078 et
981 2029 1236 2096 patrem
1277 2030 1460 2080 tuum
1491 2039 1569 2080 ac
1599 2029 1896 2089 matrem,
1925 2019 2291 2096 fratresque
2328 2026 2388 2076 et

897 2136 1148 2177 omnem
1189 2121 1626 2194 eoynationem
1675 2127 1856 2178 tuam
1897 2116 2387 2194 congreqaveris

896 2216 970 2274 in
997 2217 1262 2276 domum
1295 2226 1499 2277 tuam.
1536 2219 1663 2286 Qui
1701 2217 1938 2276 ostium
1977 2219 2208 2276 domu-s
2256 2225 2381 2275 tuoe

869 2331 1176 2392 ,effrenus
1203 2316 1411 2391 fuerit
1454 2315 1558 2376 die
1605 2332 1735 2395 quo
1783 2314 2007 2377 urbem
2058 2313 2243 2375 istam
2288 2331 2389 2374 va-

897 2411 1231 2488 stabimuS‚
1271 2433 1418 2473 reu-s
1463 2415 1608 2473 erit.
1661 2415 1952 2489 Sanquis
2003 2413 2210 2489 ipsius
2260 2413 2387 2472 erit

897 2511 972 2570 in
1019 2520 1213 2588 caput
1253 2513 1394 2588 esu-s
1423 2532 1446 2570 .·
1487 2510 1552 2573 id
1597 2519 1715 2587 est,
1763 2509 2004 2574 effusio
2053 2509 2385 2591 sanguinis

897 2606 996 2670 sui
1027 2627 1140 2670 seu
1172 2607 1532 2672 interfectio
1561 2610 1726 2689 ejuS,
1757 2609 1928 2690 juste
1957 2607 2384 2691 imputabitur

897 2704 956 2767 ci
982 2729 998 2780 3
1029 2717 1089 2767 et
1121 2728 1232 2767 nos
1259 2709 1502 2768 erimus
1531 2709 1741 2767 alieni
1781 2707 1864 2769 ab
1907 2708 2048 2789 ejus
2093 2706 2379 2784 interitu,

897 2803 986 2866 ita
1013 2805 1183 2885 quod
1213 2805 1278 2866 in
1311 2805 1500 2886 culpa
1522 2823 1648 2868 non
1679 2805 1940 2868 erimus.

979 2905 1095 2964 Itti
1137 2924 1304 2975 vern,
1337 2903 1583 2967 scilicet
1625 2903 2054 2986 exploratores
2105 2904 2235 2980 isti,
2268 2903 2381 2987 qui

2496 1914 2682 1996 cujus
2730 1934 2799 1978 se
2843 1915 3128 1978 latibulis
3162 1915 3655 1989 absconderunt,
3688 1923 3748 1972 et
3778 1921 3989 1972 trans-

2496 2016 2587 2075 ito
2608 2017 2631 2040 *
2659 2019 2945 2076 Iordane
2988 2014 3203 2078 forsan
3236 2013 3515 2094 navigio,
3552 2020 3866 2074 venerunt
3894 2011 3985 2069 ad

2492 2117 2701 2186 Josue,
2734 2124 3297 2194 narraveruntque
3333 2116 3399 2173 ei
3436 2115 3659 2173 omnia
3700 2131 3845 2191 quae
3888 2131 3989 2171 ac·-

2494 2216 2789 2274 ciderant
2816 2215 2963 2276 sibi.
2998 2212 3133 2276 Non
3164 2212 3283 2276 soli
3320 2212 3533 2288 Josue,
3568 2211 3677 2273 sed
3707 2217 3771 2272 et
3812 2209 3979 2286 aliis,

2494 2312 2719 2375 saltem
2750 2311 3335 2395 principalioribuS‚
3358 2311 3469 2372 illa
3490 2308 3852 2373 narrabant.
3869 2309 3981 2370 De-

2497 2410 2645 2474 inde
2693 2411 2893 2473 relata
2948 2419 3099 2474 sunt
3145 2409 3386 2493 populo
3444 2408 3581 2485 toti,
3628 2408 3741 2472 sed
3796 2409 3982 2470 Josue

2496 2517 2798 2592 tanquam
2832 2508 3209 2591 principalis
3246 2507 3863 2590 exprimitur.Atque
3888 2509 3985 2566 di-

2493 2620 2734 2670 xerunt
2756 2630 2781 2668 .·
2816 2610 3115 2670 Tradidit
3148 2611 3469 2670 Dominus
3504 2609 3575 2667 in
3606 2627 3841 2667 manus
3868 2625 3981 2666 no-

2490 2717 2659 2768 stras
2671 2728 2918 2768 omnem
2942 2717 3181 2768 terram
3196 2710 3392 2767 hanc:
3398 2713 3657 2789 propter
3674 2704 3987 2768 certitudi-

2494 2825 2641 2869 nem
2662 2814 2726 2869 et
2754 2806 3141 2870 evidentiam
3163 2805 3255 2868 rei
3288 2805 3318 2868 f
3320 2815 3543 2882 uturae,
3557 2804 3983 2887 loquebantur

2491 2905 2571 2968 de
2600 2924 2676 2968 ea
2704 2905 2889 2987 quasi
2908 2905 2989 2969 de
3018 2925 3087 2968 re
3114 2912 3401 2985 gesta3et
3432 2907 3657 2965 timore
3666 2906 3984 2981 prostrati

895 3009 962 3064 et
986 3000 1222 3080 gratias
1267 3002 1616 3065 retulerunt
1659 3002 1875 3067 Rahab
1912 3003 2255 3080 meretrici,
2290 3023 2384 3066 se—
2410 3001 2455 3066 C
2488 3015 2643 3066 sunt
2670 3006 2890 3065 cuncti
2916 3006 3300 3065 habitatores
3318 3005 3485 3081 ejus,
3514 3003 3605 3066 ita
3633 3003 3804 3084 quod
3834 3021 3976 3084 pas-

895 3101 1174 3165 cundum
1222 3100 1588 3184 Iosephum,
1621 3105 2046 3174 ambulantes,
2083 3124 2383 3181 pervene-

893 3210 1052 3261 runt
1092 3204 1181 3261 ad
1221 3210 1552 3273 montana,
1602 3212 1663 3264 et
1705 3214 2082 3265 manserunt
2137 3204 2253 3275 ibi,
2294 3203 2383 3265 vi-

893 3299 1126 3363 delicet
1172 3299 1238 3363 in
1289 3302 1632 3378 montaniS,
1657 3322 1779 3379 per
1823 3312 1944 3363 tres
1988 3304 2149 3374 dies,
2181 3306 2382 3363 donee

891 3408 1362 3461 reverterentur
1379 3402 1498 3479 qui
1513 3402 1783 3477 fuerant
1795 3403 2132 3477 persecuti.
2143 3400 2232 3463 Ex
2251 3420 2383 3483 quo

892 3506 1176 3578 apparet,
1230 3498 1403 3580 quod
1461 3498 1668 3561 nuntii
1721 3499 1886 3579 regis
1931 3499 2207 3575 Iericho,
2266 3518 2383 3581 per

2490 3103 2586 3167 sio
2614 3101 2862 3167 timoris
2892 3101 3165 3166 carnalis
3194 3122 3269 3166 ac
3312 3102 3644 3179 mundani,
3688 3109 3752 3165 et
3780 3101 3972 3165 etiam

2492 3202 2822 3279 naturaliS‚
2874 3202 3107 3283 deJecit
3152 3203 3345 3266 corda
3390 3220 3634 3278 eorum,
3688 3221 3805 3265 nee
3856 3220 3969 3284 per

2491 3301 2790 3366 virtutem
2808 3299 3363 3378 ·fortitudini8‚aut
3392 3318 3507 3382 per
3534 3299 3845 3380 judicium
3880 3319 3971 3362 ra-

2492 3400 2687 3464 tionis
2724 3400 3018 3463 timorem
3067 3398 3252 3463 illum
3290 3407 3537 3480 queunt
3582 3397 3861 3480 abjicere
3899 3418 3974 3462 ac

2494 3498 2771 3563 frenare.

2019 3930 2667 4018 ARTICULUS
2744 3930 2859 4015 lv

1673 4206 1752 4251 DE
1801 4204 2055 4253 uYS'rtco
2105 4205 2292 4251 umus
2344 4205 2596 4251 ssctmm
2646 4204 2922 4251 GAPrrum
2972 4204 3182 4251 SENSU.

1013 4482 1118 4547 ER
1161 4485 1368 4562 Josue‚
1418 4486 1599 4567 juxta
1646 4483 2018 4567 praehabita,
2071 4484 2373 4565 intelligi-
2403 4485 2452 4548 D
2482 4485 2749 4547 munita.
2781 4484 3004 4563 Angeli
3038 4502 3313 4567 namque
3344 4488 3421 4549 ad
3462 4487 3753 4551 homines
3784 4487 3969 4551 missi

1020 4593 1122 4646 tur
1150 4583 1436 4647 Christus
1471 4584 1692 4647 mundi
1727 4583 2024 4660 salvator,
2045 4583 2157 4665 qui
2194 4586 2373 4646 misit

885 4686 1046 4745 duos
1075 4686 1504 4763 exploratores
1533 4685 1608 4743 in
1637 4684 2000 4743 abscondito
2028 4703 2050 4742 .·
2069 4701 2181 4764 per
2213 4700 2373 4763 quos

887 4790 1158 4867 possunt
1185 4781 1455 4861 intelligi
1484 4781 1695 4863 angeli
1727 4781 1928 4844 sancti
1960 4780 2373 4844 invisibiliter

886 4882 1064 4945 missi
1099 4881 1164 4943 in
1197 4883 1531 4959 mundum,
1563 4889 1627 4944 et
1657 4880 1808 4943 item
1839 4880 2041 4943 sancti
2073 4880 2375 4961 praedica-

887 4991 1077 5059 toreS‚
1098 4981 1226 5044 duo
1245 4998 1502 5062 quoque
1523 4979 1942 5043 Testamenta.
1956 4977 2197 5053 Quibus
2219 4998 2376 5060 prae-

887 5078 1085 5162 cepit:
1105 5084 1226 5150 Ite,
1245 5088 1304 5140 et
1326 5080 1720 5141 con-siderate
1752 5088 1992 5139 terram
2023 5080 2370 5157 urbemque

883 5180 1162 5249 Iericho,
1213 5176 1276 5239 id
1316 5185 1414 5239 est
1461 5175 1844 5239 habitatores
1895 5182 2098 5253 terrae,
2153 5183 2217 5237 et
2264 5194 2375 5239 eos

737 5280 744 5287 ’
858 5275 1000 5359 ·qui
1031 5275 1153 5339 sibi
1185 5276 1250 5339 in
1283 5273 1517 5339 saeculo
1549 5272 1670 5337 isto
1702 5273 1840 5337 loca
1877 5281 2372 5338 construxerunt

2482 4592 2653 4660 sunt,
2686 4585 2765 4647 ad
2815 4583 3195 4647 intuendum
3246 4604 3317 4648 ac
3368 4585 3827 4650 sublevandum
3870 4605 3975 4651 eo-

2483 4701 2626 4744 rum
2674 4682 3087 4760 calamitate&
3121 4691 3312 4764 atque
3354 4684 3433 4746 ad
3475 4684 3967 4749 illuminandum

2482 4799 2557 4843 ac
2576 4780 2981 4861 dirigendum
3010 4782 3203 4845 corda
3230 4800 3473 4845 eorum.
3492 4783 3795 4847 Similiter
3815 4804 3973 4866 prae-

2484 4879 2795 4943 dicatores
2844 4880 3020 4942 misit
3067 4880 3353 4943 Christus
3402 4881 3468 4944 in
3530 4883 3838 4946 mundum
3886 4885 3973 4946 ad

2485 4977 2943 5059 explorandum
2975 4978 3314 5043 salubriter
3342 4998 3552 5044 mores
3582 5000 3655 5044 ac
3684 4981 3841 5044 vitia
3861 4982 3977 5045 ho—

2487 5075 2754 5153 minum,
2782 5094 2909 5139 non
2930 5077 3369 5159 principaliter
3387 5079 3466 5141 ad
3488 5079 3841 5158 sciendum,
3858 5082 3973 5144 sed

2484 5175 2563 5238 ad
2601 5175 3122 5253 convertendum,
3169 5195 3243 5240 ac
3287 5177 3663 5241 salvandum
3714 5180 3973 5243 saecula-

2486 5273 2651 5336 rium
2684 5282 2927 5337 mentes
2962 5276 3173 5357 :quod
3205 5274 3445 5339 factum
3476 5284 3573 5340 est
3596 5296 3711 5361 per
3740 5279 3971 5362 praedi-

4064 2025 4083 2042 ·
4126 2028 4273 2064 trana-

4014 2087 4155 2129 uiuo
