<?xml version="1.0" encoding="UTF-8"?>
<!DOCTYPE html PUBLIC "-//W3C//DTD XHTML 1.0 Transitional//EN"
    "http://www.w3.org/TR/xhtml1/DTD/xhtml1-transitional.dtd">
<html xmlns="http://www.w3.org/1999/xhtml" xml:lang="en" lang="en">
 <head>
  <title>
</title>
<meta http-equiv="Content-Type" content="text/html;charset=utf-8" />
  <meta name='ocr-system' content='tesseract 3.04.00' />
  <meta name='ocr-capabilities' content='ocr_page ocr_carea ocr_par ocr_line ocrx_word'/>
</head>
<body>
  <div class='ocr_page' id='page_1' title='image "./doctorisecstati02denigoog_0376.png"; bbox 0 0 4359 6250; ppageno 0'>
   <div class='ocr_carea' id='block_1_1' title="bbox 111 3154 345 3269">
    <p class='ocr_par' dir='ltr' id='par_1_1' title="bbox 111 3154 345 3269">
     <span class='ocr_line' id='line_1_1' title="bbox 125 3154 345 3206; baseline 0.009 -11"><span class='ocrx_word' id='word_1_1' title='bbox 125 3154 345 3206; x_wconf 53' lang='lat' dir='ltr'>Canum&amp;</span> 
     </span>
     <span class='ocr_line' id='line_1_2' title="bbox 111 3214 296 3269; baseline 0.027 -13"><span class='ocrx_word' id='word_1_2' title='bbox 111 3214 166 3257; x_wconf 75' lang='lat'>13.</span> <span class='ocrx_word' id='word_1_3' title='bbox 179 3231 218 3269; x_wconf 74' lang='lat' dir='ltr'>n,</span> <span class='ocrx_word' id='word_1_4' title='bbox 235 3222 296 3261; x_wconf 76' lang='lat'>10.</span> 
     </span>
    </p>
   </div>
   <div class='ocr_carea' id='block_1_2' title="bbox 943 496 2911 546">
    <p class='ocr_par' dir='ltr' id='par_1_2' title="bbox 943 496 2911 546">
     <span class='ocr_line' id='line_1_3' title="bbox 943 496 2911 546; baseline -0.002 -1"><span class='ocrx_word' id='word_1_5' title='bbox 943 499 1292 546; x_wconf 69' lang='lat' dir='ltr'><strong>ENARRATIO</strong></span> <span class='ocrx_word' id='word_1_6' title='bbox 1334 501 1395 546; x_wconf 86' lang='lat' dir='ltr'>IN</span> <span class='ocrx_word' id='word_1_7' title='bbox 1438 501 1572 546; x_wconf 70' lang='lat' dir='ltr'>cu.</span> <span class='ocrx_word' id='word_1_8' title='bbox 1623 498 1732 544; x_wconf 82' lang='lat' dir='ltr'>xm</span> <span class='ocrx_word' id='word_1_9' title='bbox 1773 496 1930 542; x_wconf 71' lang='lat' dir='ltr'>unm</span> <span class='ocrx_word' id='word_1_10' title='bbox 1972 496 2140 542; x_wconf 75' lang='lat' dir='ltr'>mum</span> <span class='ocrx_word' id='word_1_11' title='bbox 2185 497 2407 542; x_wconf 64' lang='grc' dir='ltr'><strong>ΗΕΒ-ΠΜ.</strong></span> <span class='ocrx_word' id='word_1_12' title='bbox 2454 513 2534 541; x_wconf 80' lang='grc'><em>--.-</em></span> <span class='ocrx_word' id='word_1_13' title='bbox 2574 496 2716 543; x_wconf 70' lang='lat' dir='ltr'>Aur.</span> <span class='ocrx_word' id='word_1_14' title='bbox 2762 496 2911 542; x_wconf 77' lang='lat' dir='ltr'>xxvl</span> 
     </span>
    </p>
   </div>
   <div class='ocr_carea' id='block_1_3' title="bbox 3351 477 3471 543">
    <p class='ocr_par' dir='ltr' id='par_1_3' title="bbox 3351 477 3471 543">
     <span class='ocr_line' id='line_1_4' title="bbox 3351 477 3471 543; baseline -0.033 0"><span class='ocrx_word' id='word_1_15' title='bbox 3351 477 3471 543; x_wconf 80' lang='lat'>333</span> 
     </span>
    </p>
   </div>
   <div class='ocr_carea' id='block_1_4' title="bbox 370 665 3471 751">
    <p class='ocr_par' dir='ltr' id='par_1_4' title="bbox 370 665 3471 751">
     <span class='ocr_line' id='line_1_5' title="bbox 370 665 3471 751; baseline -0.001 -21"><span class='ocrx_word' id='word_1_16' title='bbox 370 669 688 748; x_wconf 91' lang='lat' dir='ltr'>quosdam</span> <span class='ocrx_word' id='word_1_17' title='bbox 719 689 797 732; x_wconf 82' lang='lat' dir='ltr'>ex</span> <span class='ocrx_word' id='word_1_18' title='bbox 827 669 929 731; x_wconf 90' lang='lat' dir='ltr'>his</span> <span class='ocrx_word' id='word_1_19' title='bbox 959 670 1314 733; x_wconf 86' lang='lat' dir='ltr'>auxiliariis</span> <span class='ocrx_word' id='word_1_20' title='bbox 1344 670 1498 746; x_wconf 81' lang='lat' dir='ltr'>suiS,</span> <span class='ocrx_word' id='word_1_21' title='bbox 1519 667 1872 734; x_wconf 91' lang='lat' dir='ltr'>communi·</span> <span class='ocrx_word' id='word_1_22' title='bbox 1901 668 1952 729; x_wconf 85' lang='grc' dir='ltr'><strong>Α</strong></span> <span class='ocrx_word' id='word_1_23' title='bbox 1981 688 2107 751; x_wconf 90' lang='lat' dir='ltr'>que</span> <span class='ocrx_word' id='word_1_24' title='bbox 2137 668 2503 751; x_wconf 75' lang='lat' dir='ltr'>hypocritae,</span> <span class='ocrx_word' id='word_1_25' title='bbox 2540 687 2652 731; x_wconf 93' lang='lat' dir='ltr'>seu</span> <span class='ocrx_word' id='word_1_26' title='bbox 2684 666 2981 730; x_wconf 82' lang='lat' dir='ltr'><strong>infideles</strong></span> <span class='ocrx_word' id='word_1_27' title='bbox 3009 665 3232 742; x_wconf 80' lang='lat' dir='ltr'>Judaei,</span> <span class='ocrx_word' id='word_1_28' title='bbox 3264 666 3471 748; x_wconf 88' lang='lat' dir='ltr'>genti-</span> 
     </span>
    </p>
   </div>
   <div class='ocr_carea' id='block_1_5' title="bbox 365 767 1875 1838">
    <p class='ocr_par' dir='ltr' id='par_1_5' title="bbox 365 767 1875 1541">
     <span class='ocr_line' id='line_1_6' title="bbox 371 767 1870 849; baseline -0.001 -21"><span class='ocrx_word' id='word_1_29' title='bbox 371 786 516 830; x_wconf 89' lang='lat' dir='ltr'>care</span> <span class='ocrx_word' id='word_1_30' title='bbox 547 775 612 830; x_wconf 88' lang='lat' dir='ltr'>et</span> <span class='ocrx_word' id='word_1_31' title='bbox 641 768 960 831; x_wconf 88' lang='lat' dir='ltr'>associare</span> <span class='ocrx_word' id='word_1_32' title='bbox 991 768 1402 849; x_wconf 88' lang='lat' dir='ltr'>suffraganeo</span> <span class='ocrx_word' id='word_1_33' title='bbox 1435 788 1572 844; x_wconf 92' lang='lat' dir='ltr'>suo,</span> <span class='ocrx_word' id='word_1_34' title='bbox 1597 767 1870 831; x_wconf 84' lang='lat' dir='ltr'><strong>antistiti</strong></span> 
     </span>
     <span class='ocr_line' id='line_1_7' title="bbox 371 866 1874 949; baseline 0.001 -23"><span class='ocrx_word' id='word_1_35' title='bbox 371 884 484 927; x_wconf 87' lang='lat' dir='ltr'>seu</span> <span class='ocrx_word' id='word_1_36' title='bbox 507 866 776 948; x_wconf 80' lang='lat' dir='ltr'>praelato</span> <span class='ocrx_word' id='word_1_37' title='bbox 797 866 1444 949; x_wconf 87' lang='lat' dir='ltr'>inferiori‚quatenus</span> <span class='ocrx_word' id='word_1_38' title='bbox 1475 867 1697 930; x_wconf 91' lang='lat' dir='ltr'>talium</span> <span class='ocrx_word' id='word_1_39' title='bbox 1733 866 1874 928; x_wconf 91' lang='lat' dir='ltr'>sub-</span> 
     </span>
     <span class='ocr_line' id='line_1_8' title="bbox 371 965 1874 1048; baseline 0.001 -22"><span class='ocrx_word' id='word_1_40' title='bbox 371 965 678 1028; x_wconf 73' lang='lat' dir='ltr'><strong>ventione</strong></span> <span class='ocrx_word' id='word_1_41' title='bbox 709 973 774 1029; x_wconf 90' lang='lat' dir='ltr'>et</span> <span class='ocrx_word' id='word_1_42' title='bbox 802 975 1166 1048; x_wconf 91' lang='lat' dir='ltr'>cooperatu‚</span> <span class='ocrx_word' id='word_1_43' title='bbox 1186 967 1559 1030; x_wconf 90' lang='lat' dir='ltr'>universum</span> <span class='ocrx_word' id='word_1_44' title='bbox 1591 965 1712 1028; x_wconf 92' lang='lat' dir='ltr'>sibi</span> <span class='ocrx_word' id='word_1_45' title='bbox 1745 983 1874 1028; x_wconf 85' lang='lat' dir='ltr'>crc—</span> 
     </span>
     <span class='ocr_line' id='line_1_9' title="bbox 369 1062 1875 1146; baseline 0.001 -23"><span class='ocrx_word' id='word_1_46' title='bbox 369 1062 432 1124; x_wconf 92' lang='lat' dir='ltr'>di</span> <span class='ocrx_word' id='word_1_47' title='bbox 442 1071 570 1124; x_wconf 89' lang='lat' dir='ltr'>tum</span> <span class='ocrx_word' id='word_1_48' title='bbox 591 1081 850 1144; x_wconf 80' lang='lat' dir='ltr'>gregem</span> <span class='ocrx_word' id='word_1_49' title='bbox 873 1065 1066 1144; x_wconf 81' lang='lat' dir='ltr'>digne</span> <span class='ocrx_word' id='word_1_50' title='bbox 1084 1065 1418 1146; x_wconf 82' lang='lat' dir='ltr'>gubernet,</span> <span class='ocrx_word' id='word_1_51' title='bbox 1436 1064 1655 1146; x_wconf 91' lang='lat' dir='ltr'>sicque</span> <span class='ocrx_word' id='word_1_52' title='bbox 1676 1064 1875 1125; x_wconf 88' lang='lat' dir='ltr'>instar</span> 
     </span>
     <span class='ocr_line' id='line_1_10' title="bbox 366 1161 1865 1244; baseline 0.001 -22"><span class='ocrx_word' id='word_1_53' title='bbox 366 1161 657 1225; x_wconf 79' lang='lat' dir='ltr'>Jonathae</span> <span class='ocrx_word' id='word_1_54' title='bbox 677 1163 990 1244; x_wconf 89' lang='lat' dir='ltr'>percutiat</span> <span class='ocrx_word' id='word_1_55' title='bbox 1012 1165 1348 1228; x_wconf 88' lang='lat' dir='ltr'>stationem</span> <span class='ocrx_word' id='word_1_56' title='bbox 1372 1163 1865 1239; x_wconf 86' lang='lat' dir='ltr'>Philistinorum‚</span> 
     </span>
     <span class='ocr_line' id='line_1_11' title="bbox 369 1261 1874 1344; baseline 0.002 -23"><span class='ocrx_word' id='word_1_57' title='bbox 369 1261 434 1322; x_wconf 91' lang='lat' dir='ltr'>id</span> <span class='ocrx_word' id='word_1_58' title='bbox 461 1270 583 1339; x_wconf 90' lang='lat' dir='ltr'>est,</span> <span class='ocrx_word' id='word_1_59' title='bbox 602 1263 925 1326; x_wconf 69' lang='lat' dir='ltr'>daemones</span> <span class='ocrx_word' id='word_1_60' title='bbox 959 1271 1301 1326; x_wconf 81' lang='lat' dir='ltr'>tentatores</span> <span class='ocrx_word' id='word_1_61' title='bbox 1333 1264 1544 1344; x_wconf 85' lang='lat' dir='ltr'>gregis</span> <span class='ocrx_word' id='word_1_62' title='bbox 1576 1262 1698 1324; x_wconf 93' lang='lat' dir='ltr'>sibi</span> <span class='ocrx_word' id='word_1_63' title='bbox 1732 1261 1874 1324; x_wconf 92' lang='lat' dir='ltr'>sub-</span> 
     </span>
     <span class='ocr_line' id='line_1_12' title="bbox 365 1359 1874 1444; baseline 0.001 -24"><span class='ocrx_word' id='word_1_64' title='bbox 365 1359 544 1440; x_wconf 85' lang='lat' dir='ltr'>jecti,</span> <span class='ocrx_word' id='word_1_65' title='bbox 566 1362 830 1438; x_wconf 89' lang='lat' dir='ltr'>orand0,</span> <span class='ocrx_word' id='word_1_66' title='bbox 851 1361 1212 1426; x_wconf 84' lang='lat' dir='ltr'>efficaciter</span> <span class='ocrx_word' id='word_1_67' title='bbox 1242 1362 1670 1444; x_wconf 66' lang='lat' dir='ltr'>praedicando,</span> <span class='ocrx_word' id='word_1_68' title='bbox 1701 1361 1874 1442; x_wconf 91' lang='lat' dir='ltr'>juste</span> 
     </span>
     <span class='ocr_line' id='line_1_13' title="bbox 368 1458 1573 1541; baseline 0.001 -21"><span class='ocrx_word' id='word_1_69' title='bbox 368 1458 952 1541; x_wconf 86' lang='lat' dir='ltr'>exemplariterque</span> <span class='ocrx_word' id='word_1_70' title='bbox 981 1461 1258 1524; x_wconf 89' lang='lat' dir='ltr'>vivendo</span> <span class='ocrx_word' id='word_1_71' title='bbox 1289 1459 1573 1540; x_wconf 88' lang='lat' dir='ltr'>dejiciat.</span> 
     </span>
    </p>

    <p class='ocr_par' dir='ltr' id='par_1_6' title="bbox 367 1559 1874 1838">
     <span class='ocr_line' id='line_1_14' title="bbox 458 1559 1874 1638; baseline -0.002 -20"><span class='ocrx_word' id='word_1_72' title='bbox 458 1559 644 1625; x_wconf 77' lang='lat' dir='ltr'>Quod</span> <span class='ocrx_word' id='word_1_73' title='bbox 671 1579 878 1638; x_wconf 82' lang='lat' dir='ltr'>quum</span> <span class='ocrx_word' id='word_1_74' title='bbox 917 1562 1249 1620; x_wconf 72' lang='lat' dir='ltr'>audissent</span> <span class='ocrx_word' id='word_1_75' title='bbox 1277 1560 1672 1630; x_wconf 70' lang='lat' dir='ltr'>philistiim,</span> <span class='ocrx_word' id='word_1_76' title='bbox 1706 1560 1874 1620; x_wconf 83' lang='lat' dir='ltr'>Saul</span> 
     </span>
     <span class='ocr_line' id='line_1_15' title="bbox 367 1653 1872 1731; baseline 0.001 -17"><span class='ocrx_word' id='word_1_77' title='bbox 367 1658 608 1716; x_wconf 79' lang='lat' dir='ltr'>cecinit</span> <span class='ocrx_word' id='word_1_78' title='bbox 652 1659 948 1719; x_wconf 79' lang='lat' dir='ltr'>buccina.</span> <span class='ocrx_word' id='word_1_79' title='bbox 981 1657 1526 1731; x_wconf 84' lang='lat' dir='ltr'>Quemadmodum</span> <span class='ocrx_word' id='word_1_80' title='bbox 1567 1653 1872 1718; x_wconf 82' lang='lat' dir='ltr'>Philistaei</span> 
     </span>
     <span class='ocr_line' id='line_1_16' title="bbox 367 1754 1870 1838; baseline 0 -22"><span class='ocrx_word' id='word_1_81' title='bbox 367 1754 594 1816; x_wconf 89' lang='lat' dir='ltr'>audita</span> <span class='ocrx_word' id='word_1_82' title='bbox 639 1774 902 1820; x_wconf 90' lang='lat' dir='ltr'>suorum</span> <span class='ocrx_word' id='word_1_83' title='bbox 949 1765 1180 1836; x_wconf 80' lang='lat' dir='ltr'>strage,</span> <span class='ocrx_word' id='word_1_84' title='bbox 1230 1775 1298 1819; x_wconf 91' lang='lat' dir='ltr'>se</span> <span class='ocrx_word' id='word_1_85' title='bbox 1347 1756 1745 1838; x_wconf 87' lang='lat' dir='ltr'>collegerunt</span> <span class='ocrx_word' id='word_1_86' title='bbox 1792 1755 1870 1817; x_wconf 94' lang='lat' dir='ltr'>ad</span> 
     </span>
    </p>
   </div>
   <div class='ocr_carea' id='block_1_6' title="bbox 1981 764 3767 1831">
    <p class='ocr_par' dir='ltr' id='par_1_7' title="bbox 1981 764 3767 1831">
     <span class='ocr_line' id='line_1_17' title="bbox 1984 764 3463 851; baseline -0.001 -23"><span class='ocrx_word' id='word_1_87' title='bbox 1984 766 2074 830; x_wconf 91' lang='lat' dir='ltr'>les</span> <span class='ocrx_word' id='word_1_88' title='bbox 2123 766 2383 851; x_wconf 87' lang='lat' dir='ltr'>perfidi,</span> <span class='ocrx_word' id='word_1_89' title='bbox 2436 775 2498 830; x_wconf 86' lang='lat' dir='ltr'>et</span> <span class='ocrx_word' id='word_1_90' title='bbox 2548 766 2803 848; x_wconf 90' lang='lat' dir='ltr'>superbi</span> <span class='ocrx_word' id='word_1_91' title='bbox 2857 765 3263 847; x_wconf 66' lang='lat' dir='ltr'>philosophi:</span> <span class='ocrx_word' id='word_1_92' title='bbox 3312 764 3463 827; x_wconf 91' lang='lat' dir='ltr'>item</span> 
     </span>
     <span class='ocr_line' id='line_1_18' title="bbox 1985 862 3467 947; baseline -0.002 -20"><span class='ocrx_word' id='word_1_93' title='bbox 1985 866 2245 947; x_wconf 88' lang='lat' dir='ltr'>spiritus</span> <span class='ocrx_word' id='word_1_94' title='bbox 2282 865 2567 946; x_wconf 84' lang='lat' dir='ltr'>maligni,</span> <span class='ocrx_word' id='word_1_95' title='bbox 2613 865 2949 947; x_wconf 74' lang='lat' dir='ltr'>superbiae,</span> <span class='ocrx_word' id='word_1_96' title='bbox 3002 862 3467 939; x_wconf 79' lang='lat' dir='ltr'>fornicationiS,</span> 
     </span>
     <span class='ocr_line' id='line_1_19' title="bbox 1983 960 3475 1046; baseline -0.001 -20"><span class='ocrx_word' id='word_1_97' title='bbox 1983 973 2046 1026; x_wconf 87' lang='lat' dir='ltr'>et</span> <span class='ocrx_word' id='word_1_98' title='bbox 2075 964 2356 1029; x_wconf 84' lang='lat' dir='ltr'>avaritiae</span> <span class='ocrx_word' id='word_1_99' title='bbox 2391 983 2405 1027; x_wconf 92' lang='lat'><strong>:</strong></span> <span class='ocrx_word' id='word_1_100' title='bbox 2440 984 2477 1027; x_wconf 98' lang='lat' dir='ltr'>a</span> <span class='ocrx_word' id='word_1_101' title='bbox 2505 965 2740 1046; x_wconf 89' lang='lat' dir='ltr'>quibus</span> <span class='ocrx_word' id='word_1_102' title='bbox 2780 963 3079 1027; x_wconf 89' lang='lat' dir='ltr'>omnibus</span> <span class='ocrx_word' id='word_1_103' title='bbox 3118 961 3270 1025; x_wconf 90' lang='lat' dir='ltr'>boni</span> <span class='ocrx_word' id='word_1_104' title='bbox 3319 960 3475 1024; x_wconf 87' lang='lat' dir='ltr'>fide-</span> 
     </span>
     <span class='ocr_line' id='line_1_20' title="bbox 1983 1060 3471 1145; baseline -0.003 -21"><span class='ocrx_word' id='word_1_105' title='bbox 1983 1063 2073 1126; x_wconf 83' lang='lat' dir='ltr'>les</span> <span class='ocrx_word' id='word_1_106' title='bbox 2101 1063 2548 1145; x_wconf 85' lang='lat' dir='ltr'>multipliciter</span> <span class='ocrx_word' id='word_1_107' title='bbox 2578 1062 2937 1144; x_wconf 89' lang='lat' dir='ltr'>impugnati</span> <span class='ocrx_word' id='word_1_108' title='bbox 2960 1060 3243 1124; x_wconf 91' lang='lat' dir='ltr'>fuerunt.</span> <span class='ocrx_word' id='word_1_109' title='bbox 3264 1062 3471 1122; x_wconf 86' lang='lat' dir='ltr'>Porro</span> 
     </span>
     <span class='ocr_line' id='line_1_21' title="bbox 1981 1161 3471 1244; baseline -0.005 -20"><span class='ocrx_word' id='word_1_110' title='bbox 1981 1164 2164 1240; x_wconf 84' lang='lat' dir='ltr'>faber</span> <span class='ocrx_word' id='word_1_111' title='bbox 2208 1165 2533 1244; x_wconf 79' lang='lat' dir='ltr'>ferrarius</span> <span class='ocrx_word' id='word_1_112' title='bbox 2580 1183 2710 1224; x_wconf 79' lang='lat' dir='ltr'>non</span> <span class='ocrx_word' id='word_1_113' title='bbox 2758 1163 3211 1222; x_wconf 79' lang='lat' dir='ltr'>inveniebatur</span> <span class='ocrx_word' id='word_1_114' title='bbox 3255 1161 3324 1219; x_wconf 81' lang='lat' dir='ltr'>in</span> <span class='ocrx_word' id='word_1_115' title='bbox 3376 1161 3471 1219; x_wconf 84' lang='lat' dir='ltr'>Is·—</span> 
     </span>
     <span class='ocr_line' id='line_1_22' title="bbox 1981 1255 3472 1338; baseline -0.002 -18"><span class='ocrx_word' id='word_1_116' title='bbox 1981 1265 2139 1322; x_wconf 80' lang='lat' dir='ltr'>rael.</span> <span class='ocrx_word' id='word_1_117' title='bbox 2160 1261 2275 1323; x_wconf 90' lang='lat' dir='ltr'>Per</span> <span class='ocrx_word' id='word_1_118' title='bbox 2306 1259 2519 1323; x_wconf 79' lang='lat' dir='ltr'>fabros</span> <span class='ocrx_word' id='word_1_119' title='bbox 2553 1259 2706 1322; x_wconf 88' lang='lat' dir='ltr'>istos</span> <span class='ocrx_word' id='word_1_120' title='bbox 2740 1259 3183 1338; x_wconf 84' lang='lat' dir='ltr'>intelliguntur</span> <span class='ocrx_word' id='word_1_121' title='bbox 3204 1255 3472 1321; x_wconf 89' lang='lat' dir='ltr'>virtuosi</span> 
     </span>
     <span class='ocr_line' id='line_1_23' title="bbox 1983 1357 3476 1442; baseline -0.002 -22"><span class='ocrx_word' id='word_1_122' title='bbox 1983 1360 2253 1442; x_wconf 83' lang='lat' dir='ltr'>praelati‚</span> <span class='ocrx_word' id='word_1_123' title='bbox 2296 1361 2583 1423; x_wconf 89' lang='lat' dir='ltr'>doctores</span> <span class='ocrx_word' id='word_1_124' title='bbox 2632 1358 2957 1439; x_wconf 86' lang='lat' dir='ltr'>condigni,</span> <span class='ocrx_word' id='word_1_125' title='bbox 3006 1357 3476 1440; x_wconf 70' lang='lat' dir='ltr'>praedicatores-</span> 
     </span>
     <span class='ocr_line' id='line_1_24' title="bbox 1983 1454 3471 1540; baseline -0.004 -18"><span class='ocrx_word' id='word_1_126' title='bbox 1983 1478 2110 1540; x_wconf 87' lang='lat' dir='ltr'>que</span> <span class='ocrx_word' id='word_1_127' title='bbox 2153 1458 2379 1534; x_wconf 86' lang='lat' dir='ltr'>sancti,</span> <span class='ocrx_word' id='word_1_128' title='bbox 2414 1458 2523 1540; x_wconf 90' lang='lat' dir='ltr'>qui</span> <span class='ocrx_word' id='word_1_129' title='bbox 2565 1457 2925 1538; x_wconf 85' lang='lat' dir='ltr'>spiritualia</span> <span class='ocrx_word' id='word_1_130' title='bbox 2956 1476 3133 1519; x_wconf 89' lang='lat' dir='ltr'>arma</span> <span class='ocrx_word' id='word_1_131' title='bbox 3165 1454 3471 1518; x_wconf 87' lang='lat' dir='ltr'>fidelibus</span> 
     </span>
     <span class='ocr_line' id='line_1_25' title="bbox 1983 1557 3767 1641; baseline -0.002 -21"><span class='ocrx_word' id='word_1_132' title='bbox 1983 1567 2364 1641; x_wconf 81' lang='lat' dir='ltr'>praeparant,</span> <span class='ocrx_word' id='word_1_133' title='bbox 2400 1568 2461 1621; x_wconf 90' lang='lat' dir='ltr'>et</span> <span class='ocrx_word' id='word_1_134' title='bbox 2508 1559 2791 1637; x_wconf 84' lang='lat' dir='ltr'>gladium</span> <span class='ocrx_word' id='word_1_135' title='bbox 2842 1557 3105 1640; x_wconf 90' lang='lat' dir='ltr'>spiritus</span> <span class='ocrx_word' id='word_1_136' title='bbox 3154 1557 3326 1639; x_wconf 89' lang='lat' dir='ltr'>quod</span> <span class='ocrx_word' id='word_1_137' title='bbox 3377 1563 3475 1618; x_wconf 86' lang='lat' dir='ltr'>est</span> <span class='ocrx_word' id='word_1_138' title='bbox 3529 1574 3767 1630; x_wconf 60' lang='lat' dir='ltr'>epham,</span> 
     </span>
     <span class='ocr_line' id='line_1_26' title="bbox 1984 1639 3570 1734; baseline -0.001 -15"><span class='ocrx_word' id='word_1_139' title='bbox 1984 1657 2250 1720; x_wconf 87' lang='lat' dir='ltr'>verbum</span> <span class='ocrx_word' id='word_1_140' title='bbox 2282 1657 2413 1734; x_wconf 89' lang='lat' dir='ltr'>Dei,</span> <span class='ocrx_word' id='word_1_141' title='bbox 2449 1677 2521 1720; x_wconf 94' lang='lat' dir='ltr'>ac</span> <span class='ocrx_word' id='word_1_142' title='bbox 2568 1657 2851 1720; x_wconf 84' lang='lat' dir='ltr'>lanceam</span> <span class='ocrx_word' id='word_1_143' title='bbox 2895 1657 3259 1732; x_wconf 88' lang='lat' dir='ltr'>militarem,</span> <span class='ocrx_word' id='word_1_144' title='bbox 3300 1651 3473 1718; x_wconf 87' lang='lat' dir='ltr'>vide-</span> <span class='ocrx_word' id='word_1_145' title='bbox 3506 1639 3570 1680; x_wconf 85' lang='lat'>¹⁷·</span> 
     </span>
     <span class='ocr_line' id='line_1_27' title="bbox 1984 1753 3469 1831; baseline -0.002 -14"><span class='ocrx_word' id='word_1_146' title='bbox 1984 1754 2133 1818; x_wconf 91' lang='lat' dir='ltr'>licet</span> <span class='ocrx_word' id='word_1_147' title='bbox 2177 1755 2458 1819; x_wconf 89' lang='lat' dir='ltr'>caritatis</span> <span class='ocrx_word' id='word_1_148' title='bbox 2508 1755 2849 1831; x_wconf 86' lang='lat' dir='ltr'>fervorem,</span> <span class='ocrx_word' id='word_1_149' title='bbox 2898 1774 3011 1818; x_wconf 91' lang='lat' dir='ltr'>seu</span> <span class='ocrx_word' id='word_1_150' title='bbox 3062 1753 3469 1818; x_wconf 87' lang='lat' dir='ltr'>discretionis</span> 
     </span>
    </p>
   </div>
   <div class='ocr_carea' id='block_1_7' title="bbox 367 1851 3477 1937">
    <p class='ocr_par' dir='ltr' id='par_1_8' title="bbox 367 1851 3477 1937">
     <span class='ocr_line' id='line_1_28' title="bbox 367 1851 3477 1937; baseline 0.001 -25"><span class='ocrx_word' id='word_1_151' title='bbox 367 1851 882 1934; x_wconf 85' lang='lat' dir='ltr'>impugnandum</span> <span class='ocrx_word' id='word_1_152' title='bbox 932 1854 1241 1918; x_wconf 85' lang='lat' dir='ltr'>acerrime</span> <span class='ocrx_word' id='word_1_153' title='bbox 1291 1853 1468 1918; x_wconf 87' lang='lat' dir='ltr'>filios</span> <span class='ocrx_word' id='word_1_154' title='bbox 1519 1853 1730 1930; x_wconf 90' lang='lat' dir='ltr'>lsrael,</span> <span class='ocrx_word' id='word_1_155' title='bbox 1780 1852 1872 1914; x_wconf 91' lang='lat' dir='ltr'>sic</span> <span class='ocrx_word' id='word_1_156' title='bbox 1908 1852 1954 1912; x_wconf 92' lang='lat' dir='ltr'>B</span> <span class='ocrx_word' id='word_1_157' title='bbox 1983 1874 2273 1932; x_wconf 86' lang='lat' dir='ltr'>acumen,</span> <span class='ocrx_word' id='word_1_158' title='bbox 2316 1855 2531 1918; x_wconf 88' lang='lat' dir='ltr'>omnia</span> <span class='ocrx_word' id='word_1_159' title='bbox 2579 1863 3019 1937; x_wconf 85' lang='lat' dir='ltr'>penetrantem</span> <span class='ocrx_word' id='word_1_160' title='bbox 3067 1861 3133 1917; x_wconf 90' lang='lat' dir='ltr'>et</span> <span class='ocrx_word' id='word_1_161' title='bbox 3180 1854 3477 1917; x_wconf 85' lang='lat' dir='ltr'>adversa-</span> 
     </span>
    </p>
   </div>
   <div class='ocr_carea' id='block_1_8' title="bbox 365 1949 1884 3013">
    <p class='ocr_par' dir='ltr' id='par_1_9' title="bbox 365 1949 1884 3013">
     <span class='ocr_line' id='line_1_29' title="bbox 365 1949 1868 2034; baseline 0 -23"><span class='ocrx_word' id='word_1_162' title='bbox 365 1949 734 2014; x_wconf 90' lang='lat' dir='ltr'>invisibiles</span> <span class='ocrx_word' id='word_1_163' title='bbox 760 1953 972 2015; x_wconf 86' lang='lat' dir='ltr'>hostes</span> <span class='ocrx_word' id='word_1_164' title='bbox 997 1953 1182 2016; x_wconf 88' lang='lat' dir='ltr'>victis</span> <span class='ocrx_word' id='word_1_165' title='bbox 1209 1952 1595 2034; x_wconf 89' lang='lat' dir='ltr'>quibusdam</span> <span class='ocrx_word' id='word_1_166' title='bbox 1616 1970 1694 2014; x_wconf 84' lang='lat' dir='ltr'>ex</span> <span class='ocrx_word' id='word_1_167' title='bbox 1716 1951 1868 2025; x_wconf 82' lang='lat' dir='ltr'>suiS,</span> 
     </span>
     <span class='ocr_line' id='line_1_30' title="bbox 365 2050 1872 2132; baseline -0.001 -18"><span class='ocrx_word' id='word_1_168' title='bbox 365 2050 819 2114; x_wconf 88' lang='lat' dir='ltr'>vehementius</span> <span class='ocrx_word' id='word_1_169' title='bbox 865 2052 1197 2114; x_wconf 88' lang='lat' dir='ltr'>insaniunt</span> <span class='ocrx_word' id='word_1_170' title='bbox 1234 2061 1298 2114; x_wconf 91' lang='lat' dir='ltr'>et</span> <span class='ocrx_word' id='word_1_171' title='bbox 1337 2052 1678 2132; x_wconf 87' lang='lat' dir='ltr'>insurgunt</span> <span class='ocrx_word' id='word_1_172' title='bbox 1719 2068 1872 2112; x_wconf 89' lang='lat' dir='ltr'>con-</span> 
     </span>
     <span class='ocr_line' id='line_1_31' title="bbox 367 2148 1874 2232; baseline -0.001 -22"><span class='ocrx_word' id='word_1_173' title='bbox 367 2156 470 2211; x_wconf 88' lang='lat' dir='ltr'>tra</span> <span class='ocrx_word' id='word_1_174' title='bbox 523 2148 754 2212; x_wconf 90' lang='lat' dir='ltr'>fideles</span> <span class='ocrx_word' id='word_1_175' title='bbox 803 2151 1099 2214; x_wconf 89' lang='lat' dir='ltr'>victores.</span> <span class='ocrx_word' id='word_1_176' title='bbox 1143 2151 1286 2215; x_wconf 87' lang='lat' dir='ltr'>Ideo</span> <span class='ocrx_word' id='word_1_177' title='bbox 1337 2151 1527 2214; x_wconf 90' lang='lat' dir='ltr'>debet</span> <span class='ocrx_word' id='word_1_178' title='bbox 1576 2149 1874 2232; x_wconf 85' lang='lat' dir='ltr'>praelatus</span> 
     </span>
     <span class='ocr_line' id='line_1_32' title="bbox 368 2246 1877 2331; baseline 0.001 -23"><span class='ocrx_word' id='word_1_179' title='bbox 368 2246 650 2310; x_wconf 88' lang='lat' dir='ltr'>buccina</span> <span class='ocrx_word' id='word_1_180' title='bbox 679 2249 1152 2330; x_wconf 84' lang='lat' dir='ltr'>praedicationis</span> <span class='ocrx_word' id='word_1_181' title='bbox 1181 2268 1330 2313; x_wconf 88' lang='lat' dir='ltr'>suos</span> <span class='ocrx_word' id='word_1_182' title='bbox 1365 2267 1556 2331; x_wconf 90' lang='lat' dir='ltr'>super</span> <span class='ocrx_word' id='word_1_183' title='bbox 1587 2248 1708 2310; x_wconf 93' lang='lat' dir='ltr'>hoc</span> <span class='ocrx_word' id='word_1_184' title='bbox 1745 2247 1877 2310; x_wconf 85' lang='lat' dir='ltr'>avi-</span> 
     </span>
     <span class='ocr_line' id='line_1_33' title="bbox 369 2331 1878 2429; baseline 0.002 -23"><span class='ocrx_word' id='word_1_185' title='bbox 369 2364 537 2423; x_wconf 91' lang='lat' dir='ltr'>sare,</span> <span class='ocrx_word' id='word_1_186' title='bbox 572 2365 812 2429; x_wconf 90' lang='lat' dir='ltr'>eosque</span> <span class='ocrx_word' id='word_1_187' title='bbox 861 2347 1212 2413; x_wconf 82' lang='lat' dir='ltr'>informare</span> <span class='ocrx_word' id='word_1_188' title='bbox 1255 2348 1334 2410; x_wconf 90' lang='lat' dir='ltr'>de</span> <span class='ocrx_word' id='word_1_189' title='bbox 1378 2347 1570 2411; x_wconf 89' lang='lat' dir='ltr'>modo</span> <span class='ocrx_word' id='word_1_190' title='bbox 1619 2355 1682 2409; x_wconf 87' lang='lat' dir='ltr'>et</span> <span class='ocrx_word' id='word_1_191' title='bbox 1727 2331 1878 2409; x_wconf 89' lang='lat' dir='ltr'>con-</span> 
     </span>
     <span class='ocr_line' id='line_1_34' title="bbox 369 2445 1877 2517; baseline -0.001 -9"><span class='ocrx_word' id='word_1_192' title='bbox 369 2445 614 2508; x_wconf 80' lang='lat' dir='ltr'>stantia</span> <span class='ocrx_word' id='word_1_193' title='bbox 644 2445 892 2510; x_wconf 82' lang='lat' dir='ltr'>fortiter</span> <span class='ocrx_word' id='word_1_194' title='bbox 922 2447 1282 2510; x_wconf 83' lang='lat' dir='ltr'>resistendi.</span> <span class='ocrx_word' id='word_1_195' title='bbox 1320 2451 1534 2517; x_wconf 81' lang='lat' dir='ltr'>Quum</span> <span class='ocrx_word' id='word_1_196' title='bbox 1564 2449 1877 2508; x_wconf 77' lang='lat' dir='ltr'>vidissent</span> 
     </span>
     <span class='ocr_line' id='line_1_35' title="bbox 375 2547 1877 2624; baseline 0 -20"><span class='ocrx_word' id='word_1_197' title='bbox 375 2547 514 2605; x_wconf 79' lang='lat' dir='ltr'>viri</span> <span class='ocrx_word' id='word_1_198' title='bbox 553 2548 759 2606; x_wconf 81' lang='lat' dir='ltr'>Israel</span> <span class='ocrx_word' id='word_1_199' title='bbox 801 2567 866 2606; x_wconf 85' lang='lat' dir='ltr'>se</span> <span class='ocrx_word' id='word_1_200' title='bbox 911 2549 984 2607; x_wconf 83' lang='lat' dir='ltr'>in</span> <span class='ocrx_word' id='word_1_201' title='bbox 1029 2556 1204 2607; x_wconf 71' lang='lat' dir='ltr'>arcto</span> <span class='ocrx_word' id='word_1_202' title='bbox 1243 2548 1506 2624; x_wconf 51' lang='lat' dir='ltr'>posito&amp;</span> <span class='ocrx_word' id='word_1_203' title='bbox 1540 2547 1877 2607; x_wconf 78' lang='lat' dir='ltr'>absconde-</span> 
     </span>
     <span class='ocr_line' id='line_1_36' title="bbox 368 2643 1880 2725; baseline 0.002 -23"><span class='ocrx_word' id='word_1_204' title='bbox 368 2653 534 2704; x_wconf 79' lang='lat' dir='ltr'>runt</span> <span class='ocrx_word' id='word_1_205' title='bbox 562 2665 648 2704; x_wconf 82' lang='lat' dir='ltr'>se.</span> <span class='ocrx_word' id='word_1_206' title='bbox 685 2643 788 2706; x_wconf 89' lang='lat' dir='ltr'>Sic</span> <span class='ocrx_word' id='word_1_207' title='bbox 817 2644 1020 2725; x_wconf 86' lang='lat' dir='ltr'>aliqui</span> <span class='ocrx_word' id='word_1_208' title='bbox 1051 2643 1400 2707; x_wconf 85' lang='lat' dir='ltr'>Christiani</span> <span class='ocrx_word' id='word_1_209' title='bbox 1436 2652 1770 2706; x_wconf 90' lang='lat' dir='ltr'>cernentes</span> <span class='ocrx_word' id='word_1_210' title='bbox 1812 2661 1880 2705; x_wconf 87' lang='lat' dir='ltr'>se</span> 
     </span>
     <span class='ocr_line' id='line_1_37' title="bbox 369 2741 1880 2826; baseline 0 -24"><span class='ocrx_word' id='word_1_211' title='bbox 369 2741 668 2822; x_wconf 91' lang='lat' dir='ltr'>undique</span> <span class='ocrx_word' id='word_1_212' title='bbox 698 2761 736 2804; x_wconf 90' lang='lat' dir='ltr'>a</span> <span class='ocrx_word' id='word_1_213' title='bbox 762 2741 1042 2818; x_wconf 81' lang='lat' dir='ltr'>diabolo,</span> <span class='ocrx_word' id='word_1_214' title='bbox 1075 2743 1318 2826; x_wconf 90' lang='lat' dir='ltr'>mundo</span> <span class='ocrx_word' id='word_1_215' title='bbox 1349 2751 1412 2804; x_wconf 89' lang='lat' dir='ltr'>et</span> <span class='ocrx_word' id='word_1_216' title='bbox 1443 2761 1634 2804; x_wconf 87' lang='lat' dir='ltr'>carne</span> <span class='ocrx_word' id='word_1_217' title='bbox 1667 2749 1880 2804; x_wconf 87' lang='lat' dir='ltr'>tenta-</span> 
     </span>
     <span class='ocr_line' id='line_1_38' title="bbox 371 2840 1884 2923; baseline 0.001 -22"><span class='ocrx_word' id='word_1_218' title='bbox 371 2840 454 2916; x_wconf 87' lang='lat' dir='ltr'>ri,</span> <span class='ocrx_word' id='word_1_219' title='bbox 489 2840 942 2921; x_wconf 87' lang='lat' dir='ltr'>pusillanimes</span> <span class='ocrx_word' id='word_1_220' title='bbox 992 2840 1182 2918; x_wconf 90' lang='lat' dir='ltr'>fiunt,</span> <span class='ocrx_word' id='word_1_221' title='bbox 1229 2849 1290 2904; x_wconf 87' lang='lat' dir='ltr'>ct</span> <span class='ocrx_word' id='word_1_222' title='bbox 1332 2849 1630 2923; x_wconf 78' lang='lat' dir='ltr'>quaerunt</span> <span class='ocrx_word' id='word_1_223' title='bbox 1682 2849 1884 2903; x_wconf 84' lang='lat' dir='ltr'>tenta-</span> 
     </span>
     <span class='ocr_line' id='line_1_39' title="bbox 373 2938 1878 3013; baseline 0.001 -14"><span class='ocrx_word' id='word_1_224' title='bbox 373 2938 630 3002; x_wconf 90' lang='lat' dir='ltr'>tionum</span> <span class='ocrx_word' id='word_1_225' title='bbox 681 2947 1004 3002; x_wconf 87' lang='lat' dir='ltr'>certamcn</span> <span class='ocrx_word' id='word_1_226' title='bbox 1061 2939 1352 3002; x_wconf 90' lang='lat' dir='ltr'>evadere.</span> <span class='ocrx_word' id='word_1_227' title='bbox 1405 2939 1674 3013; x_wconf 88' lang='lat' dir='ltr'>Quidam</span> <span class='ocrx_word' id='word_1_228' title='bbox 1726 2956 1878 3002; x_wconf 90' lang='lat' dir='ltr'>vero</span> 
     </span>
    </p>
   </div>
   <div class='ocr_carea' id='block_1_9' title="bbox 1982 1953 3475 2036">
    <p class='ocr_par' dir='ltr' id='par_1_10' title="bbox 1982 1953 3475 2036">
     <span class='ocr_line' id='line_1_40' title="bbox 1982 1953 3475 2036; baseline -0.001 -22"><span class='ocrx_word' id='word_1_229' title='bbox 1982 1953 2225 2016; x_wconf 90' lang='lat' dir='ltr'>riorum</span> <span class='ocrx_word' id='word_1_230' title='bbox 2250 1953 2553 2016; x_wconf 88' lang='lat' dir='ltr'>interiora</span> <span class='ocrx_word' id='word_1_231' title='bbox 2572 1961 2982 2036; x_wconf 85' lang='lat' dir='ltr'>pungentem.</span> <span class='ocrx_word' id='word_1_232' title='bbox 2998 1953 3235 2015; x_wconf 92' lang='lat' dir='ltr'>Cavent</span> <span class='ocrx_word' id='word_1_233' title='bbox 3260 1959 3475 2014; x_wconf 87' lang='lat' dir='ltr'>autem</span> 
     </span>
    </p>
   </div>
   <div class='ocr_carea' id='block_1_10' title="bbox 1979 2051 3474 2128">
    <p class='ocr_par' dir='ltr' id='par_1_11' title="bbox 1979 2051 3474 2128">
     <span class='ocr_line' id='line_1_41' title="bbox 1979 2051 3474 2128; baseline -0.001 -16"><span class='ocrx_word' id='word_1_234' title='bbox 1979 2051 2342 2128; x_wconf 89' lang='lat' dir='ltr'>Philistiim,</span> <span class='ocrx_word' id='word_1_235' title='bbox 2379 2051 2441 2114; x_wconf 91' lang='lat' dir='ltr'>id</span> <span class='ocrx_word' id='word_1_236' title='bbox 2477 2059 2594 2127; x_wconf 88' lang='lat' dir='ltr'>est,</span> <span class='ocrx_word' id='word_1_237' title='bbox 2630 2052 2950 2114; x_wconf 82' lang='lat' dir='ltr'>daemones</span> <span class='ocrx_word' id='word_1_238' title='bbox 2981 2058 3045 2113; x_wconf 91' lang='lat' dir='ltr'>et</span> <span class='ocrx_word' id='word_1_239' title='bbox 3074 2068 3299 2113; x_wconf 90' lang='lat' dir='ltr'>omnes</span> <span class='ocrx_word' id='word_1_240' title='bbox 3330 2067 3474 2111; x_wconf 85' lang='lat' dir='ltr'>san-</span> 
     </span>
    </p>
   </div>
   <div class='ocr_carea' id='block_1_11' title="bbox 1983 2149 3485 3022">
    <p class='ocr_par' dir='ltr' id='par_1_12' title="bbox 1983 2149 3485 3022">
     <span class='ocr_line' id='line_1_42' title="bbox 1983 2149 3477 2213; baseline -0.003 0"><span class='ocrx_word' id='word_1_241' title='bbox 1983 2158 2100 2213; x_wconf 85' lang='lat' dir='ltr'>ctae</span> <span class='ocrx_word' id='word_1_242' title='bbox 2139 2150 2296 2212; x_wconf 87' lang='lat' dir='ltr'>fidei</span> <span class='ocrx_word' id='word_1_243' title='bbox 2336 2150 2582 2213; x_wconf 88' lang='lat' dir='ltr'>inimici</span> <span class='ocrx_word' id='word_1_244' title='bbox 2625 2150 3072 2213; x_wconf 89' lang='lat' dir='ltr'>machinantur</span> <span class='ocrx_word' id='word_1_245' title='bbox 3112 2157 3177 2212; x_wconf 91' lang='lat' dir='ltr'>et</span> <span class='ocrx_word' id='word_1_246' title='bbox 3216 2149 3477 2211; x_wconf 87' lang='lat' dir='ltr'>student</span> 
     </span>
     <span class='ocr_line' id='line_1_43' title="bbox 1986 2248 3476 2330; baseline -0.001 -19"><span class='ocrx_word' id='word_1_247' title='bbox 1986 2249 2145 2312; x_wconf 92' lang='lat' dir='ltr'>tales</span> <span class='ocrx_word' id='word_1_248' title='bbox 2190 2249 2405 2312; x_wconf 85' lang='lat' dir='ltr'>fabros</span> <span class='ocrx_word' id='word_1_249' title='bbox 2443 2249 2697 2312; x_wconf 88' lang='lat' dir='ltr'>auferre</span> <span class='ocrx_word' id='word_1_250' title='bbox 2746 2249 3063 2326; x_wconf 66' lang='lat' dir='ltr'>Ecclesiae,</span> <span class='ocrx_word' id='word_1_251' title='bbox 3108 2249 3275 2311; x_wconf 91' lang='lat' dir='ltr'>sicut</span> <span class='ocrx_word' id='word_1_252' title='bbox 3321 2248 3476 2330; x_wconf 89' lang='lat' dir='ltr'>jam,</span> 
     </span>
     <span class='ocr_line' id='line_1_44' title="bbox 1985 2347 3473 2432; baseline -0.001 -22"><span class='ocrx_word' id='word_1_253' title='bbox 1985 2350 2146 2432; x_wconf 92' lang='lat' dir='ltr'>proh</span> <span class='ocrx_word' id='word_1_254' title='bbox 2194 2348 2375 2412; x_wconf 92' lang='lat' dir='ltr'>dolor</span> <span class='ocrx_word' id='word_1_255' title='bbox 2399 2357 2423 2412; x_wconf 77' lang='lat'>1.</span> <span class='ocrx_word' id='word_1_256' title='bbox 2458 2367 2572 2431; x_wconf 88' lang='lat' dir='ltr'>pro</span> <span class='ocrx_word' id='word_1_257' title='bbox 2617 2349 2893 2411; x_wconf 87' lang='lat' dir='ltr'>maxima</span> <span class='ocrx_word' id='word_1_258' title='bbox 2941 2357 3119 2430; x_wconf 88' lang='lat' dir='ltr'>parte</span> <span class='ocrx_word' id='word_1_259' title='bbox 3167 2348 3226 2410; x_wconf 91' lang='lat' dir='ltr'>ei</span> <span class='ocrx_word' id='word_1_260' title='bbox 3277 2347 3473 2410; x_wconf 86' lang='lat' dir='ltr'>ablati</span> 
     </span>
     <span class='ocr_line' id='line_1_45' title="bbox 1987 2445 3470 2530; baseline -0.001 -22"><span class='ocrx_word' id='word_1_261' title='bbox 1987 2454 2157 2524; x_wconf 89' lang='lat' dir='ltr'>sunt,</span> <span class='ocrx_word' id='word_1_262' title='bbox 2194 2445 2260 2508; x_wconf 91' lang='lat' dir='ltr'>in</span> <span class='ocrx_word' id='word_1_263' title='bbox 2296 2455 2543 2510; x_wconf 89' lang='lat' dir='ltr'>tantum</span> <span class='ocrx_word' id='word_1_264' title='bbox 2579 2449 2750 2530; x_wconf 89' lang='lat' dir='ltr'>quod</span> <span class='ocrx_word' id='word_1_265' title='bbox 2794 2446 3019 2510; x_wconf 90' lang='lat' dir='ltr'>fideles</span> <span class='ocrx_word' id='word_1_266' title='bbox 3056 2446 3470 2530; x_wconf 88' lang='lat' dir='ltr'>quamplures</span> 
     </span>
     <span class='ocr_line' id='line_1_46' title="bbox 1987 2544 3482 2628; baseline -0.001 -20"><span class='ocrx_word' id='word_1_267' title='bbox 1987 2546 2066 2608; x_wconf 90' lang='lat' dir='ltr'>ad</span> <span class='ocrx_word' id='word_1_268' title='bbox 2095 2545 2435 2608; x_wconf 88' lang='lat' dir='ltr'>Philistiim</span> <span class='ocrx_word' id='word_1_269' title='bbox 2468 2554 2759 2628; x_wconf 86' lang='lat' dir='ltr'>pergunt,</span> <span class='ocrx_word' id='word_1_270' title='bbox 2784 2555 2852 2608; x_wconf 91' lang='lat' dir='ltr'>ut</span> <span class='ocrx_word' id='word_1_271' title='bbox 2884 2565 2998 2608; x_wconf 93' lang='lat' dir='ltr'>sua</span> <span class='ocrx_word' id='word_1_272' title='bbox 3026 2553 3257 2608; x_wconf 88' lang='lat' dir='ltr'>acuant</span> <span class='ocrx_word' id='word_1_273' title='bbox 3289 2544 3482 2607; x_wconf 89' lang='lat' dir='ltr'>ferra-</span> 
     </span>
     <span class='ocr_line' id='line_1_47' title="bbox 1991 2643 3479 2726; baseline -0.001 -20"><span class='ocrx_word' id='word_1_274' title='bbox 1991 2653 2207 2708; x_wconf 90' lang='lat' dir='ltr'>menta</span> <span class='ocrx_word' id='word_1_275' title='bbox 2242 2661 2256 2706; x_wconf 73' lang='grc' dir='ltr'>ε</span> <span class='ocrx_word' id='word_1_276' title='bbox 2299 2644 2450 2726; x_wconf 92' lang='lat' dir='ltr'>quia</span> <span class='ocrx_word' id='word_1_277' title='bbox 2486 2664 2634 2707; x_wconf 84' lang='lat' dir='ltr'>vera</span> <span class='ocrx_word' id='word_1_278' title='bbox 2681 2653 2743 2707; x_wconf 91' lang='lat' dir='ltr'>et</span> <span class='ocrx_word' id='word_1_279' title='bbox 2792 2643 3111 2726; x_wconf 85' lang='lat' dir='ltr'>spirituali</span> <span class='ocrx_word' id='word_1_280' title='bbox 3164 2643 3479 2724; x_wconf 87' lang='lat' dir='ltr'>sapientia</span> 
     </span>
     <span class='ocr_line' id='line_1_48' title="bbox 1991 2741 3478 2825; baseline -0.001 -21"><span class='ocrx_word' id='word_1_281' title='bbox 1991 2743 2313 2820; x_wconf 88' lang='lat' dir='ltr'>derelicta,</span> <span class='ocrx_word' id='word_1_282' title='bbox 2349 2744 2426 2805; x_wconf 91' lang='lat' dir='ltr'>ad</span> <span class='ocrx_word' id='word_1_283' title='bbox 2474 2742 2918 2825; x_wconf 90' lang='lat' dir='ltr'>philosophica</span> <span class='ocrx_word' id='word_1_284' title='bbox 2958 2744 3364 2819; x_wconf 88' lang='lat' dir='ltr'>documenta,</span> <span class='ocrx_word' id='word_1_285' title='bbox 3400 2741 3478 2803; x_wconf 88' lang='lat' dir='ltr'>ad</span> 
     </span>
     <span class='ocr_line' id='line_1_49' title="bbox 1991 2841 3485 2923; baseline -0.001 -21"><span class='ocrx_word' id='word_1_286' title='bbox 1991 2841 2391 2923; x_wconf 88' lang='lat' dir='ltr'>prudentiam</span> <span class='ocrx_word' id='word_1_287' title='bbox 2413 2841 2641 2916; x_wconf 84' lang='lat' dir='ltr'>saeculi,</span> <span class='ocrx_word' id='word_1_288' title='bbox 2658 2841 2787 2905; x_wconf 90' lang='lat' dir='ltr'>imo</span> <span class='ocrx_word' id='word_1_289' title='bbox 2808 2843 2885 2904; x_wconf 86' lang='lat' dir='ltr'>ad</span> <span class='ocrx_word' id='word_1_290' title='bbox 2908 2841 3262 2903; x_wconf 88' lang='lat' dir='ltr'>mundanas</span> <span class='ocrx_word' id='word_1_291' title='bbox 3282 2859 3485 2902; x_wconf 85' lang='lat' dir='ltr'>versu-</span> 
     </span>
     <span class='ocr_line' id='line_1_50' title="bbox 1993 2939 3479 3022; baseline 0 -21"><span class='ocrx_word' id='word_1_292' title='bbox 1993 2939 2116 3002; x_wconf 88' lang='lat' dir='ltr'>tias</span> <span class='ocrx_word' id='word_1_293' title='bbox 2158 2959 2227 3003; x_wconf 90' lang='lat' dir='ltr'>se</span> <span class='ocrx_word' id='word_1_294' title='bbox 2271 2948 2671 3016; x_wconf 88' lang='lat' dir='ltr'>convertunt,</span> <span class='ocrx_word' id='word_1_295' title='bbox 2706 2948 2897 3022; x_wconf 87' lang='lat' dir='ltr'>atque</span> <span class='ocrx_word' id='word_1_296' title='bbox 2935 2939 3001 3002; x_wconf 90' lang='lat' dir='ltr'>in</span> <span class='ocrx_word' id='word_1_297' title='bbox 3035 2940 3269 3002; x_wconf 87' lang='lat' dir='ltr'>talibus</span> <span class='ocrx_word' id='word_1_298' title='bbox 3299 2959 3479 3002; x_wconf 90' lang='lat' dir='ltr'>suam</span> 
     </span>
    </p>
   </div>
   <div class='ocr_carea' id='block_1_12' title="bbox 376 3036 3773 3121">
    <p class='ocr_par' dir='ltr' id='par_1_13' title="bbox 376 3036 3773 3121">
     <span class='ocr_line' id='line_1_51' title="bbox 376 3036 3773 3121; baseline 0 -21"><span class='ocrx_word' id='word_1_299' title='bbox 376 3038 834 3116; x_wconf 86' lang='lat' dir='ltr'>succumbunt,</span> <span class='ocrx_word' id='word_1_300' title='bbox 898 3037 1318 3101; x_wconf 87' lang='lat' dir='ltr'>tentatoribus</span> <span class='ocrx_word' id='word_1_301' title='bbox 1377 3039 1877 3103; x_wconf 76' lang='lat' dir='ltr'>consentientes,</span> <span class='ocrx_word' id='word_1_302' title='bbox 1911 3045 1954 3107; x_wconf 91' lang='lat' dir='ltr'>C</span> <span class='ocrx_word' id='word_1_303' title='bbox 1994 3046 2231 3101; x_wconf 88' lang='lat' dir='ltr'>acuunt</span> <span class='ocrx_word' id='word_1_304' title='bbox 2270 3046 2573 3115; x_wconf 88' lang='lat' dir='ltr'>mentem,</span> <span class='ocrx_word' id='word_1_305' title='bbox 2608 3047 2886 3121; x_wconf 88' lang='lat' dir='ltr'>suntque</span> <span class='ocrx_word' id='word_1_306' title='bbox 2924 3039 3243 3121; x_wconf 87' lang='lat' dir='ltr'>sapientes</span> <span class='ocrx_word' id='word_1_307' title='bbox 3282 3048 3353 3100; x_wconf 93' lang='lat' dir='ltr'>ut</span> <span class='ocrx_word' id='word_1_308' title='bbox 3391 3036 3483 3101; x_wconf 89' lang='lat' dir='ltr'>fa-</span> <span class='ocrx_word' id='word_1_309' title='bbox 3528 3055 3773 3108; x_wconf 49' lang='grc' dir='ltr'>ωαψς.</span> 
     </span>
    </p>
   </div>
   <div class='ocr_carea' id='block_1_13' title="bbox 374 3136 1885 4207">
    <p class='ocr_par' dir='ltr' id='par_1_14' title="bbox 374 3136 1885 4207">
     <span class='ocr_line' id='line_1_52' title="bbox 377 3136 1884 3220; baseline -0.001 -19"><span class='ocrx_word' id='word_1_310' title='bbox 377 3138 690 3203; x_wconf 87' lang='lat' dir='ltr'>Nonnulli</span> <span class='ocrx_word' id='word_1_311' title='bbox 713 3157 973 3220; x_wconf 89' lang='lat' dir='ltr'>quoque</span> <span class='ocrx_word' id='word_1_312' title='bbox 993 3138 1060 3200; x_wconf 90' lang='lat' dir='ltr'>in</span> <span class='ocrx_word' id='word_1_313' title='bbox 1088 3136 1401 3201; x_wconf 90' lang='lat' dir='ltr'>foramine</span> <span class='ocrx_word' id='word_1_314' title='bbox 1428 3146 1645 3220; x_wconf 85' lang='lat' dir='ltr'>petrae,</span> <span class='ocrx_word' id='word_1_315' title='bbox 1669 3138 1734 3200; x_wconf 91' lang='lat' dir='ltr'>in</span> <span class='ocrx_word' id='word_1_316' title='bbox 1760 3137 1884 3201; x_wconf 90' lang='lat' dir='ltr'>fos-</span> 
     </span>
     <span class='ocr_line' id='line_1_53' title="bbox 379 3235 1881 3315; baseline -0.001 -16"><span class='ocrx_word' id='word_1_317' title='bbox 379 3258 454 3300; x_wconf 90' lang='lat' dir='ltr'>sa</span> <span class='ocrx_word' id='word_1_318' title='bbox 483 3238 706 3315; x_wconf 91' lang='lat' dir='ltr'>humo,</span> <span class='ocrx_word' id='word_1_319' title='bbox 729 3236 792 3299; x_wconf 93' lang='lat' dir='ltr'>id</span> <span class='ocrx_word' id='word_1_320' title='bbox 825 3245 923 3299; x_wconf 90' lang='lat' dir='ltr'>est</span> <span class='ocrx_word' id='word_1_321' title='bbox 955 3236 1020 3298; x_wconf 91' lang='lat' dir='ltr'>in</span> <span class='ocrx_word' id='word_1_322' title='bbox 1050 3235 1284 3299; x_wconf 87' lang='lat' dir='ltr'>Christi</span> <span class='ocrx_word' id='word_1_323' title='bbox 1315 3236 1691 3300; x_wconf 85' lang='lat' dir='ltr'>vulneribus</span> <span class='ocrx_word' id='word_1_324' title='bbox 1720 3244 1784 3300; x_wconf 87' lang='lat' dir='ltr'>et</span> <span class='ocrx_word' id='word_1_325' title='bbox 1814 3236 1881 3298; x_wconf 92' lang='lat' dir='ltr'>in</span> 
     </span>
     <span class='ocr_line' id='line_1_54' title="bbox 377 3334 1883 3417; baseline 0 -19"><span class='ocrx_word' id='word_1_326' title='bbox 377 3336 726 3400; x_wconf 81' lang='lat' dir='ltr'>dominicae</span> <span class='ocrx_word' id='word_1_327' title='bbox 757 3335 1076 3417; x_wconf 89' lang='lat' dir='ltr'>passionis</span> <span class='ocrx_word' id='word_1_328' title='bbox 1107 3334 1435 3412; x_wconf 91' lang='lat' dir='ltr'>memoria,</span> <span class='ocrx_word' id='word_1_329' title='bbox 1455 3335 1794 3397; x_wconf 89' lang='lat' dir='ltr'>salubriter</span> <span class='ocrx_word' id='word_1_330' title='bbox 1815 3354 1883 3398; x_wconf 89' lang='lat' dir='ltr'>se</span> 
     </span>
     <span class='ocr_line' id='line_1_55' title="bbox 375 3433 1884 3516; baseline -0.001 -18"><span class='ocrx_word' id='word_1_331' title='bbox 375 3435 732 3511; x_wconf 87' lang='lat' dir='ltr'>occultant,</span> <span class='ocrx_word' id='word_1_332' title='bbox 751 3442 816 3497; x_wconf 86' lang='lat' dir='ltr'>et</span> <span class='ocrx_word' id='word_1_333' title='bbox 847 3433 912 3495; x_wconf 90' lang='lat' dir='ltr'>in</span> <span class='ocrx_word' id='word_1_334' title='bbox 946 3434 1219 3516; x_wconf 85' lang='lat' dir='ltr'>propriae</span> <span class='ocrx_word' id='word_1_335' title='bbox 1244 3433 1712 3497; x_wconf 88' lang='lat' dir='ltr'>humiliationis</span> <span class='ocrx_word' id='word_1_336' title='bbox 1743 3453 1884 3516; x_wconf 89' lang='lat' dir='ltr'>pro-</span> 
     </span>
     <span class='ocr_line' id='line_1_56' title="bbox 376 3532 1884 3614; baseline -0.001 -18"><span class='ocrx_word' id='word_1_337' title='bbox 376 3533 589 3597; x_wconf 87' lang='lat' dir='ltr'>fundo</span> <span class='ocrx_word' id='word_1_338' title='bbox 633 3552 702 3597; x_wconf 93' lang='lat' dir='ltr'>se</span> <span class='ocrx_word' id='word_1_339' title='bbox 744 3532 979 3611; x_wconf 87' lang='lat' dir='ltr'>celant,</span> <span class='ocrx_word' id='word_1_340' title='bbox 1016 3540 1209 3613; x_wconf 90' lang='lat' dir='ltr'>atque</span> <span class='ocrx_word' id='word_1_341' title='bbox 1258 3532 1325 3595; x_wconf 92' lang='lat' dir='ltr'>in</span> <span class='ocrx_word' id='word_1_342' title='bbox 1376 3542 1626 3595; x_wconf 51' lang='lat' dir='ltr'>&#39;tantum</span> <span class='ocrx_word' id='word_1_343' title='bbox 1673 3533 1884 3614; x_wconf 86' lang='lat' dir='ltr'>parvi—</span> 
     </span>
     <span class='ocr_line' id='line_1_57' title="bbox 374 3631 1877 3715; baseline 0 -20"><span class='ocrx_word' id='word_1_344' title='bbox 374 3634 695 3715; x_wconf 85' lang='lat' dir='ltr'>pendunt,</span> <span class='ocrx_word' id='word_1_345' title='bbox 731 3640 796 3695; x_wconf 88' lang='lat' dir='ltr'>et</span> <span class='ocrx_word' id='word_1_346' title='bbox 821 3632 1007 3714; x_wconf 89' lang='lat' dir='ltr'>quasi</span> <span class='ocrx_word' id='word_1_347' title='bbox 1040 3631 1204 3694; x_wconf 91' lang='lat' dir='ltr'>nihil</span> <span class='ocrx_word' id='word_1_348' title='bbox 1244 3642 1312 3695; x_wconf 80' lang='lat' dir='ltr'>se</span> <span class='ocrx_word' id='word_1_349' title='bbox 1350 3640 1669 3714; x_wconf 87' lang='lat' dir='ltr'>reputant,</span> <span class='ocrx_word' id='word_1_350' title='bbox 1705 3633 1877 3714; x_wconf 93' lang='lat' dir='ltr'>quod</span> 
     </span>
     <span class='ocr_line' id='line_1_58' title="bbox 375 3730 1884 3811; baseline -0.002 -17"><span class='ocrx_word' id='word_1_351' title='bbox 375 3750 414 3793; x_wconf 89' lang='lat' dir='ltr'>a</span> <span class='ocrx_word' id='word_1_352' title='bbox 443 3731 852 3794; x_wconf 86' lang='lat' dir='ltr'>daemonibus</span> <span class='ocrx_word' id='word_1_353' title='bbox 883 3738 1214 3811; x_wconf 88' lang='lat' dir='ltr'>nequeunt</span> <span class='ocrx_word' id='word_1_354' title='bbox 1244 3730 1440 3811; x_wconf 90' lang='lat' dir='ltr'>tangi.</span> <span class='ocrx_word' id='word_1_355' title='bbox 1461 3734 1542 3793; x_wconf 83' lang='lat' dir='ltr'>E&#39;c</span> <span class='ocrx_word' id='word_1_356' title='bbox 1569 3741 1884 3809; x_wconf 79' lang='lat' dir='ltr'>exspecta-</span> 
     </span>
     <span class='ocr_line' id='line_1_59' title="bbox 377 3830 1883 3911; baseline 0.002 -22"><span class='ocrx_word' id='word_1_357' title='bbox 377 3833 480 3891; x_wconf 76' lang='lat' dir='ltr'>vit</span> <span class='ocrx_word' id='word_1_358' title='bbox 510 3830 662 3893; x_wconf 81' lang='lat' dir='ltr'>Saul</span> <span class='ocrx_word' id='word_1_359' title='bbox 691 3839 928 3909; x_wconf 73' lang='lat' dir='ltr'>septem</span> <span class='ocrx_word' id='word_1_360' title='bbox 946 3831 1172 3889; x_wconf 83' lang='lat' dir='ltr'>diebus</span> <span class='ocrx_word' id='word_1_361' title='bbox 1192 3830 1712 3891; x_wconf 81' lang='lat' dir='ltr'>Samuelem.Per</span> <span class='ocrx_word' id='word_1_362' title='bbox 1743 3848 1883 3911; x_wconf 86' lang='lat' dir='ltr'>sep-</span> 
     </span>
     <span class='ocr_line' id='line_1_60' title="bbox 381 3927 1882 4010; baseline 0.001 -20"><span class='ocrx_word' id='word_1_363' title='bbox 381 3936 514 3991; x_wconf 81' lang='lat' dir='ltr'>tem</span> <span class='ocrx_word' id='word_1_364' title='bbox 557 3928 719 4004; x_wconf 86' lang='lat' dir='ltr'>dies,</span> <span class='ocrx_word' id='word_1_365' title='bbox 757 3927 1128 3993; x_wconf 89' lang='lat' dir='ltr'>universum</span> <span class='ocrx_word' id='word_1_366' title='bbox 1175 3927 1294 3991; x_wconf 92' lang='lat' dir='ltr'>hoc</span> <span class='ocrx_word' id='word_1_367' title='bbox 1338 3936 1588 4009; x_wconf 89' lang='lat' dir='ltr'>tempus</span> <span class='ocrx_word' id='word_1_368' title='bbox 1637 3936 1882 4010; x_wconf 91' lang='lat' dir='ltr'>septem</span> 
     </span>
     <span class='ocr_line' id='line_1_61' title="bbox 379 4025 1881 4105; baseline -0.002 -15"><span class='ocrx_word' id='word_1_369' title='bbox 379 4028 616 4091; x_wconf 88' lang='lat' dir='ltr'>diebus</span> <span class='ocrx_word' id='word_1_370' title='bbox 675 4026 1052 4101; x_wconf 83' lang='lat' dir='ltr'>decurrenS,</span> <span class='ocrx_word' id='word_1_371' title='bbox 1115 4025 1517 4105; x_wconf 85' lang='lat' dir='ltr'>exprimitur.</span> <span class='ocrx_word' id='word_1_372' title='bbox 1580 4026 1881 4089; x_wconf 84' lang='lat' dir='ltr'>Praelatus</span> 
     </span>
     <span class='ocr_line' id='line_1_62' title="bbox 379 4124 1885 4207; baseline -0.001 -18"><span class='ocrx_word' id='word_1_373' title='bbox 379 4128 584 4206; x_wconf 82' lang='lat' dir='ltr'>igitur</span> <span class='ocrx_word' id='word_1_374' title='bbox 615 4126 1054 4189; x_wconf 89' lang='lat' dir='ltr'>indesinenter</span> <span class='ocrx_word' id='word_1_375' title='bbox 1084 4124 1426 4207; x_wconf 86' lang='lat' dir='ltr'>gratiosam</span> <span class='ocrx_word' id='word_1_376' title='bbox 1459 4126 1691 4188; x_wconf 91' lang='lat' dir='ltr'>Christi</span> <span class='ocrx_word' id='word_1_377' title='bbox 1737 4127 1885 4188; x_wconf 86' lang='lat' dir='ltr'>sub-</span> 
     </span>
    </p>
   </div>
   <div class='ocr_carea' id='block_1_14' title="bbox 1993 3138 3487 3911">
    <p class='ocr_par' dir='ltr' id='par_1_15' title="bbox 1993 3138 3487 3911">
     <span class='ocr_line' id='line_1_63' title="bbox 1993 3138 3481 3217; baseline 0.001 -18"><span class='ocrx_word' id='word_1_378' title='bbox 1993 3139 2165 3200; x_wconf 84' lang='lat' dir='ltr'>ciant</span> <span class='ocrx_word' id='word_1_379' title='bbox 2211 3138 2401 3217; x_wconf 89' lang='lat' dir='ltr'>mala,</span> <span class='ocrx_word' id='word_1_380' title='bbox 2435 3138 2648 3201; x_wconf 91' lang='lat' dir='ltr'>obtusi</span> <span class='ocrx_word' id='word_1_381' title='bbox 2696 3157 2869 3216; x_wconf 88' lang='lat' dir='ltr'>vero,</span> <span class='ocrx_word' id='word_1_382' title='bbox 2919 3138 3047 3201; x_wconf 92' lang='lat' dir='ltr'>imo</span> <span class='ocrx_word' id='word_1_383' title='bbox 3096 3146 3159 3201; x_wconf 89' lang='lat' dir='ltr'>et</span> <span class='ocrx_word' id='word_1_384' title='bbox 3205 3138 3379 3215; x_wconf 79' lang='lat' dir='ltr'>caeci,</span> <span class='ocrx_word' id='word_1_385' title='bbox 3414 3138 3481 3201; x_wconf 90' lang='lat' dir='ltr'>in</span> 
     </span>
     <span class='ocr_line' id='line_1_64' title="bbox 1995 3236 3481 3319; baseline -0.001 -20"><span class='ocrx_word' id='word_1_386' title='bbox 1995 3236 2463 3317; x_wconf 89' lang='lat' dir='ltr'>pertinentibus</span> <span class='ocrx_word' id='word_1_387' title='bbox 2511 3237 2588 3300; x_wconf 90' lang='lat' dir='ltr'>ad</span> <span class='ocrx_word' id='word_1_388' title='bbox 2638 3237 2931 3301; x_wconf 86' lang='lat' dir='ltr'>salutem.</span> <span class='ocrx_word' id='word_1_389' title='bbox 2975 3237 3318 3314; x_wconf 90' lang='lat' dir='ltr'>Postremo,</span> <span class='ocrx_word' id='word_1_390' title='bbox 3366 3256 3481 3319; x_wconf 90' lang='lat' dir='ltr'>per</span> 
     </span>
     <span class='ocr_line' id='line_1_65' title="bbox 1995 3335 3481 3417; baseline 0 -20"><span class='ocrx_word' id='word_1_391' title='bbox 1995 3335 2115 3398; x_wconf 92' lang='lat' dir='ltr'>hoc</span> <span class='ocrx_word' id='word_1_392' title='bbox 2144 3336 2317 3417; x_wconf 92' lang='lat' dir='ltr'>quod</span> <span class='ocrx_word' id='word_1_393' title='bbox 2347 3336 2566 3417; x_wconf 85' lang='lat' dir='ltr'>praelio</span> <span class='ocrx_word' id='word_1_394' title='bbox 2605 3336 2986 3400; x_wconf 88' lang='lat' dir='ltr'>imminente</span> <span class='ocrx_word' id='word_1_395' title='bbox 3020 3355 3150 3399; x_wconf 89' lang='lat' dir='ltr'>non</span> <span class='ocrx_word' id='word_1_396' title='bbox 3190 3340 3341 3399; x_wconf 84' lang='lat' dir='ltr'>sunt</span> <span class='ocrx_word' id='word_1_397' title='bbox 3383 3336 3481 3397; x_wconf 85' lang='lat' dir='ltr'>in-</span> 
     </span>
     <span class='ocr_line' id='line_1_66' title="bbox 1998 3433 3480 3513; baseline -0.001 -16"><span class='ocrx_word' id='word_1_398' title='bbox 1998 3434 2170 3497; x_wconf 91' lang='lat' dir='ltr'>venti</span> <span class='ocrx_word' id='word_1_399' title='bbox 2202 3433 2373 3497; x_wconf 90' lang='lat' dir='ltr'>ensis</span> <span class='ocrx_word' id='word_1_400' title='bbox 2402 3443 2466 3497; x_wconf 91' lang='lat' dir='ltr'>et</span> <span class='ocrx_word' id='word_1_401' title='bbox 2494 3435 2737 3513; x_wconf 87' lang='lat' dir='ltr'>lancea,</span> <span class='ocrx_word' id='word_1_402' title='bbox 2760 3436 2883 3498; x_wconf 90' lang='lat' dir='ltr'>nisi</span> <span class='ocrx_word' id='word_1_403' title='bbox 2914 3436 2981 3498; x_wconf 90' lang='lat' dir='ltr'>in</span> <span class='ocrx_word' id='word_1_404' title='bbox 3013 3435 3311 3497; x_wconf 84' lang='lat' dir='ltr'>manibus</span> <span class='ocrx_word' id='word_1_405' title='bbox 3333 3434 3480 3497; x_wconf 90' lang='lat' dir='ltr'>Saul</span> 
     </span>
     <span class='ocr_line' id='line_1_67' title="bbox 1996 3531 3484 3616; baseline 0.001 -22"><span class='ocrx_word' id='word_1_406' title='bbox 1996 3540 2058 3594; x_wconf 92' lang='lat' dir='ltr'>ct</span> <span class='ocrx_word' id='word_1_407' title='bbox 2098 3531 2404 3608; x_wconf 82' lang='lat' dir='ltr'>Jonathae,</span> <span class='ocrx_word' id='word_1_408' title='bbox 2439 3531 2987 3614; x_wconf 82' lang='lat' dir='ltr'>praefigurabatur,</span> <span class='ocrx_word' id='word_1_409' title='bbox 3019 3535 3193 3616; x_wconf 89' lang='lat' dir='ltr'>quod</span> <span class='ocrx_word' id='word_1_410' title='bbox 3218 3532 3484 3616; x_wconf 74' lang='lat' dir='ltr'>:praelati</span> 
     </span>
     <span class='ocr_line' id='line_1_68' title="bbox 1995 3629 3487 3715; baseline 0.001 -23"><span class='ocrx_word' id='word_1_411' title='bbox 1995 3638 2058 3692; x_wconf 90' lang='lat' dir='ltr'>et</span> <span class='ocrx_word' id='word_1_412' title='bbox 2095 3648 2313 3693; x_wconf 87' lang='lat' dir='ltr'>eorum</span> <span class='ocrx_word' id='word_1_413' title='bbox 2350 3629 2570 3693; x_wconf 87' lang='lat' dir='ltr'>vicarii</span> <span class='ocrx_word' id='word_1_414' title='bbox 2615 3630 2886 3694; x_wconf 87' lang='lat' dir='ltr'>debcant</span> <span class='ocrx_word' id='word_1_415' title='bbox 2931 3640 3121 3695; x_wconf 80' lang='lat' dir='ltr'>tantae</span> <span class='ocrx_word' id='word_1_416' title='bbox 3165 3651 3305 3695; x_wconf 89' lang='lat' dir='ltr'>esse</span> <span class='ocrx_word' id='word_1_417' title='bbox 3350 3650 3487 3715; x_wconf 88' lang='lat' dir='ltr'>per·</span> 
     </span>
     <span class='ocr_line' id='line_1_69' title="bbox 1995 3728 3470 3814; baseline 0.002 -24"><span class='ocrx_word' id='word_1_418' title='bbox 1995 3728 2315 3804; x_wconf 85' lang='lat' dir='ltr'>fectioniS,</span> <span class='ocrx_word' id='word_1_419' title='bbox 2363 3729 2536 3811; x_wconf 93' lang='lat' dir='ltr'>quod</span> <span class='ocrx_word' id='word_1_420' title='bbox 2583 3737 3173 3814; x_wconf 88' lang='lat' dir='ltr'>quantumcumque</span> <span class='ocrx_word' id='word_1_421' title='bbox 3232 3731 3470 3793; x_wconf 91' lang='lat' dir='ltr'>subditi</span> 
     </span>
     <span class='ocr_line' id='line_1_70' title="bbox 1995 3827 3485 3911; baseline 0.003 -22"><span class='ocrx_word' id='word_1_422' title='bbox 1995 3827 2434 3909; x_wconf 86' lang='lat' dir='ltr'>spiritualibus</span> <span class='ocrx_word' id='word_1_423' title='bbox 2484 3827 2677 3889; x_wconf 88' lang='lat' dir='ltr'>armis</span> <span class='ocrx_word' id='word_1_424' title='bbox 2728 3828 3079 3908; x_wconf 90' lang='lat' dir='ltr'>priventur,</span> <span class='ocrx_word' id='word_1_425' title='bbox 3128 3837 3190 3893; x_wconf 89' lang='lat' dir='ltr'>et</span> <span class='ocrx_word' id='word_1_426' title='bbox 3241 3830 3485 3911; x_wconf 87' lang='lat' dir='ltr'>passio-</span> 
     </span>
    </p>
   </div>
   <div class='ocr_carea' id='block_1_15' title="bbox 1923 3926 3483 4011">
    <p class='ocr_par' dir='ltr' id='par_1_16' title="bbox 1923 3926 3483 4011">
     <span class='ocr_line' id='line_1_71' title="bbox 1923 3926 3483 4011; baseline 0.001 -22"><span class='ocrx_word' id='word_1_427' title='bbox 1923 3931 1956 3989; x_wconf 80' lang='grc' dir='ltr'>,ζ</span> <span class='ocrx_word' id='word_1_428' title='bbox 1996 3944 2151 3987; x_wconf 91' lang='lat' dir='ltr'>num</span> <span class='ocrx_word' id='word_1_429' title='bbox 2184 3926 2689 3989; x_wconf 87' lang='lat' dir='ltr'>immoderantiis</span> <span class='ocrx_word' id='word_1_430' title='bbox 2732 3926 3071 4007; x_wconf 89' lang='lat' dir='ltr'>agitentur,</span> <span class='ocrx_word' id='word_1_431' title='bbox 3108 3927 3233 4011; x_wconf 88' lang='lat' dir='ltr'>ipsi</span> <span class='ocrx_word' id='word_1_432' title='bbox 3269 3937 3483 3991; x_wconf 88' lang='lat' dir='ltr'>tamen</span> 
     </span>
    </p>
   </div>
   <div class='ocr_carea' id='block_1_16' title="bbox 1996 4023 3482 4206">
    <p class='ocr_par' dir='ltr' id='par_1_17' title="bbox 1996 4023 3482 4206">
     <span class='ocr_line' id='line_1_72' title="bbox 1997 4023 3482 4108; baseline 0.003 -23"><span class='ocrx_word' id='word_1_433' title='bbox 1997 4025 2061 4086; x_wconf 91' lang='lat' dir='ltr'>in</span> <span class='ocrx_word' id='word_1_434' title='bbox 2097 4023 2273 4088; x_wconf 90' lang='lat' dir='ltr'>omni</span> <span class='ocrx_word' id='word_1_435' title='bbox 2308 4024 2564 4102; x_wconf 88' lang='lat' dir='ltr'>virtute,</span> <span class='ocrx_word' id='word_1_436' title='bbox 2597 4025 2662 4086; x_wconf 94' lang='lat' dir='ltr'>in</span> <span class='ocrx_word' id='word_1_437' title='bbox 2706 4026 2969 4088; x_wconf 90' lang='lat' dir='ltr'>rationis</span> <span class='ocrx_word' id='word_1_438' title='bbox 3010 4026 3375 4108; x_wconf 87' lang='lat' dir='ltr'>splendore,</span> <span class='ocrx_word' id='word_1_439' title='bbox 3416 4028 3482 4091; x_wconf 87' lang='lat' dir='ltr'>in</span> 
     </span>
     <span class='ocr_line' id='line_1_73' title="bbox 1996 4122 3479 4206; baseline 0.003 -21"><span class='ocrx_word' id='word_1_440' title='bbox 1996 4124 2137 4187; x_wconf 90' lang='lat' dir='ltr'>luce</span> <span class='ocrx_word' id='word_1_441' title='bbox 2175 4122 2506 4206; x_wconf 64' lang='lat' dir='ltr'>sapientiai</span> <span class='ocrx_word' id='word_1_442' title='bbox 2544 4133 2943 4205; x_wconf 89' lang='lat' dir='ltr'>perseverent</span> <span class='ocrx_word' id='word_1_443' title='bbox 2982 4122 3379 4203; x_wconf 86' lang='lat' dir='ltr'>firmissime,</span> <span class='ocrx_word' id='word_1_444' title='bbox 3414 4135 3479 4189; x_wconf 85' lang='lat' dir='ltr'>et</span> 
     </span>
    </p>
   </div>
   <div class='ocr_carea' id='block_1_17' title="bbox 378 4222 3777 4307">
    <p class='ocr_par' dir='ltr' id='par_1_18' title="bbox 378 4222 3777 4307">
     <span class='ocr_line' id='line_1_74' title="bbox 378 4222 3777 4307; baseline -0 -18"><span class='ocrx_word' id='word_1_445' title='bbox 378 4226 755 4289; x_wconf 82' lang='lat' dir='ltr'>ventionem</span> <span class='ocrx_word' id='word_1_446' title='bbox 786 4244 860 4288; x_wconf 91' lang='lat' dir='ltr'>ac</span> <span class='ocrx_word' id='word_1_447' title='bbox 888 4224 1294 4307; x_wconf 82' lang='lat' dir='ltr'>praesentiam</span> <span class='ocrx_word' id='word_1_448' title='bbox 1335 4225 1526 4287; x_wconf 87' lang='lat' dir='ltr'>debet</span> <span class='ocrx_word' id='word_1_449' title='bbox 1569 4224 1886 4287; x_wconf 88' lang='lat' dir='ltr'>fiduciali·</span> <span class='ocrx_word' id='word_1_450' title='bbox 1915 4226 1963 4287; x_wconf 93' lang='lat' dir='ltr'>D</span> <span class='ocrx_word' id='word_1_451' title='bbox 1995 4223 2160 4285; x_wconf 88' lang='lat' dir='ltr'>mala</span> <span class='ocrx_word' id='word_1_452' title='bbox 2214 4223 2473 4286; x_wconf 90' lang='lat' dir='ltr'>vincant</span> <span class='ocrx_word' id='word_1_453' title='bbox 2532 4222 2598 4284; x_wconf 91' lang='lat' dir='ltr'>in</span> <span class='ocrx_word' id='word_1_454' title='bbox 2660 4223 2850 4300; x_wconf 91' lang='lat' dir='ltr'>bono,</span> <span class='ocrx_word' id='word_1_455' title='bbox 2902 4243 3142 4307; x_wconf 89' lang='lat' dir='ltr'>suaque</span> <span class='ocrx_word' id='word_1_456' title='bbox 3194 4224 3479 4290; x_wconf 83' lang='lat' dir='ltr'>bonitate</span> <span class='ocrx_word' id='word_1_457' title='bbox 3514 4244 3777 4297; x_wconf 57' lang='lat' dir='ltr'>Romanas.</span> 
     </span>
    </p>
   </div>
   <div class='ocr_carea' id='block_1_18' title="bbox 378 4322 1887 4797">
    <p class='ocr_par' dir='ltr' id='par_1_19' title="bbox 381 4322 1878 4502">
     <span class='ocr_line' id='line_1_75' title="bbox 382 4322 1878 4406; baseline -0.001 -20"><span class='ocrx_word' id='word_1_458' title='bbox 382 4334 482 4387; x_wconf 84' lang='lat' dir='ltr'>ter</span> <span class='ocrx_word' id='word_1_459' title='bbox 530 4322 909 4406; x_wconf 81' lang='lat' dir='ltr'>praestolari,</span> <span class='ocrx_word' id='word_1_460' title='bbox 947 4341 1065 4385; x_wconf 91' lang='lat' dir='ltr'>nec</span> <span class='ocrx_word' id='word_1_461' title='bbox 1114 4322 1536 4404; x_wconf 83' lang='lat' dir='ltr'>praestolando</span> <span class='ocrx_word' id='word_1_462' title='bbox 1578 4322 1878 4400; x_wconf 85' lang='lat' dir='ltr'>deficere,</span> 
     </span>
     <span class='ocr_line' id='line_1_76' title="bbox 381 4420 1289 4502; baseline -0.001 -18"><span class='ocrx_word' id='word_1_463' title='bbox 381 4441 502 4485; x_wconf 88' lang='lat' dir='ltr'>nec</span> <span class='ocrx_word' id='word_1_464' title='bbox 535 4422 663 4483; x_wconf 90' lang='lat' dir='ltr'>sibi</span> <span class='ocrx_word' id='word_1_465' title='bbox 694 4420 922 4484; x_wconf 82' lang='lat' dir='ltr'>illicita</span> <span class='ocrx_word' id='word_1_466' title='bbox 953 4439 1289 4502; x_wconf 88' lang='lat' dir='ltr'>usurpare..</span> 
     </span>
    </p>

    <p class='ocr_par' dir='ltr' id='par_1_20' title="bbox 378 4521 1887 4797">
     <span class='ocr_line' id='line_1_77' title="bbox 397 4521 1884 4598; baseline -0.003 -15"><span class='ocrx_word' id='word_1_467' title='bbox 397 4594 402 4598; x_wconf 22' lang='grc' dir='ltr'>ι</span> <span class='ocrx_word' id='word_1_468' title='bbox 461 4522 729 4597; x_wconf 70' lang='lat' dir='ltr'>Eqressi</span> <span class='ocrx_word' id='word_1_469' title='bbox 761 4530 918 4580; x_wconf 76' lang='lat' dir='ltr'>sunt</span> <span class='ocrx_word' id='word_1_470' title='bbox 949 4522 1036 4580; x_wconf 84' lang='lat' dir='ltr'>ad</span> <span class='ocrx_word' id='word_1_471' title='bbox 1059 4522 1496 4595; x_wconf 78' lang='lat' dir='ltr'>proedandum</span> <span class='ocrx_word' id='word_1_472' title='bbox 1535 4522 1614 4579; x_wconf 83' lang='lat' dir='ltr'>de</span> <span class='ocrx_word' id='word_1_473' title='bbox 1652 4521 1884 4580; x_wconf 73' lang='lat' dir='ltr'>castris</span> 
     </span>
     <span class='ocr_line' id='line_1_78' title="bbox 378 4618 1883 4681; baseline -0.001 0"><span class='ocrx_word' id='word_1_474' title='bbox 378 4621 898 4681; x_wconf 76' lang='lat' dir='ltr'>Philiscinorum</span> <span class='ocrx_word' id='word_1_475' title='bbox 932 4629 1054 4679; x_wconf 81' lang='lat' dir='ltr'>tres</span> <span class='ocrx_word' id='word_1_476' title='bbox 1084 4619 1298 4679; x_wconf 76' lang='lat' dir='ltr'>cunei.</span> <span class='ocrx_word' id='word_1_477' title='bbox 1318 4618 1433 4681; x_wconf 84' lang='lat' dir='ltr'>Per</span> <span class='ocrx_word' id='word_1_478' title='bbox 1462 4618 1578 4681; x_wconf 89' lang='lat' dir='ltr'>hos</span> <span class='ocrx_word' id='word_1_479' title='bbox 1614 4628 1739 4681; x_wconf 84' lang='lat' dir='ltr'>tres</span> <span class='ocrx_word' id='word_1_480' title='bbox 1775 4637 1883 4680; x_wconf 87' lang='lat' dir='ltr'>cu-</span> 
     </span>
     <span class='ocr_line' id='line_1_79' title="bbox 381 4714 1887 4797; baseline -0.002 -16"><span class='ocrx_word' id='word_1_481' title='bbox 381 4736 544 4789; x_wconf 78' lang='lat' dir='ltr'>neos</span> <span class='ocrx_word' id='word_1_482' title='bbox 583 4717 1034 4797; x_wconf 70' lang='lat' dir='ltr'>intelliguntur</span> <span class='ocrx_word' id='word_1_483' title='bbox 1073 4714 1328 4797; x_wconf 76' lang='lat' dir='ltr'>tyranni</span> <span class='ocrx_word' id='word_1_484' title='bbox 1367 4725 1430 4779; x_wconf 90' lang='lat' dir='ltr'>et</span> <span class='ocrx_word' id='word_1_485' title='bbox 1472 4716 1754 4781; x_wconf 83' lang='lat' dir='ltr'>haeretici</span> <span class='ocrx_word' id='word_1_486' title='bbox 1795 4724 1887 4778; x_wconf 89' lang='lat' dir='ltr'>at-</span> 
     </span>
    </p>
   </div>
   <div class='ocr_carea' id='block_1_19' title="bbox 1993 4320 3485 4779">
    <p class='ocr_par' dir='ltr' id='par_1_21' title="bbox 1993 4320 3485 4779">
     <span class='ocr_line' id='line_1_80' title="bbox 1995 4320 3485 4406; baseline 0.001 -22"><span class='ocrx_word' id='word_1_487' title='bbox 1995 4341 2068 4384; x_wconf 96' lang='lat' dir='ltr'>ac</span> <span class='ocrx_word' id='word_1_488' title='bbox 2099 4320 2415 4404; x_wconf 88' lang='lat' dir='ltr'>probitate</span> <span class='ocrx_word' id='word_1_489' title='bbox 2444 4320 2715 4385; x_wconf 88' lang='lat' dir='ltr'>aliorum</span> <span class='ocrx_word' id='word_1_490' title='bbox 2740 4321 3257 4387; x_wconf 85' lang='lat' dir='ltr'>defectuositates</span> <span class='ocrx_word' id='word_1_491' title='bbox 3290 4324 3485 4406; x_wconf 87' lang='lat' dir='ltr'>repri-</span> 
     </span>
     <span class='ocr_line' id='line_1_81' title="bbox 1995 4418 3485 4504; baseline 0.001 -21"><span class='ocrx_word' id='word_1_492' title='bbox 1995 4430 2172 4483; x_wconf 89' lang='lat' dir='ltr'>mant</span> <span class='ocrx_word' id='word_1_493' title='bbox 2192 4427 2255 4482; x_wconf 92' lang='lat' dir='ltr'>et</span> <span class='ocrx_word' id='word_1_494' title='bbox 2274 4418 2644 4496; x_wconf 87' lang='lat' dir='ltr'>reforment,</span> <span class='ocrx_word' id='word_1_495' title='bbox 2660 4420 2962 4502; x_wconf 88' lang='lat' dir='ltr'>quoniam</span> <span class='ocrx_word' id='word_1_496' title='bbox 2989 4421 3112 4504; x_wconf 92' lang='lat' dir='ltr'>ipsi</span> <span class='ocrx_word' id='word_1_497' title='bbox 3140 4431 3289 4485; x_wconf 84' lang='lat' dir='ltr'>sunt</span> <span class='ocrx_word' id='word_1_498' title='bbox 3310 4423 3485 4487; x_wconf 88' lang='lat' dir='ltr'>velut</span> 
     </span>
     <span class='ocr_line' id='line_1_82' title="bbox 1993 4518 3480 4600; baseline 0.003 -19"><span class='ocrx_word' id='word_1_499' title='bbox 1993 4538 2293 4581; x_wconf 88' lang='lat' dir='ltr'>mensura</span> <span class='ocrx_word' id='word_1_500' title='bbox 2339 4526 2402 4581; x_wconf 89' lang='lat' dir='ltr'>et</span> <span class='ocrx_word' id='word_1_501' title='bbox 2450 4518 2669 4600; x_wconf 88' lang='lat' dir='ltr'>regula</span> <span class='ocrx_word' id='word_1_502' title='bbox 2716 4520 3111 4589; x_wconf 90' lang='lat' dir='ltr'>subditorum</span> <span class='ocrx_word' id='word_1_503' title='bbox 3160 4538 3173 4582; x_wconf 92' lang='lat'>:</span> <span class='ocrx_word' id='word_1_504' title='bbox 3224 4541 3480 4586; x_wconf 90' lang='lat' dir='ltr'>mensu-</span> 
     </span>
     <span class='ocr_line' id='line_1_83' title="bbox 1995 4617 3485 4699; baseline 0.003 -20"><span class='ocrx_word' id='word_1_505' title='bbox 1995 4637 2128 4679; x_wconf 88' lang='lat' dir='ltr'>ram</span> <span class='ocrx_word' id='word_1_506' title='bbox 2156 4635 2306 4680; x_wconf 87' lang='lat' dir='ltr'>vero</span> <span class='ocrx_word' id='word_1_507' title='bbox 2337 4624 2399 4679; x_wconf 90' lang='lat' dir='ltr'>et</span> <span class='ocrx_word' id='word_1_508' title='bbox 2421 4617 2703 4698; x_wconf 85' lang='lat' dir='ltr'>regulam</span> <span class='ocrx_word' id='word_1_509' title='bbox 2734 4626 2983 4699; x_wconf 86' lang='lat' dir='ltr'>oportet</span> <span class='ocrx_word' id='word_1_510' title='bbox 3013 4620 3317 4683; x_wconf 84' lang='lat' dir='ltr'>exsistere</span> <span class='ocrx_word' id='word_1_511' title='bbox 3347 4621 3485 4683; x_wconf 92' lang='lat' dir='ltr'>uni-</span> 
     </span>
     <span class='ocr_line' id='line_1_84' title="bbox 1998 4714 2405 4779; baseline 0 -2"><span class='ocrx_word' id='word_1_512' title='bbox 1998 4714 2290 4779; x_wconf 86' lang='lat' dir='ltr'>formem.</span> <span class='ocrx_word' id='word_1_513' title='bbox 2400 4722 2405 4727; x_wconf 81' lang='grc'>’</span> 
     </span>
    </p>
   </div>
   <div class='ocr_carea' id='block_1_20' title="bbox 3512 4538 3769 4653">
    <p class='ocr_par' dir='ltr' id='par_1_22' title="bbox 3512 4538 3769 4653">
     <span class='ocr_line' id='line_1_85' title="bbox 3564 4538 3769 4590; baseline -0.01 -9"><span class='ocrx_word' id='word_1_514' title='bbox 3564 4538 3671 4581; x_wconf 74' lang='lat' dir='ltr'>Len.</span> <span class='ocrx_word' id='word_1_515' title='bbox 3684 4551 3769 4590; x_wconf 71' lang='lat' dir='ltr'>xix,</span> 
     </span>
     <span class='ocr_line' id='line_1_86' title="bbox 3512 4604 3672 4653; baseline 0.006 -10"><span class='ocrx_word' id='word_1_516' title='bbox 3512 4604 3579 4653; x_wconf 77' lang='lat'>35,</span> <span class='ocrx_word' id='word_1_517' title='bbox 3606 4604 3672 4644; x_wconf 74' lang='lat'>³6.</span> 
     </span>
    </p>
   </div>
  </div>
 </body>
</html>
