4359 6250
869 473 948 536 34
1729 486 2075 537 ιιΝΑιιιιΑτιο
2119 488 2180 536 m
2224 487 2359 536 cat».
2411 486 2469 534 ιιι
2508 485 2709 534 iosus.
2756 507 2835 516 -
2876 486 3018 534 aar.
3066 486 3109 534 x

876 757 1005 820 lum
1057 769 1277 822 contra
1327 760 1562 836 hosteS,
1611 759 1917 840 clangetis
1967 758 2363 821 ululantibus

875 856 1068 934 tubis,
1103 866 1168 920 et
1205 857 1328 920 erit
1371 859 1723 920 recordatio
1755 859 1949 922 vestri
1991 876 2205 920 coram
2252 857 2365 918 Do-

872 955 1048 1019 mino
1079 957 1204 1020 Deo
1233 965 1464 1034 vestre,
1500 965 1571 1019 ut
1601 956 1916 1020 eruamini
1947 959 2027 1020 de
2065 955 2362 1018 manibus

873 1053 1278 1118 inimicorum
1301 1064 1678 1119 vestrorum.
1710 1059 2044 1136 Quumque
2065 1059 2364 1116 insonue-

873 1155 963 1213 rit
995 1174 1118 1214 υοω
1141 1157 1306 1216 tuboe
1337 1157 1588 1232 lonyior
1609 1165 1800 1235 atque
1819 1156 2154 1226 concisior,
2182 1154 2244 1216 id
2268 1161 2365 1216 est

875 1251 1075 1330 magis
1107 1251 1471 1315 confractus
1495 1260 1560 1316 et
1584 1253 2003 1335 interpolatus
2031 1251 2367 1336 [clangor],

875 1359 934 1409 et
954 1351 1026 1410 in
1048 1353 1320 1411 auribus
1341 1353 1566 1412 vestris
1586 1353 2002 1430 increpuerit,
2017 1355 2364 1412 conclama·

877 1450 968 1510 bit
996 1451 1207 1509 omnis
1235 1453 1514 1527 populus
1552 1452 2008 1526 vociferatione
2043 1452 2358 1510 maoeima.

875 1545 963 1606 Ex
994 1565 1122 1626 quo
1142 1555 1337 1629 patet,
1360 1548 1530 1628 quod
1551 1547 1740 1610 etiam
1767 1547 2034 1609 forsitan
2060 1547 2363 1611 mulieres

593 680 846 728 Num.x‚o.
875 659 1069 722 meris
1103 661 1407 724 Dominus
1436 661 1628 742 jussit
1662 679 1676 722 z
1713 661 1778 724 Si
1806 661 2088 724 exieritis
2117 661 2196 723 ad
2230 659 2365 722 bel-
2392 656 2443 718 A
2473 657 2765 720 tubarum
2798 659 3067 735 sonituS,
3087 666 3461 739 aggregatus
3490 665 3553 721 et
3582 656 3957 740 permixtus,

2473 755 2565 818 sic
2594 751 2883 819 omniuin
2915 757 3319 820 Hebraeorum
3344 776 3525 820 aures
3556 755 3863 838 implevit,
3888 773 3961 816 ac

2472 855 2523 915 si
2547 855 2762 917 omnia
2793 856 3107 920 elementa
3138 875 3211 918 ac
3240 864 3449 922 cetera
3488 855 3765 918 sonitum
3808 853 3963 916 emi-

2472 953 2706 1016 sissent
2736 954 3051 1017 tubarum.

2553 1055 2870 1131 Proecepit
2912 1064 3127 1114 autem
3165 1058 3352 1116 Josue
3388 1057 3647 1130 populo,
3679 1054 3899 1112 dicens
3938 1070 3963 1112 .·

2474 1154 2623 1214 Non
2662 1154 3052 1222 clamabitis,
3082 1173 3197 1213 nec
3236 1154 3543 1212 audietur
3573 1171 3697 1211 vom
3728 1160 3962 1220 vestra,

2472 1271 2585 1310 nec
2616 1255 2791 1312 ullus
2831 1271 3034 1311 sermo
3064 1253 3428 1328 eyredietur
3464 1272 3546 1311 eoe
3587 1271 3693 1310 ore
3732 1259 3957 1321 vest-rc,

2471 1351 2668 1408 donec
2702 1351 2920 1411 veniat
2957 1352 3095 1410 dies
3139 1352 3213 1410 in
3250 1371 3373 1430 quo
3410 1351 3628 1410 dicam
3665 1351 3861 1418 vobis,
3896 1348 3959 1410 id

2472 1455 2587 1522 cst,
2604 1465 2750 1510 cum
2773 1447 2949 1510 omni
2972 1448 3229 1511 silentio
3241 1447 3612 1522 circuibitis,
3628 1465 3962 1528 quousque

2472 1545 2652 1608 vobis
2690 1546 2929 1628 jubebo
2967 1565 2983 1608 ε
3027 1550 3311 1608 Clamate
3339 1548 3530 1609 corde
3568 1565 3681 1628 per
3716 1545 3962 1610 ferven-

872 1652 934 1705 et
966 1645 1212 1725 parvuli
1247 1645 1313 1707 in
1350 1645 1484 1707 suis
1519 1645 1676 1708 locis
1711 1646 2086 1708 clamabant.
2125 1645 2363 1709 Clama-
2472 1655 2601 1708 tem
2640 1647 2721 1708 ad
2764 1647 2961 1708 Deum
3004 1665 3284 1709 amorem
3328 1665 3401 1708 ac
3440 1645 3867 1721 devotionem,
3900 1657 3962 1708 et

869 1743 1024 1806 bant
1051 1751 1263 1805 autem
1291 1763 1416 1807 non
1444 1744 1966 1808 irrationabiliter
1991 1754 2054 1808 et
2076 1745 2356 1818 confuse,
2472 1747 2929 1822 vociferamini
2972 1764 3081 1808 ore
3136 1744 3469 1811 Dominum
3515 1745 3867 1808 invocando
3898 1754 3963 1807 et

868 1842 977 1904 sed
1009 1843 1234 1904 devote
1265 1844 1342 1905 ad
1375 1843 1736 1919 Dominum,
1773 1863 1918 1906 eum
1951 1844 2269 1906 laudando
2300 1852 2363 1906 et
2390 1834 2435 1894 Β
2469 1842 2909 1905 collaudando.
2953 1843 3151 1905 Jussit
3199 1841 3414 1924 itaque
3454 1842 3663 1918 Josue,
3696 1850 3767 1904 ut
3814 1859 3959 1902 cum

867 1941 1234 2004 invocando.
1257 1945 1338 2002 Et
1363 1943 1538 2002 muri
1558 1943 1868 2018 funditus
1888 1953 2188 2004 corruent
2208 1945 2363 2003 civi·
2472 1939 2756 2022 perfecto
2786 1941 3131 2004 circuirent
3163 1941 3441 2016 silentio,
3476 1948 3789 2022 quatenus
3835 1959 3963 2000 ma-

867 2042 1034 2106 tatis,
1057 2059 1182 2102 non
1215 2059 1290 2101 ex
1316 2039 1552 2104 virtutc
1577 2040 1894 2118 clamoriS,
1917 2042 2025 2106 sed
2055 2060 2131 2104 ex
2161 2041 2363 2104 omni·
2467 2041 2671 2121 jorem
2714 2039 2795 2102 ad
2841 2040 3037 2103 Deum
3088 2040 3397 2103 haberent
3439 2038 3864 2110 devotionem,
3898 2045 3962 2100 et

865 2137 1148 2220 potentia
1181 2138 1288 2201 Dei
1324 2157 1439 2220 per
1473 2139 1774 2202 meritum
1810 2148 2036 2203 vestrae
2077 2140 2361 2203 devotio·
2469 2157 2617 2199 cum
2661 2139 2836 2200 omni
2882 2139 3256 2214 reverentia,
3300 2137 3722 2211 ordinatione,
3770 2145 3961 2217 atque

869 2236 968 2298 nis
994 2254 1010 2298 ε
1038 2244 1102 2298 et
1131 2237 1250 2299 boc
1285 2236 1350 2298 in
1376 2237 1648 2319 septimo
1675 2236 1943 2300 circuitu
1977 2237 2213 2300 factum
2241 2247 2356 2301 est.
2470 2236 2778 2298 modestia
2809 2255 3019 2298 arcam
3051 2235 3575 2299 circumferentes
3597 2252 3809 2298 coram
3832 2235 3960 2298 Deo

951 2334 1186 2397 Deinde
1244 2335 1648 2407 describitur,
1702 2335 1976 2416 qualiter
2022 2337 2211 2399 Josue
2260 2337 2363 2398 de·
2472 2335 2859 2398 incederent.
2910 2335 3041 2409 Quo
3093 2335 3456 2412 innotescit,
3509 2353 3699 2415 quam
3754 2352 3961 2414 repre-

873 2432 1192 2494 nuntiavit
1215 2433 1656 2497 sacerdotibus
1687 2453 1759 2496 ac
1791 2434 2029 2516 populo
2071 2434 2193 2497 ista
2230 2436 2359 2517 jam
2470 2432 2819 2496 hensibiles
2850 2434 2980 2496 sint
2998 2433 3365 2511 Christiani,
3390 2433 3499 2515 qui
3523 2434 3960 2516 processiones

872 2539 1058 2607 tacta,
1092 2530 1214 2593 sibi
1259 2531 1580 2594 insinuata
1617 2531 1698 2593 ab
1742 2532 1991 2613 angel0‚
2025 2542 2086 2595 et
2132 2533 2361 2615 planus
2470 2541 2532 2595 ct
2580 2553 2904 2596 sacrorum
2965 2533 3435 2615 deportationes
3489 2532 3731 2596 faciunt.
3787 2533 3963 2594 inde-

871 2638 967 2692 est
999 2638 1200 2692 textus
1231 2649 1306 2692 ex
1328 2630 1729 2693 introductis.
1757 2635 1863 2692 Ad
1875 2637 2195 2708 populu-m
2216 2653 2364 2712 quo·
2470 2639 2636 2706 vote,
2662 2630 3188 2708 fabulationibuS,
3226 2630 3604 2708 insolentiiS‚
3629 2639 3737 2693 aut
3766 2631 3959 2693 etiam

869 2749 992 2807 que
1019 2731 1140 2798 ait,
1174 2736 1326 2809 puta
1355 2729 1433 2790 ad
1469 2728 1679 2790 viros:
1715 2732 1832 2801 Ite,
1865 2739 1925 2789 et
1963 2732 2231 2790 circuite
2278 2733 2364 2789 ci·
2469 2729 3039 2792 comessationibus
3071 2729 3632 2810 potationibusque
3652 2731 3956 2792 vacando,

871 2828 1136 2888 vitatem
1167 2829 1413 2888 armati
1433 2830 1860 2904 praecedentes
1892 2848 2113 2889 arcam
2146 2832 2361 2890 Domi·
2553 2830 2867 2889 Circuivit
2914 2849 3083 2905 cryc,
3120 2828 3186 2890 id
3229 2836 3325 2890 est
3368 2827 3955 2906 circumferebatur,

869 2926 960 2986 ni.
997 2923 1239 2987 Hebraei
1283 2925 1382 3004 (ut
1427 2923 1658 3005 fertur)
1701 2934 2026 3006 exponunt
2069 2927 2244 2989 istud
2281 2929 2359 2990 de
2468 2946 2623 2985 arca
2667 2928 2936 2986 Domini
2983 2929 3311 2988 civitatem
3358 2929 3551 2986 semel
3590 2946 3710 3003 per
3756 2929 3954 2988 diem.

869 3021 1026 3084 filiis
1059 3022 1278 3086 Ruben
1322 3032 1384 3086 et
1426 3023 1577 3100 Gad,
1613 3043 1686 3086 ac
1732 3025 1957 3087 mediae
2007 3025 2211 3088 tribus
2242 3027 2359 3089 Ma·
2386 3023 2430 3088 C
2488 3026 2725 3100 Vulyus
2763 3035 2976 3096 autem
3026 3027 3355 3104 reliquum
3404 3045 3624 3085 arcam
3670 3026 3959 3104 sequeba-

867 3141 1072 3199 nasse,
1100 3124 1208 3185 sed
1241 3141 1368 3185 non
1400 3130 1497 3185 est
1524 3124 1876 3205 putandum
1908 3127 2078 3205 quod
2112 3125 2206 3188 illi
2238 3127 2356 3190 soli
2471 3132 2599 3194 tur,
2640 3134 2699 3183 et
2746 3126 3032 3185 buccinis
3070 3126 3475 3202 personabat.
3522 3122 3957 3187 Exterioribus

867 3220 1307 3303 praecedebant
1366 3241 1574 3284 arcam
1635 3222 1885 3299 armati,
1931 3242 2128 3305 quum
2192 3225 2361 3288 infra
2468 3229 2531 3283 et
2552 3221 2985 3292 materialibus
3010 3222 3297 3285 buccinis
3326 3222 3631 3302 clangere,
3658 3221 3953 3285 officium
4002 3237 4248 3283 mnas.

868 3319 1116 3383 dicatur
1145 3321 1316 3401 quod
1347 3319 1557 3383 omnis
1590 3321 1862 3402 populus
1897 3332 2177 3385 armatus
2210 3343 2361 3406 prae-
2468 3320 2712 3383 exstitit
2754 3321 3151 3383 sacerdotum
3188 3338 3203 3381 :
3256 3322 3577 3403 quomodo
3618 3340 3769 3403 ergo
3812 3321 3959 3383 reli-

869 3419 1061 3483 cessit
1088 3438 1298 3481 arcam
1325 3444 1338 3493 ς
1367 3421 1474 3482 sed
1507 3419 1616 3481 illi·
1633 3431 2091 3503 praecesserunt
2119 3433 2362 3487 ceteras

875 3518 1078 3581 tribus
1121 3537 1266 3599 quae
1303 3526 1449 3580 ante
1491 3538 1700 3581 arcam
1748 3520 2020 3583 iverunt.
2057 3522 2365 3585 Promise-

880 3625 1023 3679 rant
1049 3616 1220 3679 enim
1242 3618 1383 3679 duae
1405 3616 1608 3679 tribus
1639 3617 1766 3681 illae
1784 3637 1858 3680 ac
1877 3618 2101 3695 media,
2125 3619 2320 3702 Moysi
2345 3638 2359 3683 :

586 3727 848 3779 Numana.
881 3716 1000 3778 Nos
1034 3714 1156 3797 ipsi
1199 3716 1424 3777 armati
1470 3717 1898 3797 praecedemus
1946 3715 2118 3780 filios
2150 3718 2361 3781 Israel.

589 3792 654 3833 17.

883 3817 1218 3893 Quumque
1259 3817 1446 3875 Josue
1491 3817 1676 3874 verba
1723 3818 1990 3891 finisset,
2037 3828 2096 3875 et
2133 3828 2368 3893 septem

878 3916 1228 3973 sacerdotes
1277 3914 1564 3972 buccinis
1611 3916 2002 3989 clanyerent,
2037 3918 2370 3994 omnisque

599 4024 855 4080 mannaque
872 4015 1154 4088 populus
1191 4014 1574 4087 proecederet
1630 4021 1924 4071 armatus
1945 4014 1994 4081 *,
2041 4014 2369 4090 reliquum

579 4088 853 4141 precederet

586 4155 788 4193 armatus

587 4214 810 4256 aeream
881 4208 1051 4289 quod
1075 4206 1355 4270 universi
1377 4207 1498 4269 viri
1521 4208 1745 4269 armati
1769 4217 1916 4272 ante
1936 4228 2146 4271 arcam
2173 4219 2371 4273 trans·
2400 4206 2449 4267 D
2479 4206 2701 4268 scribit
2739 4206 2996 4287 quidam
3038 4224 3053 4267 ε
3098 4206 3232 4269 Non
3274 4215 3371 4269 est
3411 4207 3757 4270 verisimile
3795 4208 3965 4289 quod

881 4113 1116 4186 vulqus
1145 4129 1366 4169 arcam
1395 4112 1796 4188 sequebatur.
1819 4110 2049 4172 Dicunt
2078 4112 2364 4192 quidam,

883 4304 1082 4381 ibant,
1117 4314 1181 4368 et
1208 4305 1319 4367 alii
1353 4305 1501 4366 lassi
1539 4324 1650 4367 seu
1683 4304 2067 4387 impotentes
2099 4308 2176 4369 ad
2214 4326 2371 4389 prae-

884 4404 1062 4481 lium,
1097 4412 1206 4467 aut
1250 4422 1378 4467 non
1421 4403 1670 4480 armati,
1718 4411 1884 4466 retro
1925 4423 2134 4467 arcam
2181 4424 2372 4470 vene-

881 4511 1030 4565 runt
1065 4520 1079 4563 z
1124 4509 1187 4564 et
1228 4503 1348 4565 boc
1394 4501 1606 4564 littera
1649 4501 1900 4566 videtur
1949 4504 2364 4585 praetcndere.

877 4602 1066 4665 Porro
1113 4599 1223 4663 alii
1276 4600 1517 4676 dicunt,
1563 4601 1735 4681 quod
1786 4600 1991 4663 tribus
2041 4602 2172 4664 Dan
2224 4622 2371 4666 cum

873 4699 1118 4763 duabus
1155 4697 1446 4761 tribubus
1481 4697 1604 4760 sibi
1639 4699 1980 4781 adjunctiS,
2014 4719 2156 4781 quae
2198 4710 2263 4765 et
2304 4702 2370 4763 in

872 4798 1154 4862 motione
1187 4806 1536 4860 castrorum
1569 4796 1747 4859 ibant
1779 4806 1922 4879 post
1953 4818 2187 4877 arcam,
2224 4800 2371 4862 ulti-

871 4916 976 4960 mo
999 4897 1134 4961 loco
1155 4897 1234 4959 ad
1249 4896 1700 4959 occidentalem
1726 4897 1992 4978 plagam,
2007 4898 2371 4963 etiamnunc

873 5015 1082 5059 arcam
1127 4995 1584 5077 sequebantur3
1622 4996 1792 5076 quod
1828 4996 1978 5058 item
2016 4997 2213 5060 ceteri
2254 4998 2372 5059 mi-

878 5115 998 5157 nus
1029 5094 1185 5176 apti,
1219 5113 1330 5157 seu
1363 5093 1510 5155 lassi
1561 5102 1625 5156 et
1664 5093 2068 5176 impotentes,
2103 5096 2371 5158 associa-

880 5195 1036 5256 bant
1065 5212 1132 5256 se
1163 5192 1278 5255 eiS.
1315 5196 1409 5253 Ac
1439 5194 1724 5253 buccinis
1768 5194 1990 5253 omnia
2034 5214 2370 5270 concrepa-

879 5295 1034 5353 bant
1055 5314 1077 5351 .·
1107 5292 1260 5373 quia
1301 5300 1526 5354 acutus
1553 5299 1620 5353 et
1665 5290 1952 5354 intensus
1983 5292 2092 5355 ille
2124 5301 2367 5374 septem

2471 3436 2667 3499 quum
2702 3417 2930 3497 vulgus
2950 3417 3241 3484 buccinis
3262 3418 3666 3501 personabat,
3695 3419 3819 3481 nisi
3855 3420 3957 3482 vel

2474 3516 2963 3579 buccinantibus
3003 3516 3435 3580 sacerdotibus
3480 3519 3957 3597 congaudendo,

2473 3624 2582 3676 aut
2614 3615 3026 3677 buccinarum
3048 3614 3325 3677 sonitum
3350 3615 3785 3697 percipiendo,
3810 3617 3962 3699 quia

2474 3714 2574 3792 (ut
2604 3711 2845 3775 dictum
2888 3715 3011 3791 est)
3040 3713 3257 3775 omnia
3291 3714 3581 3777 buccinis
3622 3733 3966 3797 concrepa·

2476 3811 2651 3889 bant,
2687 3810 2789 3873 vel.
2838 3811 3205 3875 cordialiter
3251 3812 3587 3893 jubilando
3637 3833 3711 3877 ac
3754 3814 3968 3877 conci-

2480 3911 2735 3973 nendo?
2759 3913 3095 3990 Quumque
3112 3913 3378 3987 septimo
3408 3913 3693 3973 circuitu
3722 3917 3971 3990 clanye·

2478 4020 2620 4071 rent
2671 4012 2958 4069 buccinis
3004 4012 3377 4081 sacerdotes,
3424 4012 3600 4071 dixit
3646 4015 3833 4072 Josue
3880 4014 3969 4071 ad

2476 4128 2729 4169 omnem
2773 4112 2980 4169 Israel
3015 4126 3037 4167 .·
3091 4109 3574 4187 Vociferamini.
3619 4109 3797 4171 Circa
3846 4110 3967 4172 hoc

2480 4312 2690 4367 tantus
2740 4305 3053 4367 exercitus
3099 4314 3314 4386 posset
3352 4323 3573 4368 vocem
3620 4306 3808 4369 Josue
3856 4325 3967 4368 au-

2479 4403 2632 4480 dire,
2668 4402 2940 4465 maxime
2979 4403 3281 4483 quoniam
3322 4405 3679 4467 sacerdotes
3718 4404 3970 4484 clange-

2479 4503 2630 4565 bant
2672 4500 2842 4563 tubis
2877 4518 2891 4561 ε
2938 4500 3175 4564 idcirco
3215 4501 3488 4579 videtur,
3520 4503 3694 4584 quod
3745 4504 3965 4566 Dicere

2478 4601 2753 4663 sumitur
2797 4600 2901 4663 hic
2942 4618 3058 4681 pro
3096 4601 3479 4664 Denuntiare
3518 4601 3734 4683 aliquo
3782 4602 3969 4684 signo

2479 4698 2792 4775 sensibili,
2837 4706 2990 4779 puta
3038 4697 3394 4761 elevatione
3438 4699 3679 4776 vexilli,
3716 4700 3815 4762 vel
3854 4699 3971 4763 ali-

2477 4816 2605 4879 quo
2638 4797 2771 4872 tali,
2807 4798 2977 4877 quod
3008 4816 3043 4859 a
3090 4805 3221 4859 toto
3260 4798 3538 4860 exercitu
3585 4806 3832 4880 poterat
3877 4799 3972 4861 vi-

2479 4896 2634 4959 deri.
2670 4896 2839 4958 Istud
2880 4896 3318 4977 apparentiam
3359 4905 3575 4979 posset
3613 4897 3871 4974 babere,
3910 4899 3966 4960 si

2475 4995 2662 5057 Josue
2711 4995 2917 5057 solum
2970 4994 3254 5070 dixisset,
3301 4995 3808 5073 vociferamini3
3860 4998 3971 5059 sed

2478 5093 2630 5174 quia
2668 5093 2817 5155 huic
2862 5093 3057 5156 verbo
3096 5093 3357 5173 longum
3398 5094 3692 5176 adjunxit
3734 5114 3972 5159 sermo-

2480 5211 2648 5268 nem,
2686 5201 2756 5254 ut
2784 5200 2959 5274 patet
2989 5192 3054 5253 in
3089 5201 3284 5269 textu,
3318 5212 3510 5275 quem
3545 5212 3673 5257 non
3724 5201 3971 5276 poterat

2476 5291 2693 5373 aliquo
2742 5290 3036 5354 exteriori
3087 5292 3450 5373 hujusmodi
3506 5293 3688 5375 signo
3736 5294 3974 5377 populo
