4359 6250
631 4534 876 4591 nneqaw,

613 4600 681 4644 27.

628 5117 875 5172 “Panum

615 5183 837 5232 ¹0-12„18.

899 485 1020 548 690

1459 500 1808 548 mannarlo
1848 500 1913 546 IN
1955 499 2092 545 CAP-
2136 498 2221 544 XV
2262 496 2419 544 unm
2460 495 2661 542 Titum
2700 495 2925 542 RSGUH.
2968 513 3050 526 ·-·-
3088 493 3231 540 am·-
3276 489 3430 540 xxm

899 674 1346 750 inm-ederetur
1375 694 1490 734 rex
1527 675 1601 733 in
1631 675 1896 732 domum
1927 670 2225 739 Domini,
2244 688 2394 746 por-
2418 667 2471 730 Α
2580 665 3027 748 Spiritualiter,
3062 684 3175 748 per
3210 663 3539 728 Jeroboam
3570 659 3991 743 designantur
4060 680 4229 723 Seu-⁸

901 773 1122 833 tabant
1149 792 1225 833 ea
1255 775 1372 851 qui
1391 772 1738 850 proeeundi
1755 771 2068 830 habebant
2087 769 2391 844 officium,

897 881 958 931 ei
979 880 1200 949 postea
1239 872 1652 948 reportabant
1680 871 1769 930 ad
1804 867 2393 930 armamentarium

896 971 1356 1030 scutariorum.

979 1069 1258 1147 Reliqua
1309 1077 1526 1128 autem
1573 1085 1942 1128 sermonum
1979 1065 2286 1135 Roboam,
2332 1071 2393 1123 et

900 1169 1123 1229 omnia
1155 1188 1298 1246 quoe
1314 1168 1493 1244 fecit,
1517 1187 1649 1226 ecce
1667 1167 1912 1243 scripta
1939 1173 2092 1224 sunt
2125 1165 2194 1223 in
2229 1164 2391 1223 libro

901 1269 1292 1327 Sermonum
1333 1268 1594 1326 dierum
1625 1283 1850 1340 reyum
1877 1265 2076 1325 Iuda.
2110 1263 2393 1341 Fuilque

901 1367 1141 1425 bellum
1171 1367 1343 1426 inter
1371 1366 1651 1426 Roboam
1679 1372 1740 1423 et
1775 1363 2108 1424 Jeroboam
2144 1361 2393 1421 eunctis

898 1465 1146 1524 diebus,
1162 1465 1612 1542 Dormivitque
1630 1463 1910 1522 Roboam
1929 1480 2076 1520 eum
2091 1460 2393 1536 patribus

898 1563 1059 1632 suis,
1103 1571 1162 1622 et
1211 1565 1498 1639 sepultus
1545 1570 1636 1621 est
1674 1581 1822 1620 cum
1865 1560 1961 1618 eis
2009 1559 2080 1618 in
2129 1559 2393 1618 civitate

898 1661 1142 1721 David.
1178 1662 1428 1723 Nomen
1457 1669 1674 1720 autem
1709 1658 1941 1718 matris
1969 1657 2110 1733 ejus
2131 1657 2394 1719 Naama

901 1759 1344 1830 Ammanitis,·
1380 1766 1440 1816 ei
1482 1759 1779 1834 reynavic
1819 1757 1990 1817 Abia
2030 1757 2215 1833 filius
2255 1755 2393 1831 ejus

2499 764 2706 846 iniqui
2746 764 2990 846 praelati
3028 783 3099 826 ac
3140 762 3551 846 praesidentes
3589 761 3839 843 injusti,
3870 760 3985 842 qui
4012 745 4271 798 *wad*

2499 865 2578 926 de
2608 863 2791 928 bonis
2822 863 3119 927 Ecclesiae
3148 871 3256 925 aut
3286 861 3665 924 inferiorum
3693 861 3901 936 ditati,
3924 867 3989 922 et

2498 961 2945 1026 ecclesiasticis
3001 961 3421 1043 dignitatibus
3478 959 3831 1034 sublimati,
3886 958 3987 1020 in-

2498 1061 2661 1141 grati
2693 1069 2843 1123 sunt
2871 1061 3018 1137 Deo,
3051 1080 3090 1123 a
3116 1079 3247 1142 quo
3285 1059 3493 1123 omnis
3536 1058 3895 1142 promotio;
3926 1067 3991 1121 et

2500 1160 2915 1241 negligenter,
2940 1159 3279 1222 carnaliter
3306 1179 3383 1222 ac
3408 1158 3781 1221 scandalose
3800 1177 3869 1221 se
3888 1175 3991 1236 ge-

2500 1267 2670 1336 runt,
2690 1277 2819 1322 non
2850 1257 3221 1321 inducentes
3250 1257 3564 1340 populum
3594 1258 3675 1319 ad
3697 1257 3987 1332 virtutes,

2503 1358 2612 1420 sed
2642 1357 2845 1438 magis
2875 1357 2957 1419 ad
3000 1355 3176 1420 vitia.
3212 1355 3459 1419 Talium
3496 1355 3847 1438 unicuique
3884 1373 3993 1438 po-

2502 1464 2625 1520 test
2662 1455 2968 1519 Dominus
3014 1455 3248 1532 dicere,
3292 1457 3463 1524 Quia
3495 1457 3791 1516 exaltavi
3824 1465 3881 1516 te
3911 1457 3993 1513 de

2500 1556 2709 1616 medio
2730 1557 2989 1632 populi,
3019 1562 3139 1617 etc.
3174 1553 3355 1616 Tales
3387 1571 3661 1635 namque
3690 1552 3991 1634 gravissi-

2500 1673 2668 1716 mam
2718 1652 3190 1716 damnationem
3238 1659 3582 1714 merentur.
3629 1652 3985 1726 Postremo,

2499 1752 3034 1834 quemadmodum
3056 1751 3327 1814 Roboam
3349 1750 3480 1812 suis
3500 1750 3848 1813 sceleribus
3868 1769 3993 1814 me-

891 1875 1015 1932 pro
1043 1875 1135 1916 eo.
1155 1854 1302 1929 Quae
1331 1853 1436 1916 hic
1467 1872 1596 1916 non
1626 1860 2052 1935 exponuntur,
2080 1852 2146 1914 in
2177 1869 2394 1913 secun·
2427 1856 2475 1919 Β
2503 1851 2630 1913 ruit
2666 1850 2853 1913 subdi
2895 1850 3025 1930 regi
3056 1849 3329 1932 AEgypti,
3364 1849 3621 1932 spoliari
3664 1849 3745 1912 ab
3782 1867 3881 1926 eo,
3912 1868 3989 1911 ae

900 1953 982 2016 do
1015 1952 1178 2016 libro
1198 1952 1722 2034 Paralipomenon
1754 1958 1973 2034 patent
1991 1958 2054 2013 et
2073 1967 2393 2031 exponun-

899 2060 1027 2114 tur.
1059 2051 1354 2114 Passibus
1385 2060 1596 2114 autem
1630 2050 1838 2132 planis
1867 2058 2062 2131 atque
2093 2048 2391 2110 facilibus

900 2169 1029 2213 non
1073 2159 1169 2213 est
1218 2149 1710 2225 immorandum,
1746 2148 1871 2210 nisi
1924 2147 2086 2210 forte
2131 2157 2391 2230 propter

898 2249 1322 2312 moralitatem
1375 2256 1484 2311 aut
1526 2247 1986 2310 sententiarum
2037 2245 2392 2309 fecundita-

897 2355 1048 2424 tem,
1078 2345 1585 2428 moralitatisque
1615 2344 1920 2408 fructum.

2500 1950 2560 2014 ei
2592 1949 2859 2024 servire;
2884 1950 2977 2012 sic
3008 1957 3292 2031 pastores
3322 1968 3395 2011 ac
3424 1957 3701 2013 rectores
3734 1948 3982 2029 injusti,

2502 2047 2935 2112 invisibilibus
2978 2047 3269 2111 hostibus
3311 2047 3605 2129 aperiunt
3632 2047 3877 2110 aditum
3924 2057 3989 2109 et

2501 2148 2790 2230 pandunt
2836 2147 3193 2227 ingressum
3238 2146 3302 2208 in
3352 2145 3699 2209 Ecclesiam
3748 2146 3857 2208 Dei
3904 2146 3987 2208 ad

2499 2245 2945 2327 perimendum
2970 2263 3045 2308 ac
3082 2244 3483 2326 spoliandum
3521 2243 3779 2325 plebem
3818 2243 3989 2307 Chri-

2500 2343 2581 2406 sti
2610 2342 3098 2406 charismatibus
3130 2341 3403 2425 Spiritus
3432 2342 3673 2406 Sancti.

1929 2731 2580 2819 ARTICULUS
2658 2731 2966 2817 XXIII

1007 2981 1389 3030 EXPLANATIO
1433 2981 1708 3029 camum
1748 2981 2157 3036 QmN‘rmEcnss
2201 2981 2216 3026 t
2265 2981 2467 3027 IGITUR
2508 2979 2570 3026 IN
2614 2977 3069 3026 OCTAVODECIMO
3112 2978 3275 3025 ANNO
3318 2979 3499 3026 REGNJ
3538 2979 3870 3027 mnenon.

1039 3233 1194 3297 UNC
1226 3235 1304 3297 de
1333 3232 1490 3297 Abia
1521 3240 1583 3295 et
1623 3230 1762 3295 filio
1803 3232 1942 3313 ejus
1980 3231 2103 3294 Asa
2135 3231 2391 3311 regibus
2428 3231 2471 3295 C
2502 3232 2710 3313 legato
2727 3231 3249 3314 Paralipomenon
3272 3231 3516 3313 legatur
3546 3230 3728 3308 libro,
3742 3232 3981 3297 Nomen
4026 3258 4065 3302 11
4080 3259 4257 3301 emm.

1055 3334 1234 3410 Juda,
1269 3333 1348 3395 de
1376 3331 1589 3394 Nadab
1619 3348 1876 3413 quoque
1913 3338 1975 3393 et
2001 3330 2196 3393 Baasa
2226 3330 2391 3411 regi-

901 3431 1023 3494 bus
1053 3431 1264 3508 lsrael,
1291 3438 1516 3493 tractat
1531 3428 1873 3511 Scriptura.
1899 3431 2118 3507 Igitur
2139 3430 2211 3491 in
2232 3439 2394 3490 occa-

902 3534 1224 3593 vodecimo
1254 3549 1426 3591 anno
1444 3530 1629 3605 reyni
1644 3531 1977 3590 Jeroboam
1994 3529 2129 3606 filii
2151 3530 2388 3599 Nabat,

901 3630 1198 3707 reynavit
1227 3630 1396 3689 Abia
1423 3646 1615 3705 super
1641 3628 1906 3687 Iudam.
1939 3628 2166 3687 Tribus
2196 3626 2393 3685 annis

900 3728 1199 3804 reynavit
1241 3727 1312 3784 in
1351 3727 1728 3794 Jerusalem,
1773 3740 1901 3785 non
1947 3722 2237 3804 integriS‚
2282 3722 2392 3784 sed

905 3823 1151 3887 duobus
1183 3832 1247 3886 et
1277 3830 1456 3904 parte
1489 3821 1658 3884 tertii
1689 3820 1865 3883 anni.
1891 3823 2140 3884 Nomen
2162 3822 2393 3881 matris

901 3924 1044 4000 ejus
1077 3924 1354 3983 Maacha
1387 3923 1536 3999 filia
1569 3922 1872 3981 Absalon.
1915 3918 2132 4000 Aliqui
2170 3919 2395 3981 dicunt

905 4020 972 4081 in
1004 4019 1266 4082 Hebraeo
1309 4018 1550 4095 haberi,
1585 4016 1746 4079 Filia
1775 4016 2165 4093 Abessalom‚
2200 4035 2391 4098 quem

905 4126 1132 4200 putant
1162 4116 1357 4180 alium
1391 4134 1528 4179 esse
1567 4116 1650 4177 ab
1677 4114 1956 4178 Absalon
1997 4114 2140 4178 filio
2170 4115 2387 4178 David.

904 4216 1194 4297 Magister
1227 4215 1294 4276 in
1325 4214 1609 4277 historiis
1641 4214 1750 4290 ait,
1785 4214 1956 4295 quod
1988 4214 2241 4277 Maacha
2271 4214 2395 4276 iuit

907 4313 1048 4376 filia
1076 4313 1344 4376 Thamar
1376 4312 1529 4375 iiliae
1555 4312 1912 4375 Absalonis.
1945 4312 2124 4375 Unde
2151 4312 2392 4375 dictum

2504 3330 2723 3393 matris
2770 3330 2911 3412 ejus
2940 3329 3203 3393 Michaia
3246 3329 3385 3392 filia
3410 3330 3580 3394 Uriel
3626 3330 3709 3393 de
3750 3330 3980 3395 Gabaa.
4011 3324 4055 3364 ²·

2502 3428 2594 3491 Ad
2624 3430 2795 3511 quod
2840 3428 2905 3491 in
2936 3427 3333 3510 expositione
3365 3428 3539 3491 illius
3589 3428 3738 3492 libri
3778 3429 3983 3493 diffu-

2504 3546 2571 3590 se
2592 3546 2967 3610 responsum
2990 3534 3106 3589 est.
3126 3530 3256 3590 Sed
3274 3537 3539 3607 propter
3557 3531 3781 3590 David
3804 3532 3987 3591 dedit

2502 3628 2564 3685 ei
2581 3628 2901 3687 Dominus
2921 3630 3089 3688 Deus
3108 3646 3264 3687 suus
3284 3630 3617 3688 lucernam
3637 3630 3713 3691 in
3730 3632 3991 3690 Jerusa-

2506 3728 2654 3795 lem,
2685 3734 2757 3785 ut
2782 3726 3120 3785 suscitaret
3147 3726 3369 3802 filium
3394 3726 3536 3802 ejus
3556 3736 3698 3803 post
3726 3747 3898 3799 eum,
3932 3738 3995 3788 et

2502 3832 2698 3883 staret
2730 3824 2803 3882 in
2820 3824 3204 3892 Jerusalem,
3224 3841 3294 3882 eo
3314 3826 3485 3903 quod
3500 3824 3750 3901 fecisset
3768 3827 3995 3885 David

2504 3930 2748 3981 rectum
2778 3922 2853 3981 in.
2884 3922 3087 3980 oculis
3114 3922 3409 3993 Domini,
3432 3931 3491 3981 et
3520 3942 3651 3983 non
3678 3924 3999 3983 declinas-

2503 4028 2592 4079 set
2623 4021 2703 4079 ab
2728 4019 3025 4079 omnibus
3053 4039 3199 4098 quae
3232 4030 3621 4097 proeeeperat
3648 4023 3713 4081 ei
3740 4025 3997 4083 eunctis

2503 4118 2725 4177 diebus
2774 4118 2924 4177 vitoe
2968 4136 3125 4187 suae,
3176 4126 3429 4193 excepto
3474 4137 3761 4179 sermone
3822 4122 3997 4181 Urioe

2506 4216 2778 4286 Helluei,
2833 4213 2895 4275 id
2941 4222 3059 4291 est,
3108 4214 3383 4295 demptis
3426 4215 3805 4279 criminibus
3846 4236 3994 4300 quae

2504 4312 2823 4375 commisit
2852 4311 2919 4373 in
2940 4311 3151 4374 Uriam
3174 4320 3238 4374 et
3266 4313 3607 4394 conjugem‘
3634 4314 3812 4396 ejus:
3846 4334 3993 4397 quae
4048 4336 4243 4391 usq„
4295 4340 4296 4373 ÷

907 4419 1002 4475 est
1036 4411 1200 4474 libro
1221 4411 1522 4487 secundo,
1558 4410 1730 4493 quod
1758 4409 2035 4473 Absalon
2066 4410 2291 4473 habuit
2321 4411 2394 4473 ri·
2426 4416 2475 4478 D
2503 4418 2684 4474 erant
2711 4410 2799 4472 ita
2828 4410 3133 4487 enormia,
3158 4410 3330 4491 quod
3350 4414 3825 4494 comparatione
3854 4414 3995 4477 illo-
4020 4406 4062 4453 ⁸·
4084 4406 4143 4443 ¹⁵·

907 4511 1058 4573 liam
1079 4510 1387 4591 elegantis
1412 4508 1634 4573 sormae
1663 4507 1919 4571 nomine
1934 4510 2228 4572 Thamar.
2246 4514 2396 4572 Am-

905 4611 1280 4689 bulavitque
1311 4608 1383 4669 in
1409 4610 1705 4669 omnibus
1727 4610 2006 4685 peccatis
2018 4610 2234 4687 patris
2262 4611 2393 4680 sui,

905 4730 1048 4789 quoe
1086 4711 1324 4788 fecerat
1353 4716 1504 4767 ante
1539 4726 1686 4766 eum
1706 4730 1733 4778 ,·
1771 4726 1886 4767 nee
1912 4716 2054 4766 erat
2099 4726 2209 4767 cor
2253 4708 2395 4785 ejus

894 4809 1260 4886 perfectum
1287 4824 1434 4865 eum
1465 4806 1740 4865 Domino
1769 4806 1899 4865 Deo
1925 4825 2064 4876 sue,
2093 4807 2261 4867 siout
2288 4826 2396 4865 eor

901 4906 1122 4966 David
1145 4904 1361 4981 patris
1407 4904 1567 4979 ejuS.
1595 4901 2042 4965 Verumtamen
2081 4902 2247 4965 sicut
2280 4904 2397 4966 Ro-

903 5002 1090 5065 boam
1114 5001 1141 5064 f
1145 5000 1239 5063 uit
1256 5001 1334 5063 ad
1359 5008 1609 5082 tempus
1631 4999 1860 5076 bonus,
1881 5000 1970 5062 ita
1989 5000 2169 5077 Abia,
2185 5020 2399 5083 quem-

904 5100 1248 5163 admodum
1299 5098 1578 5161 secundo
1626 5097 2150 5179 Paralipomenon
2199 5100 2400 5162 conti-

906 5207 1116 5261 netur.
1139 5197 1446 5259 Praetorea
1464 5196 1796 5277 quaeritur,
1811 5198 2128 5277 quomodo
2148 5198 2401 5261 Maacha

905 5296 1153 5361 dicatur
1183 5295 1288 5359 hic
1323 5294 1463 5357 filia
1491 5294 1789 5371 Absalon,
1825 5314 2023 5376 quum
2065 5296 2132 5358 in
2179 5297 2401 5379 praeal-

2504 4528 2641 4571 rum
2674 4508 2799 4571 alia
2838 4509 2976 4591 ejus
3017 4516 3275 4591 peccata
3313 4510 3493 4590 quasi
3526 4512 3704 4574 nulla
3731 4520 3843 4574 aut
3868 4514 3993 4575 mi-

2504 4607 2677 4669 nima
2714 4614 3109 4689 reputantur.
3150 4605 3363 4670 Nihilo
3400 4607 3636 4688 minuS,
3674 4619 3745 4673 ut
3782 4612 3993 4693 patuit

2502 4725 2695 4788 supra
2744 4706 2906 4769 libro
2955 4706 3254 4784 secundo,
3298 4705 3427 4770 imo
3464 4716 3529 4771 et
3576 4709 3807 4791 primo,
3851 4710 3993 4793 ipse
4040 4736 4243 4788 inqu«.

2502 4804 2698 4868 David
2721 4803 2787 4866 in
2811 4803 3191 4885 quibusdam
3213 4805 3405 4879 etiam
3434 4806 3580 4869 aliis
3604 4826 3732 4871 non
3758 4828 3989 4892 parum
4018 4800 4085 4841 ²²·

2504 4903 2811 4986 peccavit,
2835 4903 3000 4966 sicut
3030 4902 3097 4965 in
3128 4904 3352 4987 populi
3378 4905 3911 4985 dinumeratione,
3930 4917 3995 4971 et
4022 4925 4231 4979 llfleqnx

2506 5002 2572 5063 in
2603 5002 2813 5084 ipsum
2843 5002 3287 5084 Miphiboseth.
4024 4992 4239 5037 '’²²¹‘'’⁸‘

2583 5104 2885 5163 Attamen
2916 5105 3154 5163 bellum
3184 5104 3323 5179 fuit
3344 5105 3513 5165 inter
3540 5107 3777 5168 Abiam
3812 5117 3873 5168 et
3898 5110 3995 5169 Je-

2504 5203 2761 5261 roboam
2784 5222 2806 5261 .·
2838 5200 2904 5263 in
2934 5219 3063 5281 quo
3094 5201 3255 5264 Abia
3293 5202 3683 5285 inopinatam
3714 5206 3995 5269 obtinuit
4020 5258 4055 5302 u
4070 5258 4241 5300 pam

2504 5299 2631 5361 Deo
2656 5299 3005 5362 auxiliante
3032 5299 3387 5379 victoriam,
3412 5309 3483 5364 ut
3512 5309 3685 5384 patet
3714 5306 3993 5368 secundo
4024 5330 4145 5372 1549.
