4359 6250
542 959 625 1065 ¹⁸17&
636 974 789 1006 xxxvm

572 1167 708 1210 Pron.
720 1181 787 1210 xiv

542 1232 607 1273 10.
740 1231 751 1241 '

551 3045 687 3090 Num.
703 3057 759 3096 vt,
773 3047 813 3086 5.

552 3534 715 3639 guadio.
726 3548 811 3585 xm,

558 4418 638 4461 Pe.
652 4419 822 4469 unta.

559 5114 823 5167 Malum-td.

829 470 948 542 252

1492 487 1841 534 ENARRA‘rlo
1884 489 1946 536 m
1988 489 2125 536 ω.
2170 487 2194 532 1
2236 485 2393 532 unm
2433 486 2603 534 rmm
2643 489 2868 538 REGUU.
2913 507 2994 518 —
3035 489 3176 534 ΛΒΤ.
3223 491 3246 536 1

834 661 1140 726 laudabili
1189 660 1706 744 compunctionis
1760 668 1869 723 aut
1914 659 2318 724 contritionis
2345 655 2398 716 A
2429 675 2512 720 na
2539 658 2844 722 orationis
2876 661 3326 742 protractione,
3363 679 3564 742 quum
3599 663 3912 743 scriptum

831 761 968 824 sive
998 760 1312 838 moeroriS,
1346 760 1501 842 quia
1528 758 1819 822 fortassis
1849 759 1930 822 ob
1960 779 2076 822 sua
2102 778 2321 841 peeca-

832 867 898 922 ta
940 857 1191 942 putavit
1232 877 1299 921 se
1340 857 1554 921 fructu
1600 857 1764 920 uteri
1802 876 1941 920 esse
1977 857 2314 939 privatam.

790 992 805 1014 ν
832 958 919 1020 De
947 956 1068 1021 hac
1098 956 1521 1020 amaritudine
1549 955 1833 1037 loquitur
1852 953 2149 1018 Ezechias
2172 975 2186 1020 :
2207 952 2322 1018 Ec-

834 1077 907 1120 ce
938 1057 1003 1118 in
1037 1075 1191 1138 pace
1220 1055 1575 1119 amaritudo
1604 1074 1745 1117 mea
1776 1054 2192 1117 amarissima.
2237 1054 2321 1116 De

792 1198 804 1220 .
834 1175 963 1238 qua
988 1163 1051 1218 et
1070 1155 1137 1216 in
1156 1152 1512 1219 Proverbiis
1545 1152 1747 1214 fertur
1768 1171 1783 1214 ε
1802 1153 1922 1216 Cor
1940 1153 2112 1233 quod
2142 1139 2323 1215 norit

836 1253 1333 1318 amaritudinem
1371 1253 1600 1314 animae
1630 1271 1780 1328 suae,
1816 1251 1881 1312 in
1919 1251 2151 1332 gaudio
2180 1250 2320 1330 ejus

836 1370 963 1416 non
1009 1351 1383 1415 miscebitur
1421 1351 1689 1414 alienus.
1728 1353 1952 1412 Oravit
1980 1353 2069 1410 ad
2106 1351 2324 1410 Domi-

834 1472 993 1513 num
1025 1453 1187 1526 flens
1211 1449 1583 1527 lamiam-,id
1612 1457 1710 1512 est
1736 1448 1990 1529 copiose
2020 1467 2095 1510 ex
2124 1446 2324 1510 abun-

838 1548 1057 1614 dantia
1104 1567 1235 1611 suae
1282 1546 1640 1611 devotionis
1688 1564 1701 1608 :
1753 1547 1895 1608 ideo
1942 1545 2144 1608 oratio
2184 1545 2324 1625 ejus

839 1646 966 1709 fuit
1008 1654 1233 1729 potens
1278 1655 1341 1708 et
1377 1645 1759 1708 exaudibilis
1795 1644 2017 1718 valde3
2050 1655 2111 1705 ec
2150 1645 2325 1704 vovit

838 1757 1083 1816 votum,
1114 1748 1331 1806 dicens
1352 1747 1663 1805 :Domine
1685 1745 2109 1814 exercituum,
2142 1744 2202 1802 si
2233 1763 2328 1803 re-

2429 756 2514 818 sit
2541 761 2710 839 apud
2739 759 2972 823 Lucam
3006 781 3020 824 :
3054 761 3204 824 Erat
3228 761 3406 823 Jesus
3435 769 3814 842 pernoctans
3845 759 3916 822 in

2429 856 2718 920 oratione
2746 858 2879 921 Dei.
2904 858 3022 933 Qui
3052 868 3116 922 et
3145 858 3442 942 passione
3474 857 3748 923 instante
3776 877 3918 922 ora-

2430 955 2524 1018 vit
2552 955 2886 1037 prolixiuS.
2908 961 2982 1018 Ut
3013 961 3167 1020 Heli
3195 960 3550 1018 observaret
3575 979 3641 1018 os
3667 959 3834 1035 ejus,
3848 957 3914 1020 id

2433 1062 2559 1131 est,
2614 1056 3048 1119 consideraret
3093 1075 3172 1118 an
3221 1055 3466 1138 aliquid
3522 1056 3912 1137 loqueretur.

2432 1155 2638 1214 Porro
2667 1157 2868 1214 Anna
2917 1157 3292 1234 loquebatur
3329 1157 3403 1214 in
3440 1157 3626 1214 corde
3667 1174 3805 1225 suu,
3850 1152 3918 1216 id

2433 1258 2550 1327 est,
2586 1270 2732 1314 oum
2770 1252 2997 1315 intima
3027 1252 3379 1316 attentione
3417 1252 3586 1315 intra
3611 1271 3680 1316 se
3709 1261 3922 1334 protu-

2436 1348 2512 1410 lit
2541 1350 2738 1413 verba
2767 1369 2898 1413 suae
2928 1349 3317 1429 affectionis,
3338 1361 3717 1432 tantumque
3745 1353 3924 1412 labia

2437 1450 2624 1508 illius
2665 1451 3103 1511 movebantur.
3138 1449 3252 1514 Per
3295 1458 3539 1512 motum
3580 1449 3918 1524 labiorum,

2438 1564 2566 1610 non
2608 1546 2966 1610 excluditur
3004 1557 3214 1611 motus
3257 1547 3454 1612 menti
3495 1567 3567 1611 ac
3605 1547 3918 1624 dent-ium,

2436 1662 2710 1726 quorum
2758 1646 2955 1709 motio
2992 1653 3234 1709 motum
3273 1645 3687 1727 consequitur
3726 1644 3926 1708 labio-

2437 1743 2735 1806 rum.Sed
2770 1752 3014 1807 tantum
3046 1743 3214 1808 labia
3232 1745 3370 1826 ejus
3401 1753 3570 1807 mota
3597 1744 3920 1820 dicuntur,

834 1846 1114 1924 spiciens
1142 1847 1387 1904 videris
1416 1845 1830 1920 afflictionem
1869 1845 2143 1919 famulae
2176 1851 2327 1910 tuoe,
2361 1836 2408 1897 B
2438 1844 2516 1905 ad
2558 1842 3014 1906 insinuandum
3043 1844 3215 1925 quod
3253 1843 3459 1910 oravit
3500 1851 3626 1905 tam
3657 1841 3924 1905 silenter

839 1943 903 2006 id
952 1951 1068 2019 est,
1115 1942 1369 2024 pietatis
1419 1949 1541 2004 tuae
1580 1942 1881 2022 adspectu
1927 1939 2328 2003 alleviaveris

839 2041 1050 2106 cordis
1079 2041 1205 2104 mei
1244 2058 1605 2117 moerorem,
1650 2039 2149 2101 misericorditer
2187 2057 2328 2099 sue-

838 2141 1175 2215 currendo,
1227 2150 1287 2200 et
1334 2141 1705 2200 reeordatus
1754 2140 1883 2197 mei
1929 2138 2163 2213 fueri-3,
2214 2156 2328 2195 nec

837 2241 1072 2300 oblitus
1102 2238 1363 2298 ancillce
1395 2247 1544 2307 tuoe,
1562 2235 1625 2298 id
1657 2245 1773 2312 est,
1800 2255 1913 2318 per
1938 2236 2111 2318 piam
2140 2253 2328 2297 exau-

842 2337 1151 2401 ditionem
1170 2334 1523 2398 ostenderis
1555 2342 1616 2396 te
1640 2353 1778 2398 esse
1796 2351 2140 2397 memorem
2173 2332 2322 2408 mei,

842 2437 1221 2514 dederisque
1262 2455 1459 2496 servoe
1501 2444 1627 2495 tua»
1668 2454 1893 2494 sexum
1936 2435 2218 2501 virilem,
2264 2430 2327 2493 id

842 2543 941 2598 est
987 2533 1200 2598 filium
1246 2533 1635 2608 masculum3
1670 2534 1833 2592 dabo
1869 2551 2015 2592 eum
2049 2531 2329 2591 Domino

840 2634 1135 2694 omnibus
1164 2633 1389 2692 diebus
1418 2633 1568 2692 vitae
1596 2632 1758 2708 eju-3,
1798 2630 1860 2692 id
1900 2637 2017 2706 est,
2052 2627 2328 2691 offeram

844 2750 990 2794 eum
1033 2729 1171 2806 tibi,
1205 2738 1279 2792 ut
1316 2749 1428 2812 per
1466 2736 1669 2792 totum
1716 2737 1967 2810 tempus
2004 2727 2150 2790 vitae
2199 2744 2331 2789 suae

843 2837 1249 2894 consecratus
1280 2829 1364 2890 sit
1394 2828 1609 2905 tibi‚et
1630 2831 1950 2888 novacula
1970 2847 2101 2888 non
2120 2845 2331 2886 aseen-

842 2933 948 2990 εἰει
976 2948 1168 3006 super
1199 2938 1393 3005 caput
1420 2929 1583 3005 ejice,
1604 2926 1668 2990 id
1696 2935 1819 3017 est,
1834 2945 2151 2990 nazaraeus
2181 2925 2324 3004 erit,

2439 1960 2550 2002 seu
2581 1939 2786 2016 basse,
2820 1941 2990 2023 quod
3024 1941 3217 2005 verba
3246 1941 3387 2022 ejus
3415 1941 3619 2004 audiri
3651 1959 3782 2004 non
3813 1959 3926 2022 po-

2441 2047 2668 2101 terant.
2705 2039 2848 2102 Ideo
2879 2039 3174 2105 subditur
3209 2060 3224 2105 ε
3259 2050 3318 2100 ει
3349 2061 3471 2100 voce
3499 2041 3637 2117 ejus
3657 2041 3928 2117 penitus

2439 2156 2568 2197 non
2612 2139 3024 2198 audiebatur.
3065 2137 3334 2201 Protulit
3373 2145 3581 2200 tamen
3621 2135 3820 2199 verba
3854 2136 3926 2199 in

2444 2253 2593 2310 ore;
2645 2237 2754 2298 sed
2800 2235 2970 2298 circa
3011 2235 3317 2300 interiora
3361 2235 3447 2298 ita
3483 2244 3618 2298 erat
3657 2242 3923 2312 attenta,

2447 2335 2618 2415 quod
2658 2332 3082 2397 instrumenta
3109 2333 3355 2398 vocalia
3384 2353 3421 2396 a
3447 2333 3621 2398 vocis
3657 2333 3930 2396 exterio—

2445 2433 2533 2495 ris
2588 2432 2970 2496 formatione
3018 2451 3249 2497 sonora
3295 2431 3780 2497 remittebantur
3813 2441 3930 2496 :et

2443 2530 2713 2594 forsitan
2759 2541 2886 2593 tam
2926 2531 3142 2612 quiete
3174 2530 3380 2594 oravit
3417 2530 3608 2593 etiam
3645 2530 3816 2608 ideo,
3845 2550 3928 2594 ne

2441 2630 2780 2693 verborum
2831 2647 3091 2693 suorum
3139 2627 3431 2710 strepitu,
3465 2628 3660 2691 alium
3708 2647 3930 2710 quem·

2445 2728 2618 2810 piam
2668 2747 2706 2790 a
2755 2746 2885 2790 suae
2931 2726 3237 2790 orationis
3284 2727 3680 2792 advertentia
3725 2727 3928 2810 impe—

2438 2827 2625 2890 diret.

2519 2926 2903 2988 AEstimavit
2941 2943 3089 3001 erqo
3125 2944 3270 2984 eam
3301 2926 3454 2986 Heli
3485 2927 3924 2996 temulentam,

844 3035 908 3090 et
936 3026 1115 3108 juxta
1145 3025 1337 3089 ritum
1358 3025 1813 3102 Nazaraeorum,
1834 3024 1949 3108 pili
1972 3025 2200 3107 capitis
2231 3025 2330 3087 sui
2361 3025 2405 3090 C
2444 3023 2507 3086 id
2539 3031 2635 3085 est
2663 3021 2905 3084 ebriam
2928 3021 3100 3098 vino,
3123 3024 3423 3102 dixitque
3448 3023 3511 3081 ei
3541 3043 3563 3080 .·
3595 3024 3926 3102 Usquequo

844 3145 1175 3208 nunquam
1226 3126 1633 3202 abradentur,
1689 3134 1877 3207 prout
1926 3125 1990 3187 in
2039 3125 2330 3191 Numeris

846 3226 925 3288 de
948 3224 1251 3289 Nazaraeis
1275 3224 1662 3306 praecipitur.
1682 3223 1895 3306 Aliqui
1920 3232 2127 3286 autem
2151 3232 2333 3286 erant

848 3322 1117 3385 nazaraei
1144 3323 1276 3396 Dei,
1313 3324 1373 3385 id
1406 3332 1501 3387 est
1531 3324 1656 3386 Deo
1687 3322 2034 3385 consecrati
2067 3322 2143 3383 ad
2178 3330 2332 3383 tem-

847 3437 987 3500 pus,
1022 3417 1187 3481 sicut
1219 3418 1455 3481 ibidem
1476 3418 1782 3492 habetur3
1817 3417 2077 3501 quidam
2111 3436 2334 3499 perpe-

847 3527 978 3594 tu0‚
1014 3516 1179 3580 siout
1208 3526 1271 3579 et
1308 3517 1593 3592 Samson,
1630 3525 1701 3579 ut
1727 3516 2019 3579 Judicum
2049 3516 2215 3578 libro
2247 3515 2334 3577 le-

845 3615 1040 3697 gitur.
1077 3615 1162 3677 De
1195 3614 1576 3685 litteralibus
1607 3634 1759 3679 vero
1790 3623 1853 3677 et
1890 3614 2334 3696 spiritualibus

846 3713 1058 3778 causis
1089 3713 1330 3775 rituum
1364 3732 1475 3775 seu
1504 3712 1863 3793 Jussionum
1898 3712 1976 3775 ad
2013 3712 2334 3774 Nazaraeos

846 3812 1291 3896 spectantium,
1312 3812 1377 3874 in
1402 3820 1701 3893 praetacto
1720 3811 2136 3874 Numer-orum
2169 3810 2334 3874 libro

848 3920 911 3975 et
959 3911 1115 3974 alibi
1165 3910 1408 3973 dictum
1456 3918 1573 3972 est.
1627 3910 1913 3991 Denique
1961 3909 2165 3973 oratio
2217 3909 2336 3971 ista

850 4011 1069 4087 Annae‚
1107 4008 1276 4072 siout
1324 4017 1383 4070 et
1434 4016 1659 4071 ceterae
1707 4028 1948 4090 preceS,
1985 4009 2051 4070 in
2099 4008 2335 4089 quibus

849 4108 1021 4171 idem
1077 4126 1300 4170 sensus
1351 4106 1471 4168 sub
1514 4106 1657 4169 aliis
1702 4106 1916 4169 verbis
1968 4106 2337 4188 frequenter

2437 3126 2616 3184 ebria
2646 3124 2774 3183 eris
2801 3127 2832 3183 ?
2860 3119 3173 3184 Pertinuit
3208 3118 3450 3203 quippe
3478 3120 3557 3183 ad
3589 3119 3926 3204 praesulem

2439 3242 2512 3285 ac
2533 3220 2813 3303 judicem
2847 3219 3066 3301 populi
3097 3239 3172 3282 ex
3193 3238 3308 3281 suo
3337 3218 3439 3282 off
3442 3218 3586 3296 icio,
3605 3218 3930 3301 corripere

2441 3339 2604 3383 reOS.
2641 3321 2874 3397 Diyere
2893 3321 3232 3396 paulisper
3264 3320 3496 3379 vinum
3525 3338 3646 3399 quo
3683 3322 3926 3392 macha,

2444 3419 2505 3481 id
2540 3427 2656 3495 est,
2690 3419 2850 3481 vade
2880 3426 2944 3479 et
2979 3416 3187 3479 dormi
3226 3419 3304 3479 ad
3336 3425 3610 3499 teman,
3651 3425 3721 3480 ut
3747 3418 3932 3499 quie-

2443 3519 2678 3582 scendo
2723 3516 2995 3597 digestio
3040 3524 3227 3598 potus
3273 3515 3392 3577 fiat
3434 3516 3499 3577 in
3543 3524 3622 3593 te,
3649 3534 3765 3579 nec
3813 3516 3934 3579 hu-

2443 3633 2650 3679 mores
2689 3632 2760 3677 os
2808 3624 2984 3676 tuum
3026 3614 3118 3676 sic
3161 3612 3490 3694 impleant.
3525 3618 3934 3691 Respondeas

2443 3719 2642 3777 Anna
2672 3734 2694 3772 .·
2728 3715 3179 3792 Nequaquam,
3222 3714 3462 3791 inquii,
3505 3714 3765 3773 domine
3809 3715 3928 3785 mi,

2445 3812 2622 3876 ebria
2671 3830 2835 3887 sum,
2889 3830 3007 3873 nec
3056 3809 3412 3889 digestione
3461 3809 3594 3871 vini
3646 3809 3926 3891 indigeo.

2445 3914 2618 3975 Nam
2641 3911 2880 3971 mulier
2911 3910 3152 3987 infelioe
3181 3910 3382 3969 nimis
3410 3926 3519 3985 eqo
3547 3929 3714 3979 sum,
3740 3908 3804 3971 id
3833 3918 3932 3979 est

2445 4010 2628 4075 valde
2659 4008 2910 4085 misera,
2937 4006 3256 4088 loquendo
3284 4007 3362 4069 de
3393 4005 3668 4069 miseriis
3699 4025 3928 4089 poenae,

2448 4127 2577 4172 non
2628 4107 2854 4188 culpae,
2890 4105 3114 4168 saltem
3163 4104 3471 4180 mortaliS,
3514 4102 3635 4167 hoc
3673 4113 3790 4181 est,
3825 4106 3935 4169 ad-

853 4205 1185 4289 repetitur,
1224 4204 1347 4266 suit
1379 4202 1632 4267 fervens
1663 4206 1924 4268 omnino
1954 4213 2018 4267 et
2047 4204 2285 4268 efficax
2319 4222 2334 4268 ε
2367 4208 2418 4271 D
2447 4205 2853 4271 versitatibus
2883 4222 3025 4267 sum
3057 4203 3297 4285 repleta
3323 4222 3400 4265 ex
3435 4202 3789 4280 sterilitate,
3823 4204 3934 4267 do-

855 4304 1155 4387 qualibus
1200 4302 1593 4367 orationibus
1636 4304 1838 4366 utitur
1875 4323 2041 4386 saepe
2078 4304 2339 4368 Psalmi-

853 4412 970 4477 sta,
1005 4401 1169 4465 sient
1198 4402 1351 4463 dum
1380 4402 1759 4465 ait:Exaudi
1793 4403 1955 4465 Deus
1986 4402 2337 4466 orationem

855 4519 1061 4564 meam
1083 4550 1097 4575 ,
1146 4509 1209 4563 et
1266 4519 1347 4562 ne
1402 4502 1765 4582 despexeris
1824 4502 2339 4583 deprecationem

854 4617 1059 4661 meam
1087 4622 1100 4673 3
1139 4598 1397 4661 intende
1425 4599 1607 4676 mihi,
1641 4608 1704 4662 et
1734 4600 1959 4663 exaudi
1994 4619 2116 4663 me.

934 4700 1205 4759 Factum
1236 4707 1325 4757 est
1366 4709 1585 4759 autem
1616 4719 1817 4778 quum
1858 4701 1981 4760 illa
2021 4702 2342 4778 multipli-

852 4806 1023 4857 caret
1058 4816 1296 4873 preeeS,
1338 4795 1399 4859 id
1448 4805 1564 4873 est,
1612 4796 1961 4859 orationem
2006 4816 2185 4859 suam
2228 4797 2340 4860 diu

855 4893 1270 4976 protraheret,
1317 4915 1531 4957 eoram
1560 4898 1840 4956 Domino
1862 4913 1885 4955 .·
1916 4895 1981 4957 in
2010 4914 2142 4977 quo
2170 4903 2342 4978 patet

852 4992 1159 5055 orationis
1206 4992 1347 5074 ejus
1397 4992 1719 5054 instantia.
1772 4991 1895 5055 Nec
1942 4992 2125 5055 obest
2169 4994 2339 5076 quod

856 5090 947 5153 ait
968 5090 1275 5167 Salvator,
1300 5088 1562 5154 Orantes
1596 5090 1795 5153 nolite
1824 5090 2096 5153 multum
2128 5092 2339 5173 loqui:

855 5188 1009 5270 quia
1036 5189 1156 5253 hoe
1178 5188 1556 5269 intelligitur
1576 5190 1655 5253 de
1686 5188 1898 5253 inutili
1921 5196 1985 5251 et
2014 5189 2346 5271 superflua

855 5286 1195 5352 verborum
1236 5286 1793 5370 multiplicatione,
1826 5305 1956 5351 non
1987 5288 2067 5354 de
2096 5288 2345 5353 diutur-

2450 4308 2605 4381 lore,
2636 4303 3002 4386 opprobrio,
3028 4310 3090 4365 et
3117 4300 3636 4365 insultationibus
3665 4320 3740 4365 ac
3767 4302 3936 4365 deri-

2449 4403 2736 4467 sionibus
2772 4401 3017 4465 aemuloe
3046 4418 3201 4462 mea)
3227 4398 3604 4476 Phenennae‚
3630 4400 3774 4464 ideo
3805 4419 3933 4465 non

2448 4501 2724 4566 delectat
2760 4519 2862 4561 me
2901 4498 3122 4561 vinum
3168 4506 3408 4579 potare.
3451 4496 3628 4561 Unde
3669 4498 3936 4580 subjun-

2449 4601 2661 4682 gitur:
2695 4601 2931 4659 Vinum
2961 4607 3020 4657 ει
3050 4617 3234 4657 omne
3270 4599 3442 4676 quod
3475 4598 3794 4658 inebriare
3827 4618 3936 4675 po-

2453 4709 2586 4771 test,
2635 4717 2764 4758 non
2805 4697 2961 4765 bibi,
3000 4695 3120 4757 hoc
3162 4694 3288 4770 die,
3335 4702 3398 4757 et
3440 4694 3596 4757 alias
3639 4696 3932 4759 non-nisi

2451 4815 2593 4861 raro
2622 4814 2696 4858 ac
2726 4794 2938 4857 sobrie
2963 4817 2978 4869 3
3019 4797 3129 4854 sed
3164 4795 3372 4870 effudi
3399 4795 3696 4855 animam
3725 4816 3936 4861 meam

2452 4897 2523 4956 in
2570 4903 2904 4971 conspectu
2948 4893 3244 4961 Domini,
3291 4890 3354 4954 id
3397 4900 3513 4968 est,
3557 4892 3766 4955 condis
3807 4894 3937 4957 mei

2452 4991 2728 5055 affectus
2760 4990 2963 5056 obtuli
2987 4990 3133 5067 Dee,
3153 4990 3333 5070 juxta
3361 4988 3518 5052 illud
3555 5010 3570 5053 ε
3604 4988 3940 5055 Effundite

2453 5109 2667 5155 eoram
2699 5089 2812 5152 illo
2841 5090 3033 5151 corda
3066 5097 3294 5152 vestra.
3331 5091 3429 5149 Ne
3458 5100 3708 5166 reputes
3735 5094 3944 5151 aneil-

2454 5194 2588 5252 lam
2621 5200 2804 5251 tuam
2835 5190 3024 5269 quasi
3063 5208 3266 5249 unam
3295 5190 3375 5248 de
3402 5190 3670 5265 filiabus
3699 5190 3940 5261 Belial,

2456 5287 2520 5353 id
2551 5295 2668 5363 est,
2703 5285 2835 5350 noli
2875 5304 2978 5349 me
3009 5293 3380 5366 computare
3410 5285 3476 5347 in
3508 5304 3775 5351 numero
3803 5305 3947 5373 mue

3958 780 4131 826 Luest.
4145 783 4214 823 12:
4313 845 4315 856 Ι

3941 858 4044 894 m.
4067 846 4139 887 Β.

3995 5012 4081 5054 Ρί.
4101 5026 4185 5053 ιιι.
4201 5014 4236 5049 9,
