4359 6250
864 465 944 530 88
1637 479 1980 528 manuario
2025 483 2084 527 ιΝ
2129 482 2267 527 car.
2314 481 2422 527 xix
2462 481 2663 527 tosus.
2710 500 2791 511 —-
2831 482 2972 527 ΛΒΤ.
3019 481 3189 528 xxm

795 652 800 657 ’
869 654 1090 736 inceps
1110 653 1370 736 ponitur
1389 654 1755 717 distributio
1778 653 1944 717 facta
1971 650 2164 714 tribui
2179 653 2350 714 Aser.
2384 650 2436 713 A
2468 650 2589 713 ista
2619 660 2713 713 est
2744 651 2992 729 civitas,
3027 671 3167 734 quae
3210 652 3276 714 in
3306 651 3597 715 ludicum
3639 651 3801 716 libro
3843 670 3953 715 vo-
3978 674 4223 717 suetam.

870 756 1234 833 Ceciditque
1253 774 1388 814 sors
1409 756 1638 832 quinta
1669 754 1872 813 tribui
1889 754 2180 830 filiorum
2196 753 2357 812 Aser
2464 759 2643 812 catur
2682 750 2845 827 Lais,
2880 770 3071 832 quam
3107 751 3195 815 ibi
3230 750 3530 832 leguntur
3558 768 3953 833 expugnasse
3984 740 4103 779 Μ’·

857 873 978 931 per
1025 854 1432 930 cognationes
1480 871 1650 912 suas.
1704 851 1770 912 In
1829 850 2014 931 cujus
2077 848 2360 911 funiculo
2468 851 2745 913 sexcenti
2777 850 2899 912 viri
2934 851 3011 915 de
3044 850 3215 913 tribu
3245 851 3483 927 Dan,et
3512 851 3797 913 eamdem
3819 851 3953 913 Dan

870 959 1053 1013 erant
1081 949 1368 1013 civitates
1391 948 1618 1030 viginti
1639 949 1780 1011 duae
1811 968 1956 1011 cum
1981 947 2155 1011 villis
2189 947 2353 1021 suis3
2474 968 2898 1031 nuncupasse.
2934 950 3053 1012 Sed
3086 957 3307 1012 contra
3336 950 3455 1013 hoc
3488 948 3684 1031 objici
3716 958 3950 1031 posset,

867 1060 931 1114 et
983 1052 1147 1113 inter
1195 1058 1404 1112 cetera
1455 1049 1679 1127 fertur,
1734 1050 1904 1130 quod
1961 1046 2361 1130 pertingebat
2473 1047 2778 1128 quoniam
2832 1048 3214 1129 expugnatio
3265 1047 3377 1109 illa
3430 1046 3551 1109 ruit
3596 1048 3783 1110 Josue
3827 1048 3955 1129 jam

868 1172 1069 1229 usque
1089 1153 1176 1211 ad
1197 1151 1526 1210 civitatem
1551 1150 2061 1209 munitissimam
2093 1150 2362 1224 Tyrum,

871 1259 934 1313 et
965 1270 1163 1329 usque
1197 1252 1285 1309 ad
1319 1250 1628 1309 Sidonem
1667 1267 1971 1325 magnam
2002 1268 2023 1305 .·
2055 1264 2186 1327 quo
2216 1262 2365 1307 con-

873 1356 996 1411 stat
1025 1347 1196 1429 quod
1230 1365 1304 1408 ex
1339 1344 1622 1427 antiquis
1663 1346 2056 1427 temporibus
2105 1343 2368 1405 fuerunt

769 1460 776 1465 ·
876 1447 1066 1510 urbes
1095 1446 1222 1508 illae
1240 1444 1598 1527 praecipuae.
1618 1444 1762 1506 Fuit
1789 1452 2002 1506 autem
2033 1443 2168 1506 haec
2203 1450 2367 1504 terra

613 1653 722 1697 Gen.
737 1666 762 1693 x

585 1718 652 1758 20.

874 1546 1029 1609 Aser
1060 1544 1352 1621 fecunda,
1389 1544 1748 1625 producens
1789 1542 2060 1605 delicata
2100 1540 2361 1605 cibaria.

767 1666 846 1702 ux,
875 1644 1053 1706 Unde
1080 1640 1269 1705 Jacob
1305 1640 1636 1723 praedixit:
1672 1641 1847 1715 Aser,
1885 1637 2141 1721 pinguis
2184 1637 2368 1719 panis

877 1743 1039 1823 ejuS,
1074 1748 1140 1805 et
1180 1738 1490 1822 praebebit
1524 1738 1786 1801 delicias
1827 1737 2104 1816 regibus.
2139 1737 2369 1799 Conse-

2472 1143 2775 1209 defuncto
2811 1163 2837 1207 :-
2862 1146 3179 1227 siquidem
3212 1145 3279 1207 in
3314 1144 3447 1209 fine
3490 1145 3664 1207 illius
3698 1146 3959 1227 capituli

2475 1246 2727 1325 legitur,
2761 1246 2827 1307 In
2870 1246 3096 1308 diebus
3133 1244 3261 1308 illis
3293 1264 3421 1309 non
3464 1254 3599 1309 erat
3632 1264 3739 1309 rex
3776 1246 3842 1307 in
3882 1246 3965 1307 ls-

2475 1345 2628 1407 rael.
2676 1345 2862 1407 Josue
2910 1353 3121 1408 autem
3166 1353 3385 1407 auctor
3424 1352 3521 1407 est
3558 1344 3747 1426 hujus
3789 1344 3963 1422 libri,

2477 1453 2540 1507 et
2570 1442 2674 1505 hic
2707 1452 2996 1505 narratur
3026 1443 3332 1517 historia:
3359 1443 3479 1505 nisi
3516 1442 3681 1507 forte
3706 1444 3971 1520 dicatur,

2478 1544 2647 1625 quod
2688 1561 2802 1624 per
2841 1541 3135 1623 spiritum
3175 1541 3525 1624 prophetiae
3564 1542 3697 1605 haic
3734 1561 3971 1624 praeco-

2478 1640 2719 1722 gnovit‚
2755 1648 2816 1703 et
2848 1640 2926 1703 de
2958 1638 3193 1702 futuris
3227 1658 3341 1722 per
3372 1641 3631 1703 modum
3664 1640 3968 1722 praeteriti

2480 1739 2850 1821 prophetice
2895 1738 2979 1800 sit
3023 1740 3291 1801 locutuS.
3348 1744 3501 1802 Hoec
3542 1750 3632 1799 est
3666 1742 3969 1817 possessio

875 1847 1147 1923 quenter
1176 1837 1558 1903 describitur
1589 1836 1908 1919 possessio
1940 1836 2146 1898 tribus
2165 1834 2370 1916 Nepb-
2406 1838 2452 1899 B
2480 1842 2773 1919 filiorum
2812 1840 2959 1899 Dan
2988 1857 3107 1915 per
3145 1840 3548 1915 coynationes
3578 1858 3755 1907 suas,
3784 1840 3971 1898 urbes

881 1938 1056 2002 thali.
1091 1940 1420 1999 Filiorum
1451 1938 1807 2013 Nephtlzali
1845 1946 2024 1995 seaeta
2053 1955 2187 1994 sors
2216 1936 2371 1993 ceci-

875 2040 977 2099 dit
1017 2057 1138 2115 per
1185 2037 1591 2112 coquationes
1639 2054 1790 2093 suas
1825 2055 1847 2093 .·
1893 2032 1960 2093 in
2011 2050 2140 2114 qua
2190 2038 2371 2093 erant

877 2136 1169 2199 civitates
1214 2133 1432 2195 decem
1478 2140 1542 2195 et
1591 2150 1842 2193 novem.
1887 2130 2155 2211 Fuitque
2206 2137 2372 2191 terra

879 2232 1215 2316 Nephthali
1253 2231 1567 2323 contigua
1618 2250 1728 2294 seu
1781 2230 2140 2313 propinqua
2191 2237 2371 2292 terrae

2480 1948 2538 1997 et
2578 1938 2783 1997 viculi
2818 1957 3068 1997 earum.

2565 2039 2903 2114 Quumque
2930 2038 3291 2111 complesset
3332 2044 3571 2095 terram
3606 2044 3771 2096 sorte
3798 2037 3973 2095 divi-

2481 2139 2630 2195 dere
2677 2135 2956 2209 sz'nffulis
3002 2154 3123 2210 per
3176 2135 3378 2193 tribus
3432 2154 3604 2205 sum,
3654 2137 3973 2195 dederunt

2482 2236 2617 2313 filii
2634 2237 2833 2295 Israel
2850 2235 3299 2311 possessionem
3320 2237 3503 2294 Josue
3526 2234 3597 2293 in
3624 2234 3833 2293 medio
3852 2236 3977 2301 sui,

882 2331 1162 2395 Zabulon
1192 2339 1414 2393 contra
1445 2330 1800 2407 meridiem,
1822 2338 1886 2392 et
1917 2338 2097 2392 terrae
2119 2329 2274 2391 Aser
2294 2329 2370 2391 ad
2470 2336 2680 2411 juoeta
2729 2341 3121 2409 pracceptum
3170 2333 3467 2401 Domini,
3510 2332 3731 2391 urbem
3776 2353 3974 2412 quam

883 2430 1301 2507 occidentem,
1347 2438 1657 2509 terraeque
1697 2428 1857 2491 Iuda
1905 2428 1986 2490 ad
2035 2427 2370 2491 orientem.

2482 2432 2869 2509 postulavit,
2928 2432 3293 2492 Thamnatlz
3362 2433 3575 2491 Saraa
3635 2432 3707 2491 in
3766 2442 3979 2491 monte

621 2538 777 2582 fob-¹·
802 2540 840 2580 ¹·
883 2530 968 2593 De
999 2530 1116 2592 hac
1147 2526 1485 2610 Nephthali
1529 2526 1698 2589 tribu
1747 2526 1869 2588 fuit
1902 2526 2151 2603 TobiaS,
2197 2532 2259 2587 et
2298 2526 2375 2587 de
2486 2528 3024 2607 Ephraim.lllam
3053 2528 3292 2590 etenim
3321 2528 3543 2591 urbem
3568 2527 3977 2610 petivit,quia

883 2648 1084 2713 prope
1112 2629 1412 2705 Naasson‚
1449 2645 1590 2707 quae
1626 2626 1692 2688 in
1727 2626 1936 2688 littera
1965 2628 2059 2702 (ut
2097 2624 2378 2705 videtur)
2488 2637 2551 2691 et
2581 2628 2719 2710 ipse
2752 2626 2995 2689 exstitit
3023 2626 3673 2708 EphrataeuS.ldcirco
3706 2626 3771 2688 in
3806 2628 3977 2690 tribu
4046 2638 4060 2647 ‘

883 2729 1168 2791 Enhasor
1199 2734 1480 2790 vocatur.
2490 2748 2603 2791 sua
2636 2726 2839 2789 voluit
2868 2725 3271 2789 commorari.
3305 2726 3623 2788 Dederunt
3664 2735 3875 2789 aut-em
3918 2727 3977 2790 ei

965 2826 1266 2907 Sequitur
1314 2823 1661 2906 descriptio
1713 2824 1901 2887 sortis
1953 2824 2106 2886 Dan.
2151 2825 2379 2886 Tribui
2490 2827 2713 2890 urbem
2744 2826 2922 2906 juxta
2953 2823 3261 2905 placitum
3293 2824 3765 2901 suum,scilicet
3784 2845 3974 2907 quam

883 2928 1179 3005 filiorum
1228 2927 1377 2985 Dan
1420 2944 1539 3001 per
1584 2924 1886 3001 familias
1933 2944 2084 2983 suas
2131 2942 2377 3000 egressa
2488 2925 2702 3007 elegit.
2739 2924 2858 2987 Sed
2902 2941 3103 3005 quum
3151 2922 3288 3003 ipse
3335 2921 3528 2986 suerit
3572 2923 3869 3005 princeps
3912 2934 3975 2987 et

883 3036 974 3086 est
1015 3044 1149 3085 sors
1188 3026 1488 3101 septima,
1516 3032 1575 3083 et
1618 3024 1755 3098 fuit
1797 3024 2109 3083 terminus
2141 3042 2380 3099 posses·
2413 3023 2457 3085 C
2484 3026 2681 3107 judex
2728 3022 2923 3087 totius
2972 3020 3301 3084 Israelitici
3350 3021 3596 3103 populi,
3629 3042 3742 3086 cur
3788 3023 3974 3104 petiit

885 3127 1088 3186 sionis
1129 3144 1352 3184 eorum
1383 3127 1597 3185 Saraa
1628 3133 1686 3182 et
1725 3125 1986 3184 Estkaol
2008 3144 2030 3182 .·
2061 3141 2206 3202 quae
2236 3120 2377 3184 duae
2488 3125 2710 3189 urbem
2752 3122 2832 3185 ab
2874 3120 3048 3184 iltis?
3090 3120 3221 3185 Dici
3265 3129 3491 3203 potest,
3537 3122 3705 3203 quod
3746 3143 3822 3185 ex
3861 3124 3971 3186 hu-

818 3249 860 3286 ν,
889 3223 1079 3286 urbes
1110 3242 1186 3285 ex
1221 3229 1390 3284 sorte
1424 3221 1624 3284 tribus
1653 3221 1832 3297 Juda,
1867 3220 2027 3284 datae
2068 3227 2219 3282 sunt
2258 3219 2373 3296 eiS,
2486 3224 2756 3287 militate
2782 3221 2900 3284 boc
2928 3219 3221 3282 fecit.Vel
3247 3239 3361 3301 per
3383 3219 3557 3283 filios
3582 3221 3768 3284 lsrael
3800 3241 3969 3286 nunc

890 3330 961 3384 ut
1011 3328 1248 3384 tactum
1299 3329 1414 3397 est,
1451 3328 1514 3382 et
1562 3319 1968 3401 pertinebant
2010 3321 2088 3382 ad
2139 3319 2375 3381 tribum
2489 3321 2850 3407 specialiter
2901 3317 3353 3398 intelliguntur
3403 3337 3530 3381 non
3582 3320 3971 3404 quicumque

889 3422 1043 3498 Dan,
1066 3428 1135 3482 ut
1166 3419 1356 3482 etiam
1390 3419 1456 3480 in
1473 3418 1763 3481 Indicum
1799 3418 1964 3481 libro
1996 3418 2374 3493 ostenditur,
2486 3425 2565 3485 de
2597 3420 2857 3503 populo,
2893 3419 3000 3480 sed
3032 3417 3289 3478 Eleazar
3322 3417 3631 3498 pontifex,
3666 3418 3875 3494 Caleb‚
3910 3431 3969 3486 et
4028 3449 4120 3554 xs
4100 3462 4179 3490 ...a

890 3519 1182 3601 quamvis
1213 3517 1414 3599 aliqui
1443 3517 1630 3579 aliter
1653 3517 2018 3598 opinentur.
2039 3517 2193 3578 Nam
2218 3517 2379 3579 etde
2487 3519 2679 3584 ceteri
2728 3516 3051 3599 principes
3085 3515 3147 3576 in
3184 3514 3479 3577 tribubus
3509 3517 3717 3593 lsrael,
3752 3519 3867 3600 qui
3896 3527 4049 3617 exn,
4124 3513 4225 3555 ⁵⁴·

891 3616 1118 3681 ceteris
1150 3615 1419 3679 urbibus
1441 3616 1572 3677 Dan
1599 3614 1717 3677 suh
1740 3615 1957 3677 eadem
1983 3615 2379 3678 connexione
2488 3618 2787 3682 mandato
2834 3614 2941 3676 Dei
2992 3593 3223 3676 terram
3274 3612 3632 3677 diviserunt
3677 3615 3836 3679 filiis
3886 3619 3971 3681 ls—
4002 3577 4064 3619 η’

891 3715 1320 3796 subjungitur,
1344 3726 1404 3776 et
1435 3717 1785 3783 Hirsemes,
1801 3715 1872 3772 id
1902 3725 1990 3774 est
2020 3717 2252 3774 civitas
2272 3718 2383 3775 So·
2490 3716 2641 3792 rael,
2662 3732 2935 3796 quorum
2968 3711 3227 3774 nomina
3250 3711 3315 3773 in
3336 3712 3627 3774 Numeris
3657 3723 3805 3776 sunt
3826 3716 3974 3779 scri·

893 3819 1001 3886 lis,
1034 3817 1288 3876 Selebin
1315 3822 1376 3873 et
1407 3815 1676 3882 Aialon,
1700 3819 1820 3874 etc.
1844 3812 2034 3874 Porro
2063 3812 2379 3874 Hirsemes
2492 3823 2597 3897 pta
2623 3832 2635 3874 :
2672 3822 2734 3875 et
2776 3813 2863 3873 ita
2902 3831 2977 3873 ex
3015 3810 3235 3873 divina
3274 3810 3676 3875 ordinatione
3705 3814 3976 3894 pertine—

891 3913 1125 3976 dicitur
1163 3910 1386 3976 civitas
1419 3908 1605 3985 Solis,
1632 3909 1714 3971 ob
1744 3909 2022 3990 aliquam
2055 3911 2197 3991 ejus
2228 3910 2383 3972 emi-
2491 3913 2599 3975 bat
2638 3911 2715 3974 ad
2757 3929 2864 3973 eos
2904 3910 3054 3972 dare
3093 3909 3217 3989 ipsi
3256 3907 3443 3972 Josue
3484 3919 3729 3991 partem
3773 3930 3971 3974 suam.

893 4011 1199 4086 nentiam,
1231 4008 1684 4091 proprietatem
1720 4007 1856 4070 sive
1896 4018 2195 4071 eventum
2225 4034 2239 4085 3
2274 4017 2384 4071 aut
2492 4011 2717 4090 Atque,
2754 4016 2825 4069 ut
2870 4007 3181 4088 Josephus
3232 4006 3537 4088 loquitur,
3575 4008 3887 4072 dederunt
3918 4011 3975 4073 ei

891 4109 1046 4192 quia
1076 4107 1426 4170 idololatrae
1448 4106 1648 4168 solem
1670 4105 2006 4169 coluerunt
2037 4105 2380 4168 ibidem.ln
2493 4107 2683 4171 etiam
2735 4106 3009 4168 Sichem.
3055 4105 3318 4186 Insuper
3367 4104 3493 4167 dici
3545 4113 3773 4189 potest,
3809 4110 3975 4190 quod

895 4208 1162 4289 AEgypto
1190 4223 1448 4287 quoquc
1481 4204 1604 4266 fuit
1635 4204 1858 4266 civitas
1891 4204 2075 4281 Solis,
2099 4205 2279 4284 Juxta
2310 4203 2384 4266 il-
2416 4207 2465 4268 D
2493 4216 2624 4270 tota
2654 4204 3081 4268 communitas
3114 4202 3307 4264 simul
3340 4213 3615 4285 sumpta,
3639 4214 3737 4268 est
3764 4206 3977 4289 aliquo

896 4305 1006 4367 lud
1028 4302 1462 4381 lsaiae‚Civitas
1485 4302 1648 4364 Solis
1669 4301 1988 4365 vocabitur
2012 4305 2385 4364 unaAscen-
2494 4305 2681 4367 modo
2714 4322 2907 4384 supra
2939 4301 3293 4384 principem
3328 4321 3537 4379 suum,
3571 4301 3637 4365 in
3669 4314 3975 4385 quantum

641 3237 776 3281 Josue
791 3249 816 3278 x

597 3304 664 3343 33.

593 3434 860 3485 ludimxwit,

601 3500 665 3540 11.

619 4317 680 4361 Ιε.
697 4331 778 4368 xix,
801 4321 864 4360 ¹8.

893 4407 1256 4481 clerumque
1274 4402 1409 4480 filii
1429 4404 1598 4470 Dan,
1611 4411 1670 4460 et
1693 4410 2152 4478 puynaverunt
2169 4411 2385 4462 contra

892 4505 1136 4572 lesem,
1171 4499 1235 4561 id
1268 4507 1364 4561 est
1397 4498 1618 4562 urbem
1650 4498 1741 4561 sic
1772 4497 2176 4580 appellatam,
2214 4520 2385 4577 cepe-

894 4609 1174 4678 runtque
1201 4617 1372 4667 eam,
1401 4607 1460 4658 et
1489 4607 1941 4675 percusserunt
1981 4618 2123 4658 eam
2165 4599 2240 4657 in
2278 4619 2384 4658 ore

885 4700 1131 4779 yladii,
1167 4707 1226 4758 et
1263 4700 1677 4774 possederunt
1715 4706 1774 4755 et
1809 4697 2269 4758 habitaverunt
2312 4700 2382 4758 in

891 4819 984 4870 ea,
1005 4805 1293 4856 voca-ntes
1321 4816 1552 4856 nomen
1583 4797 1725 4873 ejus
1741 4798 1958 4855 Lesem
1983 4797 2152 4866 Dan,
2171 4817 2253 4854 em
2283 4816 2384 4855 no-

893 4898 1070 4957 mine
1090 4896 1306 4971 patris
1334 4897 1442 4953 sui
1472 4897 1619 4953 Dan
1642 4915 1664 4952 .·
1696 4892 1848 4974 quia
1888 4891 2187 4956 videlicet
2226 4895 2385 4956 anti-

890 5013 1018 5076 quo
1065 4992 1159 5054 illi
1203 4991 1515 5055 vocabulo
1559 4991 1802 5068 Lesem,
1852 4991 2237 5054 addiderunt
2279 5012 2383 5056 no-

891 5109 1038 5156 men
1071 5090 1201 5151 Dan
1242 5087 1365 5149 filii
1407 5086 1618 5163 Jacob,
1653 5087 1734 5149 ad
1775 5087 2171 5151 innuendum
2211 5091 2381 5171 quod

889 5189 1115 5252 civitas
1155 5187 1285 5268 jam
1333 5193 1647 5269 spectaret
1684 5186 1761 5247 ad
1806 5186 1976 5250 filios
2015 5187 2168 5250 Dan.
2202 5187 2381 5250 Circa

889 5287 1023 5350 hmo
1075 5284 1296 5348 recitat
1343 5283 1501 5366 Lyra
1545 5301 1559 5345 :
1609 5283 1842 5348 Dicunt
1887 5285 2153 5362 Hebraei,
2207 5287 2378 5366 quod

2494 4411 2590 4464 est
2622 4422 2722 4464 res
2755 4401 3043 4483 quaedam
3074 4400 3552 4464 communitatis
3584 4402 3875 4466 ordinata
3900 4404 3975 4466 ad

2494 4501 2732 4564 bonum
2785 4499 3010 4581 ipsiuS.
3054 4499 3252 4572 Unde,
3304 4501 3651 4563 secundum
3702 4501 3978 4565 Philoso—

2494 4601 2690 4682 phum
2725 4599 2791 4660 in
2825 4599 2991 4661 libro
3021 4597 3451 4674 politicorum,
3470 4607 3713 4680 spectat
3735 4601 3813 4662 ad
3840 4619 3977 4664 eam

2492 4699 2838 4760 destituere
2860 4717 2971 4759 seu
2992 4697 3311 4779 deponere
3332 4715 3477 4759 eum
3501 4698 3823 4760 communi
3848 4717 3978 4761 con-

2494 4815 2706 4869 sensu,
2754 4795 2806 4857 si
2860 4794 3215 4877 tyrannizet
3265 4803 3373 4857 aut
3424 4814 3683 4877 prorsus
3734 4797 3977 4860 inutilis

2493 4894 2597 4956 sit.
2636 4899 2717 4956 Εἰ
2756 4896 3108 4970 (edificavit
3148 4897 3499 4964 civitatem,
3540 4897 3977 4976 habitavitque

2492 4994 2566 5052 in
2595 5014 2691 5054 ca.
2726 5029 2806 5037 —-
2836 4996 2955 5054 Ha*
2984 5002 3136 5052 sunt
3160 4995 3596 5070 possession-es,
3630 5015 3793 5072 quas
3818 5003 3977 5052 sorte

2488 5093 2564 5152 di
2572 5093 2858 5151 viserunt
2885 5093 3165 5152 Eleazar
3182 5093 3496 5162 sacerdos,
3514 5101 3573 5150 et
3591 5096 3781 5152 Josue
3799 5093 3977 5169 filius

2494 5191 2679 5258 Nun,
2698 5199 2757 5249 et
2778 5191 3110 5266 principes
3136 5190 3557 5265 familiarum
3587 5209 3663 5249 ac
3695 5191 3977 5249 tribuum

2486 5289 2782 5366 filiorum
2812 5291 3017 5348 Israel
3048 5288 3114 5347 in
3151 5289 3292 5349 Silo
3318 5307 3536 5348 coram
3566 5289 3864 5362 Domi-nc,
3893 5289 3977 5348 ad
