4359 6250
637 5138 886 5189 Gen-xxm.
915 5129 1086 5211 quod
1139 5124 1263 5188 filii
1321 5122 1506 5187 Israel
1559 5140 1686 5184 non
1739 5122 2082 5185 comedunt
2135 5140 2402 5185 nervum
2511 5122 2671 5185 Ecce
2700 5139 2891 5202 quam
2922 5118 3103 5182 stulti
3143 5128 3207 5182 et
3244 5118 3481 5197 miseri,
3526 5120 3639 5201 qui
3683 5119 3863 5183 illum
3893 5140 3995 5184 co—

623 5202 690 5245 ³2.

925 497 1044 560 286
1564 514 1913 562 mantuam
1956 514 2017 560 ΙΝ
2060 514 2197 561 CAP.
2248 513 2281 558 V
2324 513 2481 560 unm
2524 513 2693 560 Pnuss
2732 515 2957 562 REGUH.
3002 533 3083 544 --
3121 515 3265 562 An'r.
3312 515 3375 562 xl

923 690 1150 765 Dayon
1156 688 1412 765 jacebat
1425 707 1668 764 pronus
1701 689 1774 748 in
1807 699 1982 750 terra
2012 695 2162 748 ante
2194 705 2413 746 arcam
2445 683 2498 746 A
2522 707 2638 764 per
2666 691 2927 750 Azotios
2957 709 2978 748 .·
3012 688 3077 751 id
3116 696 3233 764 est,
3277 689 3441 752 Deus
3478 685 4021 769 omnipotentiam

871 847 874 850 ,
919 787 1216 856 Domini,
1261 793 1562 868 tanquam
1609 805 1748 850 eam
1795 787 2088 860 adoram,
2130 791 2203 846 ut
2247 783 2417 847 Iose-
2525 793 2716 866 atque
2732 785 3047 867 justitiam
3068 805 3247 849 suam
3278 785 3593 870 poenalius
3612 785 3821 848 adhuc
3844 801 4029 846 mon·

923 882 1090 965 phus
1121 883 1363 946 scribit.
1399 883 1576 957 Quod
1605 884 1770 947 Deus
1797 883 2205 965 omnipotens
2238 881 2410 958 fecit,
2527 883 2750 946 stravit
2780 883 2846 945 in
2878 883 3344 948 habitatoribus
3366 883 3563 960 Azoti,
3582 882 3739 964 quia
3758 901 3835 945 ex
3858 899 4023 964 prae-

923 983 1004 1044 ad
1049 983 1524 1065 reprimendum
1562 981 2042 1046 Philistinorum
2083 979 2413 1044 audaciam
2526 981 2709 1045 tactis
2741 981 3143 1045 mirabilibus
3174 1000 3303 1046 non
3336 981 3914 1045 fueruntconversi
3936 979 4021 1042 ab

923 1089 1114 1162 atque
1161 1080 1649 1163 blasphemiam,
1685 1080 2036 1144 dicentium
2088 1097 2156 1142 se
2202 1097 2411 1142 arcam
2526 1078 2883 1143 idololatria
2910 1081 3014 1144 dei
3054 1081 3176 1156 sui,
3210 1099 3403 1163 quem
3443 1088 3573 1142 tam
3610 1077 4021 1142 confusibili·

923 1179 1170 1262 cepisse
1219 1180 1454 1243 virtute
1488 1181 1701 1261 Dagon
1751 1197 1765 1242 t
1814 1180 1998 1261 cujus
2044 1176 2413 1261 oppositum
2528 1187 2623 1241 ter
2648 1199 2686 1241 a
2724 1179 2849 1242 Deo
2886 1179 3072 1242 lsrael
3105 1179 3345 1242 victum
3384 1187 3449 1242 et
3487 1179 3813 1261 plagatum
3846 1177 4021 1240 vide-

923 1279 1130 1361 patuit
1159 1297 1272 1361 per
1302 1279 1446 1356 hoc,
1479 1280 1650 1360 quod
1681 1281 1892 1358 Dagon
1921 1277 2122 1359 jacuit
2152 1276 2245 1340 sic
2276 1293 2415 1357 pro-
2526 1286 2715 1351 runt;
2748 1289 2807 1338 et
2826 1281 3167 1340 denwlitus
3185 1288 3297 1350 est,
3322 1278 3387 1340 id
3419 1285 3536 1355 est,
3554 1275 3871 1340 destruxit
3900 1294 4015 1338 seu

922 1385 1156 1440 stratus
1203 1387 1350 1441 ante
1396 1397 1628 1440 arcam.
1661 1381 1749 1440 Et
1791 1381 2100 1446 tulerunt,
2149 1376 2270 1438 hoc
2318 1381 2415 1436 est
2525 1375 2801 1456 graviter
2830 1376 3211 1454 vulneravit,
3235 1397 3359 1448 eos,
3380 1376 3547 1439 sicut
3576 1374 4015 1457 subjungitur.

918 1484 1320 1558 acceperunt,
1351 1480 1574 1553 Daqon
1605 1477 1962 1539 sacerdotes
1995 1473 2220 1556 ἱρείης,
2244 1483 2305 1533 et
2324 1493 2413 1532 re-
2523 1475 2969 1538 Verumtamcn
3001 1476 3171 1565 quod
3194 1475 3259 1538 in
3290 1474 3614 1557 aliquibus
3646 1474 3835 1538 libris
3866 1493 4017 1537 mox

913 1576 1432 1638 stituerunteum
1454 1578 1526 1636 in
1559 1579 1768 1636 locum
1787 1595 2004 1644 suum,
2031 1572 2413 1636 erubescen-
2522 1573 2840 1654 sequitur,
2894 1572 3061 1636 istud
3113 1574 3433 1650 videlicet,
3482 1576 3569 1634 Et
3614 1575 4015 1634 ebullierunt

916 1681 1006 1735 tes
1044 1674 1122 1736 de
1161 1673 1264 1736 dei
1305 1673 1404 1736 sui
1448 1681 1619 1736 tanta
1657 1672 2055 1754 dejectione3
2105 1679 2169 1733 et
2222 1687 2409 1732 mane
2522 1673 2696 1733 vittae
2733 1683 2793 1733 et
2833 1674 2982 1749 ayri
3022 1675 3097 1733 in
3140 1675 3347 1733 medio
3388 1675 3669 1749 reqionis
3708 1675 3923 1742 illius,
3954 1683 4015 1730 et

911 1790 984 1834 ac
1021 1771 1186 1834 clam
1215 1771 1628 1836 restituerunt
1658 1791 1828 1848 eum,
1863 1789 1944 1834 ne
1973 1767 2407 1834 communitas
2520 1773 2666 1831 nati
2693 1782 2846 1832 sunt
2878 1792 3113 1842 Μανᾶς,
3134 1782 3193 1832 et
3213 1773 3389 1849 facta
3420 1781 3509 1832 est
3527 1773 3826 1848 confusio
3850 1791 4015 1831 mor-

910 1870 1031 1933 hoc
1061 1871 1272 1953 ipsum
1308 1870 1685 1953 perciperet.
2446 1862 2492 1924 B
2523 1871 2603 1928 tis
2650 1889 2887 1946 maqna
2914 1872 2939 1896 *
2982 1873 3055 1931 in
3092 1873 3377 1940 civitate,
3408 1888 3537 1933 non
3578 1877 3675 1932 est
3716 1869 3785 1931 in
3826 1868 4013 1930 libris
4066 1887 4083 1903 ·
4108 1897 4241 1938 -ιμι

989 1972 1402 2049 Rursumque
1433 1990 1621 2030 mane
1649 1970 1756 2029 die
1787 1973 1986 2030 attero
2017 1985 2407 2044 consumen-
2518 1967 2840 2044 correctiS,
2873 1967 3023 2050 quia
3054 1987 3169 2031 nec
3211 1969 3277 2032 in
3312 1968 3592 2044 Hebraeo,
3637 1968 3750 2030 sed
3784 1967 3869 2030 ab
3900 1967 4014 2029 ali-

913 2078 1022 2138 tes,
1055 2070 1444 2129 invenerunt
1478 2072 1706 2146 Dayon
1721 2069 2053 2144 jacentem
2083 2087 2277 2144 super
2304 2066 2408 2142 fa·
2517 2085 2645 2147 quo
2672 2065 3021 2144 glossatore
3051 2066 3257 2148 primo
3286 2075 3383 2130 est
3410 2066 3699 2130 additum
3730 2085 3849 2148 per
3882 2085 4011 2128 mo—

907 2170 1072 2228 ciem
1107 2188 1295 2229 suam
1337 2169 1413 2228 in
1455 2177 1624 2228 terra
1664 2187 1880 2227 coram
1923 2186 2076 2226 arca
2107 2164 2399 2226 Domini.
2516 2165 2669 2227 dum
2699 2165 3115 2247 expositionis
3144 2173 3207 2228 et
3235 2166 3483 2246 glossat,
3502 2173 3695 2247 atque
3724 2185 3765 2228 a
3794 2163 4013 2227 minus

910 2264 1190 2338 Qualiter
1238 2284 1460 2330 verum
1511 2272 1606 2328 est
1656 2264 1807 2341 hoc,
1860 2282 2060 2345 quum
2110 2261 2406 2344 protinus
2515 2263 2739 2344 peritis
2782 2271 2927 2346 post
2964 2264 3160 2326 textui
3202 2264 3489 2327 additum
3528 2272 3590 2327 et
3632 2263 3949 2326 insertum
3988 2283 4005 2326 ε

912 2362 1362 2444 subjungatur,
1390 2373 1584 2440 eaput
1625 2372 1843 2423 autem
1883 2365 2108 2439 Dayon
2157 2370 2219 2420 et
2256 2363 2406 2420 duae
2514 2361 2687 2443 quod
2732 2370 2795 2424 et
2829 2362 2895 2424 in
2936 2362 3079 2425 aliis
3122 2362 3279 2426 locis
3310 2361 3653 2444 Scripturae
3688 2360 4007 2444 reperitur

901 2466 1144 2539 palmae
1187 2482 1506 2523 manuum
1544 2462 1712 2538 ejus,
1743 2461 2030 2521 abscissae
2073 2469 2261 2519 erant
2298 2479 2406 2518 su·
2514 2460 2860 2542 aliquando
2891 2459 3149 2525 factum.
3188 2460 3379 2525 Porro
3412 2478 3636 2524 sensus
3678 2460 3875 2542 hujus
3904 2461 4015 2523 ad-

900 2580 1022 2640 per
1053 2563 1298 2622 limen?
1327 2560 1526 2641 Caput
1557 2576 1706 2637 ergo
1737 2566 1800 2620 et
1830 2556 2024 2621 facies
2055 2564 2237 2620 erant
2266 2557 2395 2637 jam
2514 2559 2777 2622 ditionis
2815 2579 2890 2624 ex
2930 2560 3256 2642 sequentis
3300 2559 3565 2643 capituli
3606 2559 4009 2642 expositione

908 2667 1213 2742 separatae
1241 2680 1278 2722 a
1307 2675 1573 2742 corpore
1604 2658 1816 2737 Dagon
1853 2673 1866 2717 :
1906 2674 2032 2720 non
2066 2655 2282 2736 itaque
2312 2655 2404 2736 ja·
2513 2657 2773 2741 patebit.
2799 2662 2879 2721 Et
2896 2662 3209 2736 percussit
3242 2661 3313 2720 in
3335 2661 3664 2720 secretiore
3678 2669 3871 2736 parte
3896 2679 4011 2718 na-

907 2757 1040 2820 cuit
1059 2775 1250 2839 super
1273 2755 1502 2819 faciem
1525 2754 2207 2837 suam.Respondetur,
2228 2753 2401 2834 quod
2516 2759 2703 2828 tium,
2721 2765 2939 2839 utpote
2960 2757 3339 2820 inferiorum
3372 2756 3672 2838 partium,
3698 2775 3815 2838 per
3842 2776 4007 2838 quas

908 2857 1122 2936 Dagon
1165 2856 1370 2937 jacuit
1415 2873 1608 2937 super
1658 2852 1888 2917 faciem
1938 2871 2143 2930 suam,
2192 2851 2258 2913 id
2308 2860 2404 2914 est
2512 2863 2858 2935 egeruntur
2878 2854 3197 2936 grossiora
3218 2863 3459 2917 naturae
3478 2853 4012 2935 superflumAzo·

909 2973 1101 3036 super
1133 2953 1503 3017 inferiorem
1545 2951 1956 3035 superficiem
1999 2970 2205 3027 suam,
2240 2970 2312 3013 ac
2349 2949 2400 3012 si
2516 2965 2653 3016 tum
2681 2965 2741 3014 et
2768 2959 2930 3032 fines
2958 2955 3119 3030 ejus,
3146 2952 3210 3014 id
3242 2961 3359 3030 est,
3394 2951 3783 3016 habitatores
3826 2953 4005 3015 urbis

912 3053 1159 3117 vultum
1193 3051 1520 3116 habuisset
1549 3059 1731 3115 terrae
1761 3051 2104 3114 haerentem
2134 3075 2148 3127 ;
2198 3049 2307 3112 sed
2341 3057 2403 3111 et
2439 3051 2482 3114 C
2518 3053 2711 3131 illius,
2738 3051 3165 3135 villarumque
3194 3052 3358 3134 ejuS.

911 3160 1102 3234 caput
1126 3152 1347 3233 Jacuit,
1371 3170 1550 3215 versa
1583 3150 1647 3212 in
1682 3158 1913 3213 terram
1947 3148 2112 3213 facie
2139 3149 2302 3230 ejuS.
2328 3148 2406 3209 Et
2612 3156 2904 3214 Videntes
2948 3162 3163 3214 autem
3206 3154 3341 3212 viri
3366 3154 3589 3214 Azotii
3628 3153 4010 3229 hujusmodi

911 3250 978 3313 in
1021 3250 1121 3313 bis
1151 3252 1314 3313 Deus
1357 3248 1717 3312 evidentius
1763 3248 2228 3313 demonstravit
2270 3265 2404 3309 om·
2508 3255 2776 3329 playam
2806 3272 2829 3310 .·
2862 3270 3002 3332 quae
3032 3250 3411 3329 (secundum
3440 3250 3835 3331 expositores
3864 3268 4009 3314 con-

911 3348 1330 3430 nipotentiam
1361 3366 1434 3411 ac
1450 3347 1764 3428 justitiam
1796 3365 1975 3408 suam
1997 3364 2190 3427 super
2211 3346 2401 3407 deum
2513 3348 2817 3429 corditer)
2833 3346 3335 3430 fuitdysenteria
3366 3346 3534 3411 foeda
3564 3368 3637 3411 ac
3658 3349 4005 3411 vehemens

907 3455 968 3509 et
1019 3447 1326 3530 populum
1375 3445 1858 3509 philistinorum
1903 3470 1917 3521 ;
1973 3462 2092 3507 nec
2152 3450 2402 3526 poterat
2512 3456 2575 3511 et
2602 3447 2982 3524 crudeliS,et
3004 3447 3452 3511 intestinorum
3474 3446 3853 3511 inferiorum
3874 3466 4006 3511 cor-

907 3546 1094 3627 plaga
1123 3546 1243 3607 ista
1272 3544 1466 3609 celari
1499 3553 1568 3606 ut
1601 3544 1796 3626 prior,
1830 3542 1986 3624 quia
2026 3542 2271 3606 idolum
2306 3560 2402 3604 re-
2514 3548 2725 3629 ruptio
2768 3555 2830 3610 et
2871 3544 3250 3628 putrefactio
3289 3546 3605 3627 quamam,
3641 3546 3707 3608 in
3756 3556 4001 3610 tantum

909 3643 1208 3725 integrari
1239 3642 1553 3725 nequivit.
1573 3643 1648 3705 Et
1681 3642 1848 3705 facta
1869 3649 1966 3704 est
1996 3642 2118 3703 ista
2149 3640 2403 3723 punitio
2510 3647 2682 3727 quod
2711 3644 3037 3709 vermibus
3082 3644 3407 3707 scatebant
3446 3654 3509 3707 et
3554 3646 4005 3726 prominebant

909 3742 1264 3806 ministerio
1307 3741 1516 3823 angeli
1555 3766 1569 3816 ;
1619 3750 1828 3804 tamen
1875 3740 2191 3803 incertum
2231 3739 2401 3802 vide-
2510 3744 2901 3806 extrinsecus
2938 3761 2952 3805 ε
2986 3762 3179 3824 quam
3224 3742 3475 3825 plagam
3518 3762 3630 3825 per
3668 3744 3999 3825 experien-

907 3849 1030 3920 tur,
1079 3862 1158 3905 an
1200 3842 1557 3906 ministerio
1607 3840 1818 3920 angeli
1865 3840 2039 3916 boni,
2090 3858 2173 3902 an
2219 3838 2396 3915 mali,
2512 3842 2665 3904 tiam
2703 3842 2769 3904 in
2800 3860 2867 3905 se
2908 3841 3231 3917 videbant,
3266 3840 3331 3903 id
3361 3848 3459 3904 est
3488 3841 3871 3918 sentiebant,
3896 3851 4001 3905 aut

906 3942 1211 4023 quoniam
1244 3940 1399 4002 tales
1431 3939 1632 4022 plagae
1661 3938 1742 4000 ab
1773 3938 2060 4019 utrisque
2092 3935 2278 4001 sactae
2308 3936 2403 3999 le·
2510 3939 2703 4002 etiam
2733 3940 3159 4021 adspexerunt
3198 3938 3276 4000 ad
3310 3939 3763 4020 apponendum
3797 3958 3997 4003 reme—

905 4042 1390 4119 guntur.Porro
1408 4040 1638 4115 Dayon
1661 4041 1832 4097 solus
1863 4046 2129 4097 truncus
2149 4056 2401 4097 reman-
2510 4038 2711 4099 dium.
2746 4037 3075 4112 Quaeritur,
3124 4055 3321 4117 quare
3370 4036 3488 4099 hac
3538 4036 3724 4119 plaga
3778 4038 3996 4117 magiS,

905 4147 1077 4199 serat
1129 4139 1200 4197 in
1252 4140 1381 4197 loco
1428 4156 1564 4197 suo.
1604 4138 1878 4213 Propter
1919 4138 2089 4196 hane
2132 4155 2398 4195 eausam
2510 4155 2703 4219 quam
2745 4135 2891 4211 alia,
2942 4135 3072 4197 sint
3110 4135 3417 4216 percussi.
3454 4135 3847 4218 Responderi
3894 4154 4001 4218 po—

910 4260 1042 4299 non
1060 4242 1312 4298 calcant
1330 4238 1678 4297 sacerdotes
1698 4238 1948 4311 Dagon,
1971 4244 2030 4295 et
2049 4254 2265 4297 omnes
2284 4234 2403 4313 qui
2434 4238 2479 4299 D
2513 4236 2837 4316 test,quod
2858 4234 2935 4296 ad
2968 4232 3437 4295 humiliandum
3460 4252 3679 4297 eorum
3701 4233 3997 4317 blasphe—

907 4338 1378 4415 inyrediuntur
1410 4339 1719 4412 templum
1753 4335 1918 4411 ejus,
1958 4333 2022 4395 id
2055 4341 2148 4395 est
2184 4332 2400 4394 nullus
2512 4333 2735 4409 miam,
2788 4331 3381 4415 praesumptionem‚
3436 4331 3995 4414 turpissimamque

908 4434 1401 4517 ingredientium
1435 4432 1594 4495 illud
1624 4450 1699 4495 ex
1731 4431 1918 4513 plebe
1947 4449 2401 4509 eorum,super
2510 4430 2897 4513 superbiam.
2932 4430 3109 4493 Unde
3138 4437 3427 4493 cantatur
3457 4429 3525 4492 in
3554 4429 3839 4495 Psalmo:
3864 4431 3995 4493 Per·
4040 4452 4245 4494 hum.

908 4539 1105 4596 limen
1152 4537 1402 4611 Dayon,
1443 4531 1506 4594 id
1547 4538 1644 4593 est
1687 4548 1879 4611 super
1925 4530 2124 4592 limen
2175 4529 2395 4613 templi
2508 4530 2707 4595 cussit
2736 4528 3027 4592 inimicos
3068 4547 3215 4591 suos
3256 4528 3322 4589 in
3364 4528 3734 4609 posteriora,
3768 4548 3993 4612 oppro-
4021 4518 4086 4558 ⁶⁶·

904 4635 1067 4716 ejuS‚
1093 4635 1164 4693 in
1195 4634 1397 4693 Azoto
1425 4650 1623 4710 usque
1651 4631 1725 4690 in
1756 4630 2144 4690 hodiernum
2178 4632 2354 4689 diem
2374 4650 2396 4688 .·
2509 4630 2721 4692 brium
2752 4626 3211 4709 sempiternum
3241 4627 3415 4690 dedit
3446 4627 3595 4689 illis.
3622 4630 3948 4689 Dixerat-nt
3966 4651 3991 4687 .·

905 4732 1085 4814 quasi
1118 4730 1313 4793 limen
1337 4728 1496 4790 illud
1527 4726 1998 4790 sanctificatum
2031 4727 2114 4789 sit
2145 4746 2222 4790 ex
2251 4746 2400 4790 con·
2512 4730 2658 4791 Non
2709 4737 2965 4789 maneat
3012 4747 3167 4787 arca
3211 4728 3334 4788 Dei
3381 4728 3585 4787 Israel
3631 4730 3811 4804 apud
3858 4750 3991 4797 nos,

906 4839 1073 4894 tactu
1119 4831 1330 4909 Dagon
1375 4846 1566 4909 super
1609 4826 1768 4888 illud
1813 4826 1905 4889 sic
1957 4826 2392 4903 dimembrati,
2508 4828 2817 4906 quoniam
2836 4828 3009 4886 dura
3030 4835 3120 4885 est
3151 4845 3381 4885 manus
3408 4826 3571 4901 ejus,
3604 4823 3671 4888 id
3700 4833 3797 4888 est
3830 4826 3989 4889 ultio

909 4937 1168 5013 propter
1186 4928 1357 5010 quod
1390 4924 1683 5005 indignos
1713 4944 1782 4987 se
1805 4925 2185 5005 reputabant
2206 4943 2397 5007 super
2511 4923 2695 4988 nobis
2725 4932 2986 5006 propter
3014 4942 3155 4985 eam
3189 4922 3459 4996 inflicta,
3485 4922 3664 4998 dura,
3702 4922 3983 5005 inquam,

914 5029 1074 5091 illud
1125 5026 1388 5103 calcare.
1441 5023 1542 5086 Sic
1591 5031 1655 5085 et
1702 5022 1766 5084 in
1816 5022 2043 5085 Genesi
2097 5022 2397 5099 habetur,
2508 5043 2701 5101 super
2730 5043 2842 5084 nos
2872 5032 2933 5083 et
2968 5041 3162 5099 super
3190 5024 3418 5098 Daqon
3450 5024 3643 5081 deum
3678 5033 3987 5085 nostrum.

915 5226 1028 5308 qui
1059 5222 1368 5290 emarcuit
1396 5221 1462 5284 in
1496 5218 1739 5283 femore
1766 5219 1980 5283 Jacob.
2515 5220 2771 5284 luerunt
2809 5237 2923 5301 pro
2970 5219 3110 5295 de0‚
3163 5218 3276 5299 qui
3316 5236 3385 5281 se
3432 5216 3643 5299 ipsum
3692 5219 3993 5301 nequibat

993 5329 1370 5404 Aqyravata
1395 5330 1485 5381 est
1515 5329 1732 5381 autem
1761 5338 1991 5381 manus
2011 5320 2283 5381 Domini
2302 5340 2405 5381 su·
2511 5322 2758 5402 Juvare,
2810 5336 2927 5381 nec
2976 5335 3123 5380 suos
3166 5317 3481 5391 cultores3
3538 5334 3655 5380 nec
3706 5318 3989 5382 converti
