4359 6250
1157 520 1504 567 ENARRA'I'IO
1549 522 1608 567 IN
1652 522 1788 567 CAP.
1836 522 1987 567 xvln
2026 522 2229 569 JOSUE.
2276 542 2356 552 -·
2396 524 2536 569 ART.
2585 524 2731 570 xxv!

3400 508 3482 571 85

386 690 485 753 dit
519 690 738 755 decem
770 694 944 758 viros
984 694 1051 756 in
1092 702 1228 757 arte
1268 696 1573 758 metiendi
1622 695 1880 778 peritoS,
1914 692 1966 755 A
1995 695 2141 774 alia,
2175 698 2525 760 secundum
2556 699 2726 780 quod
2762 699 2937 780 plura
2970 700 3176 782 capita
3208 700 3486 763 continc-

386 810 552 873 quos
584 801 846 874 propter
867 801 1066 856 artem
1093 792 1328 857 veritas
1359 812 1486 857 non
1520 794 1888 857 lateratus-a.-

385 894 508 951 das
537 894 625 952 sit
659 893 728 951 in
765 893 1060 952 terminis
1088 894 1226 952 suis
1255 896 1334 953 ab
1355 895 1636 953 australi
1660 898 1886 971 playa,

389 988 453 1050 id
503 996 621 1065 cst,
668 990 872 1052 tribus
913 990 1072 1053 Juda
1114 999 1438 1053 remancat
1477 990 1544 1053 in
1577 1010 1689 1053 sua
1719 998 1889 1053 sorte

386 1087 516 1149 sibi
547 1088 680 1168 jam
711 1088 1010 1171 praestita‚
1026 1107 1170 1170 quae
1191 1097 1284 1151 est
1309 1089 1374 1150 in
1399 1100 1576 1171 parte
1597 1087 1890 1151 meridio—

387 1184 526 1247 nali
561 1194 742 1249 terrae
774 1186 1221 1268 promissionis
1249 1212 1264 1261 3
1297 1198 1357 1248 et
1388 1192 1616 1248 domus
1634 1191 1887 1265 Ioseph,

386 1284 696 1348 videlicet
757 1285 961 1347 tribus
1013 1286 1315 1368 Ephraim
1376 1295 1569 1368 atque
1621 1286 1888 1348 dimidia

389 1383 600 1446 tribus
645 1382 948 1459 Manasse,
985 1382 1329 1465 persistant
1369 1386 1448 1443 ab
1483 1386 1788 1464 aquilone
1821 1383 1885 1445 in

385 1482 674 1545 sortibus
707 1481 862 1558 suis,
898 1482 966 1543 in
1011 1492 1192 1565 partc-
1234 1491 1413 1546 terrae
1445 1482 1889 1564 promissionis

386 1580 774 1662 aquilonari.
801 1580 906 1643 Hae
936 1581 1171 1643 etenim
1204 1581 1431 1657 'tribus
1459 1590 1758 1663 tanquam
1793 1601 1890 1644 ce-

391 1679 548 1742 teris
587 1678 1046 1760 praeclariores,
1081 1680 1450 1743 audaciores
1482 1688 1545 1742 et
1574 1680 1890 1761 potentio-

390 1798 517 1855 reS,
562 1778 642 1840 ad
691 1777 962 1840 aliarum
1019 1777 1298 1840 tribuum
1351 1778 1685 1842 tuitionem
1736 1798 1889 1841 con-

1997 794 2126 857 bat.
2162 795 2282 858 Sed
2327 804 2628 878 praetacta
2657 798 2971 879 expositio
3000 798 3210 861 verior
3240 806 3488 881 reputa-

2004 904 2114 957 tur.
2125 899 2208 957 Et
2230 899 2459 957 divisit
2493 908 2731 957 terram
2750 900 2913 976 filiis
2936 902 3141 959 Israel
3162 900 3235 959 in
3254 909 3486 976 septem

1991 1004 2231 1071 partes

2081 1096 2163 1155 Et
2196 1094 2485 1153 ascendit
2522 1114 2655 1153 sors
2676 1096 2901 1171 prima
2931 1096 3225 1171 filiorum
3254 1098 3488 1174 Benja-

1999 1193 2165 1261 min,
2215 1209 2358 1272 quae
2411 1191 2617 1272 prima
2668 1191 2789 1254 fuit
2839 1192 3005 1255 inter
3054 1193 3167 1255 has
3216 1202 3481 1275 septem.

1999 1292 2280 1369 Fuitque
2332 1300 2487 1349 term
2498 1292 2645 1351 inus
2693 1312 2915 1351 eorum
2968 1302 3190 1353 contra
3240 1296 3488 1371 aquilo-

2001 1408 2168 1449 nem.
2209 1387 2438 1450 Textus
2489 1388 2555 1449 in
2606 1408 2673 1451 se
2722 1388 3175 1452 difficultatem
3228 1409 3485 1472 parvam

1999 1485 2100 1547 vel
2133 1484 2377 1547 nullam
2410 1486 2621 1564 habet,
2658 1488 2951 1567 quamvis
2981 1488 3168 1551 nobis
3199 1488 3309 1570 qui
3352 1489 3488 1551 loca

1999 1584 2111 1645 illa
2156 1602 2286 1647 non
2326 1584 2625 1662 vidimuS,
2661 1585 3109 1648 obscuritatem
3156 1587 3483 1669 producat.

1999 1685 2056 1743 A
2079 1686 2365 1743 ‚Iordane
2387 1704 2657 1761 pergens
2673 1685 2881 1761 sua-ta
2914 1689 3083 1745 latus
3100 1686 3377 1757 Iericho,
3402 1685 3489 1747 ita

2000 1780 2171 1862 quod
2214 1779 2464 1844 Iericho
2517 1780 2641 1843 ruit
2689 1782 2755 1857 in
2808 1790 2976 1845 sorte
3017 1783 3367 1864 Benjamin‚
3402 1787 3489 1844 ad

389 1878 631 1941 stitutae
678 1886 830 1939 sunt
874 1877 940 1939 in
989 1877 1278 1941 terminis
1331 1886 1511 1941 terrae
1563 1878 1891 1960 promissae
1922 1879 1969 1939 B
2001 1890 2313 1941 montana
2344 1884 2781 1954 conscendens,
2800 1890 2858 1941 et
2882 1884 3263 1959 perveniens
3285 1885 3372 1943 ad
3400 1902 3490 1942 so-

389 1975 718 2053 extremiS,
740 1994 855 2057 per
876 1994 1040 2056 quos
1069 1975 1418 2038 adversarii
1450 1976 1652 2056 magis
1685 1976 1892 2055 ingre-

387 2075 456 2137 di
504 2081 838 2155 poterant:
875 2074 1194 2155 siquidem
1225 2093 1264 2135 a
1296 2083 1475 2156 parte
1514 2060 1884 2152 occidentiS,

391 2182 562 2236 terra
583 2173 695 2235 illa
715 2173 1035 2236 clauditur
1055 2182 1116 2235 et
1140 2172 1427 2235 munitur
1444 2172 1891 2236 Mediterraneo

389 2272 598 2349 mari3
631 2271 924 2335 Iordanis
955 2290 1106 2335 vero
1137 2271 1376 2335 claudit
1415 2280 1478 2334 et
1520 2280 1758 2333 tutatur
1804 2272 1892 2334 la-

390 2380 496 2434 tus
541 2372 682 2453 ejus
725 2370 1060 2434 orientale.
1097 2372 1388 2431 Mediam
1429 2372 1600 2431 inter
1629 2372 1738 2433 lios
1771 2381 1891 2431 ter-

391 2492 540 2532 ram
591 2473 662 2531 in
711 2480 948 2547 septem
985 2479 1206 2547 partes
1255 2471 1614 2540 describite,
1658 2480 1716 2529 et
1767 2474 1890 2530 huc

389 2570 664 2629 venietis
695 2572 784 2629 ad
813 2589 934 2640 me,
969 2578 1044 2629 ut
1073 2588 1290 2628 coram
1322 2570 1598 2629 Domino
1627 2571 1756 2629 Deo
1797 2589 1893 2628 ve-

387 2679 522 2729 stro
575 2670 836 2729 mittam
885 2669 991 2727 hic
1037 2677 1268 2739 sortem
1315 2668 1486 2727 vobis
1507 2688 1529 2725 .·
1560 2670 1715 2746 quia
1761 2688 1892 2727 non

387 2778 482 2827 est
527 2769 701 2827 inter
745 2786 851 2825 vos
887 2784 1047 2842 pars
1094 2767 1498 2836 Levitarum,
1535 2768 1644 2824 sed
1685 2784 1890 2824 sacer·

387 2866 648 2926 dotium
681 2865 952 2925 Domini
989 2873 1078 2923 est
1110 2884 1332 2923 eorum
1371 2864 1711 2923 hereditas.
1751 2865 1894 2924 Gad

390 2974 612 3025 autem
645 2972 704 3022 et
724 2964 1053 3032 Ruben,et
1083 2963 1370 3022 dimidia
1406 2962 1608 3021 tribus
1631 2964 1894 3022 Manas-

2003 1979 2351 2039 litudinem
2382 1980 2736 2046 Beth-aven,
2770 1978 2833 2039 id
2865 1986 2983 2054 est,
3017 1998 3159 2060 quae
3190 1987 3285 2041 est
3312 1980 3491 2060 juxta

2003 2075 2226 2137 urbem
2271 2075 2528 2138 nomine
2567 2071 2908 2152 Bethairen,
2948 2088 3138 2156 atque
3163 2088 3491 2155 pertrans·

2002 2177 2139 2235 iens
2167 2176 2379 2252 jaccta
2409 2179 2663 2235 Lusam
2701 2178 2791 2234 ad
2832 2177 3189 2247 meridiem,
3222 2178 3363 2253 ipsa
3401 2188 3491 2237 est

2003 2276 2247 2335 Bethel.
2284 2273 2586 2354 Superius
2618 2272 2908 2335 habitum
2940 2282 3056 2349 est,
3076 2274 3247 2354 quod
3278 2274 3493 2336 Betha—

2004 2392 2129 2435 ven
2161 2371 2288 2435 alio
2310 2372 2570 2435 nomine
2594 2372 2765 2435 dicta
2793 2372 2877 2434 sit
2896 2372 3135 2436 Bethel.
3154 2373 3329 2437 Nunc
3349 2392 3493 2455 quo

2001 2490 2127 2553 que
2178 2471 2257 2533 de
2302 2471 2618 2533 Bethaven
2669 2478 2732 2533 ct
2774 2471 3011 2549 Bethel,
3047 2472 3228 2553 quasi
3274 2472 3353 2535 de
3398 2472 3493 2533 di-

2003 2568 2255 2631 stinctis
2286 2569 2553 2631 urbibus
2587 2568 2664 2631 fit
2696 2569 2963 2647 mentio,
2997 2578 3060 2632 et
3094 2569 3329 2634 dicitur
3359 2570 3487 2647 hic,

2002 2668 2166 2749 quod
2190 2667 2351 2729 Luza
2375 2668 2453 2729 ad
2477 2668 2807 2731 meridiem
2832 2666 2968 2743 sita,
2994 2667 3078 2729 sit
3096 2667 3328 2731 Bethel.
3347 2669 3491 2732 Ideo

2006 2766 2126 2827 ista
2147 2766 2311 2827 Luza
2340 2773 2404 2829 et
2433 2765 2648 2829 Bethel
2683 2766 2936 2828 videtur
2965 2784 3103 2827 esse
3123 2766 3491 2844 Jerusalem,

2002 2883 2148 2946 quae
2196 2864 2429 2945 partim
2483 2864 2841 2945 pertinebat
2890 2862 2969 2926 ad
3021 2863 3261 2926 'tribum
3311 2863 3491 2941 Iuda,

2005 2964 2191 3043 cujus
2230 2980 2367 3025 sors
2398 2963 2477 3024 ad
2508 2962 2839 3025 meridiem
2883 2962 3025 3024 fuit.
3062 2962 3251 3025 Porro
3281 2963 3495 3026 Bethel

387 3083 475 3134 se,
486 3064 640 3141 jam
674 3071 1052 3140 acceperant
1083 3063 1502 3139 possessiones
1531 3080 1682 3121 suas
1715 3070 1894 3121 trans
1924 3065 1968 3129 C
2005 3082 2147 3146 quae
2198 3062 2367 3125 infra
2411 3061 2711 3126 distincte
2750 3082 2787 3125 a
2814 3062 3163 3127 Jerusalem
3209 3063 3499 3128 nomina-

387 3163 746 3222 Jordanem
777 3163 865 3219 ad
893 3161 1274 3220 orientalem
1295 3163 1592 3237 playam,
1610 3180 1768 3238 quas
1789 3162 1894 3219 de-

388 3259 494 3318 dit
525 3259 620 3316 eis
651 3259 900 3334 Moyses
932 3260 1229 3336 famulus
1261 3258 1551 3318 Domini.

477 3359 820 3434 Quumque
869 3357 1301 3416 surreoeissent
1351 3357 1507 3426 viri,
1561 3365 1634 3416 ut
1673 3375 1894 3433 perqe-

391 3464 538 3514 rent
597 3456 686 3514 ad
733 3455 1220 3514 describendam
1275 3463 1538 3523 terram,
1589 3456 1868 3531 pra’cepi
1874 3465 1895 3515 t

388 3557 486 3613 eis
528 3557 744 3622 Josue,
773 3553 994 3612 dicens
1015 3573 1038 3610 .·
1074 3553 1358 3612 Circuite
1405 3562 1642 3612 terram
1687 3563 1746 3612 et
1787 3555 1894 3612 de-

2005 3170 2128 3238 tur,
2165 3161 2420 3226 videtur
2462 3161 2587 3224 alia
2625 3180 2763 3224 esse
2792 3161 2874 3224 ab
2905 3162 3047 3223 ista.
3083 3160 3497 3235 Quemadmo-

2003 3263 2154 3324 dum
2216 3267 2426 3323 autem
2487 3259 2700 3341 plures
2762 3259 3076 3336 homineS,
3129 3259 3219 3322 sic
3280 3261 3494 3343 plures

2002 3360 2192 3422 urbes
2224 3378 2297 3421 ac
2327 3357 2518 3434 villae,
2555 3358 2775 3420 eodem
2818 3378 2985 3441 saepe
3033 3358 3291 3422 nomine
3328 3359 3494 3422 desi-

2000 3465 2306 3541 gnantur:
2331 3457 2502 3538 quod
2535 3457 2742 3538 potuit
2774 3457 3091 3539 praecipue
3111 3476 3248 3520 esse
3280 3457 3345 3519 in
3378 3467 3492 3520 ter-

2003 3577 2071 3620 ra
2115 3555 2581 3638 promissioniS‚
2617 3555 2684 3616 in
2730 3575 2856 3637 qua
2904 3563 3090 3618 antea
3132 3564 3313 3618 erant
3361 3563 3488 3618 tam

389 3651 654 3710 scribite
682 3669 850 3717 eam,
871 3670 948 3710 ac
975 3650 1386 3710 revertimini
1416 3653 1504 3710 ad
1534 3671 1652 3720 me,
1688 3659 1760 3710 ut
1789 3652 1896 3710 hic

392 3769 616 3808 coram
645 3749 926 3808 Domino
957 3750 1084 3809 Deo
1117 3757 1320 3808 vestro
1352 3749 1422 3807 in
1457 3749 1597 3809 Silo
1638 3749 1894 3809 mittam

397 3848 574 3907 vobis
622 3855 881 3906 sortem.
916 3849 1148 3926 Itaque
1191 3856 1649 3922 pero-emerunt,
1690 3857 1750 3907 et
1802 3850 1896 3905 lu·
2002 3851 2164 3915 stitit
2194 3869 2495 3930 magnum
2524 3851 2701 3931 juxta
2733 3849 3104 3932 praehabita.
3128 3853 3491 3912 Descendit-

393 3954 678 4005 strantes
707 3965 852 4004 eam
883 3945 954 4004 in
985 3953 1223 4021 septem
1254 3953 1474 4020 partes
1502 3946 1896 4014 diviserunt,
2003 3972 2126 4031 que
2156 3953 2231 4010 in
2262 3952 2534 4011 Ataroth
2567 3952 2816 4016 Addar,
2846 3951 2917 4009 in
2954 3959 3228 4010 montem
3257 3951 3374 4028 qui
3401 3960 3491 4010 est

392 4045 740 4103 scribentes
792 4045 865 4102 in
917 4044 1268 4102 volumine.
1310 4044 1699 4121 Reversique
1745 4054 1896 4104 sunt
2005 4053 2092 4112 ad
2121 4050 2455 4109 meridiem
2486 4049 2803 4109 Bethoron
2836 4049 3199 4125 inferioris,
3218 4058 3278 4108 et
3308 4051 3494 4108 incli-

123 4159 139 4174 ·
161 4161 201 4200 su
217 4163 366 4202 caum
393 4145 482 4203 ad
511 4146 702 4203 Josue
743 4143 818 4201 in
839 4142 863 4166 *
893 4143 1035 4202 Silo
1066 4161 1088 4200 .·
1121 4149 1184 4202 et
1227 4159 1445 4202 mense
1491 4141 1762 4222 septimo
1808 4161 1898 4204 re-
2004 4157 2207 4208 natur
2229 4148 2551 4206 circuiens
2572 4156 2797 4206 contra
2830 4166 3009 4206 mare
3039 4149 3127 4206 ad
3158 4148 3495 4206 meridiem

396 4240 680 4302 dierunt.
719 4241 848 4308 Qui
894 4241 1076 4300 misit
1127 4249 1322 4299 sortes
1365 4259 1582 4299 coram
1621 4243 1897 4300 Domino
1928 4248 1978 4309 D
2007 4246 2245 4306 montis
2275 4247 2393 4324 qui
2424 4246 2682 4320 respicit
2712 4246 3033 4305 Bethoron
3064 4255 3285 4305 contra
3307 4245 3497 4320 Afri-

2002 3657 2202 3718 multa
2251 3673 2447 3736 parva
2498 3673 2713 3735 regna,
2772 3654 3069 3717 videlicet
3121 3654 3379 3734 triginta
3427 3663 3489 3718 et
3544 3681 3679 3725 Jme
3712 3695 3781 3726 m,

2002 3773 2202 3816 unum
2229 3770 2243 3814 :
2280 3752 2448 3815 inter
2476 3771 2619 3834 quae
2650 3759 2861 3816 tamen
2896 3770 3160 3832 regnum
3192 3752 3348 3815 Asor
3392 3772 3491 3816 ex·
3520 3782 3782 3832 nmmo.

397 4343 472 4400 in
505 4341 672 4400 Silo.
707 4335 1008 4410 Quamvis
1053 4344 1264 4400 autem
1305 4345 1518 4419 partes
1551 4346 1732 4401 terrae
1767 4338 1898 4401 fue-

399 4444 550 4499 runt
581 4436 951 4516 inaequales,
985 4453 1111 4498 non
1147 4443 1356 4498 tamen
1387 4435 1510 4498 fuit
1540 4437 1896 4518 periculum

399 4537 467 4597 in
515 4535 788 4598 sortium
833 4533 1162 4610 missione,
1199 4534 1381 4615 quasi
1425 4553 1562 4598 sors
1594 4536 1796 4616 maJor
1825 4555 1898 4600 ae

399 4633 634 4698 melior
664 4640 880 4714 posset
915 4632 1111 4695 tribui
1154 4632 1412 4695 evenire
1457 4632 1712 4711 minori,
1748 4634 1900 4716 quia

398 4733 480 4795 ab
528 4729 864 4794 infallibili
911 4731 1315 4812 providentia
1364 4732 1494 4810 Dei,
1534 4733 1901 4797 moderaba-

403 4843 506 4895 tur
556 4838 832 4894 eventus
883 4829 1093 4893 sortiS.
1139 4829 1588 4894 Verumtamen
1637 4832 1899 4913 quidam

401 4929 650 5005 dicunt,
687 4928 860 5009 quod
903 4935 1115 5009 partes
1157 4934 1338 4991 terrae
1381 4937 1563 4991 erant
1601 4931 1896 5011 aequaleS‚

403 5038 468 5090 et
505 5027 680 5109 quod
727 5024 935 5088 nihilo
980 5025 1193 5087 minus
1235 5045 1362 5088 una
1406 5027 1608 5089 tribus
1657 5029 1903 5110 accepit

405 5133 654 5208 partem
702 5125 1012 5206 majorem
1057 5142 1249 5204 quam
1293 5125 1438 5202 alia,
1476 5125 1541 5186 in
1591 5136 1902 5208 quantum

405 5222 781 5288 continebat
812 5223 882 5284 in
915 5240 984 5285 se
1023 5222 1238 5304 plures
1279 5223 1500 5287 domos
1547 5223 1682 5287 sive
1727 5224 1908 5288 fami-

408 5323 548 5399 lias,
568 5339 826 5402 unaque
847 5320 1074 5384 domus
1107 5321 1414 5402 maj0rem
1450 5331 1692 5403 partem
1714 5342 1906 5405 quam

2005 4365 2150 4404 cum
2175 4367 2204 4415 ,⁰
2232 4353 2507 4421 suntque
2535 4345 2749 4402 caitus
2776 4343 2916 4419 ejus
2946 4343 3019 4402 in
3054 4344 3496 4413 Cariathbaal,

2008 4463 2149 4522 quoe
2200 4451 2465 4501 vocatur
2519 4441 3018 4511 Cariathiarim,
3064 4442 3284 4502 urbem
3331 4443 3497 4517 filio—

2009 4561 2159 4600 rum
2190 4543 2389 4600 Juda.
2427 4542 2580 4600 Ilaec
2607 4548 2695 4599 est
2724 4542 2920 4615 playa
2943 4540 2981 4619 †
3011 4559 3272 4616 mayna,
3307 4538 3368 4600 id
3402 4547 3497 4601 est

2011 4638 2215 4718 major
2247 4655 2394 4718 pars
2426 4635 2615 4698 sortis
2644 4635 2767 4698 Ben
2773 4635 2998 4716 jamin.
3026 4635 3309 4718 Denique
3338 4637 3498 4698 mul-

2011 4745 2072 4798 ta
2122 4734 2384 4798 nomina
2437 4735 2501 4796 in
2554 4735 2671 4796 hoc
2722 4753 2914 4815 passu
2964 4742 3311 4817 ponuntur,
3356 4753 3497 4815 quae

2010 4843 2159 4898 ante
2190 4833 2477 4915 exposita
2507 4840 2677 4908 sunt,
2702 4831 3001 4894 videlicet
3030 4831 3367 4910 Bethoron,
3393 4832 3499 4895 Ca-

2013 4931 2391 5008 riathiarim,
2412 4932 2709 5013 Nephtoa‚
2730 4931 2999 5006 Ennom,
3020 4929 3188 4993 Geen
3198 4948 3365 5006 nom,
3386 4930 3500 4992 Ro-

2015 5030 2137 5110 gel,
2193 5039 2341 5106 etc„
2396 5049 2471 5091 ex
2520 5047 2794 5110 quorum
2846 5028 3243 5110 expositione
3292 5037 3499 5090 textus

2018 5129 2096 5191 fit
2127 5127 2875 5210 planior.Descenditque
2905 5130 2993 5187 ad
3022 5129 3304 5202 lapidem
3324 5131 3500 5188 Boen

2015 5228 2149 5306 filii
2175 5228 2425 5287 Ruben.
2464 5225 2824 5287 Secundum
2869 5224 3201 5305 quosdam,
3237 5242 3350 5305 per
3382 5224 3504 5286 Ru-

2019 5327 2142 5388 ben
2190 5341 2319 5386 non
2364 5321 2741 5401 intelligitur
2780 5321 2886 5384 hic
2925 5321 3387 5404 primogenitus
3414 5323 3505 5386 Ja-
