4359 6250
572 1249 733 1294 Manli.
746 1253 834 1300 1v,5.

628 3826 678 3867 26
692 3839 735 3881 q.
753 3828 793 3875 ὃ,
810 3839 849 3869 c.

586 3884 673 3931 Noc
682 3888 850 3931 mirum.

863 462 983 525 412

1382 479 1727 525 manuario
1771 481 1831 525 IN
1876 481 2011 526 CAP.
2058 479 2252 527 xxvm
2296 478 2450 523 LIBRI
2494 478 2660 525 Pium
2703 481 2927 528 REGUH.
2973 498 3054 508 —
3095 479 3237 525 An‘r.
3283 480 3446 527 xtvu

867 650 1099 732 inquit,
1136 671 1217 715 an
1248 652 1511 735 spiritus
1557 652 1874 732 malignus
1920 651 2129 734 potuit
2158 649 2358 712 susci-
2385 649 2438 712 A
2469 649 2692 713 scribit
2749 651 3140 734 Augustinus
3196 654 3465 730 ibidem,
3517 673 3834 737 exponens
3883 663 3952 716 et

868 759 999 813 tare
1035 751 1313 814 animam
1349 751 1527 833 justi,
1564 761 1626 814 et
1660 761 1961 833 tanquam
2002 751 2083 813 de
2120 750 2356 812 abditis

869 858 1265 912 mortuorum
1317 851 1735 933 receptaculis
1778 868 2096 925 revocare,
2150 849 2239 910 ita
2287 855 2358 910 ut

864 946 1189 1010 videretur
1222 956 1285 1010 et
1320 949 1685 1029 loqueretur
1728 969 1871 1012 cum
1915 947 2084 1009 Saul.
2120 947 2356 1009 Deinde

867 1044 987 1108 hoc
1012 1045 1154 1108 fieri
1182 1047 1489 1129 potuisse,
1508 1047 1785 1110 ostendit
1804 1046 2194 1126 Augustinus
2217 1045 2358 1107 sub-

867 1144 1075 1208 dendo
1112 1163 1126 1206 :
1162 1147 1380 1209 Nonne
1409 1147 1608 1226 magis
1640 1147 1999 1208 mirandum
2034 1154 2148 1221 est,
2184 1145 2353 1225 quod

865 1244 1188 1307 Christum
1210 1247 1555 1328 assumpsit
1587 1246 1902 1322 diaboluS‚
1928 1255 1992 1308 et
2020 1245 2235 1328 posuit
2257 1264 2356 1306 su-

867 1362 981 1425 pra
1014 1344 1426 1426 pinnaculum
1453 1345 1672 1427 templi
1690 1348 1712 1406 '3
1736 1345 1809 1406 Et
1834 1345 1886 1406 si
1914 1344 2034 1407 hoc
2061 1362 2189 1406 non
2221 1362 2356 1424 per-

866 1442 1081 1505 turbat
1112 1462 1249 1520 noS,
1276 1442 1579 1525 quoniam
1599 1443 1884 1507 Christus
1915 1443 2206 1525 permisit
2235 1441 2355 1504 hoc

867 1551 1134 1622 sponte;
1187 1541 1275 1605 ita
1306 1541 1497 1605 etiam
1548 1561 1674 1605 non
1720 1542 2063 1605 absurdum
2104 1549 2198 1602 est
2227 1559 2358 1604 cre-

868 1638 1040 1715 dere,
1096 1659 1172 1702 ex
1221 1640 1437 1721 aliqua
1485 1640 1960 1722 dispensatione
2008 1638 2356 1702 voluntatis

866 1737 1103 1802 divinae
1147 1739 1526 1820 permissum
1564 1738 1784 1817 fuisse,
1818 1747 1887 1802 ut
1928 1757 2056 1801 non
2089 1737 2351 1813 invituS,

2467 749 2769 832 probam,
2795 754 2965 832 quod
2997 753 3288 816 diabolus
3319 754 3384 814 in
3419 753 3632 835 specie
3659 753 3954 835 apparuit

2468 848 2800 912 Samuelis,

2545 948 2852 1012 Praeterea
2883 948 3101 1012 multis
3123 950 3272 1012 hinc
3304 949 3456 1012 inde
3476 950 3776 1032 pensatis,
3794 949 3960 1030 Lyra

2465 1045 2625 1108 dicit
2645 1047 2814 1126 quod
2847 1047 2900 1108 si
2932 1047 3054 1110 ista
3075 1048 3311 1130 positio
3329 1047 3668 1126 Augustini
3701 1065 3826 1108 non
3856 1056 3958 1109 est

2467 1143 2913 1208 determinatio
2951 1144 3270 1222 Ecclesiae,
3319 1145 3485 1206 sicut
3521 1144 3958 1208 verisimiliter

2464 1259 2589 1304 non
2609 1250 2717 1316 est,
2733 1243 3117 1324 probabilius
3135 1244 3425 1306 videatur
3445 1263 3583 1306 esse
3597 1243 3956 1319 dicendum,

2463 1341 2634 1419 quod
2656 1341 2868 1402 anima
2890 1341 3198 1403 Samuelis
3231 1341 3466 1404 virtute
3487 1341 3707 1403 divina
3733 1349 3794 1402 et
3813 1342 3956 1422 ejus

2464 1437 2940 1520 dispensatione
2984 1441 3369 1523 apparuerit,
3416 1450 3732 1522 quatenus
3782 1441 3956 1504 Sauli

2467 1545 2726 1618 propter
2757 1557 2872 1600 sua
2892 1538 3202 1601 demerita
3221 1539 3710 1603 annuntiaretur
3739 1538 3960 1602 divina

2467 1637 2783 1699 sententia
2825 1657 3019 1720 super
3055 1657 3202 1702 eum
3245 1657 3394 1702 mox
3439 1639 3674 1716 futura,
3707 1656 3824 1720 per
3851 1639 3962 1702 Sa·-

2467 1733 2742 1797 muelem
2793 1735 3167 1800 defunctum
3202 1754 3216 1798 :
3259 1737 3426 1800 sicut
3462 1755 3577 1819 per
3617 1736 3829 1819 ipsum
3863 1736 3960 1800 vi-

867 1856 984 1900 nee
1043 1837 1414 1900 dominante
1462 1837 1707 1918 magica
1756 1846 1919 1914 arte,
1974 1838 2085 1899 sed
2134 1836 2356 1900 volens
2394 1834 2441 1898 B
2469 1840 2746 1910 ventem,
2783 1834 3144 1915 reprobatio
3172 1854 3210 1897 a
3239 1851 3433 1914 regno
3472 1833 3595 1896 sibi
3633 1843 3770 1898 erat
3806 1845 3958 1898 ante
4013 1857 4250 1912 laeam.

870 1945 1062 2017 atque
1102 1936 1549 2018 obtemperans
1588 1937 1851 2000 occultae
1893 1935 2356 2018 dispensationi

867 2035 1001 2110 Dei,
1036 2036 1208 2122 quod
1248 2034 1685 2117 pythonissam
1728 2034 2107 2116 Saulemque
2147 2033 2354 2110 latuit,

2469 1930 2860 1993 denuntiata.
2912 1932 3064 1994 Nam
3115 1933 3266 1996 huic
3312 1934 3484 1997 dicto
3531 1935 3784 1997 videtur
3826 1954 3959 1997 am-

2470 2031 2638 2112 plius
2680 2032 3063 2096 concordare
3093 2033 3416 2116 Scriptura
3458 2035 3578 2098 hoc
3616 2036 3756 2100 loco
3795 2045 3858 2098 et
3889 2036 3958 2098 in

3991 1924 4058 1969 u:
4077 1934 4149 1966 xv.
4167 1925 4230 1962 33.

869 2133 1131 2216 spiritus
1164 2133 1473 2198 Samuelis
1496 2134 1933 2197 ostenderetur
1951 2133 2359 2216 adspectibus
2467 2132 2936 2196 Ecclesiastico.
2969 2131 3127 2196 Huic
3171 2135 3362 2197 etiam
3413 2135 3582 2199 dicto
3623 2145 3954 2212 consonat,
3987 2156 4250 2202 Rectum,

2471 2230 2645 2312 quod
2685 2230 2751 2292 in
2804 2231 2969 2294 libro
3012 2232 3431 2296 Numerorum
3482 2233 3684 2297 fertur
3725 2235 3806 2297 de
3849 2235 3959 2297 Ba-
3989 2221 4064 2260 ²²·

870 2231 1059 2310 regia,
1108 2231 1326 2295 divina
1369 2252 1517 2295 eum
1556 2233 1871 2296 sententia
1916 2252 2356 2315 percussurus

869 2330 1109 2392 Deinde
1161 2330 1361 2410 tangit
1410 2330 1799 2410 Augustinus
1843 2331 2041 2394 alium
2098 2331 2358 2394 modum

871 2428 1123 2492 dicendi
1163 2447 1177 2490 :
1212 2428 1582 2511 Quanquam
1636 2430 1701 2491 in
1745 2431 1865 2493 hoc
1910 2429 2080 2492 facto
2128 2429 2364 2512 poterit

870 2545 1009 2590 esso
1040 2528 1204 2591 alius
1237 2526 1488 2591 facilior
1520 2528 1901 2606 intellectus,
1932 2537 2003 2590 ut
2045 2547 2171 2591 non
2213 2547 2360 2592 vere

870 2626 1168 2709 spiritum
1203 2627 1514 2689 Samuelis
1557 2627 1895 2690 cxcitatum
1928 2647 1965 2689 a
1996 2627 2217 2709 requie
2248 2646 2364 2689 sua

869 2725 1225 2802 credamuS,
1261 2726 1369 2788 sed
1402 2725 1775 2807 apparuisse
1806 2725 2065 2806 aliquod
2097 2725 2362 2807 phanta-

873 2842 1011 2885 sma
1040 2831 1105 2886 et
1135 2824 1577 2904 imaginariam
1614 2823 2003 2902 illusionem,
2040 2823 2362 2886 machina-

873 2923 1157 2985 tionibus
1206 2922 1445 2986 diaboli
1490 2922 1743 3000 factam,
1797 2943 1989 3004 quam
2038 2923 2364 3004 Scriptura

2471 2328 2656 2405 laam,
2691 2330 2844 2411 quia
2874 2331 3026 2392 dum
3059 2331 3178 2394 iret
3206 2332 3285 2394 ad
3317 2334 3731 2414 quaerendum
3761 2352 3960 2414 augu-

2472 2429 2662 2504 rium,
2699 2430 2964 2508 angelus
3009 2430 3337 2512 prohibuit
3376 2432 3726 2494 daemoncm
3770 2453 3962 2515 appa-

2473 2547 2610 2590 rere
2640 2537 2701 2589 et
2731 2528 2905 2608 loqui
2928 2529 3006 2590 ad
3027 2529 3276 2593 Balaam
3295 2553 3310 2603 3
3331 2530 3670 2612 posuitque
3693 2532 3958 2594 verbum

2473 2626 2537 2688 in
2569 2645 2677 2689 ore
2707 2627 2930 2709 ipsiuS,
2967 2628 3174 2691 dando
3202 2629 3259 2691 ei
3292 2647 3666 2710 responsum
3697 2647 3828 2692 suae
3856 2649 3964 2693 vo-

2474 2725 2701 2788 luntati
2745 2727 3155 2789 contrarium.
3193 2727 3294 2790 Sic
3325 2727 3391 2790 in
3419 2728 3756 2810 ,proposito
3785 2729 3964 2792 vide-

2475 2833 2575 2884 tur
2608 2823 3067 2886 rationabiliter
3096 2825 3222 2887 dici
3268 2842 3475 2907 posse,
3509 2826 3678 2906 quod
3711 2826 3962 2890 daemon

2475 2919 2600 2985 fuit
2628 2921 2990 3004 prohibit-us
3031 2923 3112 2985 ad
3142 2924 3540 2986 vocationem
3573 2925 3965 3006 pythonissae

874 3020 1135 3084 nomine
1185 3021 1495 3085 Samuelis
1546 3023 1825 3104 appellat
1861 3039 1875 3083 :
1910 3021 2214 3104 quoniam
2269 3040 2364 3084 so·
2398 3019 2441 3083 C
2473 3021 2714 3096 venire,
2773 3021 2994 3102 sicque
3037 3022 3412 3103 pythonissa
3453 3039 3581 3084 non
3628 3023 3966 3086 suscitavit

872 3121 1005 3184 lent
1046 3119 1355 3200 imagines
1388 3120 1694 3204 appellari
1738 3120 2105 3185 nominibus
2151 3140 2363 3183 rerum

871 3240 1029 3301 quas
1054 3227 1528 3302 repraescntaut,
1550 3221 2083 3302 quemadmodum
2115 3221 2194 3282 de
2215 3220 2365 3281 ima-

872 3317 1019 3398 gine
1051 3320 1344 3396 dicimuS,
1367 3319 1475 3382 llle
1496 3328 1589 3381 est
1610 3320 1861 3393 Cicero,
1886 3328 1951 3381 et
1980 3320 2058 3381 de
2088 3319 2359 3401 pictura,

873 3418 985 3481 1118
1028 3427 1123 3481 est
1166 3418 1381 3481 Roma.
1416 3454 1496 3463 —
1523 3419 1715 3509 Porro
1760 3419 1826 3481 in
1869 3418 2033 3481 libro
2063 3417 2366 3491 Quaestio—

876 3536 1027 3580 num
1077 3518 1309 3582 veteris
1353 3525 1415 3581 et
1458 3518 1607 3581 novi
1658 3516 2065 3593 Testamenti,
2113 3516 2366 3579 videtur

876 3616 1267 3697 Augustinus
1300 3636 1366 3679 se
1397 3616 1719 3679 declinare
1748 3616 1825 3677 ad
1857 3615 1999 3691 hoc,
2034 3615 2205 3696 quod
2237 3634 2364 3677 non

882 3713 1003 3777 fuit
1026 3714 1115 3778 ibi
1138 3715 1445 3779 veraciter
1475 3714 1689 3777 anima
1712 3714 2020 3777 Samuelis
2048 3737 2062 3788 ;
2088 3721 2150 3776 et
2172 3712 2369 3775 verba

881 3813 991 3877 illa
1022 3814 1353 3894 Augustini
1389 3813 1632 3877 diffuse
1661 3813 2017 3891 allegantur
2049 3812 2112 3874 in
2145 3814 2368 3875 Decre-

880 3920 965 3974 to.
988 3912 1091 3974 Ait
1123 3914 1292 3976 enim
1328 3930 1341 3973 :
1376 3912 1639 3986 Quidam
1673 3921 1899 3995 putant
1928 3911 2364 3993 quaerendum,

878 4012 1197 4091 quomodo
1220 4011 1545 4094 Scriptura
1567 4017 1777 4073 narret
1800 4009 2224 4093 pythonissam
2247 4030 2372 4071 sus-

880 4108 1108 4171 citasse
1169 4107 1524 4171 Samuelem
1584 4108 1662 4170 ad
1721 4106 2111 4188 colloquium
2164 4106 2371 4169 Saulis

2475 3119 2853 3195 Samuelem,
2888 3120 2999 3182 sed
3031 3119 3194 3183 Deus
3225 3140 3338 3202 per
3377 3121 3672 3201 angelum
3704 3119 3854 3184 fec-it
3887 3121 3966 3183 il-

2476 3219 2608 3281 lum
2652 3218 2894 3281 venire.
2930 3218 3055 3281 Nec
3086 3218 3335 3281 Samuel
3379 3218 3670 3300 permisit
3715 3238 3782 3283 se
3811 3220 3968 3281 ado-

2477 3319 2599 3382 rari
2642 3339 2679 3381 a
2724 3318 2870 3381 Saul
2923 3318 3291 3382 adoratione
3335 3318 3556 3395 latriae,
3595 3320 3702 3382 sed
3743 3319 3962 3392 duliae,

2475 3418 3012 3499 quemadmodum
3035 3416 3278 3480 Nathan
3309 3426 3370 3479 et
3393 3416 3734 3480 Bethsabee
3761 3418 3966 3481 David

2479 3536 2690 3597 regem
2733 3516 3029 3579 adorasse
3075 3514 3392 3595 leguntur.
3442 3515 3566 3577 Nec
3615 3515 3826 3577 anima
3855 3516 3968 3578 Sa-

2477 3614 2708 3677 muelis
2733 3612 2856 3675 fuit
2876 3620 3143 3675 attracta
3163 3620 3270 3674 aut
3291 3612 3600 3675 delectata
3621 3612 3968 3675 maleficiis

2476 3712 2884 3797 pythonissae,
2911 3712 3022 3773 sed
3043 3712 3168 3774 Deo
3199 3710 3683 3792 obtemperavit.
3705 3710 3826 3773 Nec
3859 3711 3970 3775 Sa-

2477 3814 2649 3876 muel
2681 3811 2841 3874 dixit
2866 3811 3115 3873 Saulem
3149 3819 3212 3873 et
3241 3809 3412 3873 filios
3435 3811 3574 3889 ejus
3597 3830 3810 3873 secum
3829 3830 3972 3874 cra·

2479 3912 2648 3974 stino
2671 3909 2922 3972 futuros
2945 3909 3012 3970 in
3039 3909 3176 3991 pari
3201 3918 3308 3971 aut
3330 3908 3527 3971 simili
3550 3918 3712 3971 statu
3739 3910 3972 3973 salutis

2483 4018 2592 4072 aut
2634 4007 3038 4071 certitudinis
3073 4007 3312 4087 gloriae,
3347 4008 3458 4069 sed
3491 4007 3557 4069 in
3593 4008 3812 4070 eodem
3841 4018 3976 4071 sta-

2482 4118 2550 4171 tu
2581 4116 2644 4171 et
2676 4108 2816 4170 loco
2846 4106 3196 4181 communi,
3225 4106 3388 4169 sicut
3419 4106 3774 4187 expositum
3806 4114 3930 4169 est.

882 4207 1248 4289 impiissimi
1274 4207 1458 4287 regis.
1476 4206 1714 4280 Quibus
1738 4205 2106 4287 responderi
2128 4214 2366 4288 potest:
2399 4206 2452 4269 D
2563 4208 2683 4271 Sed
2734 4206 2834 4268 his
2884 4205 3109 4287 objicit
3147 4205 3345 4267 Rabbi
3390 4205 3643 4281 PauluS,
3675 4224 3751 4269 eo
3795 4210 3978 4287 quod

883 4305 1219 4385 Indignum
1269 4305 1531 4369 omnino
1584 4304 1855 4379 facinus,
1908 4303 1961 4364 si
2020 4304 2369 4366 secundum

884 4402 1016 4465 haec
1062 4403 1258 4467 verba
1309 4402 1590 4466 historiae
1638 4401 2118 4466 commendetur
2160 4420 2374 4464 assen-

884 4520 1013 4577 5115,
1052 4499 1115 4563 id
1150 4510 1265 4577 est,
1302 4501 1355 4563 si
1390 4500 1641 4563 Samuel
1688 4499 1959 4563 assensit
1988 4498 2376 4561 evocationi-

882 4598 1001 4660 bus
1047 4598 1477 4680 pythonissoe3
1526 4600 1633 4660 sed
1681 4599 1800 4661 hoc
1843 4606 1938 4661 est
1981 4596 2372 4680 praestigium

780 4734 787 4741 -
884 4696 1149 4772 satanin,
1194 4715 1321 4778 quo
1362 4696 1678 4777 confingit
1718 4716 1785 4759 se
1825 4696 2059 4759 habere
2101 4696 2167 4757 in
2201 4704 2377 4777 pote-

630 5000 665 5045 11
684 5002 782 5045 Cor.
795 5015 851 5051 xi.

594 5058 659 5098 14.

882 4802 1043 4857 stato
1080 4814 1195 4857 sua
1224 4795 1417 4859 etiam
1446 4795 1672 4877 justOS,
1694 4803 1764 4856 ut
1795 4794 2105 4875 plurimos
2141 4792 2324 4855 fallat
2357 4809 2372 4853 :

887 4892 1060 4973 quod
1096 4892 1435 4974 Apostolus
1486 4893 1783 4969 ostendit,
1836 4891 2001 4954 inter
2040 4899 2249 4953 cetera
2284 4889 2378 4951 di—

884 5010 1058 5067 cenS,
1095 4992 1235 5073 lpse
1268 4992 1528 5055 Satanas
1560 5011 1627 5053 se
1652 4992 2067 5072 transfigurat
2098 4990 2166 5052 in
2195 5008 2380 5069 ange-

885 5090 1017 5151 lum
1052 5089 1236 5153 luciS.
1260 5090 1337 5153 Ut
1370 5091 1541 5153 enim
1565 5110 1842 5153 errorem
1878 5090 2135 5167 faceret,
2162 5089 2228 5150 in
2251 5107 2380 5170 quo

884 5186 1373 5265 glorificaretur,
1402 5187 1466 5249 in
1501 5187 1725 5250 habitu
1755 5195 1811 5251 et
1850 5187 2109 5251 nomine
2133 5186 2254 5251 viri
2285 5186 2381 5265 ju-

886 5285 968 5346 sti
1023 5306 1091 5347 se
1138 5286 1532 5349 subornavit.
1580 5286 1771 5349 Multa
1818 5287 1897 5349 de
1946 5286 2063 5349 hac
2113 5283 2380 5347 materia

2484 4304 2872 4385 Augustinus
2919 4301 3186 4385 praefato
3229 4304 3491 4367 Decreto
3531 4304 3833 4366 assertive
3881 4314 3982 4366 te—

2485 4412 2653 4479 neat,
2692 4421 2818 4465 non
2851 4402 3231 4478 Samuelem,
3257 4402 3366 4464 sed
3397 4402 3750 4464 daemonem
3779 4420 3982 4483 appa-

2488 4502 2715 4577 ruisse,
2750 4509 2814 4564 et
2849 4518 2978 4563 non
3016 4500 3100 4561 sit
3136 4500 3300 4562 alius
3347 4500 3426 4561 de
3465 4499 3826 4563 doctoribus
3855 4500 3983 4563 Ec-

2487 4601 2697 4663 clesiae
2717 4600 3128 4683 approbatuS‚
3154 4597 3263 4679 qui
3287 4598 3648 4680 oppositum
3683 4597 3984 4660 videatur

2489 4708 2723 4762 tenere.
2779 4698 2870 4760 Ad
2921 4697 3093 4777 quod
3143 4696 3515 4772 dicendum,
3566 4696 3736 4776 quod
3783 4696 3981 4759 multi

2487 4797 2780 4859 doctores
2795 4795 3126 4868 catholici,
3147 4804 3210 4857 et
3228 4794 3427 4876 aliqui
3451 4793 3668 4870 sancti,
3689 4804 3832 4877 post
3849 4796 3986 4857 Au-

2487 4894 2817 4974 gustinum
2857 4894 2934 4957 de
2975 4893 3092 4957 hac
3131 4893 3397 4955 materia
3426 4891 3620 4957 variis
3647 4892 3850 4955 modis
3883 4892 3986 4956 lo-

2488 4992 2619 5054 cuti
2652 5000 2824 5069 sunt,
2859 5010 2978 5054 nec
3010 4991 3076 5053 111
3113 4988 3344 5051 talibus
3375 4990 3657 5052 materiis
3689 4988 3990 5071 opinabi-

2492 5089 2660 5151 libus
2699 5108 2846 5170 quae
2876 5088 3035 5152 citra
3064 5087 3508 5150 certitudinem
3547 5099 3715 5162 sunt,
3750 5106 3864 5149 nec
3897 5087 3988 5150 ab

2489 5186 2770 5249 Ecclesia
2799 5186 3232 5249 determinatae
3264 5184 3698 5260 inveniuntur,
3722 5202 3989 5247 necesse

2491 5292 2586 5346 est
2631 5284 2812 5365 sequi
2865 5302 3062 5346 unum
3111 5300 3579 5364 quemcumque
3630 5281 3983 5357 doctorem,

4003 2356 4248 2398 h'mnm.

3991 2421 4036 2468 t,
4065 2422 4112 2460 5.

4037 3436 4092 3479 111
4109 3437 4209 3489 Rey.
4225 3449 4248 3476 ι.

3999 3502 4070 3548 2³,
4093 3502 4158 3540 16.
