4359 6250
609 970 864 1024 lllReyam,

603 1036 668 1083 ¹0,
693 1035 758 1075 ¹3.

654 2059 789 2102 Joeue
806 2072 863 2107 ιν,

600 2125 665 2173 ¹93
687 2134 727 2171 v,
742 2123 862 2172 3,1ο.

621 2644 644 2724 ’l’
661 2646 815 2691 Mach.
831 2662 860 2699 ι,

610 3629 664 3673 Ν
677 3632 862 3686 Royan,

597 3699 662 3747 ¹5;
671 3695 862 3746 laxum,

899 470 1016 535 128

1697 482 2044 531 ENARRATIO
2087 481 2149 527 IN
2192 480 2329 527 GAP.
2376 478 2437 525 tv
2476 478 2751 527 mmmm.
2796 497 2877 507 -
2918 478 3060 525 ART.
3104 480 3187 526 vll

897 659 1158 733 stinum‚
1189 655 1678 736 intelligendum
1707 662 1803 716 est
1833 672 1870 715 a
1901 652 2222 716 contrario
2252 670 2391 713 sen·
2419 651 2469 712 A
2503 648 2711 731 ipsum
2744 650 2876 713 Aod
2922 650 3002 711 de
3047 650 3397 725 mendacio,
3434 650 3786 731 praesertim
3826 650 3983 732 quia

897 776 992 833 su,
1042 775 1154 819 seu
1198 774 1312 838 per
1355 753 1780 835 antiphrasin,
1819 753 2169 814 secundum
2216 750 2386 832 quod

897 874 1080 918 mons
1111 854 1346 916 dicitur
1376 872 1414 914 a
1443 851 1860 926 movendo‚et
1892 849 2074 912 lucus
2105 868 2143 911 a
2175 849 2387 911 lucen—

897 956 1001 1017 do.
1049 953 1126 1015 Et
1177 951 1361 1014 tertio
1415 950 1650 1029 Regum
1699 967 1712 1011 :
1769 947 2094 1011 Benedixit
2141 946 2385 1009 Naboth

893 1054 1019 1116 Deo
1050 1060 1113 1114 et
1144 1049 1300 1131 regi,
1336 1049 1400 1111 id
1443 1056 1540 1111 est
1579 1045 1932 1109 maledixit.

976 1153 1312 1229 Quumque
1353 1147 1678 1207 obtulisset
1721 1147 1860 1222 reyi
1903 1164 2205 1213 munera,
2238 1163 2386 1221 pro-

888 1259 1138 1311 secutus
1167 1256 1256 1307 est
1283 1245 1479 1307 socios
1513 1246 1632 1325 qui
1670 1264 1820 1304 cum
1847 1263 1917 1303 eo
1949 1251 2285 1310 venerant,
2317 1240 2383 1302 id

887 1355 1004 1425 est,
1039 1365 1184 1411 cum
1216 1343 1407 1407 sociis
1438 1343 1536 1405 sui
1571 1341 1820 1405 itineris
1849 1338 2151 1403 Israelitis
2192 1338 2385 1402 rediit

890 1464 1091 1527 usque
1122 1445 1201 1507 ad
1231 1442 1578 1522 Galgalam.
1614 1443 1700 1502 Ec
1729 1460 2018 1499 reversus
2047 1442 2126 1499 de
2147 1440 2385 1515 Galya-

888 1547 971 1605 lis
999 1544 1114 1605 ubi
1143 1550 1328 1602 erant
1359 1542 1559 1600 idola.
1579 1538 1782 1619 Eglon
1814 1536 2055 1618 quippe
2086 1542 2385 1618 posuerat

886 1643 1039 1705 deos
1083 1658 1232 1703 suos
1277 1658 1385 1701 seu
1431 1654 1652 1701 eorum
1697 1634 2038 1697 simulacra
2069 1634 2136 1695 in
2167 1632 2385 1713 Galga—

890 1741 992 1819 lis,
1030 1740 1094 1802 in
1127 1743 1566 1817 contemptum
1597 1742 1662 1797 et
1692 1733 2054 1796 irrisionem
2095 1730 2383 1794 filiorum

2498 748 2899 811 mendacium
2943 748 3112 810 istud
3156 746 3275 809 suit
3312 747 3703 825 officiosum,
3736 749 3984 811 scilicet

2496 848 2573 910 ad
2605 846 3048 909 liberationem
3069 845 3351 908 filiorum
3381 845 3567 909 lsrael
3590 847 3979 923 ordinatum3

2498 966 2614 1009 nec
2645 946 2777 1008 Aod
2817 946 3297 1008 commendatur
3336 946 3414 1007 de
3460 945 3579 1008 isto
3624 946 3977 1023 mendacio,

2494 1045 2605 1107 sed
2654 1044 2733 1107 de
2784 1045 2920 1107 zelo
2972 1043 3083 1106 Dei
3140 1051 3205 1106 et
3254 1043 3487 1126 pietate
3540 1044 3619 1106 ad
3672 1044 3981 1126 populum

2494 1159 2719 1205 suum:
2756 1141 3290 1223 quemadmodum
3331 1141 3547 1204 Iudith
3586 1150 3650 1205 et
3687 1141 3983 1205 obstetri-
4025 1172 4185 1213 Jfflffl.
4200 1187 4269 1221 n,
4319 1128 4320 1191 ἕ

2492 1261 2597 1305 ces
2639 1260 2765 1304 non
2808 1241 2887 1304 de
2930 1240 3064 1303 suis
3104 1240 3475 1317 mendaciiS,
3512 1241 3621 1303 sed
3664 1241 3745 1303 de
3785 1240 3981 1323 pieta-
4006 1248 4101 1283 ¹³¹³
4124 1235 4267 1277 ΒΜ·

2495 1348 2555 1403 te
2584 1350 2648 1404 et
2678 1338 3103 1403 sollicitudine
3136 1355 3251 1421 pro
3278 1337 3502 1421 populi
3532 1347 3595 1401 et
3632 1339 3976 1401 infantium

2493 1435 2679 1498 Israel
2741 1436 3119 1500 liberatione
3176 1436 3536 1499 laudantur.
3589 1437 3978 1516 Augustinus

2492 1552 2643 1599 vero
2674 1543 2737 1598 et
2766 1534 2987 1597 Glossa
3030 1554 3104 1597 ac
3147 1534 3257 1597 alii
3303 1534 3487 1597 multi
3529 1534 3771 1611 dicunt,
3807 1536 3978 1616 quod

2494 1632 2625 1695 Aod
2650 1651 2777 1695 non
2798 1632 3226 1695 mentiebatur
3247 1632 3313 1694 in
3338 1632 3462 1710 his,
3483 1632 3635 1713 quia
3664 1640 3979 1695 secretum

2491 1749 2654 1813 opus
2674 1740 2739 1795 et
2756 1732 3075 1794 occultum
3108 1749 3464 1793 sermonem
3492 1730 3765 1793 habebat
3785 1730 3864 1792 ad
3886 1748 3981 1792 re-

890 1839 1102 1915 Israel,
1126 1836 1236 1919 qui
1270 1834 1482 1897 locum
1515 1833 1699 1894 illum
1733 1829 2114 1914 reputabant
2146 1828 2385 1912 specia-
2417 1839 2462 1900 Β
2491 1847 2658 1909 gem,
2684 1830 2984 1911 quoniam
3016 1849 3092 1893 ex
3124 1829 3341 1892 divina
3372 1828 3789 1911 inspiratione
3820 1828 3980 1891 dixit

894 1938 1038 2001 liter
1079 1943 1408 1999 sanctum:
1444 1930 1748 2015 quoniam
1791 1928 2056 1991 transito
2084 1928 2379 2004 Jordane,

895 2036 1176 2100 fixerunt
1219 2035 1310 2098 ibi
1355 2029 1834 2096 tabernaculum
1875 2027 1984 2091 Dei
2027 2046 2169 2090 cum
2212 2044 2378 2103 arca,

893 2135 1507 2213 celebraveruntque
1527 2129 1778 2203 Pascha,
1805 2135 1867 2189 et
1895 2124 2258 2189 circumcisi
2294 2124 2384 2186 fu-

893 2243 1082 2297 erunt
1132 2231 1390 2294 ibidem.
1438 2226 1978 2303 Quemadmodum
2030 2222 2383 2287 Hadrianus

891 2332 1238 2416 imperator
1269 2330 1336 2391 in
1365 2326 1728 2391 christianae
1759 2323 2084 2404 religionis
2106 2330 2385 2385 contem-

893 2440 1095 2514 ptum,
1117 2427 1337 2491 statuit
1366 2424 1706 2489 simulacra
1719 2422 1984 2486 Veneris
2013 2429 2204 2501 atque
2226 2420 2384 2482 Ado-

894 2528 1064 2592 nidis
1106 2529 1172 2590 in
1215 2526 1354 2589 loco
1393 2522 1504 2586 ubi
1544 2530 1732 2584 natus
1771 2528 1866 2582 est
1892 2517 2223 2591 Christus3
2259 2516 2382 2578 An-

893 2627 1142 2691 tiochus
1185 2642 1437 2708 quoquc
1485 2628 1758 2682 statuam
1802 2616 1973 2679 Iovis
2023 2616 2090 2677 in
2143 2614 2380 2696 templo

892 2726 1004 2789 Dei
1035 2726 1102 2787 in
1122 2718 1544 2802 lerosolymiS‚
1560 2726 1627 2778 ut
1654 2715 1862 2797 primo
1883 2713 2378 2776 Machabaeorum

891 2822 1293 2887 describitur.
1315 2820 1530 2900 ltaque
1558 2814 1688 2877 Aod
1721 2813 1860 2876 viso
1889 2820 2064 2875 tanto
2096 2811 2256 2874 sacri
2290 2812 2381 2874 lo-

891 2922 950 2985 ci
982 2926 1374 3000 contemptu,
1399 2915 1533 2978 zelo
1564 2912 1674 2977 Dei
1705 2930 2029 2987 accensuS‚
2063 2910 2143 2973 ad
2176 2910 2379 2991 Eglon

2494 1937 2556 1991 et
2587 1928 2741 1991 fecit
2773 1929 2931 1991 ista:
2967 1927 3097 1991 imo
3139 1927 3486 1990 secundum
3528 1928 3975 2009 Augustinum‚

2497 2028 2655 2090 Deus
2688 2027 2991 2110 praecepit
3020 2027 3079 2089 ei
3110 2027 3245 2089 haec
3268 2024 3498 2102 facere,
3517 2044 3707 2107 quem
3739 2024 3979 2108 populo

2494 2144 2607 2188 suo
2640 2126 2972 2188 suscitavit
2999 2124 3070 2186 in
3100 2124 3503 2188 salvatorem.
3534 2123 3611 2185 Et
3652 2123 3820 2185 istud
3852 2143 3979 2186 me-

2494 2223 2620 2286 lius
2652 2232 2854 2288 sonat.

2572 2324 3011 2403 Extenditque
3039 2325 3183 2385 Aod
3214 2323 3553 2383 sinistram
3590 2342 3883 2393 manu-m,
3914 2332 3975 2382 et

2494 2423 2669 2491 tulit,
2704 2420 2768 2482 id
2800 2427 2895 2481 est
2924 2418 3217 2495 extraxit,
3247 2420 3449 2478 sicam
3476 2422 3557 2478 de
3584 2422 3843 2479 dextero
3880 2420 3977 2496 se-

2492 2540 2663 2580 mor-e
2690 2538 2826 2579 suo,
2863 2516 3002 2579 Sica
3032 2525 3292 2580 vocatur
3320 2515 3567 2595 gladius
3596 2516 3829 2580 breviS.
3850 2516 3979 2578 Un-

2490 2618 2569 2679 de
2598 2615 2664 2678 in
2686 2614 2948 2679 Actibus
2970 2614 3414 2697 Apostolorum
3448 2614 3800 2696 imponitur
3824 2614 3975 2675 Pau-

4004 1312 4035 1347 ι,
4054 1301 4123 1347 20,
4140 1300 4207 1339 21.
4319 1314 4320 1367 3

2492 2715 2576 2792 lo,
2631 2716 2801 2795 quod
2861 2714 3151 2776 eduxerit
3210 2712 3279 2774 in
3331 2714 3649 2775 desertum
3701 2722 3977 2794 quatuor
4004 2745 4269 2791 Mun-25-

2491 2813 2695 2875 millia
2724 2812 3007 2876 virorum
3042 2811 3437 2888 sicariorum,
3472 2811 3585 2892 qui
3614 2811 3860 2874 scilieet
3888 2820 3979 2873 ta-

2491 2912 2659 2974 libus
2714 2910 2955 2992 gladiis
3013 2910 3377 2973 utebantur.
3430 2912 3791 2989 Infioeitque
3836 2931 3979 2970 eam

892 3039 1038 3083 mox
1067 3015 1278 3093 rediit,
1302 3023 1364 3079 et
1393 3015 1570 3075 dimit
1601 3014 1688 3073 ad
1717 3030 1926 3088 reyem
1946 3028 1969 3071 .·
1997 3012 2267 3071 Verbum
2294 3030 2382 3069 se-
2415 3018 2459 3079 C
2494 3014 2566 3071 in
2596 3022 2881 3072 ventrem
2910 3012 3049 3088 ejus
3083 3020 3214 3071 tam
3247 3012 3484 3081 valide,
3504 3019 3577 3069 ut
3602 3013 3895 3087 capula-e,
3910 3008 3979 3069 id

891 3129 1134 3180 cretum
1166 3118 1358 3177 habeo
1385 3114 1472 3174 ad
1499 3120 1569 3183 te,
1591 3131 1625 3170 o
1657 3129 1795 3181 rex,
1822 3108 1883 3171 id
1915 3115 2031 3185 est,
2057 3106 2379 3171 oecultum

891 3225 954 3280 et
1003 3213 1365 3298 mysteriale
1415 3210 1570 3292 quid
1628 3207 1832 3271 habeo
1882 3204 1999 3267 tibi
2053 3204 2381 3268 insinuare

891 3332 1184 3380 sermone
1213 3319 1322 3374 aut
1353 3309 1542 3372 facto.
1578 3307 1934 3388 Dicuntque
1965 3303 2187 3386 aliqui,
2208 3304 2380 3385 quod

891 3413 1156 3478 verbum
1188 3408 1499 3492 accipitur
1531 3406 1636 3468 hic
1669 3423 1783 3487 pro
1814 3402 2006 3480 sacto,
2029 3403 2377 3466 secundum

890 3512 1062 3595 quod
1111 3517 1338 3591 quarto
1389 3506 1628 3586 Regum
1685 3502 1969 3583 loquitur
2015 3500 2313 3564 Ezechias
2360 3518 2373 3563 ε

891 3613 1025 3675 Non
1058 3609 1181 3671 fuit
1211 3606 1476 3670 verbum
1510 3604 1576 3666 in
1607 3602 1797 3665 domo
1837 3619 1999 3677 mea,
2035 3601 2207 3682 quod
2251 3618 2379 3662 non

892 3707 1278 3774 ostenderim
1310 3704 1425 3768 eiS.
1459 3705 1546 3764 Et
1577 3705 1713 3770 ille,
1743 3699 1991 3762 seilicet
2020 3717 2149 3774 rex,
2186 3701 2379 3776 impe-

891 3811 1068 3870 ravit
1095 3807 1432 3867 silentium
1452 3827 1480 3874 ,·
1509 3809 1572 3862 et
1604 3808 1672 3861 ut
1699 3806 1867 3860 esset
1906 3797 2110 3877 major
2148 3815 2380 3878 oppor-

891 3907 1130 3971 tunitas
1170 3901 1472 3966 audiendi
1510 3899 1770 3961 verbum
1814 3904 2152 3972 secretum,
2186 3895 2379 3976 jussit

889 4006 1268 4069 adsistentes
1299 3999 1492 4064 exire.
1519 3998 1662 4060 Ideo
1694 3995 2029 4058 subditur:
2063 3997 2378 4072 Eyressis-

887 4125 1009 4186 que
1038 4104 1334 4165 omnibus
1364 4099 1481 4178 qui
1512 4099 1685 4156 circa
1715 4113 1863 4154 eum
1893 4102 2104 4162 erant,
2136 4094 2377 4170 ingres-

2490 3118 2587 3174 est
2617 3107 3021 3172 manubrium
3052 3106 3351 3186 ferreum,
3368 3118 3735 3186 sequeretur
3754 3110 3829 3168 in
3850 3111 3981 3168 vul-

2490 3228 2683 3270 nere:
2715 3208 2935 3289 sicque
2980 3215 3043 3270 et
3086 3207 3351 3289 capulus
3397 3207 3652 3269 videtur
3690 3213 3977 3270 ventrem

2492 3308 2803 3381 intrasse3
2837 3317 3029 3386 acque
3061 3307 3498 3384 pinquissimo
3548 3307 3739 3382 adipe
3784 3307 3983 3364 strin-

2484 3415 2745 3483 9erecur
2768 3429 2792 3476 ,·
2820 3425 2935 3466 nec
2980 3405 3210 3464 edua-it
3251 3404 3577 3481 yladium„
3608 3406 3719 3464 sed
3764 3405 3855 3463 ita
3905 3413 3979 3464 ut

2484 3513 2912 3582 percusserat,
2942 3504 3209 3582 reliquit
3240 3504 3313 3561 in
3344 3521 3599 3579 corpore
3619 3521 3642 3561 :
3672 3501 3974 3582 quoniam

2491 3602 2852 3686 properavit
2892 3601 3208 3676 recedere,
3242 3608 3435 3680 atque
3464 3607 3535 3661 ut
3566 3599 3845 3661 ministri
3885 3619 3979 3662 re-

2488 3701 2609 3782 giS,
2643 3701 2781 3763 viso
2824 3708 2947 3761 tam
2984 3697 3276 3761 horribili
3305 3715 3536 3778 genere
3578 3697 3801 3759 mortis
3842 3716 3978 3778 pro—

2490 3799 2614 3883 prii
2659 3798 2847 3880 regiS,
2881 3797 3139 3877 gravius
3179 3803 3589 3858 terrerentur.
3623 3794 3829 3858 Licuit
3867 3815 3977 3858 au-

2488 3907 2615 3960 tem
2648 3897 2797 3960 huic
2819 3896 2974 3972 Aod,
2996 3895 3083 3957 ita
3105 3893 3570 3957 circumvenire
3592 3902 3655 3956 et
3684 3893 3974 3956 occidere

2487 4013 2721 4075 regem,
2756 4003 3059 4075 tanquam
3105 3990 3439 4074 publicum
3478 3990 3684 4073 plebis
3728 3990 3838 4054 Dei
3884 4001 3977 4072 ty-

2489 4113 2781 4170 rannum,
2803 4101 2866 4155 et
2886 4092 3051 4154 sicut
3075 4089 3293 4154 licuit*
3314 4088 3380 4150 in
3404 4089 3639 4171 praeliis
3658 4091 3848 4171 justis
3878 4091 3971 4152 uti

887 4224 995 4264 sus
1037 4211 1127 4261 est
1157 4201 1302 4261 Aod
1345 4199 1432 4258 ad
1475 4215 1649 4263 eum,
1679 4191 1945 4274 propius
1989 4191 2370 4254 accedendo.
2406 4197 2454 4259 D
2487 4192 3147 4269 insidiis.Statimque
3160 4208 3280 4266 per
3304 4198 3539 4248 secreta
3562 4198 3815 4250 nature?
3834 4191 3975 4249 alvi

890 4302 1159 4363 Sedebat
1207 4306 1424 4358 autem
1467 4297 1540 4354 in
1583 4293 1800 4354 oestivo
1843 4294 2162 4351 coenaculo
2206 4294 2377 4350 solus

891 4407 1034 4481 post
1063 4397 1336 4459 aliorum
1365 4408 1711 4472 egressum.

973 4498 1286 4575 Dixitque
1315 4494 1458 4554 Aod
1480 4511 1501 4550 .·
1536 4490 1800 4551 Verbum
1838 4489 2107 4549 Domini
2129 4485 2151 4508 *
2181 4487 2376 4546 habeo

892 4599 980 4659 ad
1013 4605 1088 4657 te.
1122 4593 1200 4657 Et
1227 4591 1500 4654 sumitur
1530 4587 1634 4650 hic
1665 4585 1930 4650 verbum
1973 4603 2087 4666 pro
2125 4582 2376 4647 somnio

891 4715 1003 4758 seu
1052 4693 1321 4767 visione,
1367 4687 1714 4751 secundum
1766 4685 2014 4747 Petrum
2058 4682 2378 4745 Comesto-

887 4812 1045 4868 rem,
1082 4800 1151 4852 ut
1171 4789 1254 4851 sit
1285 4805 1509 4849 sensus
1537 4801 1550 4845 ε
1585 4782 2057 4846 Revelationem
2089 4799 2166 4842 ex
2199 4789 2377 4861 parte

883 4891 994 4954 Dei
1045 4888 1162 4952 tibi
1211 4884 1413 4949 habco
1463 4881 1768 4944 indicare.
1803 4879 1936 4953 Quo
1980 4878 2221 4954 audit0,
2270 4898 2376 4941 rex

885 4988 1069 5072 quasi
1113 4987 1192 5050 ad
1232 4982 1653 5047 reverentiam
1701 4977 2041 5042 revelantis
2084 4977 2196 5039 Dei
2241 4995 2376 5038 sur-

885 5088 1068 5163 rexit,
1103 5085 1270 5148 sicut
1318 5078 1765 5162 subjungitur:
1803 5079 1930 5147 Qui
1971 5077 2195 5136 statim
2236 5096 2377 5136 sur-

883 5189 1056 5248 remit
1087 5188 1165 5246 de
1199 5185 1445 5252 throne,
1482 5178 1546 5240 id
1585 5185 1680 5238 est
1721 5175 1870 5238 sede
1905 5173 2123 5253 regali.
2159 5172 2373 5254 Aliqui

886 5285 1129 5361 dicunt,
1153 5281 1325 5365 quod
1357 5296 1484 5343 non
1517 5282 1805 5361 oporteat
1839 5273 1908 5335 in
1938 5272 2039 5334 his
2072 5289 2374 5336 excusare

2484 4303 2759 4354 stercora
2802 4298 3271 4369 proruperunt,
3322 4285 3488 4349 sicut
3537 4286 3603 4348 in
3660 4286 3973 4348 mortibus

2489 4398 2613 4452 tam
2662 4385 2960 4452 violentis
3000 4393 3062 4450 et
3103 4383 3453 4466 repentinis
3501 4383 3645 4447 fieri
3688 4385 3869 4462 solet,
3904 4393 3977 4446 ut

2488 4496 2550 4550 et
2580 4487 2647 4549 in
2680 4485 3005 4569 suspensis
3030 4483 3277 4545 urinam
3310 4481 3747 4546 emittentibus
3776 4482 3979 4544 cerni-

2490 4587 2763 4646 tur.Aod
2783 4593 2999 4644 autem
3020 4583 3258 4642 clausis
3279 4582 3773 4658 dile-:centissime
3794 4582 3978 4640 ostiis

2486 4684 2822 4752 coenacule',
2857 4691 2916 4740 et
2944 4681 3303 4756 obfirmatis
3336 4700 3500 4750 sera,
3536 4697 3616 4740 ne
3660 4677 3825 4740 servi
3870 4697 3978 4739 su-

2486 4781 2621 4843 bito
2668 4779 3085 4854 introeunteS,
3130 4777 3419 4840 viderent
3460 4776 3618 4857 quid
3661 4784 3826 4838 esset
3870 4795 3977 4838 ac-

2486 4887 2643 4954 tum,
2672 4898 2792 4956 per
2810 4877 3157 4954 posticum,
3189 4874 3255 4935 id
3284 4882 3381 4936 est
3410 4882 3720 4936 secretum
3759 4872 3973 4936 locum

2487 4985 2551 5039 et
2580 4976 2841 5052 exitum,
2876 4994 3157 5052 eyressus
3194 4983 3305 5045 est,
3341 4991 3421 5035 ne
3454 4971 3600 5053 quis
3638 4990 3783 5034 eum
3820 4989 3973 5034 oon-

2488 5075 2762 5157 spiceret
2791 5080 3149 5135 exeuntem.
3176 5071 3431 5147 Tamen,
3468 5079 3537 5132 ut
3566 5068 3824 5151 quidam
3856 5069 3967 5146 ait,

2487 5175 2555 5235 in
2587 5171 2848 5234 Hebraeo
2876 5169 3167 5246 habetur,
3183 5169 3299 5232 Per
3328 5167 3677 5250 porticum3
3704 5167 3813 5230 sed
3842 5187 3977 5231 cre·

2487 5270 2750 5336 dibilius
2771 5269 3044 5346 videtur,
3064 5268 3236 5348 quod
3265 5287 3379 5350 per
3406 5274 3717 5330 secretum
3746 5265 3973 5328 exierit

4042 4119 4201 4162 ‘licei
