4359 6250
586 5258 763 5316 uinea.
779 5277 833 5314 w,
914 5297 925 5310 .

572 5326 638 5366 38.

879 475 1000 543 628

1471 480 1820 544 manuario
1861 499 1920 544 lx
1964 498 2100 543 CAP.
2159 496 2242 542 vn
2286 496 2443 543 unm
2483 498 2681 544 rann!
2723 500 2949 546 amun.
2992 519 3075 529 ·-·
3114 500 3257 545 ΛΒΤ.
3300 496 3367 543 11

879 677 949 730 ut
979 688 1200 731 eorum
1229 670 1440 751 capita
1469 669 1661 731 radiis
1683 668 1835 731 solis
1865 666 2147 751 perfusa,
2173 666 2370 748 fulge-
2396 666 2449 729 A
2478 670 2671 732 terius
2704 671 2907 733 tribus
2926 670 3259 733 ordinibus
3284 669 3569 751 lapidum
3594 666 3959 749 politorum,

883 776 1024 829 rent
1061 787 1134 830 ac
1173 768 1512 830 radiarent.
1547 768 1668 829 Hos
1715 786 1822 829 rex
1870 766 2253 848 sequebatur
2298 766 2367 827 in

879 886 1093 929 curru.
1115 866 1365 930 Solebat
1395 866 1566 929 enim
1599 867 1770 929 exire
1787 866 2130 928 Jerusalem
2163 884 2369 947 usque

879 966 956 1027 ad
1006 966 1344 1047 quemdam
1395 966 1628 1042 locum,
1682 966 2026 1027 distantem
2075 962 2156 1026 ab
2208 962 2367 1025 urbe

875 1063 1124 1127 duobus
1157 1064 1484 1139 funiculis,
1513 1065 1573 1126 id
1606 1072 1702 1127 est
1731 1064 1980 1126 duobus
2019 1062 2361 1145 appensis:

872 1170 936 1224 et
964 1161 1294 1225 dicebatur
1325 1162 1499 1226 locus
1533 1162 1663 1240 ille,
1700 1163 1920 1225 hortus
1947 1162 2144 1237 Edon,
2173 1160 2239 1222 id
2268 1168 2365 1221 est

871 1260 1266 1323 deliciarum.
1303 1260 1600 1342 Sequitur
1633 1262 1710 1323 de
1740 1261 1930 1323 domo
1963 1260 2217 1340 reginae.

965 1364 1244 1421 Domum
1291 1382 1536 1441 quoque
1582 1363 1737 1441 feeit
1785 1363 1944 1437 filia»
1991 1360 2363 1421 Pharaonis

873 1457 1164 1540 conjugis
1197 1478 1326 1522 suae
1355 1478 1687 1541 supremae,
1709 1480 1904 1539 quam
1934 1462 2215 1519 duoeerat
2244 1460 2367 1518 Sa-

875 1562 1086 1618 lomon
1123 1578 1415 1629 ita-orem,
1445 1576 1638 1639 quam
1669 1566 1732 1621 et
1762 1576 1892 1639 prae
1921 1556 2147 1619 ceteris
2178 1555 2365 1620 valde

875 1655 1116 1733 dilexit,
1140 1659 1260 1717 tali
1279 1678 1482 1735 opere,
1515 1658 1701 1737 quali
1729 1666 1786 1717 et
1818 1660 1986 1717 lianc
2010 1658 2359 1735 porticum,

873 1754 952 1815 de
981 1773 1108 1836 qua
1139 1754 1502 1818 immediate
1529 1755 1660 1836 jam
1693 1754 1934 1816 dictum
1964 1762 2080 1816 est.
2106 1754 2239 1816 Non
2276 1761 2365 1814 ta-

2476 777 2538 829 et
2577 787 2705 831 uno
2743 770 2968 831 ordine
3012 768 3331 848 lignorum
3368 766 3579 839 cedri;
3622 766 3849 847 sicque
3886 783 3961 825 ex

2477 866 2731 929 illorum
2762 867 3159 949 expositione
3178 866 3517 929 verborum
3548 863 3642 926 ibi
3676 864 3957 937 inducta,

2476 974 2647 1047 patet
2692 986 2915 1029 sensus
2964 966 3149 1028 istius
3194 985 3440 1048 passus.
3476 968 3559 1027 Et
3598 967 3672 1024 in
3708 964 3962 1040 porticu

2472 1068 2721 1137 domus,
2750 1065 3044 1128 videlicet
3077 1065 3321 1146 templi,
3358 1064 3571 1127 taliter
3604 1062 3731 1124 ruit
3760 1062 3965 1142 dispo·

2472 1164 2688 1225 situm.
2723 1164 2865 1228 Haec
2902 1173 3000 1227 est
3034 1165 3323 1247 porticus
3358 1163 3482 1225 sita
3511 1163 3577 1224 in
3614 1162 3783 1225 facie
3816 1170 3969 1222 tem-

2474 1261 2587 1343 pli,
2620 1263 2700 1325 de
2736 1281 2863 1344 qua
2905 1262 3287 1345 praecedenti
3326 1262 3611 1343 capitulo
3650 1260 3963 1341 scriptum

2474 1370 2590 1437 est,
2626 1362 2699 1422 Et
2730 1362 3011 1443 porticus
3040 1370 3174 1423 erat
3206 1371 3353 1424 ante
3380 1360 3717 1443 templum.
4005 1392 4237 1443 umam,

2556 1462 2741 1519 Misit
2769 1481 3017 1540 quoque
3046 1482 3163 1520 rez-
3189 1464 3494 1522 Salomon
3524 1460 3603 1521 ad
3638 1458 3857 1520 Hiram
3878 1476 3967 1519 re-
3992 1457 4034 1495 ³·

2472 1576 2614 1638 gem
2656 1559 2823 1641 Tyri,
2866 1569 2925 1620 et
2968 1561 3143 1629 tulit,
3177 1559 3241 1621 id
3278 1568 3397 1635 est,
3441 1559 3591 1620 inde
3641 1557 3799 1620 fecit
3843 1556 3965 1618 sibi

2472 1667 2698 1739 sponte
2757 1658 3008 1734 adduci,
3060 1661 3299 1719 Hiram
3348 1656 3713 1740 operarium
3764 1654 3969 1717 artifi-

2472 1776 2632 1834 cem,
2657 1757 2825 1835 regis
2856 1757 3244 1833 ministrum,
3261 1761 3343 1817 de
3381 1761 3567 1834 Tyro,
3582 1758 3809 1833 fitium
3834 1776 3969 1815 mu-

871 1871 1016 1915 men
1048 1871 1161 1934 per
1191 1854 1408 1917 omnia
1445 1853 1674 1915 similis
1711 1851 1835 1913 fuit
1865 1853 2088 1915 domus
2123 1852 2360 1930 reginae
2397 1852 2443 1915 B
2472 1857 2651 1915 lieris
2684 1857 2899 1916 vidua»
2926 1859 3004 1915 de
3036 1857 3209 1915 tribu
3228 1855 3607 1933 Nepkthali,
3615 1864 3811 1931 patre
3829 1853 3967 1931 ejus

865 1950 1016 2014 huic
1067 1952 1363 2033 porticui,
1408 1952 1560 2033 quia
1611 1969 1738 2013 non
1789 1950 2207 2013 claudebatur
2256 1969 2360 2013 co-

867 2049 1102 2111 lumnis
1133 2059 1203 2112 ut
1233 2050 1552 2132 porticus3
1596 2051 1704 2112 sed
1731 2050 1794 2111 in
1831 2050 2095 2112 materia
2125 2049 2357 2111 similis

870 2146 1012 2224 fuit,
1063 2150 1215 2230 quia
1262 2151 1340 2211 de
1392 2148 1688 2230 pretiosis
1749 2147 2068 2229 lapidibus
2129 2147 2357 2209 habuit

869 2244 1350 2308 fundamentum
1382 2254 1446 2308 et
1475 2264 1692 2307 muros
1731 2245 1868 2309 sive
1907 2244 2203 2327 parietes,
2236 2245 2361 2307 Un-

867 2345 947 2407 de
969 2343 1412 2426 subjungitur:
1435 2346 1668 2407 Omnia
1691 2346 2018 2421 lapidibus
2033 2346 2358 2421 preciosis,

868 2446 986 2521 qui
1004 2446 1090 2503 ad
1115 2464 1410 2504 normam
1430 2446 1808 2523 quamdam,
1831 2442 1892 2504 id
1923 2452 2020 2505 est
2052 2442 2356 2522 regulam,

865 2552 1054 2622 atque
1085 2562 1454 2604 mensuram
1485 2560 1778 2622 congrua>
1808 2542 2201 2623 quantitatiS,
2227 2552 2359 2603 tam

868 2642 1258 2701 intrinsecus
1305 2662 1502 2721 quam
1549 2643 1970 2710 eoetrinsecus,
2022 2640 2084 2703 id
2135 2649 2231 2703 est
2291 2640 2355 2701 in

869 2747 1136 2821 utraque
1185 2738 1552 2821 superficie,
1605 2742 1842 2800 serrati
1889 2749 2100 2810 erant,
2149 2739 2211 2801 id
2262 2748 2360 2802 est

868 2838 1021 2902 secti
1063 2848 1128 2901 et
1167 2838 1588 2920 complanati3
1631 2860 1672 2899 a
1700 2842 2128 2917 fundamento
2159 2860 2359 2917 usque

869 2940 956 2998 ad
984 2938 1418 2997 summitatem
1443 2940 1797 3014 parietum,
1823 2937 2123 3001 videlicet
2153 2956 2358 3018 usque

2476 1958 2670 2032 Tyrio
2700 1955 3062 2032 exsistente,
3100 1955 3165 2017 id
3194 1962 3293 2017 est
3320 1956 3400 2017 de
3432 1954 3617 2035 Tyro,
3654 1962 3721 2016 et
3764 1953 3857 2015 sic
3888 1972 3966 2015 ex

2468 2062 2645 2135 parte
2677 2054 2872 2135 patris
2905 2054 3027 2115 fuit
3060 2053 3343 2133 gentilis,
3380 2061 3450 2115 ut
3489 2052 3701 2115 littera
3732 2071 3961 2115 sonare

2467 2152 2717 2216 videtur
2761 2170 2775 2215 :
2820 2160 2883 2215 et
2926 2152 2981 2214 si
3029 2159 3207 2233 pater
3254 2151 3365 2214 ille
3414 2151 3537 2214 fuit
3584 2152 3663 2213 ad
3718 2150 3963 2213 cultum

2466 2251 2657 2313 unius
2688 2252 2821 2315 veri
2856 2250 2986 2327 Dei,
3021 2270 3133 2312 seu
3161 2251 3240 2312 ad
3268 2250 3667 2313 Judaismum
3698 2267 3967 2313 conver-

2466 2370 2596 2425 suS,
2648 2348 3070 2411 excusabilior
3132 2347 3255 2411 fuit
3310 2348 3421 2411 illa
3466 2348 3732 2411 Hebraea
3789 2348 3961 2429 quod

2466 2448 2779 2511 contraxit
2806 2467 2951 2509 cum
2995 2447 3127 2509 illo.
3164 2447 3398 2509 Tamen
3429 2448 3508 2510 de
3546 2446 3691 2522 boc,
3727 2466 3813 2508 an
3842 2445 3963 2507 sci—

2466 2546 2614 2609 licet
2647 2554 2824 2628 pater
2864 2545 3002 2627 ejus
3044 2544 3169 2608 fuit
3209 2546 3465 2609 natione
3501 2544 3788 2625 gentiliS,
3822 2543 3959 2626 ple-

2467 2646 2611 2707 nius
2642 2665 2833 2727 super
2862 2645 3386 2727 Paralipomenon
3418 2645 3659 2707 dictum
3692 2651 3811 2706 est.
3836 2642 3957 2705 Sed

2467 2744 2565 2807 his
2598 2744 2857 2808 obviare
2896 2745 3166 2821 videtur,
3202 2746 3371 2825 quod
3418 2744 3697 2807 secundo
3728 2741 3959 2805 Parali-

2469 2862 2783 2925 pomenon
2834 2843 2925 2905 sic
2978 2843 3207 2925 legitur
3255 2861 3269 2904 :
3316 2843 3481 2904 Misit
3527 2842 3824 2905 Salomon
3876 2842 3957 2904 ad
3985 2868 4171 2974 371,111>,

2470 2942 2677 3005 Hiram
2712 2959 2923 3020 regem
2956 2941 3123 3024 Tyri,
3159 2942 3423 3004 dicens:
3457 2940 3627 3003 Mitte
3670 2940 3833 3002 mibi
3862 2936 4009 3003 iri-³

869 3035 946 3098 ad
979 3034 1305 3112 solarium,
1329 3046 1387 3095 et
1419 3037 1830 3107 intrinsecus,
1865 3035 2157 3099 scilicet
2142 3056 2208 3097 1n
2249 3038 2357 3100 do·
2380 3032 2435 3102 C
2470 3060 2606 3102 rum
2640 3040 2959 3101 eruditum
2970 3040 3116 3120 ,qui
3139 3038 3389 3103 noverit
3418 3039 3666 3120 operari
3699 3037 3767 3100 in
3799 3057 3955 3101 auro

869 3153 974 3197 mo
1021 3133 1212 3215 positi
1261 3142 1441 3196 crant
1487 3134 1854 3215 hujusmodi
1902 3135 2168 3217 lapideS,
2205 3145 2359 3218 puta

869 3231 936 3294 in
989 3231 1378 3314 pavimento,
1430 3254 1629 3312 usque
1677 3236 1764 3293 ad
1813 3235 2060 3294 atrium
2113 3236 2356 3310 majuS,

870 3330 1040 3408 quod
1073 3327 1196 3390 fuit
1227 3329 1292 3390 in
1324 3329 1594 3392 circuitu
1624 3329 1816 3411 hujus
1850 3330 2074 3393 domus
2095 3332 2225 3410 (vel
2260 3341 2359 3394 un-

868 3447 994 3510 que
1023 3429 1100 3490 ad
1131 3428 1364 3490 atrium
1395 3429 1620 3491 domus
1653 3429 1846 3509 regis)
1885 3430 2056 3510 quod
2097 3429 2220 3491 fuit
2260 3449 2359 3493 ro-

867 3527 1173 3601 tundum3
1217 3526 1448 3589 atrium
1494 3535 1703 3589 autem
1757 3527 1975 3609 templi
2023 3537 2156 3590 erat
2205 3549 2358 3610 qua-

869 3626 1132 3700 dratum,
1149 3625 1312 3688 sicut
1336 3625 1751 3706 praehabitum
1776 3634 1888 3688 cst.
1905 3630 2357 3689 Fundamenta

869 3735 1082 3785 autem
1114 3724 1339 3786 domus
1392 3723 1646 3803 reginae,
1681 3732 1861 3786 erant
1903 3729 1982 3784 de
2027 3729 2356 3804 lapidibus

859 3823 1186 3899 pretiosis,
1209 3821 1423 3884 forsan
1450 3822 1842 3900 marmoreis,
1865 3826 2193 3900 lapidibus
2228 3847 2359 3888 ma-

859 3924 1011 3998 ym‘s
1040 3925 1250 3982 decem
1280 3924 1414 3981 sive
1451 3932 1582 3982 octo
1621 3925 2007 3993 cubitorum,
2044 3923 2110 3984 in
2154 3924 2358 4006 longi-

867 4019 1087 4082 tudine
1118 4027 1226 4082 aut
1257 4019 1615 4082 latitudine.
1639 4023 1718 4081 Et
1737 4024 2034 4098 desuper,
2057 4021 2357 4086 videlicet

865 4138 1058 4199 super
1099 4118 1338 4199 lapides
1381 4118 1524 4180 illos
1567 4117 1631 4178 in
1669 4117 1868 4180 fundo
1907 4118 2166 4195 locatOS,
2196 4125 2358 4199 lapi-

2466 3148 2529 3202 et
2556 3147 2837 3218 argento,
2858 3146 2978 3202 etc.
3000 3162 3014 3212 3
3040 3146 3105 3201 et
3125 3147 3344 3220 postea
3372 3139 3605 3218 legitur
3625 3138 3719 3201 ibi
3739 3138 3951 3200 Hiram
4297 3207 4298 3218 χ

2469 3257 2576 3300 rex
2605 3237 2924 3300 Salomoni
2971 3237 3137 3299 inter
3174 3245 3385 3300 cetera
3426 3236 3783 3320 scripsisse,
3818 3236 3955 3298 Misi
4016 3265 4209 3309 1⁶54„-

2466 3335 2582 3396 tibi
2628 3335 2837 3397 virum
2888 3336 3263 3417 prudentem
3314 3345 3377 3398 et
3423 3335 3947 3410 scientissimum,
4297 3335 4298 3338 ’

2466 3442 2584 3498 etc.
2621 3434 2738 3497 Sed
2770 3435 2996 3497 horum
3028 3435 3477 3498 concordantia
3499 3433 3710 3496 facilis
3742 3442 3860 3511 est,
3884 3443 3957 3496 ut

2466 3533 2733 3610 dicatur,
2768 3535 2938 3614 quod
2971 3532 3264 3596 Salomon
3310 3552 3423 3615 per
3466 3533 3709 3595 litteras
3748 3543 3812 3596 et
3840 3552 3955 3615 per

2469 3632 2724 3695 nuntios
2754 3632 2999 3710 rogavit
3026 3640 3089 3694 et
3121 3632 3482 3714 procuravit
3503 3631 3624 3693 sibi
3648 3631 3819 3694 mitti
3839 3632 3957 3693 bu-

2464 3730 2741 3813 jusmodi
2774 3731 3005 3806 virum,
3040 3731 3259 3811 sicque
3291 3750 3398 3793 rex
3428 3731 3572 3812 Tyri
3602 3731 3683 3792 ad
3716 3731 3956 3793 instan-

2468 3827 2619 3890 tiam
2666 3827 3019 3890 Salomonis
3064 3827 3238 3889 misit
3284 3827 3453 3890 hunc
3498 3827 3735 3909 ipsum.
3778 3827 3951 3901 Quod

2470 3946 2617 3990 vero
2646 3927 2750 3989 hic
2781 3927 3101 4002 scribitur,
3138 3926 3431 3988 Salomon
3480 3926 3735 3990 misisse
3774 3936 3835 3990 et
3866 3935 3955 3988 tu-

2468 4026 2616 4088 lisse
2646 4025 2815 4087 hunc
2850 4024 3054 4088 virum
3100 4026 3179 4088 dc
3209 4023 3391 4105 Tyro,
3428 4044 3541 4107 per
3586 4024 3957 4106 recapitula-

2468 4124 2703 4187 tionem
2752 4132 2849 4186 est
2895 4124 3360 4206 accipiendum.
3410 4124 3559 4186 Nam
3607 4122 3761 4187 fecit
3805 4125 3948 4199 hoc,

864 4220 972 4276 des
995 4219 1284 4293 pretiosi,
1319 4215 1532 4279 forsan
1565 4216 1825 4278 alterius
1859 4217 2119 4298 speciei,
2147 4241 2359 4299 aequa·
2386 4221 2435 4282 D
2467 4231 2805 4304 antequam
2838 4223 3372 4286 constructionem
3422 4223 3644 4305 templi
3689 4223 3951 4305 incepit.

867 4316 948 4372 lis
979 4333 1294 4374 mensurce
1325 4317 1498 4384 secti,
1532 4325 1717 4375 erant
1752 4314 2082 4396 dispositi3
2115 4319 2357 4377 simili-

871 4423 1084 4492 terque
1102 4416 1180 4472 de
1207 4416 1413 4483 cedro,
1439 4412 1501 4475 id
1534 4421 1650 4488 est,
1679 4413 1850 4491 ligna
1882 4415 2143 4477 cedrina
2173 4425 2355 4478 erant

870 4510 957 4572 ibi
991 4510 1322 4592 disposita.
1363 4515 1443 4573 Et
1473 4514 1718 4572 atrium
1755 4513 1968 4590 majus
1999 4518 2355 4576 rotundum

861 4610 992 4690 jam
1034 4607 1392 4691 praefatum,
1431 4611 1632 4669 trium
1671 4611 1980 4670 ordi-num
2010 4614 2088 4670 de
2118 4615 2358 4688 lapidi-

866 4710 980 4767 bus
1007 4709 1190 4768 sectis
1223 4704 1365 4782 fuit,
1409 4706 1521 4788 qui
1567 4707 1885 4788 tripartito
1917 4708 2142 4771 ordine
2173 4720 2355 4773 erant

864 4804 1103 4880 situati,
1137 4813 1197 4864 et
1239 4806 1439 4865 unius
1482 4807 1737 4866 ordinis
1776 4809 1856 4865 de
1891 4809 2112 4867 dolata
2141 4812 2353 4879 cedro,

863 4903 925 4966 id
971 4913 1089 4981 est,
1125 4902 1358 4965 tabulis
1401 4902 1678 4966 cedrinis
1719 4902 1947 4967 dolatis
1994 4905 2353 4968 vestieban-

861 5010 985 5064 tur.
1013 5004 1271 5064 Necnon
1304 5011 1363 5062 et
1395 5003 1466 5061 in
1497 5003 1664 5062 atrio
1695 5005 1922 5062 domus
1955 5006 2226 5064 Domini
2257 5007 2354 5067 in-

865 5103 1108 5172 teriori,
1137 5099 1261 5162 fuit
1281 5099 1616 5181 dispositio
1641 5100 1804 5176 talis,
1826 5100 1946 5164 hoc
1977 5110 2072 5164 cst
2095 5102 2160 5163 in
2192 5105 2351 5168 atrio

865 5199 1282 5262 sacerdotum.
1315 5197 1492 5260 Unde
1533 5198 1597 5260 in
1639 5198 1774 5262 fine
1810 5201 2221 5280 praecedcntis
2254 5223 2353 5264 ca-

865 5296 1052 5380 pituli
1084 5296 1390 5377 scriptum
1423 5306 1520 5359 ost
1555 5314 1568 5358 :
1605 5297 1968 5360 AEdificavit
1999 5299 2229 5361 atrium
2263 5301 2353 5362 in—

2466 4325 2803 4398 Artifi'cem
2836 4322 3171 4392 cerarium,
3216 4331 3275 4382 et
3318 4326 3589 4400 plenu-m
3625 4324 3951 4400 sapientia

2466 4430 2525 4480 et
2554 4420 2987 4496 intelligentia
3018 4429 3077 4479 et
3115 4423 3410 4480 doctrina
3440 4423 3529 4480 ad
3569 4423 3947 4498 faciendum

2464 4539 2649 4578 omne
2674 4537 2829 4594 opus
2858 4537 2939 4576 eoe
2966 4539 3115 4587 cere,
3137 4516 3205 4578 id
3232 4526 3331 4580 est
3360 4518 3665 4580 scientem
3694 4519 3943 4600 ope-rari

2465 4617 2531 4678 in
2563 4635 2706 4691 aere,
2727 4615 2854 4678 imo
2886 4624 2947 4678 et
2978 4617 3044 4677 in
3067 4635 3242 4692 aur0,
3269 4625 3552 4696 argento,
3576 4615 3767 4692 ferro,
3794 4635 3955 4680 mar-

2463 4732 2661 4789 more,
2696 4712 2909 4794 ligniS,
2944 4703 3246 4794 purpura,
3280 4713 3642 4796 hyacintho,
3678 4713 3866 4796 bysso
3888 4725 3951 4778 et

2462 4811 2761 4884 coccin03
2798 4819 2860 4873 ct
2889 4810 3077 4876 scivit
3105 4811 3327 4874 caelare
3366 4831 3619 4875 omnem
3664 4812 3948 4894 sculptu-

2461 4929 2619 4986 ram,
2668 4919 2730 4972 et
2780 4909 3069 4973 invenire
3119 4909 3463 4991 prudenter
3510 4909 3829 4992 quidquid
3875 4911 3942 4972 in
4297 4977 4298 4986 χ

2460 5026 2653 5089 opere
2684 5008 3111 5070 necessarium
3146 5007 3287 5085 fuit,
3315 5017 3383 5070 ut
3415 5008 3817 5090 praeallegato
3834 5009 3943 5071 Pa-
4000 5039 4115 5081 132³.
4140 5043 4197 5081 11,
4297 5001 4298 5080 ζ

2462 5106 2899 5187 ralipomenon
2932 5105 3291 5168 continetur
3316 5105 3494 5168 libro.
3512 5106 3688 5170 Unde
3713 5107 3795 5170 ob
3820 5117 3945 5170 tan-

2462 5211 2589 5264 tam
2622 5202 2741 5268 viri
2775 5203 2949 5265 illius
2981 5204 3299 5285 peritiam,
3326 5204 3535 5266 Hiram
3566 5223 3675 5267 rex
3695 5205 3943 5268 vocavit

2460 5321 2605 5364 eum
2635 5310 2875 5383 patrem
2908 5321 3115 5365 suum.
3149 5302 3453 5366 Praetorea
3480 5304 3681 5384 quaeri
3712 5313 3939 5386 potest,
