4359 6250
731 921 740 931 ·
1123 906 1126 910 ³
1380 706 2443 867 ENARRATIO

514 1056 794 1221 IN
941 1053 1993 1221 LIBRUM
2149 1052 3317 1229 JUDICUM

1159 1412 1875 1507 HEBRAICE
1974 1412 2683 1507 SOPHETIM

397 1682 670 1733 AGlTUR
729 1682 801 1730 IN
867 1682 952 1730 ΕΟ
1011 1680 1103 1729 ΒΕ
1161 1680 1560 1742 JUDICIBUS,
1621 1681 2100 1745 PRlNClPIBUS,
2161 1682 2765 1741 DEFENSlONEQUE
2830 1681 3086 1732 POPULI
3146 1681 3425 1745 ISRAEL‚

729 1806 816 1855 ΕΤ
857 1806 949 1856 ΒΕ
988 1807 1339 1856 VICTORIIS
1377 1806 1468 1855 Ac
1506 1807 1906 1857 TRIUMPmS
1950 1807 2233 1857 HABITIS
2274 1807 2551 1857 CONTRA
2590 1807 3113 1857 ADVERSAmoS.

1353 2370 2003 2460 ARTICULUS
2077 2372 2515 2458 PRIMUS

631 2645 944 2693 Exposrrlo
998 2640 1346 2688 LirrEnALls
1402 2639 1678 2685 camum
1729 2637 1899 2683 Pium
1942 2637 1956 2681 :
2005 2636 2152 2681 POST
2204 2636 2451 2683 MORTEM
2500 2638 2703 2699 Josuss,
2761 2640 3237 2687 CONSULUERUNT

1565 2746 1706 2792 mul
1745 2745 1962 2792 lsnAEL
2003 2744 2300 2792 noulNuu.

502 3026 688 3090 IBER
721 3024 1016 3088 Indicum
1053 3029 1151 3085 est
1187 3017 1584 3085 continuatio
1627 3024 1691 3079 et
1734 3032 1876 3097 pro-
1905 3012 1956 3075 A
1987 3017 2208 3099 pidum
2250 3018 2384 3096 Hai,
2418 3019 2685 3084 Domino
2734 3019 3097 3083 inconsulto
3129 3040 3145 3083 ε
3182 3020 3326 3086 ideo
3372 3022 3476 3085 isti

521 3126 766 3192 secutio
805 3120 1088 3188 historiae
1125 3118 1275 3183 libri
1311 3118 1500 3182 Josue
1535 3135 1549 3180 ε
1586 3115 1760 3200 quia,
1803 3121 1873 3178 ut
1985 3116 2325 3181 Dominum
2364 3118 2844 3197 consuluerunt,
2881 3120 3063 3202 quasi
3110 3129 3263 3185 tunc
3309 3121 3476 3186 male

369 3226 607 3292 asserit
627 3211 1037 3307 Augustinus,
1057 3218 1326 3282 historia
1355 3217 1502 3279 libri
1528 3216 1716 3279 Josue
1744 3232 1881 3297 por·
1987 3215 2142 3298 ipsis
2172 3218 2477 3292 evenerit,
2511 3218 2815 3300 quoniam
2851 3219 3118 3283 Domino
3150 3219 3477 3284 inconsul-

371 3326 614 3408 rigitur
651 3342 858 3406 usque
896 3321 977 3383 ad
1017 3328 1324 3400 tempora,
1358 3314 1594 3398 quibus
1629 3313 1752 3375 filii
1792 3314 1876 3375 Is-
1988 3323 2072 3391 to,
2105 3334 2142 3377 a
2189 3314 2376 3378 Josue
2415 3316 2592 3378 missi
2644 3317 2922 3394 fuerunt,
2957 3326 3066 3381 aut
3113 3319 3297 3400 quasi
3347 3338 3476 3383 non

371 3425 511 3488 rael
541 3424 622 3486 ad
651 3419 1079 3485 idololatriam
1122 3415 1251 3478 labi
1280 3422 1615 3496 coeperunt
1649 3430 1662 3474 :
1699 3412 1873 3495 quod
1985 3414 2301 3478 evenisset
2343 3415 2438 3478 eis
2484 3415 2669 3491 male,
2705 3415 2758 3477 si
2805 3423 2956 3479 tunc
2986 3417 3326 3480 Dominum
3378 3439 3477 3481 su-

371 3524 660 3612 qualiter
693 3520 932 3584 factum
963 3517 1067 3593 sit,
1103 3516 1169 3577 in
1199 3515 1321 3578 isto
1350 3512 1676 3578 volumine
1722 3512 1876 3575 reei—
1984 3531 2099 3594 per
2127 3512 2247 3576 hoc
2285 3513 2776 3577 consuluissent.
2810 3513 3259 3579 Verumtamen
3305 3516 3479 3580 infra

373 3620 773 3686 tatur.Unde
796 3617 862 3679 in
880 3617 1001 3679 isto
1022 3613 1304 3695 capitulo
1327 3611 1543 3693 aliqua
1564 3629 1678 3693 per
1710 3629 1878 3673 reca-
1987 3612 2053 3674 in
2086 3613 2207 3676 isto
2237 3621 2529 3675 narratur
2571 3611 2755 3689 libro,
2791 3615 2963 3695 quod
2997 3613 3121 3675 filii
3153 3615 3343 3678 lsrael
3372 3615 3471 3678 bis
3524 3632 3675 3678 Juasc.
3696 3647 3767 3676 xx.

375 3718 833 3806 pitulationem
855 3715 1166 3778 dicuntur.
1186 3712 1418 3792 Itaque,
1439 3713 1878 3772 postmortem
1988 3720 2432 3794 processerunt
2463 3711 2541 3774 ad
2573 3730 2850 3793 pugnam
2880 3720 3101 3775 contra
3132 3712 3305 3777 filios
3327 3715 3480 3777 Ben-

373 3827 572 3885 Josue
599 3820 1064 3880 consuluerunt
1091 3814 1226 3891 filii
1263 3813 1470 3872 Israel
1497 3811 1875 3879 Dominum,
1987 3809 2209 3891 jamin,
2235 3811 2361 3874 Deo
2382 3809 2673 3874 consulto
2706 3819 2769 3873 et
2796 3820 3149 3887 annuente3
3183 3821 3247 3874 et
3275 3813 3479 3877 nihilo

376 3924 668 3982 dicentes
711 3938 733 3976 .·
773 3915 932 3985 Quis
973 3915 1266 3972 ascendet
1309 3920 1457 3971 ante
1505 3930 1617 3970 nos
1655 3918 1877 3969 contra
1989 3909 2202 3971 minus
2230 3908 2434 3972 multo
2466 3908 2651 3991 pejus
2686 3908 2917 3972 accidit
2951 3909 3065 3986 εἰς,
3099 3929 3291 3992 quam
3327 3913 3480 3974 dum

383 4021 854 4090 Chananoeum,
907 4012 971 4074 id
1014 4020 1111 4075 est
1148 4008 1460 4092 populum
1507 4007 1881 4070 Chananaeo-
1990 4017 2213 4072 contra
2238 4008 2349 4070 Hai
2380 4006 2653 4091 profecti
2684 4016 2853 4070 sunt.

380 4137 528 4180 rum
571 4115 638 4176 in
681 4113 800 4175 hac
831 4119 998 4174 terra
1029 4106 1460 4190 superstitem,
1487 4116 1547 4167 ec
1575 4108 1700 4166 erit
1737 4109 1881 4166 dum
2069 4110 2386 4188 Dixitque
2428 4108 2771 4178 Dominus,
2814 4106 2880 4168 id
2928 4115 3045 4184 est,
3094 4109 3357 4186 angelus
3408 4129 3485 4172 ex

379 4217 591 4276 belli?
627 4209 1100 4275 Consuluerunt
1136 4215 1347 4269 autem
1387 4204 1725 4268 Dominum
1769 4222 1883 4286 per
1909 4203 1955 4264 B
1991 4214 2170 4288 parte
2219 4206 2329 4268 Dei
2378 4205 2709 4288 respondit
2768 4205 3082 4269 sacerdoti
3142 4207 3483 4271 Dominum

379 4314 655 4377 Phinees
695 4309 1109 4382 sacerdotem,
1144 4305 1257 4387 qui
1293 4303 1459 4386 patri
1491 4320 1606 4365 suo
1638 4302 1884 4365 Eleaza-
1991 4303 2349 4367 consulenti
2386 4321 2400 4366 ε
2433 4307 2639 4365 ,Iudas
2679 4305 2993 4364 ascendet.
3039 4307 3198 4365 Ecce
3230 4308 3483 4366 tradidi

383 4433 455 4476 ro
495 4411 562 4473 in
605 4405 992 4492 pontificatu
1027 4402 1372 4466 successit:
1408 4401 1550 4464 ideo
1589 4401 1756 4463 sicut
1787 4399 1883 4462 Jo-
1994 4413 2233 4464 terram
2278 4405 2351 4462 in
2394 4422 2599 4462 manu
2638 4402 2799 4479 ejus.
2847 4399 3181 4478 Quaeritur,
3229 4422 3311 4465 an
3365 4403 3484 4468 hoc

383 4531 500 4574 sue
547 4518 614 4572 et
657 4507 785 4569 filii
822 4504 1010 4568 Israel
1058 4512 1341 4585 tempore
1385 4519 1500 4563 suo
1539 4498 1878 4562 Dominum
1992 4499 2076 4562 sit
2125 4498 2614 4581 intelligendum
2664 4498 2743 4562 de
2791 4508 2962 4562 certa
3006 4508 3069 4563 et
3114 4501 3481 4582 particulari

382 4631 502 4694 per
543 4608 914 4671 Eleazarum
953 4600 1434 4676 consuluerunt,
1470 4599 1560 4660 sic
1613 4597 1721 4659 isti
1770 4617 1884 4680 per
1992 4617 2287 4681 persona,
2320 4618 2401 4661 an
2448 4599 2527 4662 de
2571 4597 2743 4660 tribu
2784 4598 2963 4660 suda.
2999 4598 3265 4663 Videtur
3310 4601 3483 4682 quod

383 4707 680 4771 Phinees.
699 4702 917 4766 Fieba't
940 4718 1200 4783 quoque
1221 4697 1604 4761 consultatio
1629 4696 1748 4758 ista
1770 4716 1884 4780 per
1991 4698 2071 4759 de
2099 4716 2392 4780 persona,
2428 4696 2732 4779 quoniam
2763 4714 3071 4778 persona),
3098 4716 3226 4761 non
3260 4697 3476 4775 tribui,

386 4809 530 4884 hoc,
563 4803 740 4887 quod
781 4818 1070 4863 summus
1113 4797 1425 4872 sacerd05,
1461 4796 1706 4860 scilicet
1745 4795 1884 4858 Phi-
1991 4815 2130 4859 esse
2160 4795 2465 4878 competit
2491 4797 2720 4858 ducem
2750 4794 2927 4857 belli.
2963 4795 3247 4877 Denique
3281 4795 3346 4857 in
3378 4815 3483 4859 ex-

387 4926 561 4983 neeS,
599 4922 717 4986 per
743 4899 1064 4964 orationes
1099 4905 1161 4960 et
1195 4894 1585 4958 sacrificium
1624 4895 1882 4977 petebat
1991 4895 2192 4958 ercitu
2222 4894 2649 4958 necessarium
2693 4891 2814 4954 fuit
2855 4891 3088 4954 habere
3120 4892 3478 4975 principem

387 5003 846 5069 revelationem
871 4999 1048 5060 aDeo
1072 4996 1150 5058 de
1177 4995 1439 5076 agendis
1462 5002 1570 5056 aut
1591 4995 1882 5056 omitten-
1989 4993 2392 5068 bellatorum,
2429 5009 2617 5073 quem
2650 4989 2984 5073 oportebat
3014 5008 3153 5052 esse
3184 4991 3483 5054 determi-

386 5104 508 5167 dis.
535 5102 720 5166 Circa
746 5099 882 5161 haec
913 5095 1136 5159 scribit
1164 5094 1426 5175 quidam
1461 5111 1474 5156 :
1510 5093 1656 5156 Filii
1693 5094 1878 5156 lsrael
1992 5099 2205 5154 natam
2237 5109 2595 5173 personam.
2630 5089 3003 5172 Oppositum
3035 5088 3227 5170 hujus
3256 5089 3483 5171 proba-

131 5218 260 5262 Jme
282 5233 356 5263 vu.
387 5201 635 5286 experti
677 5199 943 5262 fuerunt
978 5195 1145 5258 male
1185 5193 1276 5256 eis
1317 5192 1681 5274 contigisse,
1728 5193 1878 5254 dum
1992 5199 2110 5268 tur,
2126 5189 2277 5272 quia
2301 5187 2692 5270 expositores
2721 5205 2833 5269 per
2856 5187 3080 5248 Judam
3112 5186 3483 5268 intelligunt

388 5301 576 5364 Josue
605 5297 786 5360 misit
814 5293 1163 5358 exercitum
1192 5293 1272 5356 ad
1300 5291 1750 5354 debellandum
1781 5309 1882 5373 op-
1989 5288 2414 5353 communiter
2450 5285 2684 5348 tribum
2712 5284 2907 5348 Juda:
2944 5287 3115 5366 quod
3144 5285 3337 5348 etiam
3362 5287 3483 5350 Au-
