4359 6250
887 483 1006 546 572

1375 499 1722 547 {numiano
1763 501 1826 546 ΙΝ
1868 501 2005 546 CAr.
2050 501 2199 546 XXIV
2243 501 2399 546 unm
2442 499 2693 547 securim
2734 501 2961 548 REGUM.
3005 521 3085 530 —-
3126 502 3269 548 aar.
3314 501 3480 548 XXXV

1909 952 2556 1039 ARTICULUS
2640 955 2955 1037 XXXV

949 1254 1260 1300 Exposmo
1303 1254 1578 1301 carl'rctl
1620 1254 1878 1299 vult-:suu
1923 1254 2145 1309 QUARTI
2192 1254 2207 1300 Ζ
2257 1255 2329 1298 ΕΤ
2372 1254 2621 1299 Annlm'r
2662 1254 2862 1300 FUROR
2906 1255 3115 1299 nomm
3158 1255 3357 1300 lnAsm
3398 1254 3633 1300 CONTRA
3678 1255 3917 1300 lsnasst..

1030 1557 1437 1620 ECITATUR
1474 1557 1578 1620 hic
1619 1555 1859 1620 factum
1900 1556 2117 1631 David,
2152 1555 2219 1616 in
2250 1572 2379 1636 quo
2408 1553 2459 1615 A
2568 1554 2746 1617 Circa
2776 1555 2910 1618 haec
2942 1555 3175 1638 duplex
3204 1557 3410 1619 oritur
3436 1557 3704 1638 quaestio
3728 1577 3743 1620 :
3769 1558 3977 1620 Prima

1049 1655 1370 1718 mirabilia
1408 1656 1516 1718 Dei
1555 1655 1798 1737 judicia
1841 1654 2266 1729 declarantur,
2302 1654 2379 1715 ri-

885 1773 1000 1835 gor
1029 1755 1313 1837 justitiae,
1335 1757 1557 1818 dulcor
1584 1753 1959 1831 clementiae,
1983 1753 2377 1816 immensitas

889 1852 1124 1917 divinae
1157 1853 1484 1936 sapientiae
1524 1853 1966 1915 ostenduntur.
2001 1855 2084 1912 Ec
2112 1854 2377 1912 addidit

889 1954 1084 2028 furor
1114 1955 1402 2023 Domini,
1440 1951 1504 2012 id
1536 1959 1628 2013 est
1659 1949 1908 2033 ¹justitia
1946 1950 2078 2026 Dei,
2113 1968 2257 2030 quae
2294 1950 2376 2012 ob

887 2052 1354 2114 vehementiam
1383 2070 1512 2114 suae
1532 2049 1949 2113 districtionis
1983 2049 2047 2110 in
2074 2048 2377 2111 ulciscen-

885 2149 991 2225 do,
1013 2149 1213 2212 furori
1249 2149 1477 2211 similis
1511 2167 1679 2230 saepe
1709 2167 1846 2210 esse
1878 2147 2150 2224 videtur,
2177 2150 2376 2208 irasci

887 2269 1000 2308 con
1013 2257 1112 2308 tra
1132 2251 1353 2317 Israel,
1375 2247 1439 2308 id
1467 2254 1564 2310 est
1592 2245 2004 2308 Israeliticum
2037 2246 2370 2328 populum,

889 2345 1247 2425 infligendo
1271 2344 1364 2408 eis
1388 2345 1625 2407 malum
1658 2362 1882 2426 poenae,
1903 2344 2072 2426 quod
2104 2342 2278 2406 infra
2308 2345 2373 2406 in

890 2445 1013 2507 isto
1048 2452 1336 2506 narratur
1375 2444 1676 2526 capitu10,
1712 2454 1774 2507 et
1806 2443 2233 2526 permittendo
2272 2461 2375 2506 eo-

887 2563 1026 2606 rum
1062 2562 1270 2624 regem
1306 2543 1586 2605 incidere
1617 2542 1996 2624 culpam,ob
2025 2561 2215 2623 quam
2250 2541 2372 2623 ipsi

885 2660 1142 2724 quoque
1174 2641 1380 2723 puniti
1423 2650 1594 2716 sunt,
1627 2641 1779 2722 quia
1809 2649 1870 2703 et
1899 2640 2151 2722 culpam
2197 2640 2371 2702 illam

887 2761 994 2803 rex
1045 2740 1529 2824 permittebatur
1570 2739 1871 2816 incidere,
1923 2748 2181 2820 propter
2232 2756 2375 2801 suo—
2410 2736 2925 2822 Bcompellendo
2980 2759 2994 2802 :

887 2859 1028 2902 rum
1062 2840 1370 2902 demerita
1399 2838 1822 2901 subditorum.
1858 2837 2154 2911 Quamvis
2199 2837 2371 2900 enim

889 2957 1016 3001 non
1063 2939 1393 3001 subtrahat
1439 2939 1599 3001 Deus
1644 2937 1912 3018 gratiam
1957 2937 2067 2998 uni
2115 2943 2373 3020 propter

885 3037 1146 3099 alterius
1189 3037 1614 3118 iniquitatem,
1651 3034 1772 3098 nisi
1815 3045 1880 3098 et
1917 3035 2054 3117 ipse
2094 3035 2198 3097 cui
2230 3034 2374 3097 sub-

887 3135 1156 3199 trahitur
1195 3136 1420 3215 gratia,
1464 3135 1680 3217 aliquo
1721 3135 1908 3197 modo
1949 3133 2122 3196 illam
2154 3134 2373 3214 gratim

884 3232 1380 3296 subtractionem
1413 3241 1877 3315 promereatur3
1921 3240 2130 3315 potest
2159 3241 2371 3295 tamen

882 3331 1456 3413 contingere,quod
1483 3332 1536 3393 is
1557 3331 1668 3413 qui
1701 3332 1966 3413 gratiam
1999 3330 2211 3407 habet,
2232 3350 2369 3394 eam

884 3430 1132 3493 amittat
1170 3448 1408 3511 :quam
1453 3449 1580 3493 non
1625 3431 1965 3506 amitteret,
2000 3430 2052 3491 si
2099 3429 2209 3491 alii
2256 3448 2372 3511 pro

888 3529 1091 3612 ipsius
1150 3528 1631 3594 conservatione
1683 3528 1898 3592 debito
1950 3536 2062 3591 aut
2118 3528 2370 3591 decenti

883 3628 1073 3690 modo
1112 3636 1386 3705 orarent,
1423 3636 1533 3690 aut
1573 3627 1736 3690 bene
1772 3627 2016 3706 agendo
2059 3643 2373 3689 mereren-

881 3736 984 3789 tur
1012 3726 1276 3809 gratiam
1321 3725 1686 3790 conservari
1730 3724 1829 3788 vel
1872 3724 2088 3804 augeri
2131 3722 2196 3784 in
2233 3722 2364 3786 illo.

885 3825 1114 3907 Sicque
1145 3844 1182 3887 a
1211 3824 1447 3888 virtute
1477 3832 1540 3887 et
1569 3823 1770 3905 gratia
1809 3821 2191 3885 humilitatis
2230 3840 2371 3904 per-

2488 1662 2603 1730 est,
2624 1654 2781 1736 quid
2802 1654 2997 1718 David
3026 1654 3313 1736 peccavit
3344 1655 3409 1716 in
3442 1655 3559 1718 hae
3583 1656 3895 1736 jussione,
3920 1658 3974 1718 si

2491 1751 2669 1815 furor
2716 1753 2847 1828 Dei,
2902 1772 3013 1816 scu
3063 1752 3282 1816 divina
3329 1753 3577 1835 justitia
3628 1756 3977 1819 commovit

2486 1870 2633 1914 eum
2666 1853 2743 1914 ad
2778 1852 2920 1914 hoc.
2956 1851 3264 1928 Secunda,
3300 1853 3575 1933 qualiter
3602 1853 3767 1916 Deus
3808 1855 3977 1918 diea-

2484 1958 2589 2013 tur
2610 1969 2755 2013 eum
2783 1950 3201 2014 commovisse
3220 1952 3301 2014 ad
3330 1951 3731 2033 istud,quum
3764 1954 3973 2035 primo

2483 2049 3007 2130 Paralipomenon
3038 2049 3351 2112 scribatur
3384 2067 3399 2111 :
3429 2050 3841 2114 Consurrexit
3864 2073 3975 2115 au·
4020 2078 4229 2122 mmm,

2484 2157 2609 2212 tem
2644 2147 2831 2210 Satan
2861 2156 3083 2210 contra
3111 2147 3322 2224 Israel,
3342 2157 3405 2210 et
3435 2148 3723 2211 incitavit
3750 2150 3973 2228 David,
4002 2145 4040 2185 ¹·

2484 2255 2553 2310 ut
2602 2255 2963 2310 numeraret
2999 2246 3209 2310 lsrael.
3248 2246 3683 2329 Respondetur
3722 2249 3803 2310 ad
3842 2252 3974 2332 pri-

2485 2365 2683 2421 mum,
2716 2347 2889 2428 quod
2929 2347 3091 2408 Deus
3133 2365 3259 2408 non
3292 2346 3491 2410 movit
3522 2347 3731 2429 ipsum
3772 2348 3971 2412 David

2483 2445 2559 2506 ad
2594 2444 2834 2506 malum
2874 2443 3080 2526 culpae
3122 2444 3361 2508 directe
3400 2453 3463 2507 et
3500 2444 3825 2525 effective,
3860 2449 3971 2510 sed

2483 2542 2971 2607 occasionaliter
2992 2551 3055 2605 et
3083 2542 3480 2625 permissive.
3502 2544 3801 2608 Diabolus
3821 2564 3972 2608 vero

2482 2640 2829 2706 concitavit
2876 2659 3023 2702 eum
3071 2642 3149 2703 ad
3201 2641 3319 2704 hoe
3370 2643 3787 2722 suggerendo,
3842 2662 3969 2706 non

3050 2739 3191 2802 ideo
3239 2741 3376 2823 ipse
3427 2741 3712 2823 peccavit
3771 2741 3971 2806 libere

2482 2839 2960 2914 consentiendo,
2995 2857 3123 2901 non
3170 2838 3445 2921 implens
3482 2840 3653 2920 quod
3692 2840 3783 2903 ait
3820 2859 3971 2923 apo-

2481 2937 2682 2999 stolus
2719 2936 2987 3000 Jacobus
3014 2955 3027 2998 :
3054 2937 3349 3000 Resistite
3380 2937 3735 3016 diab010,et
3767 2938 3969 3020 fugiet
3990 2958 4227 3002 sacoma.

2480 3054 2517 3096 a
2557 3035 2762 3098 vobis,
2796 3036 2873 3098 Et
2914 3036 3140 3099 Paulus
3178 3052 3191 3096 :
3226 3035 3433 3098 Nolite
3460 3036 3726 3118 (inquit)
3757 3037 3967 3101 locum
4020 3057 4167 3112 epm
4182 3070 4225 3097 π.

2481 3135 2633 3197 dare
2662 3135 2939 3198 diabolo.
2974 3136 3062 3197 Ex
3094 3136 3211 3199 hac
3242 3144 3457 3198 autem
3486 3135 3826 3214 solutione,
3862 3158 3967 3221 pa·
3994 3124 4055 3165 ²⁷·

2483 3241 2574 3295 tet
2620 3235 2699 3296 ad
2749 3235 3095 3297 secundam
3144 3234 3559 3314 quaestionem
3610 3238 3962 3318 responsio.

2483 3330 2790 3414 Denique,
2845 3331 2912 3393 in
2964 3341 3205 3394 tantum
3258 3332 3573 3414 dependet
3622 3352 3813 3396 omne
3862 3334 3967 3397 bo-

2484 3449 2659 3508 num,
2694 3448 2885 3493 omne
2916 3430 3235 3507 meritum,
3272 3438 3337 3493 et
3376 3430 3585 3493 omnis
3622 3431 3829 3513 culpae
3869 3433 3969 3495 de-

2481 3529 2705 3593 vitatio
2756 3548 2793 3591 a
2842 3529 3077 3610 pietate
3127 3536 3191 3591 et
3235 3528 3439 3608 gratia
3488 3528 3621 3605 Dei,
3674 3537 3746 3591 ut
3789 3530 3965 3610 juxta

2482 3629 2741 3691 modum
2771 3626 2899 3708 jam
2932 3626 3398 3703 tactum,etiam
3432 3627 3600 3689 mala
3618 3627 3965 3709 culpaeDeo

2481 3726 2547 3787 in
2596 3726 2939 3808 Scripturis
2984 3725 3323 3787 videantur
3364 3724 3663 3789 adscribi.
3698 3725 3799 3789 Sic
3840 3736 3965 3789 ete-

2484 3823 2613 3886 nim
2666 3824 2902 3887 dicitur
2952 3823 3285 3886 indurasse
3334 3842 3443 3887 cor
3489 3824 3852 3903 PharaoniS,
3903 3834 3961 3887 et
3988 3842 4223 3945 Ξιειΐφη.

4038 3917 4147 3949 nee·

881 3926 1114 3988 missus
1153 3933 1246 3988 est
1287 3924 1482 3987 David
1528 3923 1753 3985 cadere
1783 3922 1862 3984 ad
1893 3921 2118 3983 vitium
2155 3920 2370 3983 elatio-
2404 3921 2448 3985 C
2480 3922 2861 3986 obfirmasse
2894 3940 3003 3985 cor
3035 3922 3201 4001 regis
3228 3922 3450 3983 Basan.
3475 3921 3654 3985 Unde
3684 3930 3747 3986 et
3777 3922 3961 3985 isaias
4002 3967 4221 4009 „nnm-

883 4024 984 4086 nis
1022 4042 1034 4086 :
1072 4024 1148 4085 ad
1193 4024 1362 4105 quod
1409 4041 1536 4085 non
1585 4021 1948 4095 corruisset,
1993 4018 2045 4081 si
2092 4019 2367 4101 populus

879 4125 1020 4205 ejus
1051 4123 1289 4187 orando
1320 4141 1392 4184 ac
1425 4120 1586 4184 bene
1625 4118 2060 4182 conversando
2100 4117 2371 4180 meruis-

880 4232 974 4285 set
1013 4222 1280 4303 gratiam
1313 4220 1486 4283 illam
1520 4220 1584 4283 in
1617 4238 1733 4283 suo
1765 4218 2129 4282 conservari
2169 4224 2370 4280 recto—

881 4341 969 4384 re.
1009 4323 1481 4400 ('ommov2'lque
1521 4317 1700 4381 furor
1743 4317 1994 4381 Domini
2035 4319 2255 4379 David
2294 4319 2367 4377 in

879 4423 997 4489 θέε,
1028 4419 1091 4481 id
1134 4426 1231 4482 est
1258 4419 1337 4480 ad
1370 4418 1606 4480 malum
1648 4416 1892 4499 populi,
1926 4419 2241 4477 dicentem
2281 4418 2369 4476 ad

878 4521 1062 4587 Joab,
1094 4518 1214 4582 hoc
1253 4526 1348 4580 est
1390 4517 1467 4580 ad
1513 4516 1654 4593 hoc,
1701 4524 1770 4578 ut
1809 4516 2046 4579 diceret
2086 4513 2366 4597 principi

880 4638 1012 4682 suae
1043 4617 1290 4681 militiae
1325 4635 1338 4679 :
1383 4620 1566 4688 Vade,
1601 4638 1874 4677 numera
1905 4618 2133 4686 Israel,
2167 4614 2231 4677 id
2273 4622 2369 4677 est

880 4716 1177 4779 undecim
1227 4715 1452 4792 tribuS,
1485 4727 1544 4777 et
1581 4719 1847 4785 Judam,
1883 4714 1947 4777 id
1988 4722 2084 4776 est
2126 4715 2367 4777 tribum

749 4800 768 4813 ’
876 4816 1057 4891 Juda,
1095 4833 1238 4896 quae
1269 4814 1631 4895 specialiter
1664 4813 2049 4889 nominatur,
2086 4813 2237 4893 quia
2275 4833 2371 4876 re-

879 4912 1064 4995 galiS,
1089 4912 1480 4995 populosior,
1505 4912 1826 4989 audacior,
1851 4912 2216 4976 bellicosior
2245 4911 2371 4975 fuit

583 5022 854 5095 Num-¹⁹9⁸*
879 5012 1173 5074 tribubus
1206 5011 1668 5074 ceteriS.Jussit
1698 5020 1905 5074 autem
1941 5013 2260 5075 numerari
2281 5012 2372 5075 vi-

587 5098 688 5130 Elm-

880 5208 991 5289 qui
1056 5209 1408 5272 secundum
1461 5208 1664 5289 legem
1714 5218 2008 5290 poterant
2067 5209 2145 5270 ad
2204 5208 2372 5271 bella

880 5308 1245 5389 procedere.

2481 4021 2765 4103 loquitur
2797 4021 2922 4083 Deo
2959 4037 2973 4081 :
3006 4019 3207 4094 Quare
3248 4038 3363 4083 nos
3396 4038 3605 4083 errare
3640 4018 3851 4083 fecisti
3884 4022 3963 4083 de
3986 4048 4221 4091 1„.,1„,.1:.

2480 4121 2601 4183 viis
2650 4120 2794 4193 tuiS,
2832 4118 3141 4180 indurasti
3182 4136 3294 4181 eor
3332 4126 3643 4191 nostrum,
3673 4136 3753 4181 ne
3786 4118 3959 4181 time-

2480 4238 2691 4283 remus
2726 4222 2829 4280 te?
2855 4216 3059 4297 Atque
3088 4215 3420 4279 Psalmista
3452 4234 3466 4279 :
3504 4216 3845 4279 Declinasti
3876 4236 3959 4281 se-
3984 4236 4219 4280 ram-112».

2478 4318 2666 4380 mitas
2700 4326 2947 4380 nostras
2976 4335 3013 4377 a
3042 4315 3146 4378 via
3176 4324 3303 4377 tua.

2546 4418 2859 4494 Diaeitqzoe
2892 4435 3009 4475 rem
3042 4418 3132 4475 ad
3156 4416 3313 4476 Joab
3332 4416 3701 4491 principem
3730 4418 3961 4475 emere-i-

2482 4526 2582 4576 tus
2610 4517 2717 4574 sui
2739 4534 2761 4576 .·
2782 4515 3179 4576 Perambuza
3206 4532 3422 4573 omnes
3455 4514 3657 4573 tribus
3680 4516 3959 4582 Israelffi

2480 4618 2624 4675 Dan
2660 4632 2857 4693 usque
2883 4614 3210 4684 Bersabee,
3232 4622 3293 4671 et
3325 4631 3597 4672 numera
3618 4616 3961 4691 populum,

2480 4723 2553 4773 uc
2599 4715 2799 4773 sciam
2848 4731 3193 4771 numerum
3240 4712 3403 4788 ejus,
3455 4711 3769 4790 Dixitque
3812 4712 3963 4772 Joab

2478 4814 2618 4889 reyi
2657 4832 2679 4870 .·
2719 4813 3061 4887 Adauyeal
3104 4810 3422 4869 Dominus
3467 4812 3637 4869 Deus
3688 4820 3837 4869 tuus
3880 4812 3962 4869 ad

2478 4914 2793 4988 populum
2827 4919 3035 4979 tuum,
3054 4918 3337 4988 quantus
3366 4928 3543 4969 nunc
3568 4918 3680 4981 est,
3706 4910 3965 4969 iterum·

2483 5030 2604 5089 que
2644 5010 3029 5086 centuplicet
3070 5010 3143 5067 in
3182 5017 3515 5085 conspectu
3552 5008 3810 5067 domini
3846 5007 3966 5067 mei

881 5130 1007 5183 rOS,
1042 5109 1339 5172 videlicet
1373 5129 1410 5171 a
1439 5110 1668 5190 viginti
1704 5110 1890 5172 annis
1921 5119 1982 5172 et
2014 5130 2228 5191 supra,
2263 5129 2371 5174 eos
2402 5112 2449 5173 D
2481 5110 2672 5185 reyz‘s.
2692 5110 2821 5167 Sed
2840 5108 3003 5186 quid
3029 5108 3154 5167 sibi
3177 5108 3479 5167 dominus
3500 5127 3675 5167 meus
3694 5127 3813 5167 rea:
3837 5109 3963 5166 vult

2484 5208 2555 5266 in
2594 5206 3040 5283 hujuscemodi
3079 5208 3197 5265 re?
3225 5201 3409 5285 quasi
3449 5203 3620 5266 dicat
3654 5221 3669 5265 t
3704 5204 3839 5267 Non
3876 5210 3965 5265 est

2481 5305 2649 5367 bona
2695 5302 2899 5385 jussio
2946 5302 3087 5375 ista,
3122 5303 3231 5365 sed
3276 5322 3353 5365 ex
3394 5302 3671 5365 elatione
3722 5302 3961 5365 videtur
