4359 6250
1213 498 1562 545 ENARRATIO
1602 498 1665 543 IN
1707 498 1842 545 cal).
1891 497 1951 543 v1
1991 497 2265 545 Junlctm.
2310 519 2391 529 —
2432 500 2573 546 Amr.
2621 500 2683 546 xl

3374 481 3491 545 145

391 665 517 727 bus
544 691 558 741 3
597 686 714 729 nec
747 666 871 729 fuit
909 668 990 729 ad
1021 668 1446 731 idololatriam
1489 669 1744 752 lapsus3
1779 670 1890 733 sed
1921 670 1973 731 Α
2003 670 2137 733 haec
2157 670 2334 747 dicit,
2353 672 2434 733 ad
2464 671 2941 735 excellentiores
2974 690 3041 734 se
3069 688 3444 752 comparans
3472 686 3486 731 :

390 772 455 825 et
487 765 806 846 corporali
845 765 1220 829 fortitudine
1251 768 1686 849 praepollebat.

495 866 810 944 Dia-iique
858 867 920 923 ei
969 869 1218 926 Gedeon
1250 886 1273 927 .·
1311 869 1590 937 Obsecro,
1633 870 1892 928 domiue

391 963 510 1023 mi.
544 961 800 1025 Gedeon
851 963 1148 1042 angelum
1200 964 1485 1027 nominat
1533 965 1887 1043 dominum,
2000 966 2095 1028 dit
2130 986 2143 1029 :
2190 966 2507 1047 Numquid
2540 984 2668 1030 non
2712 966 2887 1028 filius
2916 964 3143 1027 Jemini
3173 982 3289 1044 ego
3318 984 3485 1041 sum,
3568 982 3779 1038 ineam,

390 1059 695 1140 quamvis
742 1062 1024 1124 nondum
1070 1061 1439 1141 cognoverit
1481 1064 1652 1144 quod
1700 1082 1892 1144 ange-
1999 1063 2078 1127 de
2122 1064 2391 1127 minima
2437 1063 2607 1127 tribu
2651 1064 2859 1141 lsrael,
2906 1072 2969 1127 et
3012 1063 3304 1145 cognatio
3348 1082 3489 1125 mea
3518 1047 3585 1089 ²¹·

392 1156 494 1221 lus
523 1166 715 1236 esset,
741 1160 892 1240 quia
923 1160 990 1222 in
1023 1161 1236 1242 specie
1267 1161 1664 1225 honorabilis
1699 1171 1890 1244 atque
1999 1162 2349 1225 novissima
2398 1163 2565 1226 inter
2608 1182 2829 1226 omnes
2874 1161 3153 1224 familias
3193 1162 3272 1223 de
3318 1160 3490 1223 tribu

390 1256 750 1319 authentici
796 1258 916 1319 viri
961 1258 1229 1339 angelus
1279 1250 1576 1341 apparuit
1626 1260 1770 1323 sibi.
1813 1263 1892 1322 Si
1999 1259 2328 1340 Benjamin
2362 1263 2385 1321 2
2417 1268 2487 1322 ut
2519 1260 2751 1341 legitur
2783 1260 2990 1342 primo
3022 1260 3257 1340 Regum
3295 1258 3482 1322 libro.

389 1358 716 1416 Dominus
763 1358 1096 1419 nobiscum
1145 1368 1256 1419 est.
1292 1358 1570 1440 Angelus
1621 1359 1884 1435 dixerat,
1997 1356 2540 1431 Quemadmodum
2570 1368 2779 1421 autem
2813 1377 3003 1441 super
3029 1358 3216 1421 Josue
3243 1357 3486 1420 dictum

391 1452 702 1516 Dominus
733 1461 966 1531 tecum,
1005 1474 1132 1519 non
1172 1464 1410 1533 autem,
1445 1457 1750 1520 Dominus
1781 1476 1889 1520 vo-
1998 1465 2114 1533 est,
2143 1457 2347 1519 tribus
2388 1457 2571 1521 lsrael
2606 1457 3053 1521 dividebantur
3085 1456 3152 1517 in
3187 1455 3483 1531 familias,
3557 1474 3778 1525 soenes-u„

389 1550 687 1627 biscum;
729 1552 983 1616 Gedeon
1027 1573 1179 1618 vero
1221 1553 1314 1617 sic
1358 1555 1609 1636 repetit,
1655 1556 1784 1618 imo
1826 1564 1890 1618 et
2003 1552 2260 1618 familiae
2303 1556 2370 1617 in
2416 1557 2661 1633 domOS,
2695 1557 2921 1620 domus
2963 1555 3027 1617 in
3070 1554 3279 1636 capita
3322 1554 3490 1618 viro-
3520 1538 3586 1579 ¹⁴·

387 1649 684 1732 replicat,
735 1651 798 1715 Si
845 1652 1152 1716 Dominus
1203 1653 1538 1717 nobiscum
1589 1662 1706 1717 est.
1741 1655 1890 1717 Erat
1999 1656 2493 1734 1·um.Di.1:itque
2520 1656 2583 1713 ei
2602 1656 2919 1716 Dominus
2940 1656 3113 1731 :Eyo
3143 1674 3247 1713 ero
3284 1663 3488 1713 tecum

385 1748 636 1831 quippe
660 1750 914 1815 Gedeon
942 1752 1042 1815 vir
1073 1752 1544 1817 humiliszideo
1572 1752 1694 1815 sibi
1719 1753 1889 1818 vide·
1999 1770 2112 1833 per
2161 1771 2347 1834 opem
2393 1761 2456 1814 et
2504 1752 2941 1815 adsistentiam
2990 1751 3355 1831 gratiosam.
3404 1753 3489 1811 Et

387 1846 604 1925 batur,
629 1850 800 1929 quod
831 1849 886 1911 si
916 1850 1222 1913 Dominus
1253 1858 1421 1913 esset
1451 1870 1688 1929 secum,
1723 1860 1888 1915 esset
1921 1855 1967 1915 B
1993 1852 2313 1927 percuties
2364 1854 2642 1913 Madian
2692 1853 2882 1931 quasi
2939 1872 3145 1911 unum
3204 1852 3423 1910 virum
3464 1869 3487 1907 .·

383 1965 651 2028 quoque
689 1967 838 2011 cum
868 1948 1014 2010 aliis
1052 1947 1350 2011 Israelitis
1381 1968 1540 2030 quos
1574 1951 1891 2031 reputavit
1999 1948 2060 2010 id
2095 1957 2213 2025 est,
2253 1948 2526 2012 faciliter
2556 1969 2659 2013 me
2700 1949 3046 2011 auxiliante
3085 1946 3482 2031 praevalebiS,

383 2063 456 2107 se
489 2044 812 2108 meliores.
833 2046 1063 2128 ltaque,
1085 2047 1267 2128 quasi
1301 2057 1523 2111 contra
1553 2048 1750 2112 verba
1779 2049 1890 2113 illa
1995 2047 2178 2127 quasi
2242 2067 2443 2110 unum
2503 2048 2828 2109 dumtaxat
2886 2048 3211 2111 hominem
3272 2045 3485 2127 impu-

382 2159 687 2223 arguenS,
721 2143 881 2206 dicit
916 2161 930 2205 :
967 2144 1031 2207 Si
1062 2144 1366 2207 Dominus
1401 2145 1732 2209 nobiscum
1767 2156 1886 2224 est,
1995 2162 2245 2224 gnareS.

381 2262 508 2303 cur
535 2262 686 2320 erqo
725 2247 1294 2322 apprehenderunt
1333 2264 1446 2305 nos
1475 2248 1698 2306 omnia
1737 2248 1889 2315 ista,
2095 2244 2379 2325 Denique
2429 2263 2506 2306 ex
2563 2244 2664 2305 his
2712 2241 2928 2307 verbis
2977 2242 3229 2305 Gedeon
3290 2240 3488 2323 coepit

379 2339 454 2403 id
477 2349 576 2404 est
610 2349 702 2405 tot
721 2350 784 2404 et
815 2350 990 2406 tanta
1018 2342 1519 2423 adversaiquasi
1549 2343 1886 2420 dicat‚Non
1995 2360 2286 2423 pensare,
2322 2342 2494 2423 quod
2536 2342 2799 2422 angelus
2839 2349 3006 2405 esset
3044 2341 3158 2422 qui
3200 2339 3321 2403 sibi
3357 2341 3489 2405 col-

377 2448 654 2522 apparet
691 2440 862 2521 quod
899 2439 1202 2503 Dominus
1245 2440 1330 2502 sit
1369 2440 1724 2503 nobiscum.
1769 2446 1892 2503 Ubi
1996 2440 2394 2522 loquebatur,
2447 2440 2797 2523 praesertim
2850 2460 2925 2503 ex
2974 2448 3103 2502 tam
3142 2439 3488 2519 magnifica

374 2548 542 2597 sunt
571 2539 910 2599 mirabilia
939 2540 1106 2615 ejus,
1136 2560 1278 2617 quoe
1309 2550 1749 2600 narraverunt
1775 2560 1888 2617 pa·
1995 2540 2434 2622 promissione.
2448 2539 2895 2602 Verumtamen
2920 2538 3200 2601 nondum
3224 2536 3347 2599 fuit
3367 2557 3490 2619 celf-

379 2645 515 2695 tres
565 2638 798 2707 nostri,
845 2646 1039 2716 atque
1087 2638 1428 2707 cii-verunt,
1469 2641 1560 2698 De
1599 2641 1884 2717 AEyypto
1997 2646 2094 2699 tus
2139 2639 2219 2699 de
2263 2638 2405 2714 hoo,
2444 2655 2557 2699 nec
2589 2635 2844 2700 volebat
2889 2636 3141 2698 incauta
3185 2634 3487 2699 facilitate

373 2736 618 2796 eduxit
657 2756 772 2795 nos
812 2737 1131 2797 Dominus
1161 2738 1192 2795 ?
1223 2738 1420 2799 Nunc
1457 2746 1672 2797 autem
1715 2740 1886 2797 dere·
1992 2736 2251 2799 credere
2279 2734 2688 2817 apparitioni.
2723 2734 2899 2798 Unde
2932 2733 3374 2816 subjungitur:
3400 2737 3487 2796 Ec

375 2834 588 2913 liquit
623 2854 738 2895 nos
765 2834 1112 2903 DomiuuS,
1143 2843 1204 2894 et
1247 2836 1526 2895 tradidit
1569 2838 1640 2895 in
1680 2856 1883 2897 manu
1992 2837 2126 2907 ille,
2164 2837 2244 2895 Si
2277 2836 2530 2903 inveni,
2559 2836 2803 2913 inquit,
2831 2835 3121 2911 ‚qratiam
3154 2854 3368 2893 coram
3402 2844 3482 2903 te,

375 2936 690 2995 *Modiam
725 2932 1056 3013 Tanquam
1098 2932 1292 3009 dicat,
1327 2934 1394 2995 ln
1441 2942 1688 2996 tantum
1735 2935 1883 2998 reli·
1987 2938 2078 2994 da
2108 2934 2276 2993 milii
2313 2934 2577 3009 siynum
2609 2935 2779 3011 quod
2812 2941 2883 2993 tu
2919 2934 3006 2992 sis
3038 2933 3155 3011 qui
3195 2934 3481 3011 loquaris

371 3030 530 3112 quit
572 3050 689 3095 nos
733 3032 944 3107 mod0,
988 3049 1063 3094 ac
1103 3030 1157 3092 si
1203 3049 1331 3094 non
1380 3031 1637 3095 fecisset
1683 3041 1776 3097 tot
1819 3042 1882 3097 et
1913 3030 1957 3094 C
1989 3036 2078 3093 ad
2111 3053 2228 3103 me,
2263 3032 2327 3093 id
2374 3037 2489 3107 est,
2524 3032 2698 3111 quod
2734 3040 2802 3093 tu
2846 3049 2993 3094 vere
3033 3030 3121 3093 sis
3165 3030 3397 3093 missus
3442 3051 3480 3093 a

371 3138 561 3192 tanta
591 3129 914 3193 mirabilia
944 3148 1059 3211 pro
1090 3129 1468 3194 liberatione
1489 3141 1742 3213 patrum
1775 3151 1882 3196 no-
1989 3133 2136 3208 Deo,
2174 3150 2285 3194 seu
2329 3130 2595 3212 angelus
2636 3139 2890 3194 sanctus
2929 3150 2943 3194 ε
2978 3131 3162 3212 quasi
3190 3131 3321 3212 jam
3364 3129 3479 3193 im-

369 3239 687 3292 strorum.
735 3229 875 3307 Vel,
929 3229 1048 3292 Ubi
1099 3237 1250 3291 sunt
1299 3229 1620 3293 mirabilia
1671 3233 1810 3313 ejus
1855 3235 1879 3293 2
1990 3230 2176 3311 plens
2206 3230 2375 3311 quod
2412 3229 2595 3292 docet
2625 3229 2897 3292 Ioannes
2930 3229 3281 3311 apostolu3‚
3315 3228 3479 3292 Noli·
3522 3245 3769 3299 isonam,

366 3327 568 3410 quasi
608 3327 799 3405 dicat,
834 3327 1086 3390 Utinam
1131 3335 1194 3390 et
1234 3329 1422 3392 modo
1467 3337 1680 3409 ageret
1727 3330 1876 3392 talia
1991 3340 2052 3392 te
2081 3329 2256 3392 omni
2289 3327 2540 3410 spiritui
2575 3329 2849 3404 credere,
2866 3329 2975 3390 sed
2999 3327 3262 3410 probate
3295 3327 3479 3408 spiri·
3510 3309 3547 3350 ¹·

369 3445 502 3508 pro
534 3435 753 3489 nostra
783 3425 1134 3507 ereptione.
1991 3436 2092 3490 tus
2122 3445 2203 3490 an
2227 3446 2301 3489 ex
2333 3426 2458 3489 Deo
2480 3426 2628 3488 sint.
2655 3426 2812 3488 Hinc
2836 3426 3119 3508 loquitur
3138 3425 3471 3505 Origenes:

461 3527 895 3604 Respexitque
943 3527 1030 3586 ad
1077 3545 1226 3586 eum
1272 3527 1616 3595 Dominus,
1667 3525 1732 3588 id
1785 3535 1880 3589 est
1988 3526 2265 3602 Gedeon,
2322 3525 2421 3588 vir
2471 3525 2779 3601 erudituS,
2824 3525 3064 3588 habens
3114 3526 3475 3606 exemplum

366 3624 652 3704 angelus
702 3621 770 3684 in
815 3621 925 3685 Dei
977 3641 1248 3704 persona
1291 3642 1627 3705 apparenS,
1672 3644 1745 3687 ac
1791 3626 1882 3689 lo-
1987 3626 2174 3688 Josue
2208 3623 2609 3706 praecessoris
2641 3624 3024 3700 sui‚cautius
3054 3623 3206 3702 agit.
3228 3622 3478 3686 Sciebat

366 3741 592 3805 quens
642 3722 722 3784 ad
771 3740 942 3798 eum,
995 3721 1181 3803 quasi
1233 3722 1630 3804 compatiens
1681 3723 1764 3800 ei,
1818 3734 1881 3788 et
1990 3723 2158 3786 enim
2192 3722 2452 3802 angelos
2484 3721 2886 3784 tenebrarum
2919 3739 3105 3802 posse
3133 3720 3478 3801 transfigu—
3542 3736 3576 3779 ιι
3595 3736 3770 3788 coms,

367 3820 750 3904 approbans
780 3839 948 3883 eum.
969 3820 1128 3882 Deus
1150 3839 1405 3901 quoque
1439 3822 1710 3904 respexit
1734 3843 1880 3886 eum

368 3937 516 3983 suae
545 3918 784 3981 intuitu
825 3917 1098 3999 pietatiS,
1136 3927 1200 3982 et
1228 3918 1532 3983 interiora
1565 3920 1702 4002 ejus
1733 3940 1882 3984 con-

371 4017 648 4081 fortavit
681 4035 795 4098 per
825 4016 1118 4098 gratiam.
1153 4019 1240 4078 Et
1269 4019 1365 4079 ait
1397 4039 1419 4077 .·
1459 4021 1629 4079 Vade
1657 4021 1730 4080 in
1761 4023 1882 4081 hac

365 4118 782 4198 fortitudine
812 4126 948 4187 tua,
966 4115 1028 4178 id
1062 4115 1248 4178 estin
1281 4116 1400 4179 hac
1433 4114 1566 4181 side
1595 4127 1657 4180 ct
1678 4118 1882 4199 gratia

1999 770 2539 849 quemadmodum
2580 769 2725 831 Saul
2770 770 2977 832 adhuc
3020 768 3248 844 bonuS,
3290 786 3489 848 quum

2000 867 2282 930 audisset
2303 869 2591 949 quaedam
2625 868 2817 931 verba
2847 889 2883 931 a
2904 867 3491 948 Samuele,respon-

1990 3841 2131 3885 rare
2169 3840 2237 3884 se
2282 3821 2349 3881 in
2390 3819 2649 3900 angelos
2701 3819 2861 3882 lucis
2912 3834 2925 3880 :
2969 3818 3111 3881 ideo
3160 3817 3478 3881 examinat

1992 3919 2287 4002 spiritum
2323 3916 2376 3980 si
2408 3937 2445 3980 a
2466 3918 2591 3981 Deo
2612 3917 2714 3978 sit.
2729 3916 3267 3990 Quemadmodum
3290 3916 3479 3980 Josue

1992 4038 2190 4100 quum
2222 4017 2575 4100 principem
2610 4015 2856 4078 militiae
2886 4015 3164 4079 coelestis
3192 4014 3475 4093 vidisset,

3508 3801 3572 3842 14.

1993 4115 2261 4198 inquirit
2280 4136 2294 4180 ε
2315 4115 2537 4178 Noster
2558 4133 2639 4188 οε,
2655 4132 2736 4176 an
2757 4113 3266 4176 adversariorum
3279 4116 3303 4174 2
3318 4113 3479 4176 Hinc
3505 4123 3639 4167 Jme
3652 4125 3766 4176 ma.

370 4215 506 4280 tibi
536 4234 862 4278 concessa.
891 4217 974 4276 Et
1005 4217 1306 4276 liberabis
1337 4217 1542 4276 Israel
1569 4219 1650 4276 de
1679 4239 1880 4278 manu
1913 4214 1962 4277 D
1990 4216 2244 4279 Gedeon
2277 4211 2538 4276 discutit
2559 4211 2909 4293 angelicam
2942 4210 3255 4275 visionem
3274 4211 3480 4276 diver-

365 4317 692 4378 Madian.
717 4315 894 4376 Scito
923 4317 1096 4394 quod
1127 4315 1414 4374 miserim
1450 4323 1528 4386 te,
1561 4323 1624 4376 et
1654 4315 1732 4377 de
1763 4315 1880 4379 hac
1996 4316 2182 4378 sitate
2222 4321 2284 4376 et
2315 4311 2735 4375 admiratione
2776 4311 3125 4391 signorum.
3162 4314 3294 4374 Nec
3322 4333 3485 4372 reee-

365 4413 635 4477 visione
685 4420 749 4476 et
797 4411 1330 4495 praenuntiatione
1390 4430 1518 4476 non
1568 4412 1876 4494 ambigas.
1989 4417 2111 4474 das
2159 4415 2340 4482 hinc,
2385 4415 2583 4471 donec
2630 4420 2918 4470 revertar
2964 4413 3051 4470 ad
3096 4419 3179 4479 te,
3213 4420 3486 4487 portans

371 4514 520 4582 Qui
555 4513 708 4573 ait:
746 4513 1024 4582 ObsecrO,
1063 4512 1156 4572 mi
1191 4513 1477 4584 domine,
1524 4514 1595 4573 in
1636 4533 1780 4592 qu0,
1818 4512 1881 4574 id
1990 4513 2399 4588 sacrificium
2432 4519 2492 4569 et
2524 4515 2792 4587 offerens
2835 4510 2979 4578 tibi,
3011 4525 3141 4571 non
3185 4515 3486 4589 tanquam

363 4619 484 4675 est
529 4629 660 4692 qua
702 4610 940 4674 virtute
993 4615 1187 4690 atque
1247 4609 1552 4686 manerie,
1607 4611 1883 4671 liberabo
1995 4610 2141 4686 Deo,
2188 4608 2292 4671 cui
2341 4607 2458 4670 soli
2512 4605 2903 4670 sacrificium
2946 4605 3331 4682 immolatur,
3378 4605 3489 4669 sed

367 4714 596 4774 Israel
614 4710 696 4772 de
724 4707 1082 4771 Madianitis
1113 4726 1216 4770 me
1247 4708 1754 4790 potentioribus?
1776 4710 1886 4771 De—
1995 4707 2280 4772 offerens
2328 4706 2466 4782 tibi,
2503 4705 2567 4768 id
2611 4712 2729 4782 est,
2764 4723 2978 4768 coram
3024 4712 3086 4768 te
3126 4704 3286 4766 illud
3333 4722 3491 4786 prae-

367 4809 538 4872 inde
574 4827 755 4870 suam
787 4806 1269 4870 inidoneitatem
1302 4807 1550 4889 probat,
1583 4806 1886 4888 adjicien·
1995 4813 2273 4882 sentam,
2310 4811 2621 4886 quatenus
2668 4811 2736 4866 tu
2775 4801 3015 4865 offeras
3057 4801 3215 4863 illud
3248 4801 3396 4877 Deo,
3428 4808 3492 4864 et

367 4910 468 4972 do
506 4927 521 4971 z
559 4911 720 4969 Ecce
745 4907 1015 4984 familia
1056 4926 1196 4976 mea
1237 4907 1470 4983 infima
1509 4916 1599 4967 est
1637 4909 1711 4966 in
1745 4909 1887 4968 Ma-
1996 4922 2108 4987 per
2144 4903 2409 4985 aliquod
2451 4903 2705 4984 signum
2747 4901 2816 4963 in
2854 4901 2975 4963 ista
3014 4898 3489 4963 sacrificatione

367 5027 592 5077 nasse,
627 5005 692 5068 id
721 5014 838 5082 est,
876 5004 942 5066 in
975 5003 1144 5066 tribu
1177 5004 1478 5082 Manasse,
1517 5004 1764 5068 familia
1807 5006 1885 5067 de
1996 5003 2283 5068 fiendum
2335 5001 2696 5082 intelligere
2739 5018 2969 5081 queam
3018 4998 3277 5074 certive‚
3314 4997 3487 5077 quod

367 5125 515 5190 qua
555 5123 698 5167 sum
737 5113 834 5168 est
864 5103 1050 5168 valde
1092 5122 1292 5184 parva
1329 5111 1391 5166 et
1433 5123 1558 5166 una
1590 5103 1668 5166 de
1699 5102 1887 5165 mini·
1996 5111 2063 5164 tu
2095 5102 2182 5163 sis
2215 5099 2449 5162 missus
2480 5119 2516 5161 a
2540 5099 2687 5174 De0,
2708 5117 2819 5160 seu
2849 5095 3111 5176 angelus
3144 5095 3305 5174 eJus.
3327 5093 3488 5156 Hinc

369 5205 611 5280 mi8‚et
634 5223 745 5281 eqo
775 5204 1117 5272 minimus,
1137 5202 1202 5263 id
1247 5209 1363 5278 est,
1379 5202 1564 5266 valde
1594 5202 1884 5265 modicus
1995 5199 2387 5281 Augustinus
2424 5217 2438 5263 :
2474 5196 2961 5277 Intelligendum
3008 5202 3123 5270 est,
3162 5211 3288 5256 non
3340 5211 3485 5256 eum

367 5323 552 5380 sum,
602 5305 676 5364 in
715 5306 903 5364 domo
939 5303 1156 5381 patris
1199 5303 1344 5363 mei.
1379 5301 1468 5363 Ex
1519 5300 1881 5364 humilitate
1996 5299 2245 5380 angelo,
2278 5297 2388 5359 sed
2418 5314 2533 5378 per
2561 5294 2856 5376 angelum
2888 5290 3280 5356 sacrificium
3308 5290 3490 5354 obtu-
3523 5335 3529 5342 .

641 5435 706 5487 Τ.
743 5436 790 5486 3.
3171 5427 3236 5478 10
3352 5430 3359 5436 “
