4359 6250
1459 907 2359 1020 PROOEMIUM

562 1411 822 1474 ORTJS
855 1412 932 1472 in
969 1412 1126 1471 bello
1161 1412 1344 1472 Iesus
1381 1412 1585 1482 Nave,
1615 1429 1927 1470 successor
1957 1411 2201 1488 lidoysis
2234 1412 2308 1472 in
2340 1413 2699 1489 ProphetiS,
2732 1414 2850 1493 qui
2880 1413 3017 1490 fuit
3052 1435 3333 1492 magnus
3365 1435 3461 1476 se-

359 1410 552 1680 F
569 1521 864 1580 cundum
893 1537 1126 1578 nomen
1153 1538 1373 1588 suum,
1389 1519 1718 1578 mamimus
1739 1519 1812 1576 in
1839 1521 2116 1580 salutem
2137 1523 2478 1580 electorum
2498 1521 2638 1590 Dei,
2656 1540 3032 1598 expuynare
3060 1523 3461 1600 insumentes

571 1629 797 1698 hostes,
830 1635 904 1686 ut
932 1634 1420 1705 consequeretur
1449 1625 1867 1685 hereditatem
1897 1626 2124 1686 Israel.
2159 1624 2353 1688 Eccli.
2389 1642 2549 1702 xlm,
2587 1626 2645 1702 1,
2680 1626 2739 1688 2.

479 1733 548 1796 ln
578 1733 682 1796 his
710 1733 924 1796 verbis
954 1740 1175 1796 auctor
1205 1731 1353 1795 libri
1387 1751 1556 1794 nunc
1587 1731 1969 1813 exponendi,
1992 1731 2439 1814 multipliciter
2469 1736 2974 1798 commendatur.
3002 1736 3234 1814 Primo,
3270 1757 3307 1800 a
3340 1736 3462 1802 for-

357 1842 634 1905 titudine
663 1862 779 1906 sua
810 1842 877 1903 in
908 1841 1094 1904 bellis
1125 1841 1337 1923 justiS,
1367 1840 1436 1902 in
1467 1840 1704 1922 quibus
1744 1839 2068 1921 duplicem
2105 1839 2545 1904 fortitudinem
2578 1842 2803 1904 habuit
2834 1863 2907 1906 ac
2936 1845 3336 1923 monstravit,
3373 1846 3463 1910 vi-

352 1950 590 2015 delicet
616 1950 1014 2033 corporalem
1042 1957 1106 2012 et
1132 1948 1555 2030 spiritualem.
1583 1947 1724 2010 Fuit
1755 1949 1992 2011 etenim
2026 1948 2124 2012 vir
2153 1948 2570 2030 corporaliter
2600 1950 2873 2013 multum
2908 1951 3205 2015 robustus
3232 1971 3246 2015 :
3282 1955 3456 2035 quod

353 2057 822 2122 demonstravit
852 2057 918 2119 in
951 2055 1406 2139 praeliiS.Unde
1437 2063 1500 2118 et
1531 2055 1701 2117 infra
1733 2056 2001 2119 habetur
2033 2055 2100 2117 in
2135 2063 2329 2132 textu,
2356 2058 2527 2138 quod
2560 2058 2950 2140 expugnavit
2984 2077 3164 2140 reges
3197 2060 3461 2140 triginta
3529 2078 3663 2122 ‚rme
3680 2092 3751 2128 ιιι,

361 2186 588 2229 unum.
620 2165 690 2228 ln
733 2166 947 2229 Exodo
991 2183 1249 2246 quoque
1299 2163 1620 2240 recitatur,
1657 2164 1830 2244 quod
1879 2163 2175 2226 veniente
2218 2165 2477 2227 Amalec
2516 2173 2585 2227 ut
2631 2175 2946 2248 pugnaret
2987 2176 3209 2230 contra
3246 2168 3456 2245 Israel,
3490 2142 3558 2181 ²⁴¹

359 2273 604 2357 Moyses
634 2273 828 2353 elegit
857 2273 1067 2355 ipsum
1096 2272 1282 2336 Josue
1312 2272 1392 2334 ad
1422 2271 1678 2334 Amalec
1707 2272 2223 2352 expugnandum.
2259 2272 2521 2355 Insuper
2552 2274 2785 2337 habuit
2818 2274 3281 2354 fortitudinem,
3318 2295 3461 2358 quae
3506 2295 3759 2342 &odam

363 2389 462 2444 est
510 2382 680 2446 inter
721 2389 996 2463 quatuor
1038 2378 1392 2444 cardinales
1438 2378 1706 2442 virtutes
1752 2398 1898 2456 una,
1933 2378 2118 2461 cujus
2154 2387 2251 2441 est
2288 2381 2649 2462 passionem
2686 2383 2933 2446 timoris
2974 2382 3144 2448 circa
3180 2384 3466 2465 pericula
3494 2361 3535 2402 ⁹·

363 2490 591 2554 mortis
619 2489 935 2553 moderari
966 2507 1038 2552 ac
1071 2486 1414 2564 refrenare,
1451 2494 1514 2549 et
1547 2488 1762 2564 ardua,
1801 2487 1930 2550 imo
1968 2494 2032 2549 et
2062 2485 2478 2564 difficillima,
2516 2488 2790 2551 viriliter
2830 2491 3110 2571 aggredi,
3148 2491 3463 2555 sustinere

361 2607 428 2661 et
456 2598 748 2680 exsequi.
781 2597 907 2661 Nec
936 2597 1206 2659 dubium
1236 2596 1394 2678 quin
1427 2604 1488 2658 et
1521 2595 1965 2659 fortitudinem
2006 2594 2182 2656 illam
2229 2595 2542 2672 habuerit,
2578 2615 2723 2677 quae
2753 2605 2849 2660 est
2882 2616 3081 2660 unum
3111 2600 3192 2662 de
3224 2609 3466 2682 septem
3532 2618 3592 2661 12.
3609 2621 3722 2668 xm.

360 2707 552 2770 donis
583 2705 862 2788 Spiritus
893 2703 1104 2768 Sancti
1131 2721 1145 2765 :
1185 2703 1312 2767 imo
1355 2712 1690 2785 utramque
1733 2702 1993 2766 sortitus
2024 2711 2120 2765 est
2149 2703 2217 2764 in
2245 2705 2446 2782 gradu
2478 2703 2785 2786 perfecto,
2819 2713 2884 2767 et
2914 2706 3311 2770 excellentiae
3343 2717 3468 2771 ter-

361 2815 566 2892 mino,
603 2822 908 2895 tanquam
938 2812 1038 2875 vir
1063 2811 1420 2875 eminenter
1451 2811 1766 2873 heroicuS.
1802 2810 2093 2874 Secundo
2143 2812 2625 2874 commendatur
2675 2813 2743 2874 in
2796 2813 3009 2876 verbis
3058 2816 3397 2896 praetactis,
3433 2836 3469 2879 a

361 2922 768 3005 principatus
801 2921 900 2982 sui
931 2940 1005 2983 ac
1033 2918 1456 3001 praesidentiae
1495 2918 1825 2999 dignitate,
1861 2937 2062 3000 quum
2109 2918 2365 2996 dicitur,
2405 2918 2742 2983 Successor
2775 2921 3025 3004 MoysiS,
3061 2922 3169 2985 cui
3203 2923 3268 2985 in
3302 2925 3472 3006 prin-
3512 2939 3765 2987 Numan,

361 3032 584 3114 cipatu
614 3048 809 3112 super
838 3028 1246 3090 Israeliticam
1277 3027 1532 3110 plebem
1565 3026 1892 3104 successit,
1930 3035 1998 3088 ut
2028 3026 2094 3088 in
2127 3026 2417 3089 Numeris
2464 3026 2719 3108 legitur.
2754 3029 2985 3107 Tertio,
3023 3050 3060 3093 a
3092 3032 3295 3112 gratia
3328 3051 3472 3114 pro·
3508 3005 3551 3044 '⁸
3571 3007 3613 3044 ε’
3635 3012 3729 3055 ⁸⁶⁹⁸

364 3139 626 3222 phetioe,
645 3158 849 3220 quum
879 3138 1196 3215 subditur,
1230 3136 1296 3199 ln
1336 3136 1664 3218 Prophetis
1703 3153 1716 3197 :
1754 3154 1866 3217 per
1896 3136 2070 3217 quod
2102 3136 2287 3198 datur
2320 3136 2613 3214 intelligi,
2650 3137 2823 3219 quod
2851 3140 3211 3221 prophetali
3244 3141 3474 3224 spiritu

369 3248 652 3325 fulserit,
689 3255 752 3309 et
799 3247 963 3309 inter
1010 3246 1353 3327 Prophetas
1403 3244 1484 3305 sit
1532 3244 2018 3325 computandus,
2061 3243 2314 3321 QuartO,
2358 3263 2397 3306 a
2443 3244 2828 3327 proprietate
2873 3266 2946 3310 ac
2990 3248 3297 3329 dignitate
3344 3270 3475 3313 suae

364 3355 846 3439 appellationiS,
881 3373 1082 3436 quum
1121 3353 1377 3427 dicitur,
1411 3350 1528 3425 Qui
1569 3350 1690 3413 fuit
1723 3368 1992 3431 magnus
2029 3352 2381 3414 secundum
2420 3370 2651 3415 nomen
2692 3374 2902 3417 suum.
2938 3356 3091 3419 Nam
3134 3358 3343 3421 dictus
3380 3368 3475 3421 cst

360 3465 549 3527 Jesus
598 3482 672 3526 ac
715 3462 924 3539 Josue,
960 3460 1132 3542 quod
1187 3468 1528 3540 utrumque
1578 3458 2031 3540 interpretatur
2075 3458 2247 3520 salus
2296 3478 2409 3522 seu
2452 3460 2727 3523 salutare
2764 3479 2777 3524 :
2814 3465 2986 3544 quod
3026 3473 3089 3527 et
3130 3466 3384 3529 realiter
3414 3466 3473 3528 ei

361 3571 812 3647 conveniebat,
847 3578 1124 3632 attamen
1176 3565 1569 3649 imperfecte,
1613 3567 1920 3647 quoniam
1971 3564 2285 3648 populum
2330 3567 2519 3630 lsrael
2566 3588 2603 3631 a
2649 3569 3015 3634 visibilibus
3064 3573 3304 3655 eripuit
3358 3574 3475 3636 ini-

361 3682 576 3759 miciS,
597 3688 790 3761 atque
817 3678 897 3740 ad
929 3675 1344 3758 temporalem
1375 3674 1862 3757 prosperitatem
1895 3674 2211 3755 perduxit,
2233 3674 2362 3737 imo
2392 3683 2454 3737 et
2483 3676 2563 3738 dc
2591 3677 2948 3741 animarum
2982 3681 3187 3744 salute
3212 3691 3275 3744 et
3295 3683 3470 3746 cultu
3516 3698 3651 3741 June
3664 3710 3767 3747 xm,

363 3790 478 3851 Dei
525 3788 846 3851 ferventer
889 3803 998 3848 eos
1045 3783 1400 3857 admonuit,
1435 3782 1788 3844 secundum
1832 3782 2003 3863 quod
2050 3776 2220 3844 i'nfra
2256 3790 2447 3863 patet.
2483 3782 2741 3859 Quinto,
2776 3804 2813 3847 a
2844 3804 2960 3848 sua
2993 3786 3463 3869 fructuositate,
3508 3764 3550 3803 ¹¹
3577 3766 3730 3815 ‘²⁸⁰⁹'

361 3898 676 3981 quoniam
709 3894 822 3957 toti
855 3892 1028 3976 plebi
1068 3891 1190 3954 sibi
1231 3889 1582 3954 commissae
1618 3889 1994 3952 utilissimus
2040 3890 2182 3968 fuit,
2220 3899 2349 3952 tam
2388 3899 2699 3972 quantum
2745 3894 2823 3956 ad
2866 3897 3278 3977 temporalem
3331 3919 3476 3981 pro-

363 4006 764 4089 speritatem,
805 4020 1001 4084 quam
1049 4000 1127 4062 ad
1177 3997 1697 4061 informationem
1748 3997 2068 4061 salubrem
2118 4007 2180 4061 et
2230 3999 2726 4063 aedificationcm
2770 4010 2962 4083 atque
3008 4003 3303 4069 idoneam
3354 4027 3471 4089 gu-

367 4114 865 4177 bernationem:
911 4116 1171 4192 propter
1217 4107 1392 4188 quod
1439 4108 1713 4183 additur,
1749 4106 2050 4169 Maximus
2095 4106 2161 4168 in
2204 4106 2472 4169 salutem
2527 4108 2877 4171 electorum
2920 4110 3053 4173 Dei.
3104 4113 3194 4175 Ex
3236 4116 3473 4197 quibus

371 4220 721 4285 innotescit
751 4218 900 4281 libri
931 4217 1126 4298 hujus
1155 4214 1520 4293 auctoritaS,
1556 4234 1748 4297 quem
1779 4214 1978 4278 edidit
2007 4214 2196 4278 Josue
2229 4215 2386 4297 ipse,
2422 4224 2484 4278 et
2527 4216 2693 4279 inter
2723 4219 3047 4282 canonicae
3081 4220 3277 4286 libros
3312 4223 3476 4287 Scri-

371 4338 584 4412 pturoe
615 4326 980 4392 continetur
1011 4343 1082 4387 ac
1115 4323 1400 4406 ponitur.

495 4438 826 4512 Praeterea,
847 4435 1028 4517 juxta
1057 4432 1532 4514 Hieronymum,
1556 4430 1800 4494 Hebraei
1821 4430 2223 4511 distinguunt
2250 4449 2326 4493 ac
2355 4430 2651 4494 dividunt
2672 4432 3063 4515 Scripturam
3094 4440 3465 4503 canonicam

367 4545 610 4610 veteris
641 4536 1028 4607 Testamenti
1069 4541 1138 4602 in
1175 4548 1303 4603 tres
1344 4548 1552 4621 partes
1595 4558 1707 4603 seu
1752 4540 2006 4603 ordines
2044 4557 2058 4600 z
2102 4548 2257 4625 puta
2292 4539 2358 4600 in
2394 4539 2620 4620 legem,
2656 4541 2735 4603 ad
2764 4559 2959 4622 quam
2993 4544 3285 4628 quinque
3320 4548 3468 4611 libri

363 4654 600 4737 Moysis
631 4652 988 4735 pertinent3
1015 4649 1082 4711 in
1102 4648 1562 4730 Propheta8,ad
1584 4666 1746 4729 quos
1778 4656 1918 4710 octo
1951 4646 2146 4710 libros
2176 4645 2508 4710 affirmant
2540 4648 3199 4729 pertinere,videlicet
3228 4654 3463 4720 librum

356 4763 576 4837 Josue,
611 4760 850 4822 librum
879 4757 1196 4833 Judicum,
1233 4756 1351 4819 sub
1381 4773 1511 4837 quo
1543 4755 1881 4818 includunt
1909 4762 1971 4817 et
2003 4754 2239 4817 librum
2270 4755 2459 4831 Ruth,
2496 4753 2692 4817 libros
2725 4774 2983 4839 quoque
3016 4758 3276 4841 Regum,
3304 4782 3465 4845 quos

361 4872 432 4933 in
462 4870 595 4932 duo
625 4866 960 4933 volumina
987 4864 1304 4941 dividunt,
1343 4863 1566 4926 lsaiam
1605 4881 1882 4944 quoque,
1917 4862 2274 4939 Ieremiam,
2311 4861 2727 4939 Ezechielem,
2764 4871 2827 4925 et
2860 4863 3095 4928 librum
3126 4869 3463 4934 duodecim

359 4976 852 5059 Prophetarum.
896 4972 1173 5035 Tertiam
1223 4978 1466 5052 partem
1514 4978 1578 5031 et
1624 4970 1913 5032 ordinem
1962 4968 2331 5050 Scripturae,
2389 4969 2819 5051 hagiographa
2863 4982 3113 5036 vocant.
3171 4975 3273 5040 Sic
3322 4997 3472 5060 ergo

365 5088 552 5168 Juxta
595 5084 786 5146 istam
824 5080 1204 5144 divisionem
1251 5077 1612 5158 Scripturae,
1656 5076 1759 5139 hic
1805 5076 2035 5159 incipit
2078 5077 2395 5140 secundus
2447 5078 2602 5140 ordo
2648 5077 2990 5161 Scripturae
3037 5080 3234 5146 illius.
3281 5085 3471 5153 Porro

371 5193 454 5256 ad
491 5188 929 5272 hagiographa
969 5194 1262 5250 asserunt
1306 5184 1626 5268 pertinere
1666 5184 1902 5247 librum
1937 5184 2074 5261 Job,
2111 5184 2506 5261 Psalterium,
2548 5184 2667 5247 tria
2714 5185 3041 5250 volumina
3080 5188 3463 5275 Salomonis,

379 5296 790 5384 [Danielem],
831 5295 1376 5378 Paralipomenon,
1422 5294 1682 5357 Esdram
1720 5302 1783 5357 et
1822 5292 2066 5355 Esther.
