4359 6250
542 1163 678 1222 ineu.
693 1170 802 1218 x‚17.

838 467 957 530 316

1468 483 1815 530 mannum
1857 484 1918 529 m
1961 486 2098 532 CAP.
2144 485 2187 531 X
2229 483 2385 530 mam
2426 485 2597 530 PRllss
2638 485 2862 533 REGUH.
2907 507 2988 518 —-
3028 487 3169 532 Am.
3215 484 3301 530 XX

835 653 978 732 lem,
1000 653 1108 736 qui
1132 656 1460 719 oraculum
1483 655 1592 720 Dei
1615 655 1925 739 poposcit,
1945 667 2327 718 utrumnam
2358 655 2407 718 A
2438 657 2763 735 haberent,
2796 668 2855 719 et
2900 661 3158 736 scripsit
3202 661 3275 719 in
3322 661 3506 731 libro,
3544 658 3711 722 forte
3750 667 3933 721 ante-

837 765 1149 815 venturus
1178 765 1331 816 esset
1371 757 1551 817 illuc.
1595 759 2070 836 Responditque
2108 758 2328 816 Domi-

835 874 960 914 nus
992 874 1015 912 .·
1045 855 1207 914 Ecce
1254 856 1663 915 absconditus
1710 865 1800 915 est
1848 857 2047 916 domi.
2097 853 2327 916 Dicunt

838 951 1062 1033 aliqui,
1097 953 1266 1034 quod
1309 952 1454 1014 Saul
1497 953 1704 1016 sciens
1737 972 1804 1016 se
1835 953 2056 1034 quaeri,
2093 951 2327 1014 mansit

836 1050 903 1112 in
953 1049 1143 1114 domo
1191 1071 1306 1113 sua
1357 1051 1423 1113 in
1473 1050 1702 1115 Gabaa.
1754 1051 1877 1115 Alii
1929 1051 2326 1134 probabilius

834 1156 1148 1227 asserunt,
1195 1151 1366 1231 quod
1414 1149 1591 1212 venit
1632 1169 1776 1212 cum
1822 1150 1965 1212 aliis
2013 1169 2215 1231 usque
2259 1149 2325 1212 in

831 1247 1109 1329 Maspha,
1143 1247 1321 1329 juxta
1353 1247 1662 1311 Samuelis
1693 1249 1996 1326 edictum,
2032 1257 2095 1312 et
2137 1267 2217 1311 ne
2247 1248 2325 1311 de

834 1345 1273 1426 singularitate
1316 1347 1416 1409 vel
1462 1346 1896 1411 inobedientia
1945 1355 2271 1409 notaretur
2307 1371 2321 1422 ;

832 1445 1032 1509 sedin
1065 1445 1346 1528 hospitio
1371 1464 1486 1509 suo
1518 1445 1585 1508 in
1605 1446 1862 1529 Maspha
1893 1465 1962 1509 se
1981 1446 2331 1522 occultavit,

835 1563 910 1608 ex
945 1543 1304 1607 humilitate
1335 1553 1400 1607 et
1431 1545 1696 1626 pudore,
1732 1554 2034 1627 reputans
2067 1564 2134 1608 se
2165 1544 2328 1607 indi-

833 1659 1033 1722 gnum
1067 1642 1264 1725 regali
1300 1642 1555 1725 fastigio
1587 1652 1650 1706 et
1680 1645 1942 1708 honore.
1975 1643 2089 1707 Cui
2129 1663 2326 1708 asser-

837 1742 997 1804 tioni
1053 1741 1306 1804 videtur
1355 1761 1705 1806 consonare
1753 1744 1923 1824 quod
1975 1743 2319 1808 subditur:

2437 774 2627 837 quam
2660 755 2749 818 ibi
2772 756 3051 834 advenit,
3070 767 3129 817 et
3158 760 3441 834 reposuit
3469 778 3685 818 coram
3707 761 3933 819 Domi·

2436 876 2539 927 no,
2577 863 2729 937 puta
2774 855 2840 916 in
2892 855 3301 919 tabernaculo
3336 874 3518 919 arcae.
3552 860 3637 918 Et
3665 858 3929 918 dimisit

2437 957 2707 1016 Samuel
2746 975 2997 1016 omnem
3030 959 3348 1034 populum
3378 958 3667 1032 sinyulos
3706 957 3777 1015 in
3812 957 3929 1014 do-

2438 1073 2614 1113 mum
2654 1073 2861 1113 suam.
2898 1056 3027 1114 Sed
3054 1063 3115 1113 et
3146 1056 3317 1114 Saul
3354 1055 3518 1113 abiit
3556 1056 3629 1114 in
3658 1056 3927 1114 domum

2434 1169 2619 1210 suam
2658 1153 2728 1209 in
2756 1152 3101 1211 Gabaa.E't
3122 1151 3283 1210 abiit
3310 1170 3458 1210 cum
3482 1170 3552 1210 eo
3572 1170 3731 1228 pars
3748 1171 3931 1210 exer-

2436 1249 2627 1317 eitus,
2649 1269 2924 1328 quorum
2958 1251 3251 1326 tetiqerat
3268 1251 3442 1310 Deus
3470 1252 3688 1320 corda,
3706 1249 3767 1310 id
3799 1259 3921 1326 cst,

2439 1345 2559 1408 viri
2594 1345 2747 1408 boni
2778 1345 2889 1427 qui
2930 1354 3392 1410 consenserunt
3428 1345 3725 1409 electioni
3761 1347 3929 1412 divi-

2440 1464 2559 1522 nae,
2610 1453 2674 1508 et
2720 1444 2933 1508 verbis
2984 1444 3294 1508 Samuelis
3342 1444 3713 1522 credebant,
3762 1445 3924 1509 certi

2440 1544 2611 1625 quod
2643 1544 2805 1606 Deus
2846 1563 2963 1626 per
3001 1562 3471 1625 quemcumque
3510 1543 3630 1606 sibi
3670 1543 3929 1625 placen-

2438 1651 2563 1705 tem
2616 1649 2833 1724 posset
2874 1643 3183 1725 populum
3228 1661 3412 1705 suum
3460 1642 3719 1705 salvare.
3754 1646 3929 1704 Filii

2439 1763 2584 1802 vero
2622 1744 2861 1815 Belial,
2897 1759 3167 1823 quorum
3219 1741 3531 1805 indomita
3570 1753 3701 1805 erat
3744 1742 3927 1804 mali·

834 1845 1275 1903 Cucurrerunt
1305 1844 1549 1921 itaque,
1569 1852 1627 1903 et
1652 1847 1938 1904 tulerunt
1965 1864 2109 1904 eum
2145 1846 2320 1905 inde.
2361 1842 2408 1903 B
2438 1840 2544 1916 tia,
2580 1840 2690 1922 qui
2726 1859 2901 1903 suam
2936 1839 3299 1922 superbiam
3331 1841 3482 1922 jugo
3510 1840 3665 1920 legis
3686 1840 3925 1904 divinae

836 1939 900 2002 Si
932 1948 1143 2003 autem
1186 1939 1418 2003 fuisset
1454 1941 1661 2004 adhuc
1700 1942 1768 2003 in
1798 1941 2028 2018 Gabaa,
2067 1941 2325 2005 taediosa

835 2037 1291 2102 intervenisset
1333 2059 1510 2102 mora
1559 2047 1898 2122 antequam
1947 2039 2175 2104 fuisset
2218 2041 2326 2102 ad-

833 2136 1082 2214 ductuS,
1110 2155 1226 2200 nec
1257 2144 1385 2199 tam
1415 2138 1706 2201 celeriter
1735 2139 2044 2220 potuisset
2073 2138 2321 2202 afferri.

837 2238 1157 2316 Stetitque
1208 2239 1278 2296 in
1325 2239 1532 2297 medio
1567 2239 1823 2315 populi,
1851 2249 1912 2299 et
1953 2240 2150 2299 altior
2188 2241 2325 2319 fuit

837 2336 1138 2394 universo
1159 2339 1400 2412 populo
1439 2337 1518 2396 ab
1547 2338 1812 2396 humero
1845 2346 1905 2397 et
1933 2357 2213 2398 sursum.
2242 2340 2325 2398 Ec

835 2436 934 2495 ait
986 2436 1255 2495 Samuel
1303 2438 1390 2495 ad
1439 2454 1690 2495 omnem
1733 2439 2054 2512 populum
2091 2439 2329 2497 :Certe

836 2535 1075 2593 videtis
1112 2553 1299 2614 quem
1341 2535 1530 2610 eleyit
1557 2536 1902 2605 Domina-3,
1927 2542 1995 2597 ut
2035 2534 2118 2596 sit
2160 2554 2269 2598 rex
2305 2553 2319 2599 :

831 2631 984 2713 quia
1044 2640 1171 2694 tam
1219 2631 1536 2695 excellens
1585 2641 1825 2695 statura
1871 2651 2151 2696 consona
2202 2633 2325 2696 ruit

833 2729 1022 2810 regiae
1052 2728 1372 2811 dignitati,
1393 2739 1456 2793 et
1484 2731 1637 2812 quia
1669 2730 1792 2793 ruit
1822 2731 1921 2796 vir
1951 2730 2157 2809 fortiS,
2185 2732 2325 2815 pul-

833 2829 985 2892 cher
1031 2848 1103 2891 ac
1148 2838 1464 2907 strenuuS,
1501 2830 1630 2894 imo
1673 2831 1843 2912 quod
1890 2831 2166 2913 amplius
2203 2840 2322 2909 est,

831 2929 1116 2991 virtuosu
1126 2937 1246 3004 S,et
1266 2928 1544 3010 optimus
1568 2928 1856 2992 Samuele
1879 2939 2163 3012 excepto.
2184 2931 2325 2994 Haec

2441 1957 2568 2002 non
2602 1937 3031 2014 refrenabant,
3054 1943 3371 2000 dz‘oeerunt
3404 1961 3427 1999 .·
3460 1942 3637 2002 Num
3666 1945 3925 2000 salvare

2432 2061 2546 2100 nos
2566 2042 2807 2117 poterit
2842 2041 2999 2099 iste?
3030 2046 3332 2120 tanquam
3363 2038 3575 2101 dicant
3612 2057 3627 2100 ε
3662 2039 3791 2102 Non
3824 2048 3925 2102 est

2434 2145 2619 2219 aptus
2650 2155 2767 2219 pro
2794 2155 2939 2218 rege
2971 2155 3165 2218 quum
3200 2137 3282 2199 sit
3312 2136 3602 2217 simplex,
3621 2155 3737 2200 nec
3764 2138 3925 2200 satis

2435 2236 2811 2298 exercitatus
2859 2235 2923 2297 in
2972 2235 3221 2299 bellicis
3268 2235 3476 2298 rebus,
3512 2239 3597 2298 Et
3636 2240 3925 2314 despexe·

2433 2347 2590 2397 runt
2621 2356 2769 2396 eum
2801 2344 3101 2417 tanquam
3138 2336 3217 2398 de
3262 2334 3432 2397 tribu
3480 2343 3697 2397 natum
3742 2334 3925 2416 igno-

2435 2434 2649 2497 biliori
2680 2453 2791 2496 seu
2824 2433 3055 2496 minori
3083 2454 3097 2498 ε
3131 2442 3195 2496 et
3225 2433 3491 2496 forsitan
3524 2433 3627 2494 isti
3661 2433 3919 2516 superbi

2434 2533 2695 2595 fuerunt
2752 2533 2829 2595 de
2879 2525 3303 2595 nobilioribus
3357 2530 3649 2594 tribubus
3706 2532 3923 2595 oriun-

2434 2632 2498 2694 di
2536 2656 2550 2707 ;
2600 2642 2659 2692 et
2694 2653 2818 2693 non
2868 2636 3227 2694 attulerunt
3264 2635 3326 2692 ei
3368 2653 3640 2692 munera
3668 2653 3693 2691 .·
3730 2641 3923 2714 prout

2436 2740 2586 2794 tunc
2610 2730 2814 2794 fuerat
2834 2731 3225 2794 consuetudo
3250 2730 3451 2812 p'rinci
3462 2730 3649 2812 pibus
3670 2738 3731 2794 et
3764 2730 3923 2812 regi-

2434 2830 2550 2892 bus
2582 2830 2832 2892 noviter
2863 2829 3173 2892 institutis
3203 2831 3355 2893 dare
3384 2829 3665 2893 encaenia
3698 2849 3713 2894 :
3747 2830 3923 2911 quod

2436 2947 2607 2991 nunc
2636 2947 2841 3010 usque
2870 2929 3037 3010 apud
3069 2929 3376 3010 quosdam
3408 2937 3504 2992 est
3542 2929 3761 2991 moriS.
3798 2932 3925 2990 Ille

834 3026 1086 3089 Samuel
1137 3026 1316 3103 dixit,
1373 3046 1455 3090 ne
1505 3027 1708 3090 tribus
1761 3028 2110 3093 nobiliores
2159 3049 2323 3111 aegre
2354 3025 2397 3090 C
2436 3048 2579 3088 vero
2628 3030 3085 3088 dissimulabat
3131 3049 3196 3088 se
3243 3030 3479 3089 audire
3507 3048 3530 3086 .·
3570 3027 3739 3109 quod
3795 3027 3925 3090 fuit

836 3128 1078 3191 ferrent
1101 3128 1561 3210 promotionem
1595 3128 1824 3191 Saulis.
1843 3132 2164 3199 Quoniam
2194 3152 2323 3193 non

833 3237 924 3289 est
956 3229 1196 3288 similis
1229 3229 1337 3286 illi
1373 3230 1442 3289 in
1479 3230 1662 3289 omni
1687 3232 1950 3307 populo.
1979 3232 2058 3291 Et
2085 3234 2325 3291 clama·

835 3328 932 3386 vit
961 3328 1168 3387 omnis
1201 3330 1510 3404 populace,
1543 3326 1606 3387 id
1639 3334 1755 3403 est,
1790 3326 2048 3408 quidam
2083 3328 2161 3391 de
2192 3346 2325 3391 om-

837 3423 1030 3486 nibus
1050 3422 1365 3502 tribubuS,
1393 3442 1504 3487 seu
1537 3426 1741 3506 major
1770 3444 1918 3507 pars
1950 3426 2194 3509 populi,
2221 3427 2322 3491 vel

836 3522 1042 3605 prima
1085 3522 1248 3587 facie
1280 3542 1502 3587 omnes
1535 3532 1796 3606 propter
1839 3525 2185 3588 novitatem
2231 3526 2323 3589 rei

835 3621 1340 3699 conclamabant,
1394 3634 1454 3684 et
1503 3626 1600 3685 ait
1647 3644 1671 3683 .·
1710 3626 1895 3685 Vivat
1941 3645 2057 3684 rex
2105 3624 2217 3687 diu
2262 3633 2325 3687 et

834 3738 1157 3804 prospere.

919 3824 1202 3881 Locutus
1231 3830 1321 3881 est
1351 3830 1567 3881 autem
1599 3824 1868 3882 Samuel
1896 3824 1984 3882 ad
2006 3826 2323 3899 populum

835 3922 1036 3995 leqem
1055 3920 1266 3995 requi,
1283 3917 1348 3979 id
1380 3926 1496 3994 est,
1522 3918 1664 3999 jura
1695 3918 1862 3997 regis
1883 3920 2176 4005 exposuit
2199 3920 2325 4001 plc-

834 4016 926 4093 bi,
955 4016 1113 4098 quid
1153 4016 1398 4079 scilicet
1429 4017 1560 4097 regi
1600 4025 1992 4095 tenerentur,
2027 4026 2090 4080 et
2120 4018 2325 4100 quali-

835 4122 933 4177 ter
963 4130 1072 4177 rex
1103 4133 1177 4177 ac
1209 4114 1485 4196 populus
1505 4115 1585 4179 de
1617 4124 1826 4180 cetero
1857 4117 1936 4178 ad
1959 4116 2232 4181 invicem
2258 4136 2326 4181 se

2434 3127 2811 3211 prudentiae.
2844 3127 3175 3190 Commisit
3212 3146 3485 3209 namque
3512 3127 3921 3209 dispositioni

2436 3226 2851 3309 providentiae
2897 3226 3005 3290 Dei
3055 3226 3602 3291 conservationem
3654 3246 3783 3289 suae
3827 3226 3923 3289 in-

2436 3324 2810 3402 stitutioniS,
2838 3344 2955 3389 nec
2979 3325 3182 3388 voluit
3213 3342 3475 3404 regnum
3508 3344 3691 3387 suum
3722 3344 3761 3387 a
3790 3332 3925 3387 tur-

2432 3424 2710 3501 batione,
2729 3423 2840 3487 lite
2860 3433 2924 3487 et
2945 3425 3253 3505 sanguine
3275 3423 3595 3488 inchoare.
3610 3424 3917 3505 Denique,

2434 3524 2487 3585 si
2536 3523 2921 3587 ostendisset
2970 3543 3039 3587 se
3087 3523 3280 3587 verba
3340 3524 3453 3586 illa
3496 3522 3748 3601 audire,
3802 3542 3923 3587 nec

2434 3622 2839 3699 vindicasset,
2858 3622 3287 3705 pusillanimis
3318 3622 3659 3686 videretur.
3674 3620 3737 3685 Si
3769 3640 3925 3686 vero

2432 3722 2869 3799 ulcisceretur,
2921 3719 3237 3785 ferocitati
3285 3730 3348 3785 et
3389 3721 3765 3800 arrogantiae
3814 3722 3925 3783 ad-

2434 3820 2743 3903 scriptum
2776 3818 3005 3883 fuisset
3041 3840 3055 3883 z
3091 3820 3233 3883 ideo
3263 3818 3450 3883 debet
3479 3819 3925 3901 unusquisque

2435 3939 2564 3984 suae
2614 3918 3037 4002 praesidentiae
3086 3919 3517 4002 principatum
3566 3938 3603 3981 a
3650 3918 3920 4000 pietate,

2435 4018 2766 4095 modestia,
2802 4026 2865 4081 et
2895 4018 3200 4101 patientia
3231 4018 3551 4082 inchoare.
3572 4017 3925 4081 Roboratur
3954 4042 4237 4148 apaan,

2436 4136 2711 4198 namque
2741 4117 3079 4180 clementia
3110 4117 3375 4181 thronus
3408 4116 3596 4198 regis.

1947 4497 2596 4584 ARTICULUS
2671 4499 2825 4583 XX

1466 4742 1554 4787 DE
1611 4742 2031 4789 SPIRITUAL!
2088 4744 2309 4790 nans
2365 4744 2613 4791 bacun
2668 4745 3004 4792 CAPITULI
3060 4748 3303 4794 SENSU.

959 4993 1145 5057 ICUT
1197 4994 1618 5075 praehabitum
1659 5003 1776 5072 est,
1821 5014 1935 5077 per
1975 4995 2331 5059 Samuelem
2363 4996 2412 5057 D
2440 5014 2621 5059 orum
2674 4996 3143 5060 exsecutionem
3186 4997 3557 5062 officiorum
3600 5007 3751 5061 sunt
3796 5000 3934 5064 ido—

981 5092 1366 5173 intelligitur
1395 5092 1702 5170 Christus,
1733 5094 1844 5175 qui
1881 5111 2028 5156 suos
2058 5094 2331 5157 vicarios

841 5190 1262 5274 spiritualiter
1306 5190 1511 5272 ungit,
1557 5190 1902 5271 gratiarum
1949 5192 2332 5255 charismata

839 5308 1060 5354 eorum
1091 5289 1391 5353 cordibus
1423 5289 1779 5368 influendo,
1806 5307 1920 5373 per
1947 5308 2090 5372 quae
2118 5292 2197 5353 ad
2229 5310 2333 5354 su-

2441 5094 2561 5169 nei,
2579 5095 2701 5156 nisi
2733 5095 2981 5158 obicem
3014 5106 3269 5178 ponant.
3292 5097 3505 5178 ltaque
3526 5115 3639 5179 per
3670 5098 3937 5162 lenticu-

2442 5193 2565 5255 lam
2599 5193 2746 5271 olei,
2774 5193 3207 5258 ecclesiastica
3237 5204 3504 5276 possunt
3535 5204 3937 5260 sacramenta

2435 5290 2783 5371 designari,
2802 5310 2946 5373 quae
2965 5292 3184 5373 gratiae
3212 5301 3362 5355 sunt
3391 5312 3559 5371 vasa,
3586 5312 3661 5357 ex
3693 5294 3937 5376 quibus
