4359 6250
621 2983 656 3026 n
673 2983 784 3027 Par.
802 2996 858 3035 tx,

597 3048 663 3090 12.

599 5345 761 5389 loann.
774 5347 866 5398 v,4.

869 500 988 562 662

1469 514 1816 561 manuario
1859 512 1920 557 IN
1963 512 2099 556 GAP.
2143 511 2188 555 X
2230 509 2388 555 unm
2429 509 2627 554 Tzu'ru
2668 507 2892 553 REGUH.
2938 526 3017 536 —
3058 506 3201 551 Am.
3247 503 3352 550 xvl

871 688 1072 770 plum,
1094 686 1194 751 vel
1224 686 1394 768 quod
1427 686 1492 746 in
1523 684 1827 747 lateribus
1854 682 2026 745 illius
2059 700 2359 745 ascensus
2388 681 2439 742 A
2469 678 2739 741 habetur
2767 678 2833 740 in
2862 677 3123 754 Joanne,
3160 676 3402 757 lignum
3431 676 3551 739 hoc
3596 674 3809 738 forsan
3844 694 3958 736 su-

870 787 990 849 sita
1021 793 1199 848 crant
1227 786 1363 848 haec
1393 784 1586 865 ligna
1608 802 1723 866 pro
1753 782 2239 865 apodiamentiS.
2276 783 2360 843 Ει

867 888 1172 954 cithara-5,
1194 888 1496 963 lyrasque
1523 903 1640 945 can
1651 885 1914 952 toribus,
1940 880 2004 942 id
2034 888 2131 941 est
2159 878 2361 941 diver-

867 1002 938 1045 sa
980 982 1222 1046 musica
1267 982 1708 1058 instrumenta,
1743 980 1978 1062 quibus
2016 978 2360 1041 utebantur

868 1082 1103 1145 Levitae
1133 1089 1421 1144 cantores
1454 1080 1521 1141 in
1540 1080 1652 1142 Dei
1674 1078 2005 1160 obsequio.
2029 1079 2178 1140 Non
2208 1085 2361 1135 sunt

869 1186 1076 1243 allata
1106 1182 1484 1258 hujusnwdi
1513 1182 1696 1256 liqna
1741 1180 1999 1256 thyina,
2031 1197 2234 1256 neque
2265 1177 2362 1235 vi-

869 1302 942 1341 sa
973 1300 1173 1359 usque
1201 1281 1274 1339 in
1312 1288 1690 1356 prcesentem
1726 1279 1924 1349 diem,
1957 1276 2215 1357 dempta
2242 1273 2362 1336 hac

873 1378 1014 1445 vice
1043 1386 1105 1441 et
1133 1376 1325 1457 lignis
1355 1376 1637 1459 praefatis
1667 1376 1968 1457 exceptis.

956 1482 1098 1540 Reoe
1127 1487 1343 1539 autem
1377 1479 1682 1537 Salomon
1711 1477 1892 1535 dedic
1920 1476 2162 1551 reyinoe
2192 1474 2365 1533 Saba

876 1577 1098 1638 omnia
1125 1596 1268 1656 φασιν
1299 1575 1436 1657 ipsa
1467 1577 1673 1635 voluit
1702 1585 1760 1635 et
1785 1576 2017 1651 petivit
2047 1575 2126 1633 ab
2155 1591 2248 1642 eo,
2275 1578 2366 1631 ut-

879 1684 1028 1758 pote
1048 1674 1262 1755 aliqua
1281 1692 1424 1755 quae
1445 1673 1510 1735 in
1535 1682 1698 1735 terra
1719 1671 2158 1755 promissionis
2180 1669 2368 1732 abun-

880 1774 1136 1851 dabant,
1169 1781 1232 1835 et
1263 1772 1328 1834 in
1362 1790 1556 1852 regno
1587 1772 1922 1853 AEthiopiae
1965 1788 2092 1833 non
2129 1767 2368 1830 haben-

2471 777 2884 860 perenatavit.
2917 777 3005 839 De
3033 777 3155 839 ista
3185 794 3251 837 re
3272 774 3473 837 multa
3497 774 3810 855 leguntur,
3833 791 3959 836 nec

2469 877 2549 938 de
2578 876 2837 939 incertis
2857 876 3059 939 audeo
3078 874 3325 956 aliquid
3352 873 3699 937 affirmare.
3713 874 3957 937 Tamen

2470 984 2779 1058 quantum
2810 975 3127 1057 conjicere
3156 992 3343 1055 queo,
3379 992 3504 1037 non
3544 972 3792 1036 videtur
3822 992 3961 1035 cre-

2471 1073 2689 1149 dibile,
2724 1074 2896 1155 quod
2928 1072 3224 1136 Salomon
3256 1070 3501 1153 lignum
3539 1071 3697 1134 illud
3728 1071 3819 1134 sic
3848 1088 3961 1133 oc-

2472 1171 2795 1234 cultasset.
2846 1171 3077 1234 Habuit
3125 1170 3299 1233 enim
3346 1169 3638 1250 spiritum
3689 1170 3963 1252 prophe·

2474 1271 2597 1347 tim,
2618 1279 2682 1333 et
2712 1270 2913 1332 multa
2941 1270 3020 1333 dc
3047 1268 3279 1333 Christi
3310 1269 3627 1351 mysteriis
3658 1268 3858 1345 novit,
3888 1278 3961 1330 ut

2474 1377 2647 1451 patet
2686 1370 2750 1431 in
2780 1368 3098 1443 Canticis;
3152 1376 3215 1431 et
3254 1376 3535 1443 noverat,
3582 1386 3695 1449 per
3720 1367 3957 1429 Christi

2474 1469 2818 1531 adventum
2848 1487 2921 1530 ac
2951 1466 3312 1549 passionem
3352 1466 3787 1529 redimendum
3816 1486 3963 1531 esse

2476 1585 2677 1647 genus
2723 1566 3096 1641 humanum,
3132 1574 3321 1647 prout
3357 1572 3537 1647 pater
3578 1585 3729 1627 suus
3759 1566 3963 1629 David

2477 1666 2541 1728 in
2576 1665 2793 1727 multis
2824 1666 3313 1747 prophetaverat
3343 1664 3625 1745 psalmis.
3655 1663 3798 1727 Ideo
3826 1684 3961 1727 non

2476 1774 2761 1848 apparet,
2794 1765 2962 1847 quod
2995 1764 3227 1826 Christi
3257 1764 3614 1846 passionem
3646 1765 3962 1846 optaverit

877 1883 1003 1952 tur,
1027 1881 1098 1936 ut
1129 1880 1277 1935 sunt
1309 1871 1572 1947 fructuS,
1594 1870 1806 1933 herbae
1836 1889 1908 1932 ac
1939 1868 2204 1943 semina,
2224 1885 2367 1947 quae
2403 1862 2449 1923 B
2480 1864 2826 1946 impedire3
2860 1884 2975 1927 nec
3006 1863 3200 1926 verba
3238 1864 3472 1944 reginae
3499 1864 3747 1926 videtur
3775 1864 3966 1927 intel-

878 1972 1096 2052 regina
1143 1970 1352 2053 potuit
1398 1970 1662 2032 honeste
1709 1968 2032 2051 postulare
2079 1986 2116 2028 a
2165 1980 2362 2046 rege:

878 2071 1042 2133 sicut
1071 2077 1134 2132 et
1167 2069 1306 2151 ipsa
1335 2068 1569 2147 regina,
1601 2076 1830 2149 praeter
1867 2085 1940 2129 ea
1969 2084 2113 2147 quae
2145 2064 2211 2126 in
2243 2072 2370 2125 tex-

877 2176 945 2230 tu
986 2167 1304 2248 leguntur,
1355 2165 1568 2228 attulit
1613 2173 1678 2227 et
1728 2164 1990 2227 donavit
2044 2160 2366 2225 Salomoni

876 2266 1151 2330 radicem
1201 2264 1492 2341 balsami,
1527 2265 1606 2327 de
1643 2282 1769 2345 qua
1809 2269 2173 2344 propagatae
2221 2268 2367 2322 sunt

876 2365 1081 2428 vineae
1118 2362 1468 2426 balsamitae
1508 2362 1576 2423 in
1614 2361 1920 2441 Engaddi,
1956 2368 2029 2422 ut
2057 2358 2369 2440 Iosephus

879 2462 1140 2537 scribit3
1174 2464 1450 2539 ewceptis
1482 2463 1583 2521 his
1613 2481 1754 2540 quae
1785 2459 2082 2522 Salomon
2115 2457 2253 2540 ipse
2274 2460 2373 2517 ul-

883 2573 1000 2634 ενο,
1035 2560 1100 2622 id
1132 2567 1228 2622 est
1257 2567 1504 2641 sponte,
1539 2562 1854 2619 obtulerat
1891 2561 1955 2617 ei
1983 2577 2249 2617 munere
2278 2576 2373 2615 re-

876 2662 988 2739 92'0
1010 2680 1032 2721 .·
1065 2675 1206 2740 quae
1237 2656 1479 2720 scilicet
1508 2664 1677 2719 tanta
1701 2676 1774 2719 ac
1805 2656 1956 2719 talia
1979 2664 2182 2731 erant,
2200 2654 2371 2736 quod

888 2758 1163 2839 regalem
1220 2755 1757 2832 munificentiam,
1807 2753 2377 2835 magnificentiam-

887 2875 1014 2939 que
1053 2856 1399 2928 decebant3
1433 2862 1516 2930 et,
1550 2852 1717 2916 sicut
1755 2853 1822 2915 in
1850 2852 2375 2934 Paralipomenon

887 2954 1161 3031 additur,
1187 2962 1366 3017 erant
1394 2952 1598 3016 multo
1629 2952 1816 3034 plura
1842 2971 2032 3033 quam
2065 2970 2211 3033 quae
2238 2950 2378 3033 ipsa

2480 1962 2676 2042 ligere
2694 1961 3011 2038 debuisse,
3032 1961 3155 2023 nisi
3177 1963 3255 2025 de
3275 1960 3505 2024 Christi
3529 1959 3594 2023 in
3626 1961 3796 2042 ligno
3822 1982 3965 2024 sus—

2480 2060 2809 2144 pensione.

2562 2163 2725 2221 Erat
2752 2170 2967 2221 autem
2990 2163 3250 2238 pondus
3279 2160 3458 2230 auri,
3476 2163 3647 2240 quod
3674 2162 3969 2239 offereba-

2484 2270 2593 2321 tur
2620 2262 2958 2320 Salomoni
2978 2280 3099 2337 per
3140 2261 3427 2336 singulos
3458 2278 3683 2331 αηηοε,
3714 2279 3970 2319 εεωσεη-

2485 2367 2692 2418 torum
2711 2359 2975 2434 seoeayin
2986 2368 3049 2417 ta
3068 2378 3177 2417 sex
3200 2361 3583 2417 talentorum
3600 2358 3777 2426 auri,
3790 2358 3969 2438 quod

2483 2456 2879 2518 adduxerunt
2926 2456 3004 2517 ad
3052 2472 3197 2517 eum
3251 2453 3578 2517 redituarii
3635 2473 3744 2517 seu
3794 2474 3971 2518 rece—

2484 2562 2697 2635 ptores
2741 2563 3166 2636 proventuum
3206 2553 3343 2634 ejus
3370 2576 3384 2627 3
3417 2564 3668 2631 excepto
3694 2575 3763 2614 eo
3793 2558 3973 2633 quod

2485 2654 2828 2731 offerebant
2858 2653 2992 2711 viri
3020 2653 3138 2731 qui
3164 2672 3357 2729 super
3386 2653 3726 2729 vectiyalia
3753 2663 3973 2722 erant,

2485 2762 2544 2812 et
2574 2753 3017 2828 negociatores,
3044 2751 3461 2828 universique
3489 2759 3669 2811 scuta
3698 2754 3975 2811 venden-

2490 2861 2597 2921 εεε,
2610 2859 2668 2911 et
2700 2870 2914 2909 omnes
2934 2869 3105 2926 reyes
3123 2851 3406 2921 Arabiae,
3420 2852 3729 2929 ducesque
3750 2860 3975 2912 terroe:

2489 2950 2708 3030 sicque
2754 2948 2921 3009 istud
2968 2956 3063 3009 est
3106 2946 3279 3009 aliud
3311 2948 3644 3029 pondus'a
3688 2948 3977 3029 pondere

888 3053 1185 3117 attulerat
1215 3052 1371 3134 regi.
1410 3056 1562 3121 Quae
1592 3071 1842 3111 reversa
1879 3060 1990 3121 esc,
2022 3060 2081 3110 ec
2109 3051 2273 3110 abiit
2302 3052 2375 3109 in
2415 3049 2459 3112 C
2488 3048 2627 3110 auri
2671 3047 2842 3128 quod
2883 3046 3312 3109 adducebatur
3349 3046 3408 3109 ei
3439 3065 3516 3108 ex
3543 3046 3762 3128 Ophir,
3797 3049 3975 3129 quod

891 3163 1129 3215 terram
1159 3174 1344 3212 suam
1365 3173 1512 3212 cum
1531 3153 1734 3211 servis
1760 3152 1918 3212 suis,
1938 3149 2213 3230 Eratque
2233 3168 2377 3231 pru-

888 3251 1263 3316 dentissima
1309 3269 1382 3312 ac
1429 3248 1895 3312 studiosissima
1943 3246 2173 3310 mulier
2222 3265 2236 3310 :
2286 3248 2379 3309 id-

886 3353 1056 3415 circo
1087 3368 1161 3412 ex
1192 3349 1334 3425 hoc,
1369 3348 1538 3429 quod
1576 3348 1712 3430 ipsa
1751 3347 1815 3409 in
1865 3355 2108 3409 tantum
2149 3347 2378 3408 mirata

886 3458 983 3514 est
1035 3447 1414 3530 sapientiam
1466 3445 1844 3522 Salomonis,
1890 3445 2235 3508 innotescit
2283 3464 2380 3507 ex-

885 3546 1184 3612 cellentia
1214 3543 1542 3627 sapientia>
1586 3545 1748 3624 ejuS.
1784 3544 2018 3624 Magnae
2047 3543 2242 3619 enim,
2274 3563 2379 3606 ex-

886 3655 1081 3730 pertae
1112 3653 1174 3708 et
1205 3643 1521 3727 sapientes
1543 3661 1829 3725 personae
1851 3661 1978 3705 non
2010 3640 2217 3705 solent
2237 3661 2379 3724 par-

885 3764 966 3808 va
995 3742 1235 3818 mirari,
1260 3759 1404 3823 quae
1426 3739 1718 3803 homines
1741 3739 2021 3821 imperiti
2053 3760 2125 3802 ac
2159 3739 2377 3821 pusilli

887 3843 1201 3906 mirantur
1231 3841 1311 3903 de
1341 3839 1539 3902 facili.

967 3942 1294 4016 Praeterea,
1328 3940 1393 4001 in
1427 3937 1812 4001 Scholastica
1843 3936 2042 4000 fertur
2073 3937 2373 4002 historia:

889 4041 1172 4103 Tradunt
1203 4038 1487 4121 quidam,
1515 4036 1796 4115 reginam
1823 4035 1986 4098 hanc
2019 4037 2381 4119 rescripsis-

891 4159 959 4203 se
991 4136 1335 4213 Salomoni,
1361 4137 1531 4217 quod
1564 4136 1622 4198 ei
1654 4134 2139 4216 praesentialiter
2168 4136 2380 4199 dicere

2486 3148 2586 3228 (ut
2634 3147 2699 3209 in
2740 3146 2887 3209 l'inc
2946 3144 3357 3228 praecedentis
3405 3145 3666 3226 capituli
3713 3145 3979 3227 legitur)

2489 3245 3095 3328 quadringentorum
3144 3244 3370 3324 viginti
3408 3245 3787 3307 talentorum
3820 3245 3973 3308 fuit.
4024 3265 4263 3317 nunqu,
4309 3277 4311 3334 ;

2486 3344 2799 3418 Quantum
2846 3352 3057 3406 autem
3103 3343 3411 3405 talentum
3449 3343 3771 3406 contineat
3792 3345 3979 3426 juxta
4008 3331 4083 3372 ²⁸·
4309 3335 4311 3338 ’

2489 3452 2705 3506 nostra
2761 3443 3147 3504 numismata
3203 3450 3310 3504 aut
3366 3459 3732 3520 mensuraS,
3797 3443 3979 3524 igno-

2488 3561 2725 3605 ramuS.

2568 3642 2745 3702 Fecit
2774 3661 3021 3720 quoque
3053 3661 3168 3700 rex
3197 3643 3500 3701 Salomon
3538 3643 3815 3702 ducenta
3844 3663 3983 3702 sene

2492 3749 2554 3800 ta
2602 3743 2681 3800 de
2729 3760 2891 3800 auro
2932 3742 3308 3816 purissima
3344 3739 3531 3802 Scuta
3575 3738 3716 3817 ista,
3758 3740 3984 3804 dicun-

2491 3846 2592 3899 tur
2641 3838 2815 3899 intus
2865 3836 3065 3900 fuisse
3112 3837 3373 3899 alterius
3417 3837 3717 3914 materiae,
3762 3846 3985 3922 utpote

2490 3937 2633 3998 aeris
2669 3944 2777 3998 aut
2820 3935 2995 4012 ferri,
3032 3944 3095 3998 et
3146 3936 3442 3998 deaurata
3494 3934 3853 3999 forinsecus
3902 3938 3989 4000 la-

2490 4034 2683 4096 minis
2714 4034 2923 4096 aureis
2968 4033 3235 4113 magniS,
3269 4052 3540 4115 quorum
3572 4034 3989 4116 subjungitur

2490 4132 2811 4214 quantitas
2860 4149 2874 4194 Ζ
2923 4143 3241 4216 sexcentos
3290 4135 3445 4194 auri
3472 4135 3657 4194 siclos
3684 4137 3869 4194 dedit
3910 4137 3985 4196 in

891 4237 1126 4314 timuit,
1177 4235 1477 4301 videlicet
1531 4254 1598 4298 se
1651 4235 1886 4298 vidisse
1935 4235 2256 4316 quoddam
2308 4235 2459 4298 li-l)
2494 4235 2774 4294 laminas
2812 4235 2981 4293 scuti
3027 4235 3250 4304 unia-3,
3284 4232 3347 4294 id
3387 4241 3503 4309 est,
3554 4241 3644 4296 tot
3690 4233 3834 4296 sicli
3879 4253 3985 4296 au-

891 4355 1088 4418 gnum
1130 4335 1194 4396 in
1235 4335 1422 4398 domo
1455 4333 1684 4410 SaltuS,
1720 4333 1786 4394 in
1825 4353 1952 4414 quo
1991 4335 2383 4416 suspenden—

891 4437 1008 4498 dus
1056 4442 1190 4497 erat
1235 4433 1519 4516 quidam,
1574 4440 1834 4514 propter
1874 4432 2058 4513 cujus
2110 4442 2379 4496 mortem

892 4551 1156 4613 regnum
1186 4532 1548 4594 Judaeorum
1583 4530 1861 4613 periret3
1896 4539 1958 4593 et
1995 4531 2185 4594 certis
2221 4531 2383 4594 indi-

890 4631 1006 4695 ciis
1059 4630 1190 4711 regi
1242 4629 1488 4708 lignum
1539 4629 1658 4692 hoc
1705 4629 2032 4692 indicavit.
2085 4629 2260 4703 Quod
2311 4631 2383 4692 ti-

889 4749 1071 4792 mens
1131 4728 1456 4805 Salomon,
1512 4727 1577 4789 in
1629 4727 2148 4809 profundissimis
2202 4736 2383 4792 terrae

890 4827 1246 4892 visceribus
1293 4826 1451 4888 illud
1502 4826 1866 4890 occultavit.
1902 4826 2020 4890 Sed
2060 4829 2381 4909 quomodo

891 4925 1061 4990 circa
1093 4934 1379 5007 tempora
1407 4924 1643 4986 Christi
1684 4924 1749 4986 in
1779 4924 2105 4988 Probatica
2136 4925 2383 5007 piscina

892 5023 1390 5107 superenatavit,
1442 5022 1754 5086 incertum
1803 5031 1898 5086 est
1943 5041 1956 5085 :
1994 5033 2057 5087 et
2103 5024 2384 5087 creditur

894 5124 1014 5187 hoc
1062 5123 1308 5205 lignum
1351 5122 1688 5186 dominicae
1735 5123 1940 5186 crucis
1982 5122 2201 5186 fuisse.
2244 5123 2383 5186 Haec

894 5221 1008 5285 ibi.
1041 5223 1423 5301 Adduntque
1462 5221 1685 5302 aliqui,
1721 5222 1892 5302 quod
1934 5221 2158 5301 angelo
2200 5221 2266 5282 in
2301 5222 2388 5303 pi-

893 5320 1137 5384 scinam
1167 5319 1588 5382 descendente
1619 5327 1680 5381 et
1710 5338 1939 5401 aquam
1972 5327 2289 5396 movente,
2313 5327 2383 5381 ut

2494 4332 2547 4393 ri
2592 4331 3112 4413 expendebantur
3146 4331 3213 4392 in
3245 4331 3511 4394 laminas
3557 4331 3721 4394 scuti
3764 4333 3979 4394 uniuS.

2492 4431 2940 4494 Verumtamen
2990 4430 3054 4491 in
3103 4429 3624 4512 Paralipomenon
3676 4430 3911 4512 legitur
3963 4451 3979 4494 ε

2491 4531 2795 4593 Trecenta
2822 4548 3079 4610 quoque
3109 4537 3289 4592 scuta
3326 4547 3516 4592 aurea
3554 4537 3979 4594 trecentorum
4048 4555 4085 4597 ιι
4100 4555 4263 4596 eam
4309 4513 4311 4542 ²

2493 4648 2843 4704 aureorum,
2863 4629 3099 4711 quibus
3120 4629 3492 4707 tegebantur
3513 4635 3691 4692 scuta
3710 4629 3979 4710 singula.
4016 4621 4091 4662 ¹⁶·

2493 4727 2611 4790 Sed
2647 4745 2947 4790 numerus
2967 4727 3180 4790 minor
3200 4745 3327 4789 non
3350 4725 3629 4789 excludit
3656 4727 3987 4808 majorem,

2493 4834 2556 4888 et
2584 4825 2790 4906 major
2821 4824 3092 4887 includit
3114 4825 3463 4900 minorem;
3496 4824 3596 4887 vel
3632 4824 3851 4888 forsan
3881 4828 3987 4889 du-

2493 4932 2679 4987 centa
2710 4932 2891 4986 erant
2933 4923 3297 4987 eminentiae
3328 4923 3601 5004 alicujus
3646 4923 3711 4984 in
3756 4923 3981 4987 forma.

2494 5023 2762 5084 Additur
2782 5023 2933 5084 item
2956 5023 3232 5086 secundo
3252 5022 3777 5104 Paralipomenon
3793 5040 3808 5085 :
3824 5023 3986 5087 Fecit
4050 5048 4169 5091 leid-
4192 5051 4243 5090 ιε.

2497 5143 2603 5185 rex
2638 5121 2933 5184 Salomon
2965 5131 3032 5184 et
3068 5122 3371 5184 ducentas
3403 5121 3613 5183 hastas
3658 5140 3884 5184 aureas
3911 5124 3989 5185 de

2496 5238 2749 5282 summa
2778 5227 3218 5283 sexcentorum
3250 5238 3608 5294 aureorum,
3628 5219 3741 5301 qui
3774 5221 3841 5282 in
3870 5222 3989 5283 sin-

2494 5319 2662 5399 gulis
2713 5318 2912 5381 hastis
2961 5316 3503 5400 expendebantur.
3552 5321 3637 5380 Ec
3680 5327 3989 5382 trecentas
