4359 6250
910 467 1027 530 192

1672 485 2016 531 mammo
2059 486 2122 531 IN
2162 485 2301 532 ΕΑΒ.
2347 485 2428 532 XV
2469 487 2741 554 Junlcuu.
2783 503 2864 516 -·
2903 486 3048 534 ΛΒΤ.
3091 487 3240 535 xxvl

1944 895 2595 981 ARTICULUS
2673 896 2955 980 XXVI

1075 1172 1387 1221 exposl'no
1430 1170 1704 1218 currum
1748 1170 2160 1225 QmN'rmEcnn
2207 1170 2221 1215 :
2267 1169 2418 1215 Posi·
2459 1170 2848 1224 AuQUANTm!
2890 1171 3094 1216 Anum
3135 1171 3432 1218 mumolus
3474 1173 3638 1227 Qum!
3677 1173 3814 1220 mas

1970 1268 2264 1315 'rm'rlOEAE
2305 1267 2516 1314 MESSIS
2559 1268 2916 1314 INSTARENT.

974 1551 1442 1618 MPUGNATIO
1474 1549 1951 1613 philistinorum
1986 1569 2023 1612 a
2052 1550 2379 1626 Samsone,
2418 1550 2467 1613 A
2498 1566 2598 1610 sas
2621 1549 2847 1628 Justas,
2867 1569 3067 1632 quum
3093 1560 3220 1614 tam
3242 1551 3519 1631 graviter
3541 1551 3662 1614 sim
3692 1551 3984 1618 offensus

987 1655 1175 1717 modo
1213 1651 1613 1716 describitur.
1647 1654 1801 1713 Post
1828 1652 2246 1730 aliquantum
2272 1669 2386 1710 au·
2496 1646 2575 1709 ab
2606 1647 2720 1725 eis,
2756 1668 2794 1710 a
2820 1649 3056 1731 quibus
3088 1659 3150 1714 et
3179 1669 3338 1714 uxor
3365 1671 3510 1714 mea
3531 1652 3689 1714 mihi
3719 1653 3853 1733 Jam
3883 1663 3980 1716 est

898 1763 1020 1814 tem
1071 1755 1369 1832 temporis
1416 1772 1617 1832 quam
1667 1753 1803 1811 dies
1855 1751 2120 1811 triticeoe
2166 1749 2384 1810 messis
2494 1746 2724 1810 ablata.
2757 1751 3030 1811 Faciam
3075 1752 3252 1812 enim
3301 1754 3472 1812 vobis
3518 1756 3716 1813 mala.
3759 1752 3977 1834 ltaque

893 1854 1232 1923 instarent,
1254 1854 1428 1913 venit
1448 1855 1743 1922 Samson,
1764 1851 2063 1920 invisere,
2084 1849 2147 1910 id
2180 1855 2276 1911 est
2297 1847 2382 1910 vi-

892 1951 1102 2029 sitare,
1138 1957 1351 2013 volens
1394 1971 1663 2012 uxorem
1704 1971 1914 2021 suam,
1948 1959 2007 2009 et
2052 1951 2278 2009 attulit
2315 1949 2378 2006 ei

889 2054 1149 2112 hoedum
1178 2055 1257 2113 de
1285 2053 1499 2130 capris
1520 2071 1542 2111 .·
1574 2050 1639 2112 in
1670 2068 1799 2132 quo
1829 2057 2003 2131 patet
2031 2048 2201 2129 quod
2245 2065 2372 2110 non

888 2160 1023 2215 erat
1053 2151 1467 2216 immansivus
1497 2151 1560 2212 in
1593 2150 1707 2226 ira,
1728 2149 1837 2212 sed
1859 2148 1986 2211 cito
2008 2147 2370 2226 indulgens,

885 2251 1039 2332 quia
1067 2259 1210 2333 post
1239 2250 1559 2313 modicum
1592 2257 1841 2331 tempus
1872 2247 1950 2309 ad
1980 2265 2157 2308 suam
2185 2244 2374 2307 rediit

882 2351 1243 2431 conjugem,
1277 2369 1314 2412 a
1350 2369 1478 2431 qua
1516 2357 1645 2411 tam
1687 2346 1966 2428 graviter
2004 2345 2129 2407 fuit
2161 2343 2372 2407 offen-

882 2468 1011 2524 suS‚
1047 2446 1523 2529 infideliterque
1573 2454 1913 2520 tractatus3
1947 2463 2064 2508 nec
2114 2451 2362 2504 tantum

882 2546 1089 2624 rediit,
1124 2547 1233 2609 sed
1266 2555 1327 2608 et
1356 2544 1809 2609 munusculum
1841 2543 2053 2606 attulit
2092 2543 2174 2619 ei,
2210 2549 2372 2603 utet

882 2646 1021 2730 ipsa
1077 2647 1452 2729 placaretur,
1503 2645 1557 2705 si
1605 2642 1771 2707 forte
1819 2663 1894 2706 ex
1942 2661 2057 2705 suo
2112 2660 2364 2705 recessu

2493 1863 2600 1908 eos
2641 1847 3063 1928 praeavisavit,
3097 1867 3214 1912 nec
3245 1849 3444 1912 instar
3475 1849 3794 1914 latronum
3837 1853 3976 1916 sine

2492 1945 3116 2025 praecomminatione
3164 1946 3337 2029 ipsos
3390 1947 3643 2012 invasit.
3696 1949 3874 2023 Quod
3923 1952 3976 2013 si

2488 2051 2829 2123 quaeratur,
2863 2064 2976 2107 cur
3007 2044 3088 2108 ob
3119 2045 3270 2108 istas
3303 2045 3570 2127 injurias
3601 2048 3728 2110 sibi
3759 2069 3796 2111 a
3827 2069 3982 2132 pau-

2487 2140 2580 2202 cis
2621 2142 2958 2206 Philistaeis
3004 2143 3334 2225 irrogataS,
3369 2147 3481 2209 toti
3523 2148 3762 2229 populo
3799 2166 3972 2211 com-

2485 2239 2763 2305 minatus
2785 2251 2880 2306 cst
2900 2263 2972 2311 ac
3003 2243 3220 2305 intulit
3239 2245 3504 2307 damna:
3532 2248 3970 2328 respondetur,

2483 2340 2654 2421 quod
2691 2341 2910 2406 divino
2951 2342 3254 2406 instinctu
3296 2344 3416 2407 hoc
3455 2343 3628 2423 fecit,
3660 2347 3966 2427 quoniam

2481 2437 2779 2503 Philistaei
2819 2449 3000 2504 erant
3038 2442 3103 2504 in
3143 2440 3318 2506 filios
3359 2443 3544 2506 lsrael
3582 2445 3967 2523 generaliter

2483 2536 2596 2615 rei,
2615 2547 2874 2621 eratque
2895 2540 3158 2604 Samson
3186 2541 3420 2604 divinae
3440 2542 3704 2623 justitiae
3735 2544 3964 2608 instru-

2481 2645 2766 2700 mentum
2795 2639 2874 2700 ad
2905 2639 3304 2722 punitionem
3335 2641 3613 2704 illorum.

882 2742 1703 2808 fuissetoffensa.Graviter
1731 2742 1923 2824 igitur
1944 2749 2210 2825 peccant
2239 2740 2444 2802 ma-B
2565 2739 2992 2819 Ferrea-itque
3036 2750 3095 2800 et
3143 2743 3308 2817 cepit
3359 2751 3666 2803 trecentas
3715 2748 3956 2823 vulpes.

884 2844 1142 2925 riti,qui
1173 2851 1394 2906 contra
1423 2861 1567 2904 suas
1598 2841 1953 2905 contorales
1984 2850 2111 2903 tam
2144 2840 2370 2904 leviter

883 2938 1328 3023 indignantur.
1350 2950 1411 3005 et
1440 2941 1549 3003 diu
1582 2941 1662 3003 ab
1695 2940 1821 3002 illis
1853 2960 1922 3004 se
1959 2938 2364 3014 subtrahunt,

880 3056 954 3100 ac
980 3035 1335 3100 difficulter
1364 3036 1721 3118 placantur.

960 3141 1295 3215 Quumque
1342 3137 1713 3197 cubiculum
1762 3138 1904 3213 ejus
1947 3138 2132 3196 solito
2180 3138 2364 3196 vellet

877 3238 1128 3297 intrare
1144 3235 1417 3297 maritali
1449 3234 1515 3297 af
1518 3233 1711 3311 fectu,
1732 3254 1811 3297 ne
1834 3244 1897 3298 et
1919 3235 2030 3297 illa
2050 3254 2125 3298 ex
2146 3255 2260 3299 sua
2282 3235 2362 3298 ab

878 3352 953 3398 eo
973 3334 1259 3397 absentia
1289 3334 1552 3397 caderet.
1574 3333 1834 3416 Propter
1852 3334 2024 3416 quod
2056 3352 2180 3398 non
2218 3334 2366 3397 licet

877 3433 1035 3510 viro,
1068 3452 1105 3495 a
1134 3452 1247 3495 sua
1277 3452 1470 3496 uxore
1508 3432 1923 3495 immoderate
1962 3453 2030 3496 se
2068 3434 2362 3498 absenta-

878 3551 965 3594 re.
996 3532 1344 3594 Prohibuic
1380 3552 1527 3593 eum
1551 3541 1741 3609 pater
1769 3532 1979 3603 illius,
2016 3541 2171 3613 puta
2209 3553 2361 3597 uxo-

878 3630 985 3706 riS,
1006 3632 1225 3691 dicens
1245 3652 1268 3690 .·
1286 3632 1535 3693 Patavi
1563 3634 1735 3712 quod
1760 3632 1993 3690 odisses
2022 3652 2187 3703 eam,
2212 3633 2364 3713 quia

2481 2832 2744 2898 Samson
2772 2837 2902 2916 jam
2935 2836 3057 2899 fuit
3082 2837 3278 2918 judex
3309 2839 3529 2920 populi
3561 2839 3774 2916 Israel,
3799 2842 3964 2906 sicut

2479 2933 2558 2996 de
2583 2953 2658 2997 eo
2678 2934 2871 2998 Jacob
2901 2937 3229 3018 praedixit:
3263 2938 3392 3000 Dan
3421 2938 3737 3019 judicabit
3767 2960 3968 3024 popu·
4001 2957 4122 3062 gen.
4141 2972 4238 3005 mn.

2482 3030 2614 3094 lum
2657 3053 2866 3112 suum,
2902 3034 2964 3096 id
3007 3043 3104 3099 est
3141 3035 3404 3099 Samson
3444 3045 3629 3099 natus
3660 3039 3742 3102 de
3769 3039 3970 3124 stirpe

2479 3132 2633 3194 Dan.
2659 3133 2802 3197 Ideo
2831 3132 3053 3196 habuit
3081 3133 3353 3199 famulos
3383 3144 3447 3199 et
3477 3137 3848 3201 auxiliarios
3877 3157 3971 3201 sa-

2480 3231 2559 3292 tis
2589 3232 2845 3309 multOS‚
2869 3251 3143 3314 quorum
3174 3234 3410 3297 auxilio
3439 3254 3552 3317 per
3579 3237 3742 3299 retia
3770 3247 3964 3320 atque

2478 3330 2821 3393 industrias
2851 3332 3020 3413 cepit
3051 3340 3142 3394 tot
3167 3332 3412 3415 vulpeS.
3433 3334 3588 3397 Nam
3609 3336 3840 3419 'vulpes
3873 3338 3965 3400 ibi

2477 3428 2822 3492 abundant.
2856 3430 2932 3491 Et
2971 3430 3134 3494 forte
3171 3431 3458 3512 angelico
3487 3434 3834 3515 juvabatur
3862 3457 3970 3499 au-

2475 3527 2649 3605 xilio,
2683 3529 2838 3610 quia
2886 3529 2951 3591 in
3000 3530 3118 3592 hoc
3164 3532 3622 3612 praeordinatus
3666 3543 3732 3597 et
3777 3545 3962 3598 natus

2477 3625 2598 3688 fuit
2626 3636 2695 3689 ut
2725 3625 3046 3707 affligeret
3065 3628 3437 3693 Philistaeos.
3461 3635 3838 3714 Gauda-sque
3863 3656 3968 3695 ea·

876 3728 1191 3811 reliquisti
1220 3748 1356 3791 eam
1390 3729 1467 3791 ad
1500 3738 1772 3811 tempuS‚
1806 3736 1869 3791 et
1910 3728 2048 3810 ipsa
2081 3731 2354 3793 multum
2473 3748 2622 3787 rum
2651 3728 2894 3803 jumi&
2936 3730 3024 3788 ad
3065 3732 3332 3799 cauda-⁹,
3364 3728 3484 3792 hoc
3534 3739 3648 3807 est,
3685 3733 3954 3795 caudam

598 3843 839 3897 lutiam,
873 3826 1235 3891 offenderat
1264 3836 1324 3889 te
1346 3851 1361 3899 ς
1384 3837 1444 3887 ec
1474 3829 1617 3887 ideo
1651 3829 1903 3890 tradidi
1933 3829 2121 3889 illam
2149 3832 2357 3891 amico
2472 3824 2662 3885 unius
2702 3824 2988 3905 alligavit
3024 3826 3240 3888 caudae
3269 3826 3528 3889 alterius
3561 3848 3675 3910 per
3703 3840 3852 3912 apta
3881 3832 3960 3894 li-

578 3908 646 3951 ²⁰·
875 3937 1025 3988 tuo:
1052 3926 1233 4007 juxta
1268 3945 1527 3988 sensum
1558 3926 1623 3987 in
1657 3928 2071 4007 praecedentis
2108 3930 2361 4011 exposi-
2389 3923 2431 3985 C
2469 3924 2742 4003 gamina.
2777 3924 3112 4005 colligavit
3153 3933 3366 3990 autem
3408 3927 3564 3989 duas
3611 3928 3838 4011 vulpes
3877 3934 3958 3995 ad

870 4026 1044 4088 tione
1062 4023 1323 4107 capituli
1350 4024 1780 4087 introductum
1803 4050 1818 4101 ;
1842 4026 1953 4088 sed
1973 4026 2092 4089 hoc
2116 4025 2141 4087 f
2143 4035 2354 4092 actum
2471 4023 2768 4101 invicem,
2801 4033 2861 4084 et
2890 4028 3060 4103 faces
3090 4026 3324 4102 liqavic
3355 4027 3429 4086 in
3461 4028 3692 4099 medio,
3727 4028 3792 4090 id
3833 4039 3952 4107 cst,

868 4121 993 4185 fuit
1043 4122 1233 4184 nimis
1279 4122 1427 4185 cito.
1471 4122 1547 4183 Et
1588 4123 1881 4203 quamvis
1926 4143 2103 4187 mora
2149 4126 2352 4190 multo
2469 4121 2634 4184 inter
2660 4121 2993 4203 quodlibet
3022 4142 3136 4204 par
3165 4122 3456 4205 vulpium
3496 4123 3590 4187 sic
3626 4126 3958 4207 colligata-

863 4222 1065 4303 maJ'or
1106 4220 1571 4297 intervenisset,
1613 4230 1821 4285 tamen
1871 4223 2077 4305 primo
2120 4226 2351 4289 marito
2468 4241 2629 4297 rum,
2665 4239 2854 4283 unam
2887 4221 3108 4302 ligavit
3137 4221 3365 4298 facem,
3395 4242 3530 4285 eam
3565 4224 3956 4293 innectendo

862 4320 939 4381 ad
990 4321 1324 4403 conjugem
1373 4322 1698 4398 redeunte,
1738 4322 1938 4402 magis
1984 4332 2226 4405 spectat
2269 4326 2347 4388 ad
2464 4320 2558 4382 illi
2590 4320 2875 4400 ligamini
2906 4338 3034 4402 quo
3055 4321 3280 4402 vulpes
3314 4319 3564 4385 fuerant
3595 4324 3950 4405 colligatae:

858 4438 1028 4493 eum,
1060 4427 1125 4481 ct
1154 4418 1543 4482 restituenda
1572 4426 1667 4482 est
1696 4420 1777 4497 ei,
1802 4440 1997 4501 quam
2027 4422 2345 4503 pertineat

854 4516 932 4578 ad
962 4517 1336 4593 secundum,
1358 4536 1559 4599 quum
1586 4517 1915 4582 vinculum
1945 4519 2343 4585 matrimonii

851 4614 1295 4691 consummati,
1330 4615 1496 4678 inter
1530 4616 1815 4680 viventes
1856 4636 1983 4680 non
2029 4618 2337 4682 solvatur.

853 4715 983 4774 Sed
1017 4715 1200 4774 habet
1216 4734 1493 4775 sororem
1513 4736 1657 4794 quae
1668 4716 1909 4791 junior
1926 4727 1985 4777 et
2004 4720 2348 4794 pulchrior

852 4815 973 4873 illa
1003 4824 1113 4884 esc,
1148 4812 1291 4875 ideo
1328 4813 1662 4876 amabilior
1701 4813 2074 4891 videbatur3
2108 4818 2195 4877 sit
2229 4819 2346 4877 tibi

846 4930 967 4989 pro
996 4930 1071 4971 ea
1102 4932 1290 4972 uxor.
1327 4910 1446 4974 Sed
1487 4910 1608 4975 tale
1640 4912 2115 4975 matrimonium
2149 4916 2341 4979 modo

854 5028 982 5072 non
1020 5008 1190 5073 licet.
1228 5012 1348 5070 Cui
1384 5012 1711 5087 respondit
1744 5013 2015 5073 Samson
2038 5032 2060 5072 .·
2091 5016 2192 5075 Ab
2222 5017 2342 5075 hac

2459 4421 2629 4502 quod
2674 4419 2950 4501 ligamen
2997 4419 3120 4482 fuit
3163 4420 3314 4483 satis
3362 4422 3441 4484 ad
3488 4421 3609 4486 hoc
3657 4423 3947 4507 longum.

2463 4523 2634 4589 Quas
2677 4518 2844 4583 faces
2887 4522 3036 4598 iyne
3077 4524 3484 4594 succendam,
3517 4526 3776 4586 dimisit
3813 4527 3956 4589 vul-

2459 4638 2770 4700 peS‚quas
2803 4618 3058 4682 tenebat.
3087 4619 3288 4681 instar
3323 4639 3554 4682 canum
3583 4621 3952 4687 vinculatas

2460 4717 2525 4781 in
2558 4738 2702 4781 rure
2722 4718 2900 4799 juxta
2930 4719 3134 4795 blada,
3158 4729 3226 4780 ut
3246 4722 3374 4780 huc
3396 4721 3680 4799 illucque
3703 4726 3955 4785 dismir-

2459 4827 2690 4877 rerem.
2725 4816 3045 4899 Erantque
3084 4816 3255 4879 faces
3295 4817 3420 4880 illae
3449 4817 3817 4884 difficulter
3847 4842 3951 4885 ex-

2458 4914 2883 4995 stinguibileS,
2925 4924 2986 4978 et
3035 4935 3162 4979 non
3211 4916 3636 4980 incendebant
3687 4920 3940 5003 vulpes.

2459 5018 2612 5084 Quoe
2647 5016 2870 5075 statim
2906 5027 3331 5093 perrexerunt
3369 5019 3441 5077 in
3476 5028 3704 5094 seyetes
3743 5023 3948 5082 Phili-

851 5110 961 5168 die
1006 5128 1137 5169 non
1180 5110 1307 5168 erit
1352 5112 1543 5185 culpa
1593 5111 1665 5169 in
1709 5130 1809 5170 me
1854 5120 2075 5171 contra
2119 5113 2342 5173 Phili·
2376 5113 2425 5175 D
2454 5113 3032 5195 stinorumNulpes
3050 5114 3291 5196 quippe
3311 5114 3466 5177 visis
3489 5115 3940 5199 flammisquae

851 5216 1031 5269 scoeos
1052 5206 1159 5270 :id
1190 5213 1307 5283 est,
1332 5225 1460 5270 non
1492 5208 1789 5291 peccabo,
1814 5208 1981 5272 mala
2011 5228 2218 5292 poenae
2248 5211 2343 5273 in-

858 5303 1141 5385 fligendo
1161 5305 1515 5384 philistaeis,
1536 5307 1690 5388 quia
1718 5309 1794 5371 ad
1822 5308 1945 5372 hoc
1966 5308 2169 5373 habeo
2202 5328 2344 5373 cau-

2455 5212 2873 5295 erumpebant
2913 5232 2988 5275 ex
3033 5211 3305 5289 facibuS‚
3338 5222 3518 5277 erant
3550 5215 3819 5279 turbatae
3856 5236 3926 5280 ac

2455 5310 2687 5376 territae
2724 5335 2738 5385 3
2787 5330 2905 5375 nec
2953 5330 3128 5375 more
3174 5312 3362 5375 solito
3413 5312 3801 5378 festinabant
3849 5316 3924 5379 ad
