4359 6250
690 4203 770 4246 Pe.
799 4215 910 4254 evin,

649 4269 716 4309 ¹8.

673 4327 797 4372 loia.
817 4331 883 4371 il.

653 4411 735 4453 Pe.
751 4422 850 4461 xxn,
867 4411 909 4452 6.

935 444 1054 507 600

1560 465 1906 511 ENARRA'rlo
1949 466 2010 511 IN
2053 466 2190 512 CAP-
2238 466 2306 512 111
2346 467 2505 513 unm
2544 468 2743 512 'rt-:mu
2786 467 3011 514 REGUH.
3055 488 3135 497 —
3175 469 3317 514 ΛΒΤ.
3362 470 3401 512 V

937 653 1053 716 per
1091 634 1284 697 verba
1322 637 1457 701 haec
1496 638 1910 718 designantur
1954 638 2214 700 libertas
2260 638 2427 700 arbi·
2454 637 2507 699 A
2538 646 2695 715 tum,
2740 641 2909 721 quod
2950 640 3159 702 taliter
3194 658 3405 704 coram
3447 651 3509 706 te
3548 639 3913 718 ambulavit,
3946 650 4005 703 et

938 734 1068 811 trii,
1103 736 1559 820 expeditusque
1601 756 1754 799 usus
1795 736 2057 799 rationis
2095 756 2168 799 ac
2202 737 2427 801 volun-

938 835 1084 896 tatis
1140 834 1494 900 Salomonis
1549 838 1615 900 in
1670 854 1913 912 somno,
1971 838 2036 898 in
2091 854 2220 918 quo
2272 857 2425 899 usus

938 933 1203 995 rationis
1243 936 1667 997 communiter
1716 943 1811 997 est
1862 935 2116 1015 ligatuS,
2161 935 2272 997 sed
2312 955 2425 1017 per

935 1032 1203 1111 gratiam
1246 1042 1453 1114 potest
1491 1042 1644 1096 tunc
1685 1052 1822 1097 esse
1865 1032 2025 1095 liber
2068 1042 2130 1096 et
2170 1034 2427 1115 expedi-

937 1137 1060 1191 tus,
1094 1130 1543 1195 Verumtamen
1590 1152 1704 1215 per
1748 1132 1880 1195 haec
1921 1132 2114 1196 verba
2158 1150 2287 1195 non
2332 1142 2429 1194 est

936 1228 1446 1309 intelligendum,
1481 1232 1652 1312 quod
1688 1232 1852 1293 Deus
1887 1231 2062 1293 dedit
2103 1230 2425 1293 Salomoni

938 1327 1258 1389 licentiam
1301 1328 1663 1409 postulandi
1705 1329 1950 1410 aliquid
1984 1330 2156 1410 quod
2194 1347 2321 1391 non
2357 1328 2427 1389 li-

937 1434 1057 1501 cet,
1094 1426 1192 1489 vel
1231 1428 1402 1507 quod
1437 1428 1502 1488 in
1541 1429 1762 1490 talium
1799 1428 2107 1510 pet-itione
2141 1447 2287 1491 eum
2322 1447 2427 1491 ex-

936 1524 1258 1599 audisset3
1293 1526 1402 1588 sed
1443 1527 1737 1608 praestitit
1777 1527 2134 1589 libertatem
2169 1528 2425 1608 petendi

937 1623 1252 1705 quidquid
1274 1624 1739 1687 rationabiliter
1761 1625 1972 1702 vellet,
1987 1634 2096 1687 aut
2125 1625 2262 1687 sine
2287 1644 2427 1708 pec-

938 1730 1078 1785 cato
1111 1722 1324 1805 appeti
1357 1731 1590 1804 posset.
1627 1725 1931 1806 Denique,
1961 1743 2075 1806 per
2105 1724 2226 1787 hoc
2256 1725 2425 1806 quod

2536 737 2624 799 ita
2656 757 2723 799 se
2750 737 2995 815 habuit,
3022 739 3294 819 talisque
3326 740 3470 818 fuit,
3494 760 3569 803 ex
3600 740 3763 804 dono
3790 748 3851 802 et
3876 758 4007 819 gra-

2536 834 2623 896 tia
2654 842 2777 897 tuae
2808 835 3061 917 pietatis
3092 838 3423 918 processit.
3448 840 3788 901 custodisti
3806 842 3870 897 ei
3898 841 4007 898 mi-

2532 936 2951 995 sericordiam
3001 945 3181 996 tuam
3214 939 3557 1013 mandem,
3604 935 3669 997 id
3716 944 3827 1011 est,
3874 954 4006 1014 gra-

2536 1029 2687 1092 tiam
2739 1040 2911 1093 tuam
2962 1030 3225 1095 finalem
3274 1032 3543 1114 largitus
3592 1054 3659 1096 es
3714 1033 3791 1107 ei,
3834 1043 3897 1095 et
3944 1034 4003 1094 in

2534 1147 2765 1209 magna
2794 1130 3028 1211 pietate
3064 1140 3170 1193 tua
3198 1132 3532 1194 custodisti
3564 1151 3730 1207 eum,
3756 1150 4007 1213 praeser-

2536 1228 2743 1289 vando
2765 1248 2909 1290 eum
2930 1249 2967 1291 a
2987 1230 3205 1292 multis
3236 1231 3537 1312 peccatiS,
3560 1238 3751 1311 atque
3772 1240 3909 1311 post
3928 1230 4005 1291 la-

2536 1346 2723 1407 psum
2756 1328 3191 1391 resuscitando
3215 1349 3358 1391 eum
3382 1329 3459 1391 ad
3490 1328 3927 1411 poenitentiam
3944 1336 4001 1390 et

2536 1425 2845 1489 cautelam
2882 1428 3219 1508 majorem;
3248 1437 3308 1488 et
3336 1430 3575 1488 dedisti
3600 1430 3665 1487 ei
3690 1431 3901 1505 filium
3928 1450 4005 1489 se

2535 1528 2789 1587 dentem
2809 1547 3001 1603 saper
3024 1528 3325 1587 thronum
3344 1528 3486 1603 ejus
3505 1530 3672 1587 sicul
3690 1537 3779 1588 est
3801 1530 3999 1587 hodie.

2622 1628 2699 1685 E'c
2739 1646 2936 1695 nune,
2975 1627 3248 1686 Domine
3286 1628 3482 1695 Dea-3,
3514 1636 3584 1686 tu
3624 1646 3887 1704 reynare
3918 1628 4005 1703 fe-

2535 1726 2683 1785 cisti
2710 1744 2967 1783 servum
2998 1735 3207 1795 tuum,
3234 1744 3355 1801 pro
3385 1726 3604 1785 David
3634 1735 3821 1803 patre
3857 1746 4000 1785 meo,

937 1822 1102 1884 Deus
1141 1830 1285 1902 post
1325 1822 1826 1886 immolationem
1863 1824 2229 1887 immediate
2274 1842 2429 1905 prae-
2464 1823 2509 1884 B
2536 1825 2675 1896 qu
2724 1832 2939 1883 autem
2984 1844 3130 1882 sum
3166 1842 3338 1900 puer
3374 1826 3716 1900 parvula-3.
3760 1822 3847 1884 Ex
3894 1823 4004 1885 hoc

939 1920 1263 2001 scriptam,
1313 1929 1377 1982 et
1422 1920 1656 1983 factam
1700 1922 1766 1983 in
1811 1923 2080 2000 excelso,
2129 1924 2428 2005 apparuit

939 2016 1260 2081 Salomoni
1299 2026 1430 2081 tam
1469 2020 1764 2098 gratiose,
1800 2029 1863 2082 et
1902 2021 2227 2103 optionem
2272 2020 2427 2083 libe-

937 2116 1318 2179 ralissimam
1358 2118 1533 2180 dedit
1567 2118 1649 2194 ei,
1684 2119 1936 2182 elicitur
1975 2120 2146 2201 quod
2188 2119 2426 2183 oblatio

937 2214 1304 2296 hujusmodi
1351 2216 1590 2297 placuit
1631 2218 1777 2293 Deo,
1823 2218 1951 2280 imo
1995 2226 2058 2279 et
2103 2218 2427 2281 meritoria

939 2311 1085 2390 fuit,
1130 2314 1370 2395 templo
1419 2316 1702 2377 nondum
1743 2314 2102 2391 aedificat03
2149 2324 2425 2379 attamen

939 2411 1166 2475 ceteris
1207 2412 1491 2494 paribuS‚
1537 2414 1737 2494 magis
1777 2414 2131 2477 virtuosum
2175 2424 2239 2477 et
2283 2415 2426 2497 plus

937 2510 1337 2573 meritorium
1370 2510 1396 2572 l'
1399 2512 1513 2588 uit,
1535 2510 1774 2575 offerre
1803 2513 1868 2574 in
1899 2514 2309 2577 tabernaculo
2333 2533 2429 2577 co-

938 2629 1072 2673 ram
1105 2629 1270 2687 arca,
1296 2629 1486 2692 quam
1513 2611 1667 2673 alibi
1697 2614 2270 2694 :quemadmodum
2302 2632 2428 2676 me·

939 2708 1231 2771 ritorium
1257 2717 1368 2787 est,
1391 2710 1648 2792 propria
1671 2710 1838 2774 bona
1863 2711 2253 2794 pauperibus
2278 2730 2429 2794 quo-

938 2807 1092 2870 tidie
1148 2808 1698 2891 eleemosynaliter
1743 2810 1941 2883 dare3
1995 2810 2226 2873 melius
2276 2830 2427 2875 vero

938 2913 1052 2982 est,
1088 2906 1304 2969 omnia
1343 2916 1602 2989 propter
1635 2908 1832 2971 Deum
1873 2908 2063 2971 simul
2110 2910 2430 2991 relinque-

2536 1920 2737 2002 aliqui
2779 1919 3037 1982 trahunt
3074 1930 3137 1983 et
3173 1920 3467 2002 probant,
3508 1922 3677 2001 quod
3724 1920 4004 1984 Salomon

2536 2028 2671 2081 erat
2694 2019 2900 2081 adhuc
2926 2019 2994 2081 in
3022 2020 3297 2101 pueritia
3320 2019 3718 2097 constitutus,
3738 2019 3819 2082 ita
3844 2021 4005 2100 quod

2538 2117 2913 2181 duodecimo
2958 2118 3209 2181 circiter
3247 2118 3395 2181 vitae
3438 2138 3571 2181 suae
3613 2137 3779 2182 anno
3820 2118 4007 2199 coepit

2540 2234 2803 2296 regnare
2839 2233 2852 2277 :
2888 2216 2967 2279 de
2996 2236 3125 2297 qua
3154 2235 3221 2279 re
3252 2225 3471 2297 postea
3500 2216 3875 2298 inquiretur.
3896 2216 4003 2290 Qui

2538 2324 2749 2379 autem
2798 2314 2983 2377 aliter
3030 2316 3394 2397 opinantur,
3436 2315 3657 2379 dicunt
3698 2316 3865 2397 quod
3906 2335 4007 2377 vo—

2538 2413 2706 2475 cavit
2752 2432 2820 2476 se
2868 2432 3135 2495 puerum
3185 2413 3546 2495 parvulum,
3602 2432 3729 2475 non
3774 2412 4005 2475 ratione

2537 2510 2736 2573 aetatis
2775 2519 2884 2573 aut
2920 2530 3239 2592 corporeae
3277 2511 3628 2593 parvitatiS‚
3664 2512 3771 2573 sed
3808 2529 4007 2592 respe-

2536 2618 2640 2671 ctu
2694 2610 3151 2689 magnitudinis
3200 2608 3407 2672 officii
3458 2610 3556 2672 sui
3606 2610 3831 2690 regalis
3868 2628 4007 2672 one-

2538 2700 2753 2788 risque
2798 2708 3095 2790 injuncti.
3138 2710 3224 2769 Ει
3266 2711 3573 2785 iynorans
3608 2728 3919 2786 eyressum
3952 2718 4005 2766 et

2538 2809 2883 2868 introitum
2916 2828 3149 2879 meum,
3182 2806 3303 2870 hoc
3334 2814 3453 2883 est,
3488 2825 3616 2871 non
3650 2806 3801 2869 satis
3833 2806 4007 2868 intel-

2538 2905 2766 2986 ligenS,
2785 2906 3060 2987 qualiter
3079 2906 3343 2968 debeam
3369 2925 3471 2968 me
3495 2904 3729 2969 habere
3753 2906 3815 2967 in
3842 2913 4005 2967 tanto

939 3022 1006 3067 re
1036 3022 1049 3065 :
1087 3004 1252 3067 sicut
1278 3014 1342 3068 et
1372 3004 1758 3068 laudabilius
1790 3016 1906 3084 est,
1933 3008 2058 3071 Deo
2091 3009 2330 3073 servire
2360 3009 2425 3070 in
2462 3012 2506 3074 C
2538 3004 2869 3085 regimine,
2912 3024 3029 3069 nec
3073 3005 3364 3088 proprios
3408 3012 3584 3067 actus
3628 3004 3807 3067 valeo
3848 3003 4005 3065 clare

937 3103 1226 3166 castitate
1253 3103 1574 3183 virginali,
1610 3124 1802 3187 quam
1833 3106 2112 3183 viduali3
2148 3114 2212 3171 et
2242 3108 2306 3170 in
2340 3109 2429 3171 vi-

938 3200 1134 3278 duali,
1169 3221 1364 3283 quam
1395 3204 1740 3285 conjugali.

1005 3303 1092 3362 Ec
1112 3301 1207 3361 ait
1229 3304 1530 3363 Salomon
1562 3303 1627 3364 in
1655 3322 1877 3367 somno
1907 3305 2230 3369 locutione
2259 3325 2428 3368 men-

938 3397 1051 3461 tali
1089 3415 1103 3459 :
1135 3399 1289 3480 quia
1326 3418 1402 3462 ex
1443 3410 1742 3482 praetacta
1781 3404 2180 3485 apparitione
2213 3405 2425 3467 statim

940 3495 1064 3558 ruit
1107 3497 1388 3561 elevatus
1431 3500 1510 3562 ad
1553 3500 1772 3578 Deum,
1807 3511 1870 3564 et
1908 3503 2032 3565 Deo
2074 3503 2427 3585 inspirante

939 3597 1256 3676 cognovit,
1277 3599 1448 3679 quod
1481 3599 1795 3680 apparitio
1819 3600 1929 3662 illa
1959 3609 2126 3664 esset
2155 3603 2325 3664 bona
2353 3621 2427 3665 ac

938 3694 1177 3772 divina,
1224 3715 1350 3758 non
1393 3694 1606 3774 fallax,
1651 3707 1839 3779 prout
1881 3718 2047 3781 saepe
2091 3701 2157 3761 in
2203 3719 2427 3764 somno

939 3793 1273 3874 contingit.
1307 3797 1400 3856 Tu
1437 3797 1651 3874 fecisti
1682 3817 1830 3857 cum
1861 3819 2038 3858 servo
2073 3809 2178 3860 tuo
2209 3802 2428 3860 David

935 3904 1120 3970 pat-re
1141 3913 1275 3953 meo
1296 3896 1804 3956 misericordiam
1825 3917 2144 3974 maynam,
2172 3898 2291 3960 hoc
2316 3906 2424 3977 est,

937 3990 1432 4069 gratiosissimos
1473 3992 1727 4073 pietatis
1764 4001 1886 4056 tuae
1919 3994 2189 4058 effectus
2224 3998 2280 4060 ei
2324 4017 2429 4060 ex-

939 4088 1207 4152 hibuisti
1255 4107 1269 4150 :
1317 4098 1388 4151 ut
1431 4099 1603 4172 patet
1645 4111 1720 4155 ex
1769 4093 2204 4175 praeinductis
2253 4098 2429 4164 Unde

2536 3104 2902 3188 dijudicare,
2923 3125 3004 3168 an
3031 3103 3320 3188 placeant
3346 3102 3478 3180 tibi,
3500 3103 3637 3166 sine
3660 3103 3860 3184 gratia
3880 3122 4006 3184 spe-

2537 3205 2705 3268 ciali.
2749 3205 2985 3286 ltaque,
3030 3204 3251 3284 ignoro
3291 3221 3639 3283 egressum,
3684 3203 3746 3265 id
3784 3211 3877 3265 est
3910 3221 4005 3264 ac-

2538 3313 2638 3366 tus
2678 3304 3043 3380 exteriore-S,
3080 3304 3146 3365 in
3192 3303 3425 3385 quibus
3464 3303 3606 3366 aliis
3644 3301 4005 3384 exemplaris

2537 3403 2939 3474 exsistere‚et
2968 3420 3075 3465 eos
3108 3402 3174 3464 in
3205 3401 3310 3463 via
3338 3401 3647 3465 virtutum
3670 3401 4007 3483 praecedere

2537 3509 2793 3576 tene0r3
2826 3509 2889 3564 et
2923 3500 3278 3576 introitum,
3322 3499 3441 3563 hoc
3488 3508 3605 3576 est,
3649 3508 3823 3562 actus
3860 3499 4007 3560 inte

2539 3600 2759 3676 riorcS,
2806 3599 2869 3660 in
2911 3599 3145 3681 quibus
3192 3608 3410 3662 teneor
3450 3596 3566 3660 tibi
3612 3617 3835 3681 puram
3872 3616 4007 3660 con-

2538 3698 2869 3761 scientiam
2904 3698 3225 3760 exhibere.
3260 3701 3341 3760 Ec
3368 3717 3589 3758 servus
3620 3708 3771 3758 tuus
3800 3699 3870 3756 in
3896 3717 4009 3756 me·

2534 3801 2645 3860 dio
2665 3809 2754 3858 esc
2771 3799 3127 3876 populi'tui
3146 3817 3331 3877 quem
3353 3799 3622 3874 eleyisti,
3639 3797 3704 3859 id
3724 3805 3840 3875 est,
3856 3797 4007 3858 inter

2537 3917 2644 3961 eos
2688 3917 2829 3959 sum
2874 3896 3281 3972 constitutus,
3314 3898 3549 3975 popul-15
3586 3899 3863 3973 infiniti,
3902 3897 4009 3975 qai

2536 3998 2877 4060 numerari
2896 4007 2955 4058 e!
2971 3999 3321 4074 supputari
3341 4017 3469 4056 non
3483 4006 3689 4073 potest
3702 4017 3846 4073 prce
3864 3999 4007 4056 naul-

2539 4099 2847 4167 ticudine,
2868 4097 2988 4158 hoc
3018 4104 3134 4173 est,
3158 4094 3515 4157 difficulter
3544 4094 3781 4176 poterit
3810 4115 4007 4158 nume-

944 4206 1071 4251 non
1104 4187 1422 4252 immerito
1448 4189 1696 4252 dixitin
1724 4192 1968 4255 Psalmo
1995 4195 2196 4258 :Deus
2222 4216 2423 4276 meuS,
2460 4199 2509 4260 D
2539 4196 2686 4271 rari,
2740 4213 2858 4258 nec
2906 4202 3001 4258 est
3049 4193 3427 4276 simpliciter
3475 4192 3773 4256 infinitus
3817 4211 3831 4256 t
3878 4194 4007 4256 ideo

942 4285 1380 4348 misericordia
1430 4306 1620 4362 mea3
1671 4296 1754 4365 et,
1809 4289 2237 4357 Misericordia
2288 4297 2428 4377 ejus

941 4386 1285 4470 praeveniet
1317 4405 1452 4462 me3
1491 4395 1573 4464 et,
1608 4388 2034 4454 Misericordia
2068 4401 2175 4456 tua
2215 4397 2429 4461 subse-

939 4493 1171 4568 quetur
1201 4503 1308 4547 me
1334 4486 1632 4549 omnibus
1663 4487 1886 4552 dicbus
1916 4490 2063 4554 vitae
2093 4511 2272 4557 meae.
2296 4499 2430 4557 Sic-

939 4594 1013 4646 ut
1041 4586 1422 4658 ambulavit,
1457 4584 1578 4648 hoc
1618 4595 1713 4648 est
1751 4598 2160 4652 conversatus
2202 4601 2317 4668 est,
2354 4597 2427 4655 in

939 4692 1274 4759 conspectu
1301 4693 1405 4743 tuo
1431 4685 1504 4743 in
1530 4687 1797 4744 veritate
1825 4685 1972 4748 vitae
2003 4696 2066 4749 et
2095 4689 2421 4769 doctrinae,

937 4794 996 4844 et
1023 4784 1320 4861 justitia,
1372 4782 1434 4845 id
1479 4791 1576 4846 est
1619 4784 2042 4849 observantiis
2084 4800 2429 4873 praecepto-

940 4900 1104 4958 rum,
1137 4891 1198 4942 et
1239 4891 1403 4942 recto
1443 4886 1629 4942 corde
1669 4894 1897 4955 tecum,
1930 4885 1994 4948 id
2034 4895 2130 4949 est
2161 4887 2228 4949 in
2268 4890 2430 4952 inte-

940 4977 1093 5041 riori
1143 4979 1440 5060 aequitate
1482 4987 1545 5042 et
1589 4981 1977 5061 sinceritate,
2024 5004 2152 5066 qua
2201 4987 2319 5048 tibi
2368 4997 2429 5050 et

943 5084 1065 5138 tuae
1097 5076 1380 5157 aequitati
1416 5077 1709 5142 increatae
1741 5087 1836 5141 est
1867 5081 2324 5160 conformatuS,
2362 5085 2427 5146 in

644 5168 911 5222 1²⁸·¹-¹¹¹v¹¹¹·
943 5182 1212 5252 tantum,
1248 5178 1418 5256 quod
1458 5178 1538 5239 de
1578 5195 1652 5240 eo
1693 5177 1930 5253 dixisti,
1975 5179 2192 5244 Inveni
2232 5181 2428 5245 David

647 5231 912 5284 21;.40t.xm‚

651 5295 716 5338 22.

941 5272 1150 5334 virum
1195 5275 1543 5348 secundum
1589 5293 1698 5338 cor
1741 5294 1956 5338 meum
2001 5293 2015 5338 t
2061 5288 2123 5340 et
2168 5278 2287 5343 hoc
2338 5289 2431 5344 to-

2539 4294 2709 4356 istud
2752 4303 2849 4357 est
2891 4291 3299 4375 hyperbolice
3340 4291 3603 4369 dictum,
3648 4301 3867 4376 utpote
3907 4312 4009 4375 per

2538 4411 2887 4470 excessum,
2906 4393 2983 4454 ad
3015 4391 3469 4454 insinuandum
3488 4390 3675 4454 valde
3698 4392 4007 4474 copiosam

2537 4491 3015 4555 multitudinem
3050 4489 3257 4571 plebis
3296 4489 3491 4552 illius.
3526 4491 3819 4554 Ceterum
3860 4493 4007 4554 Deus

2537 4593 2601 4654 in
2643 4609 2930 4666 numero,
2966 4590 3267 4671 pondere,
3300 4597 3363 4651 et
3400 4608 3699 4652 mensura
3736 4589 4007 4654 condidit.

2537 4700 2598 4754 et
2630 4689 2842 4772 posuit
2872 4689 3189 4752 universa.

2617 4791 2815 4851 Dabis
2850 4807 3019 4865 eme,
3057 4786 3120 4848 id
3160 4793 3276 4863 est,
3312 4805 3538 4868 precor
3574 4795 3647 4848 ut
3684 4787 3796 4850 des
3833 4787 4003 4856 mihi,

2534 4907 2711 4948 servo
2765 4897 2896 4955 tuo,
2942 4894 3201 4968 propter
3244 4905 3580 4948 commune
3630 4886 3871 4950 bonum
3916 4905 4011 4971 po·

2541 4986 2673 5069 puli
2714 4985 2831 5064 tui,
2864 5005 2974 5044 eor
3012 4987 3242 5053 docile,
3273 4984 3391 5047 hoc
3432 4993 3529 5047 est
3566 4994 3843 5048 mentem
3878 5004 4013 5052 vere

2539 5085 2937 5166 prudentem,
2972 5091 3035 5144 et
3065 5083 3249 5145 donis
3280 5082 3552 5164 Spiritus
3584 5083 3797 5146 Sancti
3832 5085 4015 5168 reple·

2540 5191 2688 5259 tam,
2725 5201 2837 5264 per
2874 5199 3016 5262 quae
3054 5181 3170 5242 sim
3212 5181 3281 5242 in
3320 5181 3619 5244 omnibus
3646 5181 3898 5259 docilis,
3932 5183 4016 5244 in-

2539 5279 2920 5357 formabiliS‚
2962 5286 3026 5341 et
3071 5278 3413 5359 dirigibilis
3461 5298 3498 5341 a
3543 5288 3603 5342 te
3645 5297 3659 5340 ε
3706 5281 4011 5363 siquidem

4046 1344 4075 1386 ll
4086 1346 4167 1398 Rq.
4178 1359 4225 1390 u.

4030 1412 4081 1450 13:
4094 1412 4225 1450 mio.

4032 4599 4215 4656 Sapmai‘..
