4359 6250
892 485 1010 548 484

1447 497 1794 544 ENAnnA‘rto
1837 498 1898 542 IN
1941 497 2077 542 cAP.
2125 495 2209 540 vlt
2250 495 2407 539 LIBRI
2452 493 2701 539 securim
2744 492 2967 538 limum.
3013 509 3094 519 —
3134 490 3275 536 ΛΒΤ.
3322 488 3433 534 1111

1970 905 2620 995 ARTICULUS
2696 906 2914 990 XIII

1287 1187 1366 1232 DE
1412 1187 1748 1232 SPIRITUALI
1791 1185 1864 1229 ET
1907 1183 2166 1230 uvs‘rtca
2210 1183 2475 1228 musnssu
2517 1181 2792 1228 cam'ruu
2834 1180 3071 1226 sssP'rutl
3114 1179 3589 1224 INTELLIGENTIA.

1017 1423 1335 1528 AGTUM
1359 1474 1447 1524 est
1487 1473 1702 1524 autem
1743 1481 1944 1542 quum
1976 1460 2233 1520 sedisset
2264 1475 2383 1516 reso
2415 1459 2460 1521 A
2492 1458 2680 1540 justis
2737 1478 2811 1521 ac
2868 1457 3311 1540 prudentibuS,
3364 1456 3477 1537 qui
3539 1475 3667 1518 non
3728 1465 3975 1518 tantum

1035 1563 1229 1626 David
1285 1565 1354 1622 in
1393 1565 1579 1622 domo
1610 1581 1757 1630 sua,
1788 1567 1909 1621 etc.
1949 1556 2263 1620 Moraliter
2306 1573 2383 1616 ex

895 1661 1161 1744 capituli
1199 1660 1392 1741 hujus
1434 1659 1618 1722 initio
1660 1659 2060 1720 instruuntur
2093 1653 2385 1717 christia-

895 1761 961 1824 ni
996 1759 1320 1842 principes
1359 1777 1432 1820 ac
1471 1757 1736 1838 praelati,
1775 1764 1842 1817 ut
1885 1764 2168 1836 tempore
2208 1751 2383 1834 pacis

895 1867 960 1922 et
1007 1856 1446 1940 prosperitatis
1494 1871 1896 1936 nequaquam
1946 1859 2175 1915 vacent
2226 1849 2377 1922 otio,

896 1957 1086 2032 ludis,
1118 1954 1302 2036 jociS,
1331 1953 1609 2028 libidini,
1645 1953 1754 2015 sed
1785 1953 1920 2014 zelo
1951 1949 2155 2014 divini
2190 1949 2386 2012 hono-

896 2055 1019 2130 ris;
1072 2062 1136 2116 et
1183 2061 1425 2135 quanto
1482 2052 1562 2114 ab
1615 2049 2038 2113 exterioribus
2091 2047 2383 2111 hostibus

897 2152 1226 2214 liberiores
1256 2150 1635 2225 consistunt,
1670 2156 1860 2230 atque
1899 2146 2126 2228 maj0ri
2163 2145 2382 2227 quiete

895 2260 959 2314 et
989 2249 1408 2332 prosperitate
1437 2255 1723 2323 utuntur,
1762 2253 1936 2308 tanto
1968 2252 2191 2308 contra
2223 2243 2385 2307 invi-

897 2347 1116 2410 sibiles
1154 2347 1367 2410 hostcs
1401 2344 1737 2408 sollicitius
1769 2343 2059 2424 vigilent,
2093 2351 2155 2406 et
2191 2342 2383 2404 bene-

897 2445 1048 2508 ficia
1087 2443 1194 2508 Dei
1245 2443 1630 2526 profundius
1679 2451 1967 2524 pensent,
2013 2441 2234 2522 sicque
2278 2458 2383 2502 ve-

896 2542 1256 2606 hementius
1306 2541 1733 2604 accendantur
1781 2541 1858 2602 ad
1919 2538 2124 2602 divini
2174 2538 2385 2602 cultus

2496 1557 2853 1640 praesentia,
2896 1557 3005 1619 sed
3044 1564 3108 1618 et
3145 1554 3361 1617 futura
3407 1553 3827 1636 prospiciunt,
3874 1554 3983 1616 dc·

2494 1655 2648 1718 bent
2678 1655 3063 1736 investigare
3094 1655 3248 1735 quid
3278 1654 3628 1736 praesertim
3663 1652 3729 1715 in
3762 1653 3981 1715 arduis

2498 1754 2581 1815 sit
2628 1755 2963 1833 agendum.
3011 1753 3167 1816 Hinc
3212 1752 3279 1814 in
3328 1751 3774 1815 Ecclesiastico
3826 1750 3982 1814 scri-

2496 1861 2673 1934 ptum
2707 1861 2803 1915 est
2834 1871 2847 1916 ε
2880 1852 3037 1914 Cum
3068 1852 3207 1914 viro
3236 1859 3453 1914 sancto
3484 1850 3778 1912 assiduus
3816 1859 3977 1924 esto,

4062 1879 4215 1923 Beth.

2496 1969 2965 2032 quemcumque
3011 1950 3264 2013 noveris
3308 1949 3753 2013 observantem
3800 1949 4169 2046 timo-{2³¹-
4202 1947 4260 1983 ¹5-

2496 2067 2630 2111 rem
2670 2049 2801 2124 Dei,
2836 2049 3018 2130 cujus
3056 2049 3268 2111 anima
3308 2056 3405 2110 est
3450 2048 3805 2110 secundum
3845 2046 3983 2109 ani-

2497 2166 2663 2209 mam
2699 2155 2891 2209 tuam.

2576 2247 2920 2324 Numquid
2960 2255 3032 2306 tu
3070 2246 3420 2322 (edificabis
3460 2247 3630 2305 mihi
3668 2247 3933 2305 domum
3956 2246 3985 2302 ,θ

2496 2344 2653 2406 Ecce
2705 2342 2876 2424 quod
2936 2343 3100 2405 Deus
3157 2341 3589 2424 omnipotenS,
3650 2342 3861 2422 Justus
3920 2349 3983 2404 et

2496 2450 2767 2516 sanctuS,
2784 2441 2989 2504 noluit
3014 2441 3133 2503 sibi
3158 2441 3483 2504 materiale
3502 2441 3811 2522 templum
3834 2439 3985 2502 aedi-

2498 2538 2525 2598 f
2530 2539 2680 2601 icari
2722 2557 2757 2600 a
2796 2537 3013 2614 David,
3050 2557 3166 2600 nec
3206 2538 3286 2600 ab
3324 2537 3541 2619 aliquo
3580 2537 3871 2618 judicum
3898 2535 3987 2597 Is-

896 2640 1384 2724 promotionem.
1437 2641 1703 2698 Videsne
1743 2642 1915 2718 quod
1954 2658 2064 2715 eqo
2105 2639 2385 2698 habitem.
2422 2638 2468 2698 B
2499 2636 2647 2713 rael,
2683 2637 2794 2718 qui
2825 2646 2973 2699 ante
3008 2655 3154 2699 eum
3196 2635 3477 2714 fuerunt,
3510 2636 3820 2718 quoniam
3858 2634 3983 2697 viri

895 2741 968 2799 in
1000 2742 1185 2800 domo
1214 2739 1528 2797 cedrina?
1559 2735 1826 2798 Erubuit
1867 2743 2124 2796 sanctus
2159 2734 2382 2811 David,

895 2837 1067 2918 quod
1099 2834 1404 2918 palatium
1445 2853 1631 2896 suum
1670 2832 1998 2915 pulchrius
2039 2852 2112 2895 ac
2153 2832 2389 2915 pretio-

897 2935 1031 2996 sius
1067 2933 1188 2995 fuit
1219 2932 1628 2996 tabernaculo
1648 2930 1780 3008 Dei,
1808 2930 1873 2992 in
1897 2949 2020 3012 quo
2044 2930 2166 2992 fuit
2196 2949 2379 2994 arca:

899 3051 1012 3115 per
1041 3031 1210 3113 quod
1245 3030 1504 3114 plurimi
1546 3030 1868 3112 principes
1911 3039 1973 3092 ct
2013 3029 2255 3112 praelati
2299 3030 2388 3092 di-

900 3131 1060 3194 vites
1100 3150 1174 3193 ac
1215 3129 1461 3193 nobiles
1502 3148 1712 3205 carne,
1750 3129 2237 3210 redarguuntur,
2271 3129 2383 3210 qui

899 3228 1179 3310 pretiosa
1219 3236 1282 3289 ct
1329 3227 1540 3309 ampla
1583 3227 1822 3290 habent
1859 3236 1968 3289 aut
2009 3236 2387 3290 construunt

898 3335 1126 3402 castra,
1162 3326 1487 3403 fortalitia,
1527 3324 1760 3407 palatia
1800 3334 1908 3387 aut
1945 3326 2226 3403 castella,
2269 3345 2385 3389 nec

897 3432 1124 3487 curant
1152 3424 1322 3505 quod
1354 3424 1711 3487 materiales
1743 3424 2044 3501 ecclesiae,
2065 3424 2130 3485 in
2153 3425 2388 3504 quibus

899 3522 1347 3602 dignissimum
1380 3521 1854 3584 Sacramentum
1891 3530 2199 3597 servatur,
2236 3521 2388 3584 alia-

897 3639 1024 3702 que
1067 3630 1460 3683 sacramenta
1502 3639 1574 3683 ac
1617 3620 1836 3684 divina
1879 3628 2275 3696 exercentur,
2308 3622 2387 3683 de

899 3718 1014 3781 vili
1045 3726 1340 3781 constant
1367 3718 1652 3793 materia,
1686 3726 1794 3780 aut
1826 3726 2137 3781 vetustate
2168 3718 2389 3780 labun-

2496 2735 2881 2816 sanguinum
2925 2743 3128 2797 erant.
3170 2734 3419 2797 Etenim
3462 2733 3759 2816 quamvis
3814 2732 3987 2795 infra

2496 2832 2681 2896 tertio
2727 2832 2891 2895 libro
2931 2832 3229 2896 Salomon
3274 2833 3465 2908 dicat,
3510 2841 3756 2914 patrem
3792 2850 4269 2906 suumn1neq.‹,2.

2496 2931 2690 2994 David
2741 2949 2870 2993 non
2923 2932 3205 3012 potuisse
3253 2930 3563 3012 templum
3611 2938 3987 2993 construere

2496 3038 2756 3111 propter
2786 3029 3145 3108 ingruentia
3173 3029 3456 3110 undique
3486 3027 3676 3106 bella,
3697 3036 3981 3090 attamen

2496 3148 2711 3191 veram
2740 3137 2931 3210 atque
2970 3128 3365 3210 potissimam
3404 3146 3659 3191 causam
3692 3126 3983 3210 prohibi-

2496 3227 2687 3290 tionis
2719 3227 2892 3289 illius
2924 3226 3192 3309 ipsemet
3228 3228 3425 3291 David
3468 3226 3791 3290 Salomoni
3836 3244 3987 3307 ape·

2499 3325 2645 3402 ruit,
2690 3325 2897 3407 primo
2940 3325 3459 3408 Paralipomenon
3503 3324 3666 3387 libro
3708 3325 3985 3405 loquens

2497 3424 2575 3486 ad
2604 3442 2751 3487 eum
2788 3442 2801 3485 :
2838 3423 2955 3486 Fili
2994 3424 3105 3501 mi,
3139 3423 3483 3487 voluntatis
3524 3442 3681 3487 meae
3727 3422 3875 3497 fuit,
3912 3432 3989 3484 ut

2497 3522 2883 3585 aedifioarem
2923 3522 3181 3585 domum
3235 3522 3478 3585 nomini
3514 3522 3625 3585 Dei
3663 3521 3828 3595 mei3
3872 3522 3985 3583 sed
4020 3509 4063 3557 ⁷¹

2499 3619 2701 3683 factus
2746 3628 2843 3684 est
2884 3639 3090 3683 sermo
3136 3620 3385 3683 Domini
3427 3621 3506 3682 ad
3544 3638 3667 3695 me,
3704 3620 3929 3683 dicens
3968 3638 3985 3681 :

2498 3718 2757 3781 Multum
2808 3719 3181 3799 sanguinem
3230 3717 3545 3795 effudisti,
3593 3727 3657 3781 et
3706 3718 3989 3801 plurima

901 3824 1025 3893 tur,
1061 3835 1178 3879 nec
1211 3824 1604 3898 reparantur,
1642 3816 1770 3879 imo
1801 3816 1879 3878 ad
1921 3816 2385 3897 reparationem
2424 3812 2469 3877 C
2501 3817 2666 3879 bella
2718 3816 2990 3894 bellasti,
3044 3836 3161 3879 nec
3212 3818 3448 3899 poteris
3502 3816 3828 3881 aedificare
3877 3818 3991 3879 do-

903 3914 1271 3995 hujusmodi
1314 3914 1730 3976 inveniuntur
1768 3914 2147 3996 parcissimi.
2181 3914 2249 3977 In
2289 3915 2391 3976 his

905 4012 1232 4095 improbus
1263 4030 1440 4075 amor
1479 4012 1575 4074 sui
1619 4014 2058 4095 praeponderat
2087 4013 2223 4076 zelo
2254 4014 2386 4089 Dei,

903 4111 1139 4174 idcirco
1169 4120 1317 4173 sunt
1341 4110 1616 4173 ministri
1642 4111 1891 4174 diaboli.
1908 4111 2185 4193 Insuper,
2204 4131 2393 4174 unus-

902 4209 1178 4290 quisque
1224 4209 1517 4271 fidclium
1567 4207 1816 4272 fervens
1861 4209 1946 4271 sit
1984 4210 2061 4271 ad
2105 4218 2393 4273 constru-

904 4307 1138 4369 endum
1171 4306 1296 4370 Deo
1328 4306 1635 4389 templum
1670 4307 1737 4370 in
1769 4308 2132 4389 semetipso,
2153 4317 2217 4370 et
2239 4308 2391 4370 item

906 4403 972 4466 in
1009 4404 1306 4467 cordibus
1345 4405 1800 4486 proximorum,
1838 4405 1926 4467 ita
1963 4415 2034 4467 ut
2065 4406 2129 4467 in
2163 4406 2393 4488 primis

906 4511 1133 4585 purget
1163 4522 1230 4565 se
1261 4503 1494 4585 ipsum,
1526 4504 1757 4567 deinde
1799 4504 1995 4568 verbo
2031 4514 2142 4567 aut
2179 4525 2393 4569 exem-

907 4601 1015 4684 plo
1037 4603 1468 4683 proximorum
1492 4603 1852 4683 purgationi
1885 4612 1949 4666 et
1977 4604 2392 4669 aedificationi

909 4701 1216 4764 intendat.
1252 4701 1406 4763 Nam
1437 4709 1506 4762 ut
1535 4701 1720 4763 docet
1745 4700 2105 4783 ApostoluS,
2142 4722 2271 4766 non
2300 4724 2395 4768 so—

617 4818 666 4925 u}
693 4820 878 4924 eor-¹311„
911 4800 1042 4862 lum
1072 4800 1323 4875 animoe,
1360 4799 1468 4861 sed
1509 4808 1572 4862 et
1610 4818 1876 4881 corpora
1909 4809 2126 4863 nostra
2157 4802 2393 4884 templa

671 4896 753 4933 :vn
829 4914 840 4925 .

907 4906 1058 4960 sunt
1107 4897 1380 4979 Spiritus
1428 4897 1662 4973 Sancti,
1711 4899 1764 4960 si
1816 4898 2160 4962 virtutibus
2211 4900 2393 4964 obse-

2501 3935 2675 3978 mum
2722 3915 2964 3978 nomini
3007 3934 3169 3992 meo,
3210 3924 3382 3979 tanto
3422 3915 3635 3979 effuso
3672 3916 3989 3997 sanguine

2499 4032 2711 4076 coram
2744 4014 3041 4077 me.Hinc
3072 4013 3139 4075 in
3171 4033 3337 4078 novo
3367 4015 3559 4077 etiam
3582 4014 3994 4077 Testamento

2501 4110 2816 4175 effusores
2858 4111 3189 4193 sanguinis
3234 4121 3379 4173 sunt
3426 4112 3835 4194 irregulareS,
3870 4131 3993 4175 nec

2502 4209 2751 4273 clericis
2796 4208 2946 4273 licet
2988 4209 3245 4273 bellare.
3290 4210 3739 4273 Verumtamen
3790 4209 3997 4274 aediri-

2501 4308 2665 4372 catio
2711 4307 2933 4389 templi
2973 4308 3294 4390 prohibita
3333 4308 3453 4369 fuit
3482 4308 3677 4372 David
3720 4308 3991 4389 mystica

2502 4406 2994 4487 significatione,
3028 4407 3108 4468 ad
3140 4406 3627 4488 designandum,
3660 4408 3837 4489 quod
3872 4406 3991 4487 qui

2500 4504 2917 4568 exterioribus
2950 4504 3384 4582 involvuntur,
3410 4514 3473 4567 et
3504 4504 3691 4567 rebus
3720 4504 3999 4567 carnali-

2501 4603 2619 4666 bus
2639 4611 3052 4685 occupantur,
3083 4622 3156 4665 ac
3177 4602 3347 4667 circa
3368 4602 3571 4683 litigia
3590 4612 3655 4667 et
3670 4602 3995 4666 vindictas

2503 4702 2729 4764 intenti
2760 4710 2931 4779 sunt,
2956 4703 3035 4764 ad
3065 4701 3463 4783 spiritualem
3493 4701 3989 4766 aedificationem

2503 4800 2723 4882 templi
2762 4800 2893 4877 Dei,
2928 4800 3049 4863 hoc
3086 4808 3183 4863 est
3222 4799 3741 4863 reformationem
3780 4818 3997 4863 corre-

2501 4900 2912 4981 ptionemque
2932 4898 3389 4980 proximorum,
3412 4898 3614 4981 inepti
3646 4898 3989 4961 exsistunt.

904 5004 1204 5078 quantur.
1235 4996 1491 5071 lterum,
1527 4996 1692 5057 sicut
1725 4997 1918 5059 David
1955 4999 2252 5079 quamvis
2286 5020 2392 5062 rex
2421 5000 2470 5061 D
2503 4998 2585 5059 De
2617 4997 2735 5060 hoc
2766 4997 2966 5058 multa
2995 4996 3218 5059 scribit
3244 4996 3603 5077 Gregorius,
3637 4997 3823 5078 cujus
3854 5016 3995 5059 ver-

902 5112 1170 5175 magnus
1219 5103 1280 5156 et
1331 5093 1840 5175 sapientissimus
1894 5094 2040 5173 fuit,
2089 5104 2300 5160 tamen
2356 5118 2393 5160 a
2498 5097 2583 5159 ba
2611 5096 2929 5158 habentur
2961 5096 3027 5157 in
3056 5091 3317 5158 GlossiS.
3350 5095 3587 5178 Nempe
3615 5114 3730 5178 per
3766 5095 3995 5177 probi-

899 5191 1144 5254 Nathan
1189 5192 1500 5274 propheta
1538 5193 1832 5273 quaesivit
1875 5194 2254 5269 consilium3
2300 5197 2391 5259 sic

2502 5195 2806 5258 bitionem
2830 5193 3003 5255 illam
3022 5194 3117 5271 (ut
3138 5194 3247 5271 ait)
3268 5202 3361 5257 est
3380 5194 3794 5274 designatum,
3808 5196 3989 5275 quod

899 5297 1224 5371 magnates
1273 5298 1336 5352 et
1377 5308 1598 5353 omncs
1648 5291 1759 5371 qui
1805 5300 2108 5373 praesunt,
2150 5312 2188 5355 a
2234 5293 2389 5355 viris
2500 5294 2566 5355 in
2598 5312 2667 5355 se
2697 5292 2836 5373 ipso
2864 5292 3053 5355 debet
3082 5292 3357 5355 mundus
3378 5292 3827 5373 exsistere,qui
3848 5293 3991 5355 vult
